4034 6162
438 268 540 326 167

1021 268 1086 323 Β.
1127 266 1399 343 ΗΑῌΑΝΙ
1448 263 1680 323 MAURI
1715 264 2050 322 ARCHIEP.
2091 264 2416 325 MOGUNT.
2457 265 2757 324 OPERUM
2792 267 2978 355 PARS
3016 269 3118 326 III.

3604 267 3708 326 168

436 410 568 448 nem
592 393 864 448 Ecclesiae.
889 394 1084 464 Neque
1101 391 1253 447 enim
1271 396 1432 447 tanta
1448 392 1507 447 in
1542 392 1626 447 eis
1653 398 1793 460 erat,
1817 397 2030 464 quanta
2047 393 2229 466 Aipse
2266 394 2552 466 ﬂagellum
2598 395 2760 448 fieret
2800 394 3126 468 disciplina.
3157 395 3284 460 Qua
3324 400 3519 451 tamen
3561 395 3709 451 bene

436 483 497 537 in
521 482 788 554 Apostolo
827 481 1195 554 providentia,
1226 487 1292 536 ut
1317 481 1510 536 statim
1536 481 1919 554 intelligerent
1944 482 2028 537 fa-

436 571 699 627 ciendum
718 587 839 626 esse
867 570 1016 642 quod
1051 569 1272 624 dicebat
1292 570 1592 642 Apostolus
1627 569 1687 624 in
1730 587 1900 626 causa
1928 571 2029 625 hu-

429 662 526 732 jus
553 660 842 724 duntaxat,
861 659 986 713 ideo
1015 657 1271 714 obsecrat
1295 664 1360 713 ut
1387 658 1680 713 dimittant
1700 659 1802 726 illi,
1817 659 2030 730 signiﬁ-

435 764 567 803 cans
592 748 773 802 Deum
801 747 884 801 illi
912 746 1210 817 ignovisse,
1232 746 1366 818 quia
1380 746 1520 800 nihil
1541 746 1663 802 sine
1683 747 1786 802 Dei
1813 747 2016 818 spiritu

436 835 640 907 agebat
651 835 970 906 Apostolus.
987 834 1189 904 (Greg)
1210 835 1361 888 Bene
1381 839 1572 889 autem
1592 834 1651 889 in
1671 833 1885 889 visione
1903 835 2032 889 Eze-

435 924 631 979 chielis
651 924 859 994 (Ezeeh.
884 924 971 992 vi.)
1004 940 1132 978 cum
1159 939 1485 978 mensarum
1514 921 1668 978 labia
1696 923 2026 989 metiuntur,

435 1019 494 1067 et
516 1029 783 1069 mensura
809 1012 984 1084 palmi
1013 1011 1238 1079 dicitur,
1271 1011 1499 1066 additur
1523 1014 1717 1079 unius,
1740 1018 1806 1067 ut
1833 1028 1901 1066 ex
1927 1012 2029 1067 do-

434 1107 652 1158 ctorum
696 1101 1093 1174 praedicatione
1129 1100 1276 1156 sicut
1320 1100 1509 1155 unitas
1553 1105 1781 1156 tenetur
1805 1100 1866 1156 in
1897 1101 2026 1168 ﬁde,

435 1191 517 1247 ita
543 1207 767 1263 quoque
794 1190 1070 1246 mentium
1088 1189 1278 1245 unitas
1298 1195 1552 1244 servetur
1571 1189 1629 1244 in
1649 1206 1912 1261 opere,ne
1930 1206 2032 1262 per

434 1296 576 1352 opus
594 1279 805 1335 bonum
825 1278 974 1350 quod
993 1279 1137 1333 alter
1163 1277 1300 1348 agit,
1323 1278 1470 1332 alter
1496 1277 1568 1332 ad
1594 1277 1886 1333 discordiae
1915 1295 2033 1332 ma-

2107 487 2270 553 gesta
2296 483 2644 554 pauitantia,
2667 482 2804 537 dum
2821 485 3172 556 cognovisset
3190 483 3513 540 Corinthios
3534 500 3711 556 super

2111 587 2242 626 eum
2262 572 2383 642 jam
2403 570 2842 626 misericorditer
2858 577 3064 639 motos,
3092 571 3176 628 ait
3197 590 3209 626 :
3232 572 3339 628 Cui
3376 573 3598 643 aliquid
3619 574 3711 628 do-

2110 663 2303 726 nastis,
2348 665 2397 715 et
2440 677 2552 729 ego.
2584 660 2729 714 Nam
2766 665 2817 715 et
2841 678 2935 730 ego
2964 663 3109 732 quod
3135 663 3358 728 donavi,
3381 664 3433 716 si
3458 662 3594 732 quid
3620 663 3716 715 do-

2109 751 2265 817 navi,
2290 753 2513 818 propter
2538 765 2630 803 vos
2664 751 2728 802 in
2755 765 2994 818 persona
3024 749 3252 806 Christi.
3284 748 3713 805 Communionis

2113 835 2303 908 itaque
2329 835 2574 907 gratiam
2605 837 2856 907 cogitans
2885 837 2986 903 ait,
3009 840 3104 893 cui
3139 839 3361 908 aliquid
3387 839 3634 893 donastis
3660 844 3713 893 et

2111 941 2222 995 ego.
2246 926 2327 979 Ac
2346 925 2395 979 si
2411 925 2640 991 diceret,
2662 924 2865 981 Abono
2885 931 3072 981 vestro
3090 943 3203 981 non
3213 926 3504 994 dissentio,
3517 943 3711 982 meum

2112 1013 2189 1068 sit
2216 1012 2487 1085 quidquid
2509 1013 2619 1085 ipsi
2640 1012 2871 1080 fecistis,
2895 1019 3066 1086 atque
3102 1031 3231 1069 mox
3250 1014 3521 1082 subdidit,
3543 1020 3593 1070 et
3616 1031 3710 1083 ego

2109 1103 2162 1156 si
2174 1103 2311 1171 quid
2329 1104 2534 1156 donavi
2544 1107 2769 1171 propter
2785 1118 2893 1169 vos,
2919 1118 2985 1158 ac
3009 1102 3058 1157 si
3077 1102 3306 1171 diceret,
3340 1102 3542 1158 vestris
3568 1103 3711 1159 acti-

2110 1188 2217 1245 bus
2242 1189 2454 1245 bonum
2479 1189 2688 1257 addidi,
2713 1191 2987 1263 quidquid
3017 1197 3249 1264 propter
3273 1208 3370 1247 vos
3397 1191 3714 1247 misericor-

2114 1278 2263 1332 diter
2280 1278 2404 1346 feci,
2426 1283 2614 1334 vestra
2633 1295 2768 1350 ergo
2791 1284 2878 1334 est
2894 1279 3130 1348 utilitas,
3144 1279 3368 1336 bonitas
3388 1296 3517 1337 mea
3542 1299 3555 1334 :
3584 1296 3712 1335 mea

435 1369 553 1424 lum
582 1372 931 1440 prorumpat.
963 1368 1050 1422 Ita
1083 1366 1235 1422 enim
1258 1366 1408 1422 bona
1442 1366 1624 1421 facere
1663 1382 1837 1437 opera
1869 1365 2033 1421 debe—
2112 1367 2330 1422 utilitas
2359 1365 2583 1422 bonitas
2599 1373 2804 1423 vestra.
2829 1366 2938 1432 Qui
2984 1368 3167 1441 ipsam
3208 1385 3338 1424 mox
3381 1385 3710 1441 compagem

436 1473 582 1523 mus,
600 1462 665 1512 ut
692 1473 794 1528 per
825 1457 943 1510 haec
974 1471 1196 1528 quoque
1225 1472 1353 1510 cum
1382 1455 1472 1509 his
1513 1471 1645 1510 cum
1672 1454 1875 1526 quibus
1902 1454 2034 1509 vivi-
2113 1456 2385 1520 cordium,
2415 1456 2474 1510 in
2500 1473 2616 1528 qua
2639 1456 2720 1512 sic
2731 1449 2983 1523 tenetur,
3007 1457 3322 1529 adjungens
3348 1457 3618 1526 subdidit,
3644 1461 3713 1514 in

435 1561 562 1601 mus
579 1545 1096 1611 unanimitatem,in
1118 1550 1392 1615 quantum
1413 1546 1565 1597 recte
1585 1559 2036 1615 possumus,con-
2107 1560 2346 1614 persona
2373 1545 2581 1600 Christi
2612 1565 2629 1600 :
2661 1545 2771 1612 cui,
2802 1545 2954 1600 velut
2989 1545 3039 1600 si
3066 1545 3252 1601 dicere
3280 1562 3706 1618 praesumamus.

433 1650 738 1697 servemus,
765 1633 823 1688 id
853 1639 958 1701 est,
987 1649 1102 1688 non
1139 1630 1448 1687 deserendo
1478 1631 1708 1698 bonum,
1740 1632 1891 1704 quod
1918 1631 2036 1703 agi-
2115 1633 2301 1699 Quare
2318 1638 2375 1688 te
2396 1632 2479 1689 ita
2497 1638 2659 1689 caute
2678 1634 2966 1706 discipulis
2985 1634 3250 1706 copulas?
3270 1651 3444 1707 quare
3461 1640 3520 1690 te
3540 1637 3626 1690 vel
3648 1635 3716 1690 il-

435 1739 580 1790 mus,
604 1722 702 1777 sed
721 1721 1112 1794 praeveniendo
1137 1720 1301 1776 bonis
1329 1719 1788 1793 persuasionibus
1818 1721 2034 1776 malum
2052 1711 2100 1772 Β
2113 1721 2317 1789 lorum,
2341 1722 2429 1776 vel
2452 1722 2580 1777 illos
2603 1721 2716 1776 tuis
2734 1721 2952 1778 actibus
2968 1728 3088 1777 tam
3109 1723 3350 1778 sollicita
3367 1730 3557 1779 mente
3574 1740 3711 1780 con-

435 1810 724 1866 discordiae
744 1811 892 1881 quod
915 1809 1203 1865 timemus.
1233 1809 1323 1865 Sic
1344 1809 1403 1864 in
1423 1809 1541 1864 suis
1561 1809 1825 1880 operibus
1842 1809 2033 1864 unita-
2113 1810 2322 1866 formas
2340 1810 2366 1864 ?
2393 1810 2542 1866 illico
2569 1810 2876 1882 subjunxit,
2908 1816 2971 1866 ut
3000 1827 3115 1867 non
3140 1814 3652 1868 circumveniamur
3674 1829 3714 1868 a

432 1905 551 1955 tem
587 1899 760 1972 palmi
796 1897 1116 1954 custodiens
1153 1899 1362 1954 Paulus
1399 1898 1736 1953 discordiam
1772 1897 2033 1968 generari
2114 1897 2346 1954 Satana.
2382 1900 2556 1971 Cujus
2584 1899 2806 1956 Satanae
2833 1900 2966 1972 [Αι.,
2997 1901 3248 1972 sagaces]
3277 1900 3512 1957 insidias
3539 1919 3713 1974 quam

434 1986 784 2060 prohibebat,
799 2005 927 2043 cum
949 1987 1252 2058 quemdam
1269 1987 1392 2058 jam
1420 1986 1642 2058 lapsum
1661 1991 1830 2058 atque
1845 1985 1915 2041 ab
1935 1987 2031 2042 Ec-
2114 1992 2279 2043 acuto
2295 2004 2464 2043 sensu
2480 1989 2799 2059 transﬁgat,
2822 1987 3073 2044 insinuat
3097 1988 3344 2044 subdens
3375 2007 3387 2042 :
3418 1990 3541 2046 Non
3559 1994 3715 2047 enim

433 2077 604 2132 clesia
613 2075 915 2148 abjectum,
922 2077 1044 2147 jam
1052 2075 1192 2130 velle
1204 2075 1452 2146 recipere
1464 2074 1783 2130 Corinthios
1793 2075 2025 2143 videret,
2111 2079 2439 2146 ignoramus
2457 2079 2808 2146 cogitationes
2827 2081 2963 2147 ejus,
2983 2094 3050 2132 ac
3069 2077 3118 2132 si
3148 2077 3334 2133 verbis
3358 2078 3486 2134 aliis
3514 2079 3667 2135 dicat
3693 2097 3706 2134 :

435 2164 626 2220 dicens
641 2183 654 2218 :
669 2164 732 2220 Si
757 2167 852 2219 cui
879 2165 1098 2233 aliquid
1115 2165 1382 2229 donastis,
1413 2169 1464 2218 et
1488 2180 1599 2232 ego,
1625 2179 1759 2218 nam
1787 2168 1837 2218 et
1863 2180 1954 2232 ego
1981 2166 2032 2219 si
2110 2165 2302 2220 Acutae
2324 2170 2553 2220 auctore
2570 2165 2812 2222 Domino
2835 2166 3004 2221 sudes
3038 2183 3254 2235 sumus,
3275 2171 3334 2222 et
3352 2184 3519 2223 nares
3539 2168 3717 2224 Behe—

433 2255 573 2323 quid
599 2255 819 2319 donavi,
838 2257 1063 2322 propter
1098 2269 1190 2306 eos
1217 2255 1281 2307 in
1301 2268 1539 2322 persona
1569 2251 1790 2317 Christi,
1824 2257 1888 2306 ut
1918 2268 2031 2307 non
2115 2253 2275 2308 moth
2302 2253 2466 2309 istius
2492 2252 2776 2309 subtiliter
2798 2254 3296 2327 circumspicienda
3325 2262 3711 2329 penetramus,

434 2344 947 2398 circumveniamur
965 2339 1246 2396 aSatana.
1270 2339 1379 2405 Qui
1394 2339 1652 2395 videlicet
1671 2341 1814 2395 solet
1832 2341 1902 2395 de
1931 2339 2032 2395 bo-
2114 2357 2186 2397 ne
2214 2342 2321 2396 hoc
2349 2342 2497 2414 quod
2526 2341 2669 2398 bene
2706 2359 2866 2398 mens
2900 2343 3128 2400 inchoat
3153 2344 3275 2416 ipse
3304 2344 3364 2400 in
3390 2345 3622 2402 malitiae
3650 2347 3717 2401 ﬁ-

434 2429 523 2486 nis
543 2430 696 2485 mala
703 2445 996 2502 generare,
1015 2435 1074 2485 et
1086 2429 1194 2484 hoc
1202 2429 1353 2500 quod
1365 2445 1468 2500 per
1477 2428 1812 2484 charitatem
1821 2428 2028 2501 agitur,
2113 2447 2247 2486 nem
2275 2436 2582 2486 convertat.

437 2519 508 2574 ad
526 2518 867 2574 discordiam
886 2518 1239 2573 contrahere.
1254 2517 1414 2572 Unde
1435 2523 1494 2571 et
1513 2533 1644 2572 mox
1662 2517 1732 2572 de
1755 2517 1878 2589 ipso
1898 2517 2032 2573 sub-
2187 2520 2325 2575 Cum
2339 2523 2603 2576 venissem
2619 2525 2805 2576 autem
2831 2523 3093 2578 Troadem
3106 2529 3332 2594 propter
3347 2524 3717 2594 Evangetium

430 2606 570 2678 jecit
594 2607 784 2662 dicens
813 2624 826 2660 :
861 2607 984 2662 Non
1000 2609 1152 2661 enim
1173 2609 1499 2676 ignoramus
1518 2608 1868 2674 cogitationes
1894 2609 2029 2674 eius.
2116 2607 2343 2675 Christi,
2367 2613 2417 2663 et
2433 2611 2637 2664 ostium
2654 2610 2802 2664 mihi
2817 2615 3073 2680 apertum
3091 2617 3223 2668 esset
3238 2615 3304 2667 in
3318 2613 3569 2678 Domino,
3601 2628 3718 2668 non

435 2695 644 2750 Doctor
670 2700 863 2749 autem
891 2694 990 2765 qui
1018 2710 1120 2766 per
1154 2693 1304 2748 bona
1345 2710 1468 2764 quae
1511 2693 1779 2766 praedicat
1821 2694 1882 2749 in
1917 2695 2034 2750 suis
2114 2696 2287 2751 habui
2313 2701 2558 2766 requiem
2585 2701 2820 2767 spiritui
2842 2715 2979 2767 meo,
3007 2716 3066 2754 eo
3092 2702 3238 2770 quod
3264 2716 3379 2756 non
3404 2703 3716 2756 invenerim

434 2782 786 2838 auditoribus
824 2788 1036 2837 rectam
1064 2781 1450 2854 operationem
1475 2781 1701 2850 format,
1733 2782 1782 2837 si
1810 2789 2029 2838 mentes
2118 2785 2303 2840 Titum
2328 2787 2565 2854 fratrem
2605 2803 2823 2852 meum;
2853 2789 2948 2842 sed
2974 2791 3306 2857 patefaciens
3334 2791 3412 2844 eis
3435 2792 3716 2859 profectus

434 2871 790 2943 operantium
813 2869 1331 2926 adunanimitatem
1350 2886 1461 2924 non
1480 2869 2030 2943 ligat,inlabiis,pal-
2108 2890 2234 2928 sum
2259 2876 2324 2928 in
2350 2875 2744 2930 Macedoniam.
2781 2877 2952 2944 (Hier.
2953 2875 2982 2948 )
3011 2878 3222 2933 Narrat
3251 2877 3556 2934 Corinthiis
3585 2895 3712 2950 quae

434 2976 592 3014 mum
616 2958 804 3025 habet,
826 2958 925 3014 sed
957 2975 1084 3014 eam
1105 2975 1227 3031 quae
1247 2958 1397 3013 dicta
1421 2964 1525 3025 est,
1549 2958 1723 3030 palmi
1750 2959 2027 3014 unitatem
2056 3025 2095 3038 Α
2114 2960 2327 3028 fecerit,
2361 2978 2484 3033 quae
2511 2979 2709 3034 passus
2736 2963 2829 3031 sit,
2851 2968 2910 3019 et
2936 2965 3215 3036 quomodo
3244 2965 3304 3020 in
3334 2965 3550 3022 cunctis
3579 2972 3716 3038 agat

432 3064 548 3103 non
571 3047 759 3103 habet.
791 3049 937 3104 Nam
961 3052 1013 3102 et
1047 3025 1142 3117 ego
1165 3049 1310 3117 quod
1332 3025 1571 3114 donavi;
1589 3049 1642 3102 si
1674 3049 1810 3116 quid
1834 3025 2096 3104 donavic
2115 3025 2348 3122 gratias,
2377 3025 2445 3106 ut
2480 3025 2585 3106 sub
2619 3025 2872 3124 exemplo
2900 3025 3009 3121 sui,
3039 3054 3166 3109 illos
3193 3059 3455 3126 provocet
3481 3055 3552 3110 ad
3594 3025 3714 3110 c2»-

428 3142 657 3208 propter
676 3153 766 3192 vos
787 3139 852 3191 in
876 3150 1111 3205 persona
1125 3136 1349 3191 Christi.
1366 3134 1575 3205 (Amb.)
1595 3136 1714 3190 Hoc
1729 3135 1875 3191 dicto
1900 3153 2035 3208 gra-
2116 3139 2372 3194 tandum.
2384 3139 2547 3209 Veni,
2570 3139 2773 3214 inquit,
2794 3142 3090 3210 Troadem,
3114 3160 3238 3214 quae
3255 3144 3412 3216 prius
3431 3143 3604 3215 Troja
3615 3160 3715 3217 ap-

434 3231 529 3280 vat
537 3225 682 3292 illos,
699 3225 832 3297 quia
841 3224 890 3279 si
911 3225 1020 3296 [AL
1041 3224 1224 3295 quasi]
1237 3224 1526 3294 magister,
1542 3224 1863 3296 petentibus
1872 3225 2035 3280 disci-
2115 3227 3708 3304 pellabatur,utEvangeliumChristiinAsiapraedicarem.

435 3313 582 3386 pulis
601 3313 847 3380 donavit,
868 3313 957 3368 cui
977 3313 1275 3368 voluerunt
1292 3317 1601 3384 peccatum,
1622 3319 1832 3384 quanto
1851 3314 2032 3385 magis
2115 3316 2358 3388 Cumque
2378 3321 2580 3373 ostium
2608 3320 2754 3373 mihi
2770 3325 3024 3390 apertum
3045 3325 3175 3376 esset
3192 3323 3257 3376 in
3273 3322 3525 3388 Domino,
3545 3321 3603 3376 id
3625 3327 3715 3377 est

318 3460 327 3469 α
437 3401 706 3457 obaudire
716 3401 923 3458 debent
936 3400 1197 3473 discipuli
1213 3401 1588 3472 magistrum?
1609 3408 1668 3456 et
1683 3408 1748 3457 ut
1757 3407 1944 3456 ratum
1955 3402 2027 3470 ei,
2113 3405 2342 3476 plurimi
2370 3406 2758 3474 credidissent,
2793 3407 2910 3462 sive
2932 3424 3036 3480 per
3067 3409 3231 3481 signa
3244 3414 3430 3482 “atque
3450 3410 3708 3477 virtutes,

432 3491 521 3547 cui
551 3488 780 3546 donavit
805 3489 1128 3545 ostenderet
1151 3489 1301 3562 apud
1331 3490 1532 3557 Deum,
1563 3489 1662 3557 ait,
1698 3493 1763 3546 in
1794 3507 2031 3561 persona
2113 3509 2236 3564 quae
2255 3493 2317 3548 in
2333 3510 2424 3548 me
2441 3494 2782 3566 operabatur
2805 3497 2976 3565 Deus,
2998 3513 3127 3569 spes
3161 3503 3312 3554 esset
3337 3499 3620 3555 nascentis
3647 3501 3713 3554 fi-

433 3580 641 3636 Christi
657 3596 719 3634 se
745 3579 985 3634 donasse
1003 3577 1152 3650 quod
1168 3577 1414 3645 donavit,
1439 3579 1544 3634 hoc
1567 3584 1655 3634 est
1673 3584 1898 3650 accepto
1928 3583 2023 3635 tu-
2103 3581 2214 3649 dei,
2239 3588 2297 3637 et
2316 3582 2376 3637 in
2402 3583 2642 3639 Domino
2661 3587 3080 3653 succrescentis,
3112 3603 3225 3642 non
3251 3587 3428 3642 habui
3463 3591 3712 3659 requiem

431 3666 564 3724 lisse
580 3667 888 3734 Christum,
903 3668 1064 3738 cujus
1077 3667 1357 3738 legatione
1373 3665 1803 3738 fungebatur,ut
1813 3668 2024 3724 factum
2103 3673 2339 3740 spiritui
2360 3688 2495 3739 meo,
2511 3672 2617 3728 hoc
2645 3678 2749 3741 est,
2783 3679 3067 3746 speratam
3097 3675 3536 3732 consolationem
3556 3675 3710 3732 inve-

432 3755 707 3829 Apostoli,
732 3755 943 3812 factum
965 3755 1040 3811 sit
1066 3755 1294 3821 Christi,
1318 3755 1463 3810 sicut
1490 3755 1666 3811 dixit:
1689 3773 2023 3828 quacunque
2110 3759 2234 3814 nire
2261 3776 2375 3814 non
2401 3761 2580 3832 potui,
2608 3779 2675 3817 eo
2702 3764 2852 3834 quod
2870 3763 3060 3818 Titum
3097 3763 3330 3819 fratrem
3372 3781 3563 3821 meum
3590 3781 3707 3821 non

430 3849 703 3903 solveritis
736 3861 900 3915 super
949 3849 1176 3911 terram,
1230 3850 1397 3900 erunt
1447 3847 1629 3901 soluta
1681 3851 1730 3900 et
1785 3848 1849 3900 in
1905 3849 2030 3902 calo
2112 3847 2442 3916 invenerim,
2471 3849 2607 3918 sive,
2641 3867 2810 3922 quem
2856 3851 2936 3906 ibi
2972 3853 3367 3924 reperiendum
3414 3853 3741 3928 putabam,_

436 3935 652 4002 (Matth.
678 3940 849 3999 xvm).
877 3933 938 3988 Si
967 3949 1098 3988 vero
1133 3932 1266 3987 huic
1295 3948 1397 4004 pro
1427 3949 1537 4005 quo
1575 3933 1892 4006 petiverunt
1929 3951 2030 4006 per
2111 3937 2226 3992 sive
2257 3953 2424 4008 quem
2446 3937 2525 3992 ibi
2545 3938 2837 3994 audieram
2865 3939 3088 4011 degere,
3112 3941 3200 3995 vel
3228 3941 3325 4013 qui
3353 3942 3488 3998 illuc
3511 3948 3711 3998 ventu-

431 4022 762 4094 Apostolum
779 4020 1065 4076 Christum
1086 4021 1319 4092 ignovit,
1335 4028 1546 4092 quanto
1566 4022 1748 4093 magis
1761 4022 1894 4077 huic
1905 4024 2027 4094 jam
2110 4041 2236 4080 rum
2265 4042 2388 4082 esse
2411 4043 2472 4082 se
2489 4027 2726 4083 dixerat.
2751 4029 2886 4093 Quae
2915 4034 3106 4085 autem
3134 4029 3243 4085 fuit
3266 4035 3430 4086 tanta
3456 4032 3707 4086 consola-

434 4102 691 4180 ignotum
711 4113 852 4176 erat,
877 4109 968 4163 cui
988 4115 1054 4163 ut
1072 4109 1284 4189 donent
1301 4109 1475 4164 etiam
1502 4110 1622 4182 ipse
1638 4110 1931 4166 hortatur?
1964 4112 2028 4166 Ut
2106 4113 2209 4181 tio,
2232 4119 2292 4170 et
2318 4131 2441 4186 quae
2468 4116 2692 4186 requies
2719 4116 2944 4188 spiritui
2973 4117 3034 4172 in
3062 4118 3364 4190 praesentia
3384 4119 3517 4187 Titi,
3532 4136 3705 4192 quem

431 4213 545 4252 non
559 4199 1072 4253 circunweniamur
1089 4213 1126 4251 a
1143 4196 1374 4263 Satana,
1401 4213 1514 4253 non
1535 4201 1686 4253 enim
1702 4202 2029 4268 ignoramus
2111 4202 2246 4273 quia
2284 4219 2398 4258 non
2433 4203 2665 4272 invenit,
2691 4205 3025 4262 valefaciens
3068 4207 3152 4262 eis
3196 4207 3476 4280 profectus
3519 4213 3607 4264 est
3640 4209 3703 4264 in

429 4287 779 4356 cogitationes
809 4288 943 4355 ejus.
976 4283 1095 4338 Hoc
1121 4284 1259 4340 dicit
1294 4285 1444 4357 quod
1485 4302 1658 4358 supra
1696 4289 2022 4357 memoravi,
2039 4341 2090 4369 ἢ
2110 4291 2863 4365 Macedoniam’IAliquoties
2876 4294 3448 4369 diximusapostolum
3465 4297 3709 4354 Paulum

431 4341 566 4447 quia
590 4341 896 4430 consolatio
909 4371 1076 4428 debet
1084 4341 1349 4446 subsequi
1357 4341 1590 4430 fratrem
1603 4341 1870 4431 delictum
2039 4341 2090 4402 Β
2311 4341 2496 4437 fuisse
2515 4341 3711 4459 et

425 4469 563 4531 tem,
592 4479 665 4520 ne
693 4462 791 4518 diu
820 4462 1184 4518 contristatus
1222 4467 1281 4517 et
1307 4467 1662 4536 contemptus
1690 4481 1726 4519 a
1750 4465 2024 4522 charitate

426 4552 704 4620 Ecclesiae,
743 4551 977 4625 incipiat
1013 4550 1314 4624 desperare
1351 4552 1422 4606 de
1466 4569 1564 4621 se;
1595 4559 1653 4611 et
1678 4553 1893 4621 videns,
1926 4556 2022 4628 qui

424 4657 649 4715 semper
665 4641 725 4694 in
744 4641 965 4696 insidiis
985 4646 1074 4696 est
1096 4639 1318 4697 subtilis
1337 4640 1612 4709 diabolus,
1630 4649 1881 4698 mentem
1901 4644 2024 4715 ejus

423 4730 593 4784 vilem
605 4728 1114 4796 eﬂ‘ectam,accedat
1131 4734 1190 4785 et
1207 4735 1476 4802 suggerat
1498 4731 1570 4797 ei,
1595 4737 1661 4786 ut
1681 4731 1765 4786 vel
1783 4749 2024 4804 praesen-

424 4816 577 4872 tibus
594 4816 834 4884 fruatur,
851 4816 948 4889 qui
967 4817 1037 4872 de
1057 4835 1156 4889 spe
1183 4817 1361 4874 futuri
1388 4819 1605 4891 praemii
1641 4820 1892 4891 dejectus
1913 4828 2018 4889 est,

425 4910 484 4960 et
496 4909 691 4978 pereat
702 4904 884 4960 frater
898 4920 1186 4977 possessus
1206 4925 1242 4962 a
1255 4907 1497 4976 diabolo,
1520 4909 1611 4964 cui
1631 4908 1703 4964 ad
1723 4909 1829 4965 hoc
1846 4910 2024 4982 paeni—

422 4994 603 5050 tentia
633 4993 767 5048 data
793 4998 935 5061 erat,
963 4997 1027 5048 ut
1065 5009 1362 5052 conversus
1402 4996 1736 5053 reformaret
1762 5015 1841 5066 se,
1875 4998 2021 5054 sicut

421 5083 559 5138 dicit
580 5082 829 5139 Ezechiel
850 5081 1160 5155 propheta:
1189 5085 1322 5139 Nolo
1348 5091 1581 5141 mortem
1599 5090 1906 5156 morientis,
1926 5091 2024 5144 sed

421 5175 601 5242 magis
620 5178 684 5227 ut
705 5175 1014 5227 revertatur
1027 5176 1075 5226 et
1094 5173 1243 5226 vivat
1258 5172 1466 5240 (Ezech.
1481 5178 1664 5245 xvm);
1688 5180 1747 5230 et
1773 5174 1981 5231 iterum
2005 5194 2016 5230 :

424 5261 848 5327 Convertantur,
862 5258 1067 5333 inquit,
1083 5265 1134 5314 et
1162 5263 1480 5331 replantabo
1495 5280 1579 5318 eos
1595 5264 1805 5335 (Ezech.
1819 5268 2016 5336 XXXII).

423 5348 642 5422 [Greg.]
671 5350 876 5420 Magna
903 5349 1110 5420 quippe
1139 5353 1260 5404 arte
1300 5350 1611 5422 magisterii
1656 5352 1765 5425 ipsi
1795 5359 1882 5409 est
1907 5359 2022 5409 tra-

424 5437 576 5493 ditus
605 5442 828 5492 coactus
861 5437 921 5492 in
948 5452 1193 5509 poenam,
1214 5437 1303 5492 cui
1331 5444 1528 5510 sponte
1559 5446 1647 5496 est
1672 5441 2021 5498 substractus

424 5525 483 5582 in
509 5525 694 5600 culpa,
719 5529 786 5584 ut
811 5523 1133 5600 quilauctor
1167 5525 1354 5584 fuerat
1393 5525 1468 5584 ad
1506 5528 1703 5587 vitium
1730 5531 2014 5606 nequitiae,

2107 4469 2315 4537 maliel,
2342 4470 2439 4542 qui
2458 4471 2518 4526 in
2532 4472 2915 4544 apostolorum
2926 4473 3158 4530 Actibus
3177 4475 3629 4544 concionabatur,
3648 4481 3711 4532 et

2106 4556 2268 4612 dicit:
2286 4559 2355 4614 Et
2385 4575 2539 4614 nunc
2565 4562 2704 4630 quid
2731 4560 2937 4616 habetis
2967 4578 3094 4617 cum
3125 4563 3446 4619 hominibus
3474 4568 3712 4626 ististsi

2105 4649 2258 4701 enim
2285 4662 2322 4702 a
2347 4648 2453 4703 Deo
2481 4654 2574 4716 est,
2612 4649 2796 4716 stabit,
2839 4653 2891 4705 si
2920 4666 2986 4705 ea:
3020 4651 3357 4720 hominibus,
3391 4654 3709 4708 destruetur

2108 4735 2169 4801 (Α
2176 4739 2245 4788 ct.
2267 4737 2345 4804 v).
2367 4736 2623 4808 Cumque
2641 4736 2876 4794 haberet
2894 4743 3217 4794 sanctarum
3244 4740 3540 4796 scientiam
3560 4740 3710 4796 Scri-

2106 4826 2424 4894 pturarum,
2453 4830 2509 4880 et
2550 4827 2828 4882 sermonis
2875 4827 3336 4900 diversarumque
3377 4830 3707 4901 linguarum

2102 4911 2347 4981 gratiam
2364 4914 2694 4984 possideret,
2712 4915 2862 4970 unde
2883 4915 3004 4988 ipse
3019 4917 3296 4988 gloriatur
3313 4917 3373 4972 in
3384 4918 3626 4974 Domino
3643 4925 3707 4974 et

2103 4999 2275 5056 dicit:
2306 5002 2528 5059 Gratias
2544 5005 2650 5060 Deo
2675 5021 2779 5074 ago
2810 5006 2959 5074 quod
2983 5006 3287 5062 Dominum
3308 5012 3553 5063 vestrum
3581 5023 3704 5063 ma-

2103 5091 2190 5158 gis
2219 5092 2432 5159 tinguis
2477 5095 2671 5162 loquor
2696 5094 2749 5162 (Ι
2772 5094 2894 5148 Cor.
2930 5097 3066 5163 xxv),
3107 5094 3427 5152 divinorum
3470 5112 3706 5152 sensum

2106 5178 2480 5249 majestatem,
2505 5181 2676 5253 digno
2694 5197 2808 5236 non
2833 5186 3057 5253 poterat
3085 5182 3265 5239 Graeci
3294 5184 3503 5258 eloquii
3530 5185 3709 5258 expli-

2105 5282 2233 5322 care
2254 5285 2531 5325 sermone.
2557 5270 2814 5326 Habebat
2835 5287 2968 5342 ergo
2988 5272 3180 5329 Titum
3209 5273 3575 5346 interpretem
3596 5274 3707 5330 sic-

2104 5360 2171 5411 ut
2197 5362 2255 5411 et
2288 5358 2352 5412 B.
2384 5359 2588 5415 Petrus
2612 5359 2883 5428 Marcum,
2915 5361 3077 5432 cujus
3115 5362 3481 5434 Evangelium
3530 5363 3704 5419 Petro

2103 5450 2373 5501 narrante
2397 5453 2455 5502 et
2486 5446 2584 5502 illo
2615 5446 2893 5523 scribente
2911 5449 3285 5522 compositum
3314 5456 3420 5507 est.
3442 5450 3704 5524 Denique

2103 5537 2162 5589 et
2179 5533 2304 5591 dum
2327 5535 2577 5608 epistolae
2597 5552 2722 5609 quae
2747 5535 3010 5594 feruntur
3033 5538 3207 5608 Petri,
3223 5538 3372 5614 stylo
3390 5539 3547 5598 inter
3558 5555 3623 5597 se
3641 5546 3707 5598 et
