3974 6188
279 323 346 378 l69
622 319 1198 378 ENARRATIONUM
1235 324 1313 378 IN
1353 325 1504 378 EPP.
1550 326 1762 380 PAULI
1802 327 1846 381 L

1896 329 1938 378 3.
1984 325 2103 378 ΧΠ.
2150 353 2211 362 --
2255 323 2330 376 ΙΝ
2372 321 2590 375 EPIST.
2637 323 2685 376 ΙΙ
2724 325 2820 377 ΑΙ)
2861 326 3020 381 COR.
3369 331 3465 385 170

272 447 471 502 charitate
487 445 812 516 discrepant,
834 451 1226 518 structuraque
1243 448 1560 512 verborum,
1581 467 1644 504 ex
1669 468 1778 521 quo
1793 453 1844 512 Α
1862 455 2067 503 nostra:
2085 449 2248 518 longe
2271 448 2493 517 lateque
2521 446 2698 517 spirat
2729 447 3039 518 fragrantia
3061 468 3074 504 :
3096 452 3194 506 sed
3215 453 3350 524 quia
3363 455 3464 508 ho-

271 536 551 606 intelligimus
612 552 714 604 pro
759 535 1092 589 necessitate
1141 553 1330 590 rerum
1381 539 1613 594 diversis
1653 557 1781 594 eum
1865 537 2045 591 mines
2073 551 2174 592 suo
2195 536 2431 590 arbitrio
2452 535 2703 589 derelicti
2723 543 2872 602 sunt,
2892 554 3072 609 neque
3089 540 3238 596 enim
3253 541 3460 598 bonum

271 641 385 679 usum
405 623 795 694 interpretibus.
830 625 974 695 Ergo
1003 632 1062 678 et
1091 626 1300 680 Paulus
1336 629 1620 699 apostolus
1647 646 1781 683 con-
1864 627 2196 681 necessitate
2225 626 2453 689 faciunt,
2486 625 2584 678 sed
2610 625 2915 691 voluntate,
2946 634 3010 681 ut
3042 629 3333 685 credentes
3369 649 3464 686 co-

265 713 456 768 triststur
493 713 618 782 quia
666 713 1075 784 praedicationis
1117 733 1231 769 suae
1274 717 1778 787 impraesentiarum
1864 732 2062 769 ronam
2095 714 2389 786 accipiant,
2423 713 2697 768 increduli
2730 715 3000 785 supplicio
3025 719 3417 790 mancipentur
3448 739 3460 774 :

269 803 446 856 futtilem
468 817 844 873 organumque
869 819 969 872 per
989 804 1136 874 quod
1159 805 1382 859 Christo
1403 813 1647 872 caneret,
1667 823 1779 861 non
1863 803 1986 857 ideo
2016 804 2154 857 odor
2180 809 2387 868 noster,
2415 803 2510 874 qui
2527 819 2628 874 per
2640 819 2699 856 se
2713 801 2891 857 bonus
2913 810 3016 867 est,
3049 805 3255 862 virtute
3269 825 3463 864 eorum

265 892 496 952 invenerat,
515 891 869 961 perrexitque
899 891 956 944 in
987 893 1390 947 Macedoniam.
1425 896 1779 965 Apparuerat
1859 897 1916 945 et
1943 892 2078 946 vitio
2107 893 2202 963 qui
2229 892 2556 963 suscipiunt,
2575 892 2691 945 sive
2718 909 2830 946 non
2850 893 3179 963 suscipiunt,
3207 896 3265 950 in
3293 897 3462 953 vitam

263 979 369 1032 enim
389 979 429 1032 ei
454 979 525 1032 vir
549 980 798 1038 Macedo.
831 980 1019 1034 dicens
1053 1000 1064 1034 :
1104 983 1399 1035 Transiens
1435 985 1640 1051 adjuva
1683 1000 1776 1037 nos
1861 981 2084 1047 transit,
2125 987 2226 1034 aut
2267 981 2322 1034 in
2365 987 2605 1034 mortem
2652 999 2667 1033 :
2707 986 2771 1034 ut
2809 981 2905 1050 qui
2943 983 3284 1039 crediderint
3325 987 3462 1041 salvi

264 1067 360 1126 (Act.
385 1075 494 1131 xvi),
535 1073 600 1122 ut
640 1067 718 1122 ibi
760 1068 1039 1124 inveniret
1073 1070 1263 1125 Titum
1292 1077 1350 1124 et
1373 1071 1627 1126 visitaret
1667 1072 1780 1126 fra-
1863 1070 2018 1135 ﬁant,
2054 1069 2149 1140 qui
2171 1087 2284 1123 non
2312 1068 2653 1123 crediderint
2680 1074 2932 1139 pereant.
2959 1072 3017 1137 (A
3030 1073 3160 1139 mb.)
3195 1073 3348 1128 Odor
3361 1092 3462 1130 no-

261 1162 355 1220 tres,
379 1155 448 1210 vel
472 1157 940 1227 persecutionibus
977 1158 1325 1229 probaretur.
1371 1160 1563 1214 Potest
1589 1167 1647 1214 et
1678 1161 1781 1215 hoc
1861 1157 2001 1211 titize
2027 1158 2128 1212 Dei
2158 1159 2216 1211 in
2247 1158 2470 1212 Christo
2506 1163 2563 1211 et
2598 1173 2698 1228 per
2746 1157 3032 1212 Christum
3075 1166 3177 1214 est.
3219 1163 3462 1218 Odorem

260 1245 380 1298 aliter
399 1245 631 1316 intelligi,
669 1253 733 1300 ut
760 1246 966 1316 {Amb.)
1007 1249 1282 1303 Troadem
1327 1249 1664 1320 perrexisset
1709 1251 1780 1305 ad
1863 1251 2052 1300 autem
2082 1247 2286 1301 idcirco
2313 1246 2472 1313 dixit,
2493 1246 2624 1317 quia
2638 1246 2784 1300 sicut
2805 1247 3058 1316 quaedam
3071 1265 3178 1312 res,
3199 1267 3321 1321 qum
3335 1269 3462 1306 cum

259 1333 596 1403 pmdicandum
629 1335 993 1406 Evangehum
1022 1336 1249 1401 Christi,
1283 1342 1340 1391 et
1369 1355 1496 1392 cum
1525 1339 1783 1410 coepisset
1863 1352 1974 1389 non
2003 1335 2316 1402 videantur,
2352 1353 2452 1407 per
2482 1336 2710 1389 odorem
2740 1341 2928 1389 tamen
2959 1346 3390 1407 cognoscuntur,
3407 1346 3465 1395 et

259 1421 506 1492 medicare,
523 1423 870 1494 fuissentque
885 1425 1501 1497 quicaperentverbum
1515 1427 1664 1495 ﬁdei,
1682 1429 1779 1482 sed
1863 1423 2129 1494 intelligis
2166 1425 2224 1478 in
2263 1425 2383 1478 loco
2421 1425 2610 1495 aliquo
2649 1442 2788 1488 esse,
2831 1425 2979 1496 quod
3019 1442 3130 1480 non
3156 1427 3340 1496 vides;
3383 1429 3465 1484 ita

256 1511 591 1582 quiasolatium
609 1513 723 1567 Titi
738 1493 936 1576 defuit,
962 1493 1328 1570 intolerabilis
1345 1523 1466 1570 erat
1483 1516 1640 1570 labor
1653 1493 1780 1588 per-
1866 1519 1924 1566 et
1950 1493 2117 1577 Deus,
2149 1513 2283 1584 quia
2309 1493 2601 1567 invisibilis
2631 1520 2735 1579 est,
2753 1493 2865 1584 peri
2885 1514 3170 1568 Christum
3199 1533 3260 1569 se
3291 1493 3466 1572 voluit

255 1601 551 1670 strepentium
589 1617 778 1655 causa.
827 1603 1089 1666 Quamvis
1125 1604 1276 1658 enim
1317 1605 1547 1676 quidam
1586 1623 1780 1660 eorum
1867 1601 2124 1671 intelligi,
2154 1609 2217 1656 ut
2243 1602 2564 1673 praedicatio
2591 1602 2820 1668 Christi,
2849 1619 2971 1672 qum
3002 1603 3197 1675 utique
3218 1605 3464 1660 invisibi-

251 1690 709 1758 apemerantcorda
725 1691 909 1745 suaad
925 1691 1636 1763 recipiendumsermonem
1655 1695 1776 1762 Dei,
1801 1753 1842 1765 ﬁ
1865 1690 2012 1756 liter,
2061 1691 2207 1746 sicut
2242 1692 2312 1745 ad
2361 1709 2526 1746 nares
2564 1691 2720 1758 odor,
2761 1691 2841 1745 ita
2878 1692 2949 1746 ad
2984 1709 3149 1748 aures
3187 1695 3461 1765 pervenit,

251 1782 394 1830 tamen
424 1778 764 1848 impudentia
811 1779 1123 1835 inﬁdelium
1161 1799 1275 1836 non
1311 1782 1548 1836 minima
1585 1753 1845 1837 eaiste-B
1865 1779 2044 1834 Deum
2072 1780 2298 1834 Patrem
2325 1779 2639 1834 insinuaret
2664 1786 2953 1848 creaturte,
2997 1787 3054 1836 et
3097 1781 3301 1838 Filium
3341 1785 3464 1855 ejus

248 1862 330 1928 bat,
355 1865 622 1938 insurgens
639 1868 700 1922 in
716 1869 1048 1939 Apostolum
1069 1871 1186 1924 zelo
1207 1871 1577 1938 credentium,
1597 1872 1783 1927 et,th
1863 1867 2238 1938 unigenitum,
2270 1869 2430 1940 cujus
2460 1869 2542 1922 rei
2567 1869 2846 1939 legatione
2877 1870 3172 1940 fungentes
3201 1873 3460 1943 apostoli,

245 1952 327 2008 duo
347 1953 404 2008 ab
426 1973 526 2010 uno
556 1957 783 2028 impleri
810 1975 922 2012 non
951 1965 1230 2030 poterant,
1263 1966 1327 2014 ut
1355 1967 1454 2016 aut
1483 1961 1674 2016 ﬁdeles
1699 1961 1781 2016 in-
1865 1956 2031 2022 (sicut
2047 1957 2183 2012 dicit
2196 1958 2467 2012 Dominus
2479 1958 2550 2012 ad
2562 1958 3036 2026 Deum,Filiusad
3055 1961 3460 2026 Patrem,sicut

241 2049 448 2110 strueret,
465 2053 557 2100 aut
573 2047 878 2102 incredulis
894 2055 1258 2119 repugnaret:
1277 2049 1512 2121 ideoque
1531 2051 1653 2104 vale
1671 2051 1778 2106 illis
1862 2062 1952 2099 me
1983 2047 2186 2102 misisti
2205 2047 2265 2101 in
2283 2048 2430 2101 hunc
2452 2048 2747 2113 mundum,
2771 2047 2852 2101 ita
2873 2055 2930 2102 et
2943 2065 3038 2102 eos
3053 2049 3218 2103 mitto
3232 2051 3291 2104 in
3315 2051 3464 2105 hunc

243 2131 351 2186 facto
373 2134 452 2203 qui
477 2143 841 2206 susceperant
855 2153 1004 2202 eum,
1027 2137 1308 2208 profectus
1329 2144 1416 2192 est
1435 2139 1492 2192 in
1521 2140 1778 2194 Macedo-
1860 2137 2158 2206 mundum)
2189 2137 2419 2190 odorem
2446 2135 2659 2191 notitiae
2681 2137 2782 2190 Dei
2799 2141 2857 2190 et
2884 2137 3090 2191 Christi
3112 2155 3213 2208 per
3231 2139 3393 2209 signa
3407 2147 3465 2192 et

238 2219 371 2274 niam.
1861 2225 2121 2294 prodigia
2150 2225 2594 2278 manifestarent.
2615 2225 2763 2279 Vera
2789 2242 2909 2278 esse
2925 2225 2994 2278 de
3019 2227 3134 2279 Deo
3156 2231 3215 2280 et
3240 2226 3461 2281 Christo

293 2310 372 2363 Deo
393 2319 564 2366 autem
595 2317 812 2380 gratias
829 2318 928 2384 qui
934 2333 1143 2384 semper
1161 2317 1472 2385 triumphat
1487 2333 1589 2386 per
1611 2335 1708 2373 nos
1720 2321 1782 2372 in
1865 2313 2185 2384 praidicatio
2214 2313 2432 2368 virtutis
2458 2313 2782 2368 testimonio
2801 2313 3088 2384 probatur,
3115 2331 3238 2386 quae
3255 2315 3383 2370 ideo
3403 2315 3462 2370 in

238 2397 408 2452 Christo
422 2402 555 2453 Jes-u.
594 2402 704 2454 Pro
723 2418 808 2466 eo,
844 2403 993 2472 quod
1027 2410 1130 2471 est,
1172 2405 1490 2476 triumphat
1527 2406 1596 2460 de
1623 2407 1784 2462 nobis
1865 2403 2035 2456 odore
2057 2401 2372 2472 signiﬁcata
2398 2409 2500 2467 est,
2536 2402 2670 2472 quia
2699 2419 2826 2456 cum
2858 2403 3006 2456 Deus
3043 2419 3155 2457 non
3183 2404 3458 2471 videatur,

232 2486 318 2540 sive
340 2489 672 2560 triumphum
705 2497 866 2545 tuum
899 2493 1019 2563 agit
1046 2511 1147 2564 per
1160 2510 1281 2560 nos,
1314 2495 1410 2565 qui
1437 2495 1498 2548 in
1525 2495 1635 2549 alio
1659 2497 1778 2550 loco
1865 2508 1966 2562 per
2007 2492 2170 2557 hanc,
2213 2508 2335 2562 quae
2375 2491 2730 2545 invisibiliter
2765 2497 3048 2563 operatur,
3092 2493 3152 2547 in
3195 2494 3462 2564 apostolis

231 2573 433 2629 dixerat:
460 2579 845 2646 Spectaculum
857 2583 997 2647 facti
1025 2599 1217 2635 sumus
1230 2585 1453 2648 mundo,
1480 2589 1528 2638 et
1543 2588 1774 2652 angelis.
1861 2598 1982 2635 esse
2022 2580 2358 2650 intelligitur
2393 2585 2458 2634 ut
2505 2579 2710 2635 veritas
2748 2580 3011 2635 doctrinae
3050 2581 3458 2637 manifestetur.

227 2669 262 2715 et
286 2665 589 2722 hominibus.
641 2671 784 2723 Nam
827 2687 955 2724 cum
987 2673 1248 2724 venissem
1287 2675 1350 2726 in
1380 2674 1771 2739 Macedoniam,
1860 2669 1967 2734 Qui
1996 2687 2129 2739 ergo
2150 2675 2300 2723 recte
2319 2669 2524 2723 asserit
2539 2669 2848 2735 Christum,
2873 2669 3051 2724 bonus
3065 2670 3204 2724 odor
3221 2677 3306 2724 est
3321 2671 3458 2736 Deo,

230 2755 404 2807 nullam
422 2761 662 2826 requiem
684 2759 878 2813 habuit
900 2775 1028 2813 caro
1043 2765 1250 2826 nostra,
1265 2763 1358 2814 sed
1375 2777 1590 2817 onmem
1603 2764 1778 2816 tribu-
1859 2759 2024 2812 laude
2041 2758 2244 2828 dignus
2271 2758 2330 2812 in
2348 2775 2414 2812 eo
2432 2757 2526 2829 qui
2543 2758 2740 2824 credit,
2766 2775 2869 2812 nec
2885 2758 3272 2830 vituperabilis
3291 2759 3350 2814 in
3365 2759 3460 2814 illo

225 2843 437 2896 lationem.
451 2851 608 2914 passi
639 2850 781 2914 foris
809 2864 1028 2917 pugnae,
1071 2851 1226 2903 intus
1257 2853 1496 2904 timores.
1545 2849 1649 2904 Sed
1681 2854 1780 2920 qui
1861 2847 1956 2918 qui
1985 2863 2098 2901 non
2121 2847 2324 2914 credit;
2359 2847 2453 2917 qui
2475 2864 2605 2902 vero
2625 2864 2738 2902 non
2760 2854 2908 2902 recte
2928 2847 3132 2902 asserit
3147 2847 3456 2916 Christum,

224 2935 490 2986 consolatur
501 2937 746 2990 humiles
765 2941 1074 2992 consolatus
1092 2943 1276 2992 estnos
1295 2939 1435 2992 Deus
1456 2942 1518 2992 in
1537 2941 1777 2994 adventu
1860 2937 2042 2990 malus
2071 2937 2210 2990 odor
2237 2943 2323 2990 est
2350 2937 2466 2992 Deo
2493 2942 2612 2990 tam
2640 2936 2700 2990 in
2730 2936 2816 2990 his
2845 2937 2942 3008 qui
2978 2937 3076 2990 ﬁdi
3107 2944 3256 3004 sunt,
3289 2955 3458 3009 quam

224 3017 344 3074 Titi:
372 3039 474 3076 non
494 3029 681 3078 solum
710 3032 897 3080 autem
916 3029 981 3080 in
1009 3028 1247 3080 adventu
1264 3029 1312 3095 ej
1319 3019 1396 3090 iis,
1423 3029 1516 3082 sed
1523 3017 1700 3082 etiam
1715 3031 1776 3082 in
1801 3080 1842 3101 η
1859 3025 1918 3079 in
1937 3024 2046 3078 illis
2063 3025 2158 3096 qui
2177 3025 2464 3092 difﬁdunt;
2491 3042 2592 3096 pro
2609 3024 2864 3101 utrisque
2880 3024 3030 3079 enim
3051 3043 3180 3080 reus
3199 3026 3337 3081 erit:
3365 3026 3461 3098 qui

218 3110 373 3162 solatio
399 3112 445 3174 (Ι
459 3113 580 3166 Cor.
605 3130 685 3178 xv,
721 3117 777 3169 ΙΙ
805 3115 928 3170 Cor.
961 3119 1075 3180 vn).
1128 3116 1274 3186 Ergo
1316 3121 1616 3187 propterea
1657 3119 1777 3170 vale
1799 3110 1843 3138 υ
1861 3114 2012 3168 enim
2023 3114 2226 3168 difﬁdit
2235 3114 2440 3168 idcirco
2459 3114 2680 3168 videtur
2693 3131 2803 3168 non
2819 3115 3065 3180 credere,
3087 3115 3221 3186 quia
3233 3132 3460 3186 perver-

213 3192 384 3251 taciens
421 3199 702 3272 'I‘rojanis,
745 3203 858 3257 sive
899 3203 1330 3269 Troadensibus,
1371 3205 1650 3276 profectus
1693 3211 1780 3259 est
1859 3219 1986 3256 sum
2017 3207 2104 3256 est
2131 3204 2278 3274 quod
2300 3203 2476 3271 audit,
2512 3209 2568 3257 et
2585 3203 2682 3274 qui
2703 3203 2900 3270 credit,
2926 3204 3074 3258 male
3095 3203 3289 3259 credit.
3308 3205 3458 3276 Apo-

214 3282 258 3336 in
280 3285 669 3356 Macedoniam,
702 3299 766 3346 ut
803 3292 1079 3347 inveniret
1105 3292 1181 3346 ibi
1221 3293 1412 3348 Titum
1453 3299 1511 3347 et
1547 3294 1779 3348 haberet
1859 3291 2036 3346 stolus
2067 3309 2200 3362 ergo
2216 3292 2493 3346 rationein
2523 3291 2664 3361 legis
2679 3292 2900 3346 locutus
2915 3298 3019 3358 est,
3037 3293 3458 3363 utsicutinlege

212 3370 659 3446 interpretationis
687 3381 1085 3453 Evangeliique
1113 3381 1396 3447 solatium,
1423 3400 1589 3454 quem
1617 3383 1778 3438 intel-
1861 3381 1956 3451 qui
1975 3381 2187 3434 hostias
2208 3380 2354 3434 bono
2377 3386 2502 3434 voto
2527 3379 2814 3446 oﬁ'erebat,
2844 3379 3023 3435 bonus
3044 3382 3182 3436 odor
3203 3388 3326 3436 erat
3343 3383 3459 3436 Deo

213 3460 397 3530 ﬁgimus
425 3482 535 3522 non
563 3468 653 3523 ibi
682 3477 987 3541 repertum,
1021 3473 1118 3526 sed
1155 3488 1259 3542 per
1294 3470 1682 3526 tribulationes
1721 3479 1778 3527 et
1859 3475 1918 3522 et
1945 3469 2318 3540 acceptabilis,
2343 3469 2424 3523 ita
2451 3474 2509 3523 et
2538 3486 2687 3524 nunc
2713 3469 3124 3540 praedicationis
3153 3470 3232 3524 vis
3259 3470 3461 3525 doctri-

211 3555 1588 3630 persecutionesApostolisupervenisse.Priusergo
1605 3577 1775 3631 quam
1857 3574 1942 3612 nae
1971 3558 2200 3612 odorem
2229 3563 2459 3629 praestat
2484 3558 2826 3627 fragrantem
2857 3558 2992 3612 Deo.
3028 3558 3210 3622 Quam
3241 3558 3312 3614 ob
3331 3575 3460 3614 cau~

207 3641 382 3698 Veniret
405 3645 564 3701 Titus
593 3648 782 3702 multa
807 3664 1120 3719 perpessus,
1147 3648 1269 3718 agit
1283 3647 1498 3718 gratias
1516 3649 1774 3720 omnipo-
1856 3664 1976 3702 sam
2007 3647 2229 3701 auxiliis
2255 3647 2372 3701 suis
2399 3653 2552 3701 totus
2582 3646 2884 3717 praestabat
2911 3647 3061 3701 Deus
3085 3647 3371 3718 apostolis,
3394 3657 3460 3704 ut

211 3729 320 3782 tanti
345 3732 469 3798 Deo,
501 3735 564 3790 in
593 3735 826 3791 Christo
855 3739 1010 3802 Jesu,
1027 3753 1196 3808 quem
1221 3736 1486 3807 gentibus
1515 3738 1776 3809 praedica-
1855 3736 2024 3790 verba
2049 3735 2383 3806 cognitionis
2415 3737 2538 3806 ejus
2559 3735 2920 3790 infunderent
2949 3735 3272 3806 patentibus
3301 3737 3456 3792 auri-

205 3813 278 3870 bat
302 3838 313 3869 2
343 3823 483 3891 quod
503 3824 754 3894 dignum
775 3842 834 3878 se
864 3826 1114 3895 elegerit,
1143 3825 1204 3881 in
1233 3842 1343 3896 quo
1369 3827 1550 3896 egerit
1576 3827 1776 3882 trium-
1854 3823 1978 3891 bus,
2008 3824 2122 3878 sive
2159 3824 2385 3890 Judaeis,
2429 3825 2543 3877 sive
2579 3823 2859 3894 gentibus,
2905 3823 3096 3878 addito
3139 3823 3226 3877 his
3267 3840 3454 3880 sacra-

208 3902 345 3970 pllum
364 3909 485 3964 Filii
505 3913 619 3966 sui.
649 3912 992 3984 Triumphus
1007 3913 1108 3968 Dei
1127 3919 1215 3969 est
1233 3915 1419 3986 passio
1437 3921 1770 3987 martyrum,
1857 3919 2046 3967 mento
2067 3911 2374 3967 nativitatis
2390 3911 2614 3966 Domini
2627 3914 2656 3966 J
2662 3929 2760 3966 esu
2779 3913 3084 3966 secundum
3108 3913 3455 3968 voluntatem

204 3989 247 4046 in
272 3995 460 4052 Christi
493 4000 734 4054 nomine
761 4001 975 4056 cruoris
995 4003 1210 4070 eﬁ'usio,
1229 4010 1286 4058 et
1316 4004 1464 4058 inter
1491 4009 1775 4059 tormenta
1855 4001 1956 4056 Dei
1983 4008 2040 4057 et
2065 4002 2242 4073 patris
2272 4002 2394 4072 ejus
2424 4001 2485 4055 in
2504 4001 2722 4056 unitate
2749 4001 2878 4055 ﬁdei
2907 4001 3170 4056 salutaris
3198 4003 3270 4056 ad
3301 4003 3453 4058 salu-

205 4078 376 4148 latitia,
403 4104 533 4142 cum
563 4089 727 4144 enim
767 4090 892 4162 quis
931 4091 1131 4146 viderit
1171 4097 1331 4146 tanta
1359 4094 1774 4164 perseverantia
1853 4095 1970 4144 tem
1995 4089 2363 4155 credentium,
2391 4095 2450 4144 et
2476 4089 2850 4160 perditionem
2877 4089 3272 4145 difﬁdentiam.
3289 4093 3450 4159 Aliis,

203 4177 318 4226 812m
343 4184 648 4250 martyres,
683 4185 850 4250 atque
887 4180 1160 4251 torqueri,
1193 4186 1250 4234 et
1275 4181 1334 4234 in
1363 4182 1480 4236 suis
1513 4181 1773 4236 cruciati-
1854 4179 2058 4251 inquit,
2091 4182 2310 4250 quidem
2351 4181 2483 4233 odor
2524 4182 2718 4234 mortis
2759 4181 2819 4233 in
2858 4185 3106 4246 mortem,
3152 4180 3256 4234 hoc
3295 4179 3449 4246 dicit,

204 4255 280 4312 bus
299 4264 536 4332 gloriari,
573 4269 722 4322 odor
749 4268 962 4324 notitiai
992 4269 1094 4323 Dei
1121 4269 1522 4324 disseminatur
1547 4271 1606 4324 in
1634 4287 1774 4340 gen-
1858 4269 1990 4338 quia
2015 4268 2317 4322 incredulis
2337 4268 2658 4340 praedicatio
2673 4268 2852 4323 crucis
2873 4268 3085 4327 Christi
3100 4269 3238 4322 odor
3255 4269 3454 4324 mortis

201 4354 276 4456 ξε,
303 4358 355 4406 et
380 4354 534 4410 subit
560 4357 745 4412 tacita
771 4357 1054 4428 cogitatio,
1091 4358 1238 4429 quod
1266 4358 1374 4413 nisi
1401 4376 1597 4414 verum
1630 4365 1838 4456 essetD
1857 4363 1974 4425 est;
2007 4357 2300 4412 audientes
2327 4357 2478 4412 enim
2501 4357 2732 4412 verbum
2753 4357 2855 4412 Dei
2870 4357 2950 4411 sic
2977 4357 3275 4427 accipiunt,
3290 4357 3450 4427 quasi

201 4434 540 4511 Evangelium,
570 4461 872 4516 nunquam
901 4447 1176 4517 sanguine
1201 4447 1595 4503 defenderetur
1625 4467 1636 4501 :
1671 4465 1770 4502 ne-
1793 4434 1838 4456 υ
1856 4453 2092 4518 pestem,
2126 4464 2192 4500 ex
2219 4461 2331 4516 qua
2356 4445 2538 4500 oritur
2561 4463 2730 4512 mors,
2761 4451 2818 4498 et
2845 4460 3070 4498 necesse
3087 4449 3173 4498 est
3202 4449 3267 4498 ut
3287 4445 3448 4514 juxta

199 4540 278 4593 que
301 4531 440 4586 enim
460 4534 718 4588 delicata
745 4541 803 4588 et
828 4534 1040 4589 divitiis
1069 4537 1301 4591 studens
1327 4554 1392 4590 ac
1419 4553 1618 4591 secura
1637 4553 1770 4591 con-
1855 4536 2023 4590 ﬁdem
2046 4535 2270 4588 illorum
2299 4537 2399 4589 ﬁat
2419 4534 2518 4588 eis.
2541 4534 2685 4590 Aliis
2715 4539 2900 4587 autem
2931 4535 3064 4586 odor
3103 4534 3227 4586 vitae
3263 4535 3337 4586 ad
3363 4535 3447 4586 vi-

197 4611 327 4670 Τεδὶο
353 4629 452 4688 est,
477 4623 582 4676 sed
605 4622 670 4677 in
699 4623 1030 4692 carceribus,
1053 4624 1110 4678 in
1129 4625 1325 4695 plagis,
1357 4626 1414 4679 in
1437 4627 1773 4696 persecutio-
1855 4630 1986 4691 tam,
2021 4640 2213 4678 verum
2243 4629 2329 4677 est
2357 4623 2490 4694 quia
2523 4622 2652 4676 ﬁdei
2690 4620 3132 4676 sermo-auditus
3159 4620 3262 4676 Dei
3298 4637 3445 4676 nun-

199 4701 338 4770 nibus,
363 4709 418 4764 in
440 4710 617 4779 fame,
645 4717 708 4766 et
720 4712 992 4780 nuditate,
1019 4719 1078 4767 et
1107 4713 1200 4768 siti
1223 4713 1311 4768 hic
1337 4715 1658 4786 triumphus
1685 4721 1771 4769 est
1851 4713 1965 4767 tius
1993 4718 2080 4766 est
2106 4712 2306 4766 salutis
2343 4717 2582 4776 aeternae,
2615 4716 2672 4764 et
2709 4710 3018 4764 secundum
3052 4710 3221 4766 ﬁdem
3251 4726 3446 4765 eorum

196 4798 660 4872 apostolommque
677 4801 1042 4858 victoria.Sed
1053 4807 1276 4874 poterat
1294 4803 1528 4858 audiens
1543 4821 1770 4874 respon-
1851 4801 2138 4871 continget
2165 4801 2264 4855 eis.
2300 4801 2425 4854 Sive
2455 4816 2587 4870 ergo
2615 4799 2674 4853 in
2704 4798 2790 4852 his
2811 4799 2907 4870 qui
2941 4805 3199 4871 pereunt,
3244 4799 3359 4854 sive
3387 4799 3445 4855 in

199 4877 310 4950 dm,
340 4889 629 4958 quomodo
658 4906 794 4961 ergo
817 4906 928 4945 non
955 4907 1150 4946 omnes
1179 4891 1570 4947 crediderunt?
1589 4895 1768 4964 prius-
1852 4891 1940 4945 his
1978 4891 2073 4962 qui
2115 4889 2250 4944 salvi
2292 4891 2454 4955 ﬁunt,
2497 4887 2704 4942 Christi
2745 4887 2925 4944 bonus
2959 4889 3096 4944 odor
3133 4889 3250 4944 Deo
3281 4894 3446 4944 erant

197 4984 326 5035 cillam
349 4993 481 5047 ergo
509 4979 839 5050 interroget
869 4977 1052 5046 solvit,
1086 4987 1144 5034 et
1166 4981 1329 5051 juxta
1357 4998 1570 5036 morem
1602 4999 1782 5037 suum.
1849 4979 2105 5051 apostoli,
2131 4977 2566 5050 quiasinceriter
2583 4976 2961 5048 przedicabant
2991 4996 3002 5031 :
3033 4977 3129 5050 qui
3149 4977 3303 5032 enim
3329 4994 3441 5033 non

200 5057 420 5134 quidquid
447 5067 604 5122 alius
634 5067 879 5138 objicere
915 5075 1102 5140 potest
1135 5074 1439 5141 antequam
1470 5069 1768 5141 objiciatur
1849 5067 2169 5132 credebant,
2199 5066 2303 5138 ipsi
2332 5066 2438 5121 sibi
2467 5067 2729 5138 laqueum
2757 5065 3196 5122 circumdabant.
3231 5067 3351 5132 His,
3371 5065 3420 5121 si

197 5145 423 5209 ialluserit.
455 5158 527 5212 Et
556 5158 789 5212 odorem
821 5161 1028 5213 notitia
1054 5175 1168 5214 suae
1194 5161 1517 5227 manifestat
1541 5176 1642 5229 per
1670 5177 1766 5216 nos
1847 5163 1944 5212 cut
1967 5156 2102 5212 dicit
2131 5155 2402 5211 Dominus
2421 5155 2494 5209 ad
2521 5155 2769 5210 Ezechiel
2797 5155 3130 5227 prophetam
3158 5172 3169 5207 :
3207 5156 3283 5209 Tu
3303 5171 3444 5225 prse-

203 5236 246 5286 in
265 5246 398 5295 omni
423 5247 540 5299 loco
573 5265 592 5298 :
629 5245 777 5312 Quia
813 5247 984 5301 bonus
1015 5245 1226 5302 Christi
1254 5249 1386 5302 odor
1415 5265 1609 5302 sumus
1639 5251 1760 5314 Deo,
1846 5248 1998 5310 diea;
2031 5250 2080 5299 si
2109 5252 2154 5300 te
2170 5247 2474 5307 audierint,
2519 5247 2822 5299 lucrareris
2851 5247 3074 5298 animas
3101 5259 3293 5298 serunt
3309 5262 3327 5309 ;
3349 5246 3441 5300 sin

203 5338 242 5374 Ut
264 5325 334 5380 his
358 5349 452 5400 qui
479 5336 642 5387 salvi
669 5335 832 5400 ﬁunt,
876 5339 924 5388 et
961 5337 1025 5388 in
1062 5336 1150 5390 his
1189 5340 1291 5405 qui
1320 5343 1571 5406 pereunt.
1618 5335 1762 5394 Aliis
1847 5338 2177 5404 quomimus,
2207 5336 2316 5402 ipsi
2341 5335 2450 5387 sibi
2475 5335 2735 5400 viderint,
2772 5339 2832 5387 tu
2871 5339 3054 5388 tamen
3093 5333 3232 5388 liber
3265 5337 3376 5388 eris
3405 5351 3440 5387 a

203 5415 369 5472 itidem
394 5423 531 5474 odor
562 5425 770 5475 mortis
787 5425 848 5476 in
865 5428 1115 5488 mortem,
1140 5427 1272 5480 aliis
1291 5431 1472 5480 autem
1493 5427 1626 5480 odor
1644 5428 1765 5478 vita:
1840 5425 2148 5494 perditimw
2183 5425 2432 5478 illorum.
2467 5423 2668 5489 (Greg.)
2708 5421 2865 5476 Sicut
2882 5421 3060 5476 bonus
3075 5423 3215 5476 odor
3241 5439 3308 5476 ex
3325 5423 3437 5477 vir-

205 5499 244 5549 i?!
264 5507 442 5574 vitam;
476 5511 768 5578 (Hieron)
791 5517 850 5565 et
875 5517 963 5565 est
975 5527 1192 5580 sensus,
1212 5513 1458 5568 nominis
1480 5513 1687 5569 Christi
1705 5512 1762 5566 in
1845 5517 1966 5567 tute
1999 5516 2101 5577 est,
2133 5511 2306 5566 Paulo
2345 5515 2648 5566 attestante
2685 5510 2781 5582 qui
2822 5510 2922 5578 ait,
2955 5510 3186 5565 odorem
3224 5510 3438 5565 notitiae

205 5593 313 5644 “lini
337 5595 470 5665 loco,
501 5598 704 5654 bonus
731 5599 870 5655 odor
885 5616 1082 5656 sumus
1102 5602 1237 5668 Deo,
1268 5608 1327 5658 et
1352 5601 1762 5674 praedicationis
1845 5618 1959 5655 suae
1990 5599 2313 5656 manifestat
2339 5617 2440 5671 per
2458 5616 2559 5655 nos
2589 5599 2646 5655 in
2665 5599 2818 5654 omni
2837 5600 2975 5660 loco,
2995 5599 3090 5670 qui
3114 5598 3320 5655 Christi
3344 5597 3437 5651 bo-

388 5697 680 5762 PA‘I'IOL.
709 5697 862 5761 CXII
3160 5697 3196 5758 6
