4034 6162
427 292 522 350 171

1014 291 1074 344 Β.
1121 287 1388 344 RABANI
1429 284 1658 344 MAURI
1697 287 2030 343 ARCIIIEP.
2074 285 2394 341 MOGUNT.
2439 283 2737 338 OPERUM
2773 280 2956 336 PARS
2997 281 3094 336 III.

3590 275 3689 333 17‘2

425 437 532 477 nus
560 422 696 475 odor
725 435 920 474 sumus
941 421 1076 480 Deo,
1102 418 1180 470 ita
1225 433 1254 468 e
1285 417 1563 470 contrario
1594 417 1737 470 fetor
1767 431 1833 468 ex
1861 417 2013 469 vitio.
2035 417 2081 476 Α
2101 431 2270 485 quam
2301 419 2522 484 oportet
2549 411 2855 481 acquirere.
2890 407 3046 462 Sicut
3071 415 3136 458 ex
3164 405 3278 458 Deo
3297 406 3487 457 autem
3516 401 3694 472 loqui.-

425 511 600 566 Radix
621 508 772 563 enim
789 507 1042 560 omnium
1075 503 1352 558 malorum
1376 511 1462 557 est
1489 503 1788 574 cupiditas,
1809 511 1865 558 ct
1885 505 2018 574 quia

423 599 710 670 quodlibet
755 597 966 649 malum
1000 609 1100 665 per
1137 593 1431 646 avaritiam
1469 593 1740 663 gignitur,
1784 591 2016 663 dignum

423 697 526 754 est,
551 693 614 741 ut
641 686 842 740 domus
870 683 1116 737 avaritia:
1145 683 1203 736 in
1232 683 1408 735 fetore
1437 688 1812 748 construatur,
1829 683 2016 736 felices

424 777 520 848 qui
553 775 696 828 bono
717 772 887 827 odore
904 773 1114 837 vivunt,
1139 772 1272 842 quid
1288 775 1477 825 autem
1494 771 1770 825 infelicius
1791 769 1902 824 illis
1920 769 2016 841 qui

423 865 566 918 bono
596 861 766 917 odore
793 861 1148 915 moriuntur?
1181 862 1363 928 (Aug.)
1395 860 1465 914 Et
1493 860 1618 930 quis
1646 866 1748 925 est,
1793 859 1873 913 ait
1911 859 2014 913 ali-

423 952 565 1024 quis,
597 963 765 1023 quem
797 949 975 1004 bonus
1004 949 1142 1004 odor
1178 948 1418 1002 occidit?
1461 949 1564 1002 hoc
1597 953 1699 1014 est,
1745 949 1892 1018 quod
1937 949 2018 1003 ait

421 1039 740 1111 Apostolus,
773 1044 830 1092 et
859 1038 928 1091 ad
959 1038 1076 1091 haec
1101 1037 1228 1106 quis
1255 1032 1526 1090 idoneus?
1547 1037 1837 1099 Quomodo
1857 1049 1925 1090 ea
1941 1037 2017 1089 fe-

423 1129 501 1184 cit
527 1129 678 1182 Dens
702 1126 862 1181 miris
891 1123 1093 1190 modis,
1121 1131 1186 1178 ut
1215 1124 1359 1178 bono
1385 1125 1555 1178 odore
1583 1130 1640 1178 et
1670 1124 1799 1178 boni
1829 1126 2017 1179 vivant

423 1224 481 1273 et
495 1217 630 1271 mali
645 1215 960 1270 moriantur
976 1233 987 1266 :
1005 1214 1241 1268 Paulum
1254 1209 1568 1284 apostolum
1581 1213 1721 1267 bene
1733 1220 2012 1283 agentem,

423 1305 566 1360 bene
581 1306 875 1370 viventem,
903 1303 1186 1372 justitiam
1209 1301 1376 1356 verbo
1401 1302 1818 1373 praedicantem,
1851 1315 2018 1372 opere

423 1389 2020 1462 demonistrantem,doctoremmirabilem,ﬁdelemdispen-

423 1490 667 1538 satorem
698 1483 851 1534 fama
891 1491 1292 1550 usquequaque
1332 1476 1752 1544 disseminabat,
1792 1476 2021 1550 quidam

423 1570 752 1642 diligebant,
768 1569 998 1640 quidam
1010 1567 1573 1622 invidebant.Amasti
1587 1567 1726 1622 bene
1739 1573 1996 1638 agentem
2005 1609 2018 1634 ,

2099 510 2210 567 tur,
2234 503 2327 572 qui
2341 502 2444 555 scit
2459 516 2570 554 non
2588 516 2646 552 se
2667 516 2702 552 a
2723 515 2780 552 se
2802 496 3027 560 habere,
3053 494 3150 548 sed
3169 510 3235 546 ex
3257 493 3373 546 Deo
3393 491 3690 561 accepisse,

2099 593 2244 662 quod
2275 591 2412 644 dicit
2447 608 2456 642 :
2498 603 2689 642 coram
2721 588 2836 641 Deo
2868 601 2998 639 vero
3031 583 3282 654 loquitur
3321 580 3416 652 qui
3449 581 3509 634 in
3539 579 3694 633 omni

2099 682 2242 752 quod
2275 680 2428 745 dicit,
2460 693 2572 731 non
2601 677 2876 730 humanos
2897 673 3114 728 favores
3145 669 3378 742 appetit,
3401 668 3498 722 sed
3519 668 3698 722 omni-

2098 769 2343 840 potentis
2369 768 2472 822 Dei
2497 764 2808 838 prsesentite
2836 763 3096 827 intendit,
3129 777 3244 815 non
3269 775 3453 824 suam,
3473 757 3572 812 sed
3600 770 3696 812 au-

2097 859 2266 912 ctoris
2287 857 2524 928 gloriam
2565 854 2820 926 requirit.
2861 852 2968 916 Qui
3001 859 3193 905 autem
3221 849 3326 902 scit
3352 847 3487 918 quid
3515 853 3600 900 est
3629 863 3694 900 ex

2098 948 2213 1000 Deo
2234 963 2293 1000 se
2319 946 2616 1016 accepisse,
2649 943 2798 1014 quod
2827 949 2884 996 et
2913 948 3106 995 tanien
3137 937 3372 992 dicendo
3408 935 3694 1008 propriam

2095 1036 2334 1106 gloriam
2366 1035 2582 1106 quaerit,
2607 1033 2752 1087 sicut
2779 1047 2845 1085 ex
2867 1032 2983 1086 Deo
3012 1029 3280 1100 loquitur,
3320 1027 3419 1080 sed
3459 1041 3572 1078 non
3599 1037 3692 1077 co-

2096 1137 2219 1178 ram
2237 1125 2370 1189 Deo,
2390 1123 2523 1194 quia
2537 1137 2667 1177 eum
2681 1137 2849 1192 quem
2866 1119 3018 1174 cordi
3034 1135 3136 1173 suo
3155 1133 3270 1172 non
3289 1113 3553 1186 proponit
3565 1129 3692 1168 cum

2099 1213 2383 1283 praedicat,
2417 1212 2574 1283 quasi
2606 1211 2893 1266 absentem
2923 1213 3102 1280 putat.
3149 1206 3259 1261 Sed
3288 1201 3467 1258 sancti
3497 1202 3600 1256 viri
3638 1207 3696 1255 et

2099 1317 2166 1355 ex
2193 1302 2308 1356 Deo
2337 1303 2646 1372 loquuntur
2673 1307 2730 1354 et
2765 1315 2952 1354 coram
2990 1297 3126 1362 Deo,
3169 1295 3303 1366 quia
3342 1296 3400 1348 et
3433 1291 3502 1347 ab
3541 1307 3606 1345 eo
3633 1308 3692 1344 se

2101 1391 2286 1444 sciunt
2312 1390 2518 1444 habere
2547 1390 2695 1459 quod
2724 1389 2914 1442 dicant
2935 1393 2992 1442 et
3007 1386 3192 1457 ipsum
3212 1384 3330 1438 suis
3343 1379 3696 1437 sermonibus

2103 1480 2297 1534 adesse
2332 1479 2598 1549 judicem,
2641 1477 3069 1546 auditoremque
3117 1473 3492 1528 considerant.
3537 1469 3695 1524 Unde

2104 1571 2168 1622 lit
2193 1573 2258 1622 ut
2285 1584 2413 1622 cum
2434 1585 2494 1621 se
2521 1585 2556 1621 a
2590 1566 2858 1638 proximis
2887 1564 3096 1635 despici
3123 1565 3452 1632 agnoscunt,
3485 1565 3698 1628 suaque

425 1659 608 1714 vixisti
638 1659 784 1714 bono
819 1658 1008 1722 odore,
1049 1656 1300 1710 invidisti
1336 1655 1476 1710 bene
1513 1657 1723 1726 agenti,
1767 1665 2022 1711 mortuus
2104 1657 2254 1711 dicta
2298 1657 2424 1711 vita
2469 1657 2820 1711 audientium
2866 1669 2980 1708 non
3021 1653 3303 1737 prodesse,
3353 1647 3700 1704 abscondunt

425 1766 486 1804 es
515 1749 658 1803 bono
687 1747 858 1802 odore
882 1765 892 1799 :
926 1761 1052 1800 ecce
1079 1745 1228 1799 unde
1245 1745 1459 1815 gratias
1487 1745 1606 1816 agit
1633 1746 1794 1800 miles
1822 1735 2083 1800 acerri-B
2105 1752 2328 1816 quantae
2355 1745 2589 1799 virtutes
2613 1751 2764 1812 sunt,
2798 1759 2870 1798 ne
2896 1741 2944 1797 si
2965 1735 3242 1796 secretum
3271 1738 3455 1794 cordis
3490 1735 3702 1790 inutili-

427 1848 574 1904 mus,
611 1841 669 1890 et
709 1835 970 1889 defensor
1005 1834 1405 1888 invictissimus
1432 1835 1648 1904 gratiae.
1698 1835 1834 1888 Ecce
1875 1835 2022 1889 unde
2105 1841 2192 1889 ter
2215 1851 2400 1888 sermo
2424 1835 2675 1906 prolatus
2702 1833 2937 1905 aperiat,
2973 1831 3044 1886 ad
3075 1831 3302 1884 inanem
3315 1827 3556 1899 gloriam
3577 1841 3703 1896 pro-

426 1926 639 1998 gratias
662 1924 796 1994 agit,
830 1924 963 1994 quia
991 1922 1199 1978 Christi
1229 1922 1404 1976 bonus
1443 1923 1580 1977 odor
1616 1929 1750 1977 sunt
1786 1924 2023 1995 apostoli

429 2017 564 2080 Deo,
597 2015 654 2068 et
673 2013 732 2067 in
761 2013 849 2067 his
867 2013 963 2084 qui
985 2012 1122 2066 salvi
1141 2013 1285 2066 fiunt
1303 2012 1490 2081 gratia
1509 2013 1558 2082 ej
1567 2026 1649 2078 us,
1675 2019 1731 2066 et
1748 2013 1809 2066 in
1824 2010 1912 2066 his
1929 2013 2022 2083 qui

428 2109 669 2175 pereunt
687 2100 900 2172 judicio
928 2101 1069 2170 ejus.
1103 2100 1213 2155 Sed
1229 2099 1294 2154 ut
1307 2101 1494 2154 minus
1513 2108 1906 2156 succenseatur
1922 2103 2026 2156 hoc

429 2203 630 2264 parum
649 2189 1112 2261 intelligentibus,
1136 2190 1256 2261 ipse
1283 2191 1550 2244 admonet
1570 2197 1628 2244 et
1655 2191 1791 2244 dicit
1821 2209 1831 2242 :

503 2279 572 2336 Et
589 2282 663 2334 ad
675 2281 783 2334 haec
800 2282 925 2347 quis
937 2267 1060 2332 tam
1081 2279 1306 2332 idoneus
1324 2279 1353 2331 9
1373 2293 1486 2332 non
1506 2282 1655 2332 enim
1677 2294 1868 2332 sumus
1887 2283 2028 2332 sicut

427 2373 671 2440 plarimi
697 2370 1070 2422 adulterantes
1099 2368 1324 2421 verbum
1353 2369 1469 2432 Dei,
1497 2369 1586 2420 sed
1622 2381 1686 2420 ar
1715 2371 2028 2420 sinceritate

431 2461 574 2512 sicut
604 2474 668 2511 em
685 2459 807 2522 Deo,
824 2472 1009 2510 coram
1023 2458 1144 2519 Deo,
1170 2459 1234 2509 in
1253 2455 1466 2509 Christo
1488 2457 1791 2524 loquimur.
1817 2455 2024 2523 (Amb)

433 2545 934 2615 Pseudoapostolos
944 2543 1128 2614 tangit
1138 2544 1229 2597 hic
1243 2559 1433 2598 versus
1448 2544 1545 2614 qui
1556 2553 1718 2598 corru
1724 2551 1820 2614 pta
1829 2543 2030 2598 doctri-

435 2651 511 2688 na
536 2633 704 2687 verba
731 2633 832 2686 Dei
863 2649 965 2702 per
1005 2633 1213 2686 malam
1245 2632 1766 2702 interpretationem
1807 2633 2027 2687 adulte-

429 2722 652 2788 rabant,
691 2722 952 2775 tollentes
979 2721 1230 2774 divinum
1258 2737 1484 2774 sensum
1514 2721 1797 2792 ponebant
1826 2722 2026 2776 huma-

433 2825 603 2878 num;
627 2823 694 2864 ex
713 2809 914 2880 quibus
943 2810 1170 2879 quidam
1201 2809 1380 2862 zelum
1411 2809 1679 2864 habentes
1709 2810 2027 2865 traditionis

433 2899 697 2962 Iudaicae,
731 2915 834 2952 nec
861 2899 930 2952 de
961 2898 1182 2952 Christo
1211 2897 1350 2952 bene
1379 2896 1670 2965 docebant,
1694 2899 1820 2953 ideo
1841 2899 2028 2954 minus

433 2989 663 3043 idoneos
691 2989 794 3042 hos
821 2986 960 3041 dicit
985 3005 996 3039 :
1029 2987 1309 3058 apostolos
1336 2994 1527 3040 autem
1565 2986 1857 3042 sinceriter
1883 2999 2026 3059 pra;-

2105 1928 2349 1995 rumpat.

2724 1993 2956 2048 CAPUT
2986 1993 3064 2046 ΙΙΙ
3075 2029 3086 2043 .

2110 2068 2350 2122 Ostendit
2380 2065 2662 2134 Apostolus
2711 2083 2763 2118 sc
2799 2063 3266 2134 commendatione
3294 2059 3563 2134 hominis
3593 2071 3703 2134 non

2179 2154 2345 2206 egere,
2397 2129 2494 2190 nec
2532 2154 2648 2190 eam
2709 2147 2968 2204 qua-rere.
3018 2129 3369 2206 Commendat
3417 2129 3702 2206 ministros

2183 2200 2388 2262 Christi
2417 2209 2661 2262 Ecclesia:
2693 2200 2969 2276 quantum
2995 2206 3068 2258 ad
3098 2205 3269 2270 ofﬁcii
3295 2203 3624 2269 dignitatem
3655 2200 3702 2250 et

2181 2281 2510 2346 cognitionis
2542 2282 2935 2332 cmcettentiam.

2180 2369 2486 2436 Incipimus
2498 2371 2703 2420 iterum
2721 2369 3066 2434 nosmetipsos
3079 2362 3473 2418 commendare.
3493 2357 3702 2426 (Δηὼ.)

2108 2455 2386 2520 Quoniam
2415 2455 2910 2526 pseudoapostolos
2937 2459 3116 2517 notat,
3145 2467 3317 2522 prava
3343 2464 3539 2504 eorum
3557 2463 3706 2501 com-

2111 2545 2376 2599 mendata
2403 2545 2722 2614 designans,
2753 2560 2814 2598 se
2841 2547 3032 2596 autem
3058 2555 3253 2594 verum
3281 2537 3702 2610 praedicatorem

2109 2639 2368 2697 testatur,
2413 2634 2633 2688 videtur
2670 2634 2875 2688 iterum
2911 2630 3304 2686 commendare
3341 2645 3421 2694 se,
3461 2626 3606 2680 sicut
3645 2625 3704 2678 in

2109 2723 2295 2794 prima
2314 2716 2579 2793 Epistola,
2611 2729 2669 2778 et
2697 2737 2767 2776 ne
2801 2723 2906 2776 hoc
2933 2722 3178 2776 versutia
3207 2719 3395 2790 aliqua
3419 2713 3706 2771 terrestris

2109 2812 2246 2866 lucri
2275 2813 2461 2882 gratia
2478 2813 2658 2866 facere
2689 2811 2990 2878 videretur,
3021 2809 3229 2880 adjecit
3259 2827 3269 2860 :
3301 2806 3572 2874 Nunquid
3585 2821 3706 2872 ege-

2110 2916 2253 2966 mus,
2284 2906 2427 2955 sicut
2453 2903 2702 2968 quidam,
2725 2901 3186 2954 continendatitiis
3218 2899 3475 2966 Epistolis
3502 2896 3576 2948 ad
3593 2909 3702 2954 eos,

2108 2996 2208 3043 aut
2238 3005 2301 3043 ex
2327 2991 2492 3043 vobis.
2514 2991 2643 3042 llaec
2660 2989 2848 3042 dicens
2867 2991 2925 3042 et
2950 3001 3116 3042 suum
3135 3002 3360 3042 sensum
3394 2985 3615 3054 purgat,
3651 2989 3708 3035 et

431 3077 665 3142 dicasse,
697 3077 844 3130 sicut
870 3092 936 3129 ex
974 3077 1088 3129 Deo
1118 3075 1314 3129 datum
1342 3083 1444 3143 est,
1469 3082 1600 3130 ante
1621 3075 1820 3142 Deum,
1839 3078 1896 3130 id
1915 3084 2019 3144 est,
2047 3061 2087 3116 C
2109 3079 2292 3132 adhuc
2333 3076 2824 3149 pseudoapostolos
2852 3083 3028 3142 notat,
3063 3089 3202 3146 quos
3232 3072 3444 3146 prOprii
3478 3071 3708 3126 honoris

433 3165 714 3236 quomodo
733 3165 882 3220 Deus
897 3165 1070 3229 dedit,
1086 3164 1207 3235 ipso
1222 3170 1384 3230 teste,
1407 3165 1465 3218 in
1487 3164 1710 3219 Christo
1727 3166 2027 3236 loqueban—
2109 3174 2165 3221 et
2194 3173 2438 3237 quaestus
2467 3181 2636 3222 causa
2661 3166 2897 3222 circuire
2921 3165 3181 3220 ecclesias
3207 3162 3427 3234 probat,
3459 3162 3530 3215 ad
3555 3161 3710 3214 aufe-

432 3261 545 3320 tur,
579 3267 691 3308 non
721 3269 882 3307 suam
911 3260 1224 3324 quaerentes
1242 3254 1501 3323 gloriam,
1526 3255 1620 3308 sed
1642 3255 1762 3308 Dei.
1797 3256 1914 3310 Hoc
1943 3263 2028 3310 est
2107 3257 2360 3321 rendam,
2390 3273 2501 3310 non
2526 3257 2596 3310 ad
2625 3252 2982 3310 tribuendam
3015 3256 3274 3309 salutem.
3310 3252 3385 3307 Ex
3425 3247 3514 3306 his
3543 3249 3708 3304 erant

431 3342 491 3396 in
521 3341 744 3397 Christo
770 3341 922 3412 loqui
951 3341 1073 3411 ejus
1093 3342 1381 3407 honorem,
1407 3347 1464 3395 et
1490 3343 1801 3412 potentiam
1831 3343 2026 3414 pnedi-
2108 3345 2310 3415 quibus
2335 3345 2472 3400 dicit
2495 3345 2767 3400 Dominus
2799 3361 2810 3398 :
2847 3346 3135 3400 Uomettitis
3171 3345 3364 3397 domus
3400 3343 3707 3396 viduarum

429 3438 577 3497 care,
611 3431 808 3497 (Πίον.)
851 3422 986 3500 quia
1024 3429 1248 3483 difﬁcile
1290 3430 1494 3499 dignus
1535 3447 1714 3501 praeco
1754 3432 2025 3486 virtutum

429 3519 638 3574 Christi
664 3519 903 3574 inveniri
923 3523 1125 3590 potest,
1151 3519 1244 3589 qui
1267 3519 1325 3572 in
1357 3519 1758 3574 annuntiandis
1777 3520 1886 3574 illis
1912 3537 2026 3575 non

422 3625 592 3663 suam
621 3613 838 3680 quaerat
847 3607 1088 3678 gloriam
1103 3615 1121 3637 ⁸
1143 3625 1312 3678 quem
1332 3609 1626 3678 praedicat;
1654 3609 1711 3662 in
1743 3626 1808 3662 eo
1829 3617 2032 3687 autem

430 3698 579 3768 quod
610 3703 780 3768 negat
804 3709 916 3750 non
943 3713 1002 3750 se
1031 3713 1172 3762 esse,
1194 3696 1339 3751 sicut
1367 3697 1593 3763 multos,
1615 3698 1712 3768 qui
1736 3698 2023 3753 venditant

429 3785 660 3842 verbum
687 3787 810 3851 Dei,
845 3785 1097 3840 ostendit
1116 3800 1237 3840 esse
1266 3787 1708 3858 quamplurimos
1738 3787 1832 3857 qui
1851 3803 2024 3858 quatas

426 3880 552 3930 tum
577 3881 780 3946 putant
807 3891 927 3929 esse
955 3875 1242 3944 pietatem,
1263 3875 1441 3945 turpis
1467 3875 1607 3928 lucri
1623 3876 1809 3946 gratia
1835 3877 2026 3931 omnia

427 3963 656 4028 faciunt,
680 3963 777 4033 qui
805 3964 1074 4016 devorant
1089 3963 1290 4017 domus
1318 3963 1630 4028 viduarum,
1665 3981 1724 4018 se
1749 3970 1939 4018 autem
1960 3977 2025 4020 ex

427 4051 748 4106 sinceritate
778 4051 938 4122 quasi
967 4052 1200 4105 missum
1227 4069 1263 4106 a
1289 4053 1423 4116 Deo,
1447 4059 1504 4106 et
1531 4059 1804 4123 praesente
1835 4070 1899 4107 eo
1927 4055 2022 4126 qui

427 4147 488 4193 se
515 4139 736 4194 miserit
763 4139 952 4194 omnia
970 4139 1030 4193 in
1057 4139 1299 4204 Christo,
1324 4146 1380 4193 et
1399 4155 1499 4211 pro
1517 4141 1738 4196 Christo
1765 4143 1936 4212 loqui,
1957 4149 2023 4198 ut

427 4243 596 4283 causa
626 4227 1037 4300 praedicationis
1064 4227 1166 4282 Dei
1195 4229 1516 4300 triumphus
1551 4229 1758 4284 Christi
1789 4231 2022 4302 ejusque

423 4318 498 4374 sit
521 4317 722 4389 gloria.
757 4318 827 4372 Et
851 4317 1163 4372 notandum
1193 4317 1342 4388 quod
1371 4319 1704 4388 mysterium
1731 4319 2022 4375 Trinitatis

2107 3439 2156 3486 et
2165 3431 2532 3502 pupillorum,
2557 3439 2804 3488 oratione
2826 3438 2990 3501 longa
3006 3438 3242 3497 orantes,
3259 3437 3544 3500 propterea
3559 3433 3706 3483 ccci-

2102 3525 2263 3592 pictis
2285 3527 2467 3591 majus
2476 3519 2762 3591 judicium
2781 3524 2996 3584 (Matth.
3030 3525 3206 3589 xxtn),
3237 3521 3327 3578 hic
3355 3515 3504 3574 enim
3527 3527 3585 3572 et
3614 3531 3705 3572 res

2106 3626 2302 3666 eorum
2332 3625 2443 3664 non
2482 3611 2768 3681 tangebat,
2811 3618 2869 3664 et
2907 3613 3142 3665 veritate
3180 3609 3446 3664 doctrina:
3484 3609 3703 3670 animas

2105 3713 2299 3754 eorum
2313 3699 2590 3766 salvabat;
2605 3715 2718 3754 non
2733 3714 2866 3770 ergo
2875 3700 3232 3764 scandaliter,
3253 3699 3350 3753 sed
3371 3694 3704 3769 spiritaliter

2106 3806 2166 3842 se
2201 3789 2632 3844 commendabat
2666 3785 2737 3843 ad
2774 3789 3084 3860 profectum
3113 3789 3314 3844 salutis
3356 3784 3604 3851 illorum,
3639 3791 3702 3840 ut

2107 3879 2212 3933 hoc
2259 3879 2330 3932 de
2376 3879 2474 3933 illo
2519 3879 2830 3942 crederent,
2877 3879 3025 3950 quod
3062 3884 3185 3932 erat
3233 3897 3242 3930 :
3298 3877 3432 3948 quia
3485 3876 3580 3946 qui
3633 3869 3704 3929 de

2105 3967 2250 4022 bono
2280 3967 2426 4022 male
2451 3969 2624 4022 sentit
2651 3969 2860 4038 peccat,
2903 3980 2968 4022 ac
3003 3979 3104 4038 per
3149 3968 3257 4020 hoc
3289 3963 3706 4020 commendatio

2105 4057 2221 4111 haec
2247 4057 2372 4110 istis
2408 4057 2588 4127 magis
2626 4057 2864 4128 prolicit.
2906 4059 3150 4126 Epistula
3192 4063 3382 4111 nostm
3427 4069 3515 4108 vos
3553 4058 3696 4118 estis,

2102 4149 2308 4214 scripta
2337 4149 2400 4200 in
2430 4141 2684 4200 cordibus
2704 4149 2925 4200 nostris.
2949 4143 3199 4217 Epistula
3212 4145 3410 4200 salutis
3429 4143 3704 4198 indicium

2105 4241 2206 4300 est,
2239 4241 2388 4288 recte
2417 4249 2550 4305 ergo
2577 4234 2658 4288 ait
2685 4233 2818 4304 quia
2833 4235 2984 4289 salus
3015 4229 3435 4289 Corinthiorum
3455 4234 3515 4287 in
3535 4233 3705 4286 corde

2105 4329 2228 4376 erat
2253 4322 2492 4394 apostoli
2519 4325 2577 4377 et
2597 4335 2794 4378 eorum
2824 4322 2920 4395 qui
2949 4337 3078 4378 cum
3106 4323 3205 4378 illo
3245 4327 3437 4387 erant;
3479 4331 3706 4392 semper

423 4407 485 4462 in
515 4407 685 4478 hujus
713 4405 946 4478 capituli
985 4407 1095 4461 line
1134 4411 1496 4460 monstretur.
1533 4407 1610 4462 Ex
1638 4409 1754 4461 Deo
1785 4409 1936 4462 enim
1963 4410 2083 4480 inD
2106 4413 2256 4466 enim
2279 4413 2349 4466 de
2370 4413 2553 4466 salute
2574 4427 2770 4466 eorum
2791 4411 3090 4483 cogitabat.
3125 4413 3266 4467 Cum
3286 4425 3420 4481 ergo
3446 4405 3504 4464 in
3534 4411 3704 4466 corde

425 4496 639 4567 Spiritu
665 4503 878 4561 sancto,
909 4512 1098 4550 coram
1127 4496 1242 4552 Deo
1281 4495 1449 4549 Patre
1480 4495 1540 4550 in
1579 4496 1800 4550 Christo
1839 4498 2020 4568 loqui-

425 4599 571 4639 mur.
609 4585 805 4653 (ὦτα.)
838 4585 1074 4639 Adulter
1107 4585 1312 4656 quippe
1351 4585 1409 4639 in
1445 4585 1657 4639 carnali
1694 4585 1863 4652 coitu,
1907 4603 2020 4640 non

425 4673 600 4742 prole,
619 4672 718 4728 sed
731 4673 1016 4743 voluptate
1033 4680 1278 4741 tenetur,
1309 4680 1366 4728 et
1390 4687 1682 4744 perversus
1698 4674 1933 4745 quisque
1955 4690 2019 4730 ac

425 4776 578 4814 vana
613 4761 807 4830 gloria:
841 4762 1086 4816 serviens
1113 4769 1264 4816 recte
1298 4763 1608 4817 adulterari
1645 4764 1874 4817 verbum
1916 4765 2017 4818 Dei

422 4847 646 4914 dicitur,
677 4849 811 4919 quia
830 4865 929 4919 per
957 4865 1178 4904 sacrum
1207 4851 1494 4922 eloquium
1515 4869 1625 4906 non
1646 4853 1762 4906 Deo
1779 4853 1921 4906 ﬁlios
1936 4853 2018 4923 gi-

419 4953 612 5008 gnere,
668 4938 766 4991 sed
815 4954 976 4991 suam
1023 4939 1313 4992 scientiam
1363 4940 1645 4996 desiderat
1699 4942 2010 4996 ostendere.

421 5027 601 5091 Quem
633 5027 784 5080 enim
813 5026 985 5080 libido
1014 5027 1206 5097 gloriae
1236 5029 1307 5082 ad
1327 5029 1668 5099 loquendum
1693 5031 1886 5096 trahit,
1919 5045 2015 5083 vo-

420 5115 622 5186 luptati
651 5115 850 5185 magis,
882 5131 1052 5186 quam
1081 5102 1431 5185 generationi
1461 5135 1690 5190 operam
1720 5119 2014 5189 impendit.

419 5203 751 5258 Adulterare
779 5221 1023 5275 namque
1055 5211 1140 5258 est
1165 5205 1395 5260 verbum
1426 5207 1546 5273 Dei,
1580 5215 1679 5262 aut
1705 5209 1870 5262 aliter
1897 5225 2020 5262 sen-

418 5291 525 5344 tire
553 5291 622 5344 de
650 5293 764 5356 illo,
797 5309 966 5364 quam
997 5301 1100 5360 est,
1126 5301 1224 5348 aut
1243 5311 1307 5348 ex
1337 5313 1402 5349 eo
1434 5312 1546 5349 non
1583 5297 1865 5366 spiritales
1895 5297 2013 5352 fru-

2103 4507 2236 4555 sunt
2251 4501 2486 4571 apostoli
2508 4506 2565 4555 et
2581 4513 2774 4554 eorum
2795 4495 2892 4572 qui
2921 4515 3049 4556 cum
3081 4499 3203 4572 ipso
3233 4503 3413 4565 erant,
3451 4500 3702 4570 Epistula

2101 4596 2233 4644 sunt
2249 4590 2457 4660 scripta
2468 4590 2526 4644 in
2540 4587 2800 4644 cordibus
2814 4601 3029 4656 eorum,
3044 4591 3178 4661 quia
3188 4590 3283 4662 qui
3297 4603 3522 4660 semper
3530 4584 3706 4643 alicu-

2095 4679 2190 4749 jus
2204 4691 2422 4732 memor
2441 4684 2544 4745 est,
2571 4679 2812 4750 scriptus
2830 4679 2992 4734 estin
3009 4679 3200 4734 animo
3221 4679 3363 4749 ejus.
3381 4677 3506 4745 Qua!
3524 4681 3706 4732 scitur

2100 4775 2146 4822 et
2161 4771 2364 4836 tegitur
2374 4769 2441 4820 ab
2453 4769 2706 4821 omnibus
2717 4769 3034 4823 hominibus
3047 4788 3062 4822 :
3077 4771 3423 4836 manifestuti
3433 4770 3701 4835 quoniam

2099 4858 2338 4925 Epistula
2357 4860 2484 4910 estis
2500 4857 2706 4912 Christi
2723 4861 3050 4912 ministrata
3065 4873 3100 4911 a
3123 4859 3294 4912 nobis.
3318 4859 3591 4927 Apertum
3615 4859 3701 4909 est

2099 4945 2195 5015 qui
2222 4960 2350 4999 cum
2378 4945 2642 4999 dicuntur
2672 4945 2996 5011 Christiani,
3029 4945 3279 5017 Epistula
3307 4945 3516 4999 Christi
3544 4949 3700 5010 sunt,

2099 5034 2411 5088 indicantes
2439 5035 2678 5088 salutem
2709 5043 2878 5106 quam
2900 5036 3058 5090 dedit
3076 5037 3226 5090 Deus
3253 5035 3312 5088 in
3339 5033 3560 5090 Christo
3583 5043 3706 5086 om.

2099 5121 2264 5176 nibus
2294 5121 2632 5188 hominibus,
2663 5123 3035 5180 scribentibus
3053 5123 3322 5196 apostolis
3346 5141 3357 5176 :
3381 5123 3515 5176 dum
3547 5121 3706 5176 enim

2101 5210 2320 5277 docent,
2351 5210 2620 5264 scribunt.
2643 5211 2713 5266 Et
2736 5215 2943 5280 scripta
2963 5227 3074 5266 non
3103 5217 3436 5275 atramento,
3461 5212 3553 5264 sed
3579 5213 3701 5279 spi-

2097 5303 2212 5354 ritu
2242 5302 2340 5354 Dei
2367 5304 2498 5354 rivi.
2536 5299 2812 5363 Quoniam
2858 5316 2980 5372 quas
3023 5300 3299 5372 promissa
3328 5307 3462 5354 sunt
3487 5303 3704 5354 aeterna

417 5387 557 5445 ctus,
583 5380 678 5434 sed
702 5381 1046 5436 adulterinos
1066 5384 1211 5436 fetus
1243 5400 1490 5453 quaerere
1516 5385 1699 5439 laudis
1730 5387 2007 5450 humanae,
2095 5396 2244 5454 sunt,
2277 5389 2481 5443 idcirco
2511 5391 2627 5442 Deo
2647 5389 2850 5459 spiritu
2879 5390 3089 5460 scripta
3116 5385 3400 5456 dicuntur,
3436 5388 3532 5458 qui
3553 5399 3704 5442 sem—

417 5485 481 5521 ex
513 5467 835 5524 sinceritate
863 5485 990 5524 vero
1019 5471 1172 5542 loqui
1212 5477 1296 5526 est
1335 5473 1475 5527 nihil
1514 5475 1571 5527 in
1603 5475 1825 5546 eloquio
1856 5484 2012 5530 extra
2094 5478 3364 5550 perest,temporaliaautematramento,quod
3379 5476 3698 5538 obsolescit,

451 5593 454 5597 ‘
486 5579 612 5638 ‘Hic
639 5579 832 5638 deesse
861 5582 1081 5641 videtur
1109 5579 1423 5643 membrum
1447 5589 1671 5658 phrasis
1692 5589 2016 5660 hujusmodi
2050 5611 2060 5646 :
2095 5595 2282 5649 Potius
2311 5607 2483 5662 quam
2510 5597 2756 5662 gloriam
2785 5598 2970 5664 ejus...
3005 5593 3156 5650 Ebrr.
