4034 6162
355 319 434 375 173

756 310 1332 380 ENARRATIONUM
1370 318 1445 380 IN
1486 324 1636 382 EPP.
1684 324 1893 382 PAULI
1934 326 2067 383 LIB.
2112 326 2231 382 x11.
2270 359 2331 368 —
2366 329 2440 382 1N
2482 328 2701 381 EPIST.
2746 328 2793 381 11
2835 328 2929 381 AD
2970 327 3130 380 con.

3480 329 3575 383 174

349 454 392 502 et
417 446 577 519 perdit
603 448 957 501 memoriam.
983 451 1101 503 Non
1125 453 1187 503 in
1218 450 1419 505 tabulis
1450 455 1694 521 lapideis,
1719 456 1809 505 sed
1840 457 1897 506 in
1915 456 1964 513 A
1988 468 2156 523 quam
2189 453 2328 522 legis
2356 453 2530 522 Moysi
2558 453 2840 522 :quamvis
2870 453 3022 505 enim
3038 454 3106 505 ad
3125 454 3229 506 hoc
3242 454 3377 508 data
3389 452 3465 507 sit
3490 455 3576 507 lex

347 538 519 591 tabulis
532 534 705 590 cordis
718 536 1227 593 carnalibus.Nunc
1242 540 1423 609 legem
1440 545 1683 595 veterem
1695 544 1897 611 pulsat.

344 638 445 696 quae
472 617 705 695 primum
736 622 871 679 data
896 625 955 679 in
982 625 1214 698 lapideis
1230 629 1437 682 tabulis
1454 627 1663 683 abolita
1678 635 1780 695 est,
1796 630 1903 683 fra-

340 714 425 768 ctis
450 709 642 767 tabulis
668 712 772 767 sub
800 720 991 769 monte
1022 732 1055 769 a
1083 714 1306 787 Moyse:
1342 732 1483 772 nova
1511 724 1701 772 autem
1729 720 1814 772 lex
1842 720 1900 774 in

336 803 498 856 animo
524 798 801 869 scribitur,
834 803 938 857 hoc
966 808 1050 858 est
1062 806 1119 859 in
1141 806 1325 867 corde,
1342 822 1452 860 non
1484 824 1583 877 per
1597 809 1895 873 calamUm,

335 884 413 945 sed
442 906 532 961 per
546 888 817 961 Spiritum
842 911 853 944 :
890 892 1022 963 quia
1042 894 1179 948 fides
1208 900 1418 949 interna
1447 910 1535 950 res
1552 901 1656 959 est,
1692 897 1761 950 ab
1780 898 1898 967 Spi-

332 980 426 1033 ritu
453 977 708 1034 scribitur
731 985 797 1035 ut
838 984 1066 1036 maneat
1100 1001 1111 1034 :
1160 986 1349 1038 vetem
1378 988 1567 1039 autem
1598 992 1891 1057 praecepta,

328 1068 592 1122 deﬁciente
621 1066 851 1135 mundo,
885 1068 1198 1125 cessabunt.
1228 1073 1519 1137 Quomodo
1550 1091 1682 1143 ergo
1710 1075 1897 1129 dilfert

327 1156 397 1209 lex
424 1174 453 1210 a
481 1152 619 1226 lege,
652 1156 733 1211 ita
763 1154 1030 1214 ditierunt
1061 1158 1476 1231 dispensatores
1503 1163 1655 1217 illius
1694 1164 1832 1231 legis
1862 1178 1896 1217 a

324 1244 777 1316 diSpensatoribus
808 1244 950 1318 legis
970 1246 1120 1303 fidei.

381 1335 653 1390 Fiduciam
678 1342 862 1391 autem
902 1340 1065 1392 tatem
1094 1336 1353 1393 habemus
1382 1356 1480 1409 per
1512 1342 1793 1395 Christum
1822 1344 1894 1396 ad

322 1427 487 1477 Deum.
519 1424 744 1489 Quanta
772 1421 1017 1496 dignitas
1058 1427 1130 1482 sit
1176 1427 1236 1482 in'
1271 1430 1537 1499 apostolis
1572 1430 1893 1485 manifestat

317 1528 426 1567 cam
441 1513 569 1567 dicit
590 1533 600 1565 :
628 1512 919 1568 Fiduciam
938 1520 1124 1570 autem
1149 1521 1312 1572 talem
1332 1518 1589 1573 habemus
1598 1536 1697 1588 per
1711 1521 1893 1574 Chris-

319 1609 417 1654 tum
435 1604 504 1655 ad
522 1603 715 1667 Deum,
740 1612 804 1657 ut
822 1603 1084 1659 ostendat
1104 1612 1318 1661 veteres
1340 1620 1451 1661 non
1471 1609 1614 1662 hanc
1633 1606 1891 1663 habuisse

315 1688 549 1744 ﬁduciam
585 1692 659 1745 ad
690 1685 891 1757 Deum,
929 1694 1061 1764 quia
1099 1693 1284 1749 minor
1320 1696 1427 1750 fuit
1453 1696 1887 1752 administratio.

1986 542 2161 613 Moysi
2190 548 2253 595 ut
2283 541 2589 612 prodesset,
2624 548 2945 611 contempta
2969 548 3181 607 tamen,
3212 542 3358 596 facta
3386 548 3472 596 est
3490 543 3578 597 lex

1986 631 2200 691 mortis,
2218 646 2350 698 ergo
2368 630 2502 699 quia
2516 630 2901 699 peccatoribus
2916 631 3207 700 providere
3218 647 3331 686 non
3353 631 3539 702 potuit
3557 651 3569 697 ;

1984 720 2070 771 lex
2101 718 2249 783 fidei,
2285 734 2406 788 quae
2456 719 2557 771 hos
2614 719 2853 772 salvaret
2895 734 3008 772 non
3046 720 3227 773 solum
3258 720 3571 790 ignoscens,

1982 808 2078 859 sed
2110 806 2167 860 et
2186 806 2501 875 justilicans
2523 823 2635 872 eos,
2670 807 2803 860 data
2832 812 2934 860 est.
2955 808 3194 862 Multum
3207 822 3341 879 ergo
3356 815 3479 864 erat
3493 810 3576 865 in-

1980 901 2067 948 ter
2094 892 2275 964 legem
2307 902 2363 948 et
2389 896 2569 963 legem
2589 912 2599 948 :
2621 902 2757 949 tunc
2777 896 2927 949 enim
2941 897 3202 951 maculati
3218 904 3444 968 peccato
3459 899 3576 954 vul-

1979 990 2099 1037 tum
2114 982 2290 1055 Moysi
2306 984 2694 1038 descendentis
2706 984 2776 1037 de
2791 991 2982 1039 monte
2996 998 3124 1039 cum
3139 986 3262 1055 lege
3278 988 3573 1058 acceptam

1978 1073 2185 1126 tabulis
2206 1073 2415 1127 intueri
2432 1089 2546 1126 non
2565 1079 2828 1143 poterant
2845 1075 3035 1139 (Exod.
3067 1080 3279 1142 xxxrv),
3313 1076 3573 1146 quiaglo-

1977 1162 2127 1215 riosa
2155 1162 2302 1215 facta
2328 1168 2451 1215 erat
2477 1161 2646 1215 facies
2664 1163 2806 1232 ejus,
2842 1179 2912 1216 ne
2938 1174 2973 1215 a
2988 1162 3371 1233 peccatoribus
3385 1171 3576 1235 posset

1978 1251 2168 1321 aspici,
2190 1251 2323 1320 quia
2352 1251 2508 1320 digni
2524 1256 2687 1304 erant
2706 1257 2914 1317 morte;
2948 1268 3070 1322 quae
3085 1269 3234 1306 nunc
3251 1252 3431 1321 gloria
3446 1269 3570 1307 eva-

1975 1347 2175 1394 cuatur
2202 1354 2302 1410 per
2338 1341 2520 1409 legem
2553 1340 2814 1409 Spiritus,
2839 1356 2967 1394 cum
2998 1347 3226 1411 accepta
3239 1341 3569 1397 remissione

1976 1435 2351 1498 peccatorum,
2384 1427 2513 1482 facti
2552 1430 2711 1498 justi,
2745 1428 2898 1498 digni
2933 1438 3066 1483 sunt
3093 1429 3340 1500 aspicere
3375 1436 3433 1485 et
3448 1445 3571 1502 pos-

1975 1525 2108 1571 sunt
2133 1517 2372 1588 gloriam
2404 1517 2505 1571 Dei
2532 1517 2678 1571 sicut
2695 1518 2957 1571 viderunt
2983 1518 3043 1571 in
3069 1526 3261 1573 monte
3279 1520 3497 1586 Petrus,
3512 1528 3571 1576 et

1975 1607 2498 1671 Joannes,etJacob,
2511 1607 2750 1676 gloriam
2764 1605 3188 1673 Christi(.llatth.
3206 1612 3360 1674 xvn).
3380 1609 3565 1677 (τινα.)

1976 1696 2088 1749 συν
2122 1696 2460 1750 ministratio
2488 1695 2685 1749 mortis
2705 1695 2911 1749 dicitur
2937 1695 2985 1749 si
3004 1694 3152 1750 bona
3184 1702 3270 1751 est
3297 1697 3402 1761 lex,
3437 1698 3571 1768 quia

310 1779 413 1832 .Yon
444 1779 580 1847 quod
598 1782 932 1847 sufﬁcientes
959 1787 1134 1837 simus
1156 1787 1392 1853 cogitare.
1420 1788 1638 1854 aliquid
1655 1802 1689 1840 a
1712 1790 1879 1852 nobis,
1906 1776 1953 1835 B
1970 1791 2251 1853 peccatum
2274 1788 2336 1838 ut
2360 1790 2623 1853 appareat
2650 1790 2929 1853 peccatum
2946 1798 3044 1852 per
3061 1786 3261 1839 bonum
3293 1787 3435 1839 mihi
3453 1801 3570 1856 ope-

307 1881 443 1935 quau
473 1880 507 1921 α
535 1866 709 1935 nobis,
744 1870 835 1923 sed
864 1872 1199 1938 sufﬁcientia
1234 1876 1422 1927 nostra
1451 1890 1514 1928 ea:
1544 1875 1645 1929 Deo
1671 1876 1763 1940 est,
1791 1880 1891 1946 qui

305 1961 347 2008 et
372 1955 577 2011 idoneos
600 1972 700 2011 nos
722 1960 853 2025 fecit
867 1963 1151 2015 ministros
1171 1962 1310 2016 Novi
1326 1968 1654 2031 testamenti,
1675 1978 1783 2018 non
1801 1968 1890 2019 lit-

306 2052 404 2097 tera
431 2044 516 2098 sed
541 2048 751 2115 spiritu
779 2066 789 2099 :
827 2049 1014 2101 littera
1036 2053 1182 2102 enim
1213 2051 1421 2115 occidit,
1448 2055 1679 2121 spiritus
1701 2058 1887 2107 autem

303 2135 541 2200 tiri/teat.
567 2132 840 2199 Quamvis
867 2136 1126 2207 praeferat
1145 2137 1506 2208 apostolicam
1527 2141 1881 2211 dignitatem,

297 2222 345 2274 in
373 2220 467 2276 Dei
490 2228 689 2277 tamen
721 2222 916 2279 laudes
962 2227 1296 2297 prorumpit,
1334 2244 1443 2283 non
1485 2230 1633 2284 istud
1667 2231 1884 2285 meritis

293 2311 537 2365 humanis
568 2311 881 2375 ascribens,
913 2312 1011 2368 sed
1034 2317 1155 2386 ejus
1185 2317 1381 2386 gratiae
1403 2319 1496 2388 qui
1525 2318 1788 2388 dignatus
1800 2324 1884 2374 est

292 2415 380 2468 pro
394 2394 503 2453 vita
531 2399 785 2455 humana
806 2398 1115 2457 salutarem
1136 2405 1585 2475 prmdicationem
1600 2409 1878 2473 ordinare,

287 2503 571 2559 quan-quos
600 2488 693 2544 lex
711 2497 872 2545 vetus
901 2508 1027 2547 reos
1054 2492 1301 2559 tenebat,
1340 2495 1597 2559 salvaret,
1630 2498 1761 2551 data
1790 2512 1881 2551 re-

286 2577 536 2631 missione
567 2584 931 2650 peccatorum
972 2597 1072 2653 per
1113 2581 1402 2638 Christum
1442 2582 1749 2639 Dominum
1787 2602 1883 2639 no-

287 2668 473 2719 stram.
491 2667 727 2723 Littera:
744 2668 897 2724 enim
911 2670 980 2724 ad
999 2669 1100 2725 hoc
1121 2670 1264 2727 datae
1294 2678 1427 2727 sunt
1445 2672 1644 2745 Moysi,
1664 2678 1727 2728 ut
1756 2688 1881 2728 con-

285 2759 593 2811 temnentes
634 2754 818 2827 legem
843 2758 1136 2827 occideret,
1169 2763 1475 2816 secundum
1502 2764 1596 2833 jus
1620 2772 1834 2818 naturae
1863 2783 1875 2830 ;

280 2843 514 2913 Spiritus
546 2848 766 2913 autem,
803 2848 857 2901 id
889 2856 992 2916 est,
1026 2849 1112 2903 lex
1141 2849 1290 2917 fidei,
1313 2868 1433 2922 quae
1456 2867 1568 2905 non
1594 2852 1874 2919 scribitur,

277 2931 361 2985 sed
385 2934 581 2989 animo
606 2936 955 3004 continetur,
992 2938 1232 2994 viviticat
1254 2958 1377 2994 reos
1409 2942 1626 3005 mortis,
1647 2958 1876 2995 conver-

274 3027 441 3075 tentes
468 3030 673 3078 tamen
696 3036 773 3091 se,
795 3031 864 3079 ut
881 3022 1171 3097 justiﬁcati
1188 3029 1256 3083 de
1278 3033 1477 3083 αἱ)ῐοΓο
1492 3044 1603 3084 non
1624 3034 1869 3101 peccent.

1975 1880 2163 1927 ratum
2190 1879 2263 1927 est
2295 1880 2524 1927 mortem
2553 1872 2724 1942 (Rom.
2775 1875 2890 1940 vn),
2926 1886 3029 1927 nec
3060 1872 3302 1940 mireris,
3335 1891 3465 1929 cum
3493 1875 3565 1930 de

1971 1962 2093 2033 ipsa
2118 1962 2512 2032 pmdimtione
2546 1961 2829 2031 Evangelii
2859 1962 3071 2016 dictum
3098 1961 3172 2016 sit
3203 1981 3214 2015 :
3253 1963 3460 2018 Christi
3481 1965 3565 2018 bo-

1972 2064 2077 2106 nus
2096 2054 2229 2105 odor
2243 2067 2435 2105 sumus
2452 2055 2514 2105 in
2533 2051 2618 2104 his
2639 2055 2739 2119 qui
2766 2054 2909 2105 salsi
2934 2054 3079 2118 ﬁunt
3102 2057 3151 2105 et
3182 2055 3243 2105 in
3265 2054 3350 2105 his
3367 2056 3467 2121 qui
3475 2070 3566 2122 pe-

1971 2142 2519 2209 trunnaliisquidem
2534 2143 2665 2193 odor
2675 2143 2798 2193 vita
2808 2142 2881 2193 ad
2892 2143 3221 2203 vitam,aliis
3233 2146 3417 2194 autem
3433 2144 3565 2195 odor

1970 2233 2161 2283 mortis
2177 2232 2250 2282 ad
2270 2236 2519 2283 mortem.
2548 2229 2634 2282 Ad
2650 2229 2872 2283 Judaeos
2899 2229 3050 2282 enim
3077 2228 3227 2282 dicta
3245 2235 3332 2283 est
3348 2230 3435 2282 lex
3455 2230 3562 2283 mi-

1965 2316 2223 2371 nistratio
2257 2318 2473 2383 mortis,
2507 2318 2576 2371 ad
2600 2333 2741 2387 quos
2766 2322 2825 2371 et
2851 2318 2910 2371 in
2939 2317 3123 2387 lapide
3136 2318 3343 2388 scripta
3356 2324 3459 2385 est,
3490 2319 3561 2372 ad

1965 2418 2159 2460 eorum
2190 2406 2456 2460 duritiam
2470 2407 2842 2475 ﬁgurandam,
2875 2422 2986 2459 non
3016 2406 3086 2459 ad
3117 2422 3210 2459 eos
3249 2406 3346 2476 qui
3372 2407 3557 2476 legem

1966 2510 2065 2566 per
2082 2492 2414 2549 charitatem
2442 2494 2680 2566 implent
2712 2514 2724 2547 :
2748 2497 3034 2563 plenitudo
3056 2497 3205 2549 enim
3224 2498 3355 2563 legis
3379 2496 3561 2550 chari-

1966 2590 2076 2648 tas;
2108 2588 2207 2652 qui
2237 2586 2387 2638 enim
2416 2586 2602 2651 diligit
2633 2588 2892 2647 alterum,
2929 2587 3097 2651 legem
3126 2586 3392 2651 implevit,
3426 2600 3560 2637 nam

1964 2687 2074 2725 non
2094 2674 2453 2737 adulterabis,
2480 2688 2591 2726 non
2618 2673 2981 2726 homicidium
3002 2673 3188 2738 facies,
3214 2684 3326 2724 non
3342 2673 3561 2738 [arabe-

1962 2765 2062 2827 ris,
2093 2767 2141 2814 et
2170 2763 2383 2830 siquod
2409 2767 2485 2815 est
2526 2762 2686 2815 aliud
2714 2762 3065 2824 mandatum,
3102 2763 3165 2812 in
3194 2760 3291 2813 hoc
3315 2776 3561 2814 sermone

1963 2854 2384 2919 recapitutatur,
2410 2851 2605 2917 diliges
2627 2852 2950 2917 proximum
2981 2854 3141 2901 tuum
3163 2850 3304 2902 sicut
3327 2851 3556 2917 teipsum

1963 2940 2133 3005 (Rom.
2169 2939 2301 3009 xm).
2334 2939 2475 3003 Quia
2504 2944 2563 2992 et
2584 2938 2762 2991 hocin
2783 2937 2980 2991 eadem
2996 2937 3120 3006 lege
3148 2937 3420 3007 scriptum
3447 2943 3551 3003 est,

1960 3026 2267 3082 cavendum
2296 3036 2383 3081 est
2410 3044 2479 3081 ne
2510 3029 2810 3097 figuratam
2842 3026 3183 3080 locutionem
3204 3026 3275 3078 ad
3306 3025 3555 3079 litteram

273 3104 428 3163 Recte
459 3126 601 3182 ergo
636 3110 771 3167 data
790 3096 1099 3183 lexifuerat,
1130 3121 1195 3170 ut
1212 3114 1386 3171 timor
1409 3124 1558 3171 esset
1588 3096 1870 3189 peccandi,
1895 3096 1938 3155 δ
1960 3117 2217 3187 accipias,
2252 3124 2309 3170 et
2351 3117 2420 3170 ad
2468 3096 2571 3170 hoc
2630 3116 2781 3169 enim
2840 3115 3085 3185 pertinet
3114 3115 3263 3185 quod
3290 3114 3373 3167 ait
3406 3116 3553 3185 Apo-

269 3197 355 3251 sed
373 3198 505 3270 quia
521 3198 731 3272 fragile
743 3206 830 3256 est
844 3216 1024 3273 genus
1038 3200 1761 3269 humanum,misericordia
1774 3208 1873 3261 Dei

264 3285 388 3341 data
402 3296 489 3343 est
510 3290 574 3344 in
611 3290 1011 3361 pmdicatione
1028 3294 1385 3364 apostolis.ut
1398 3295 1618 3349 donatis
1635 3297 1875 3366 peccatis

266 3378 561 3433 evaderent
596 3384 863 3445 mortem,
913 3383 1203 3437 credentes
1250 3384 1307 3436 in
1345 3382 1586 3437 Christo.
1623 3384 1750 3438 Haec
1789 3390 1873 3439 est

266 3467 585 3535 praedicatio
622 3464 1142 3535 Novi'l‘estamenti,
1177 3472 1323 3542 quod
1347 3472 1683 3543 promiserat
1723 3474 1871 3527 Deus

266 3570 353 3624 per
390 3558 732 3628 prophetas.
751 3554 958 3614 Doctor
977 3574 1197 3631 quoque
1212 3561 1467 3629 gentium
1480 3576 1591 3615 non
1603 3562 1869 3632 ignorans

260 3642 516 3700 idoneum
552 3662 621 3700 se
652 3645 860 3701 factum
880 3648 1189 3703 ministerio
1210 3646 1347 3703 Novi
1368 3649 1733 3716 Testamenti,
1758 3667 1868 3705 non

262 3744 352 3785 suo
383 3735 624 3797 merito,
649 3748 751 3789 nec
776 3734 999 3802 sudore,
1031 3736 1129 3791 sed
1144 3736 1241 3791 Dei
1272 3736 1635 3792 miseratione
1651 3741 1868 3809 procla-

260 3826 383 3876 mat.
408 3822 629 3894 (Cass.)
666 3820 785 3877 Non
806 3827 949 3893 quod
977 3829 1169 3891 simus,
1196 3824 1399 3896 inquit,
1430 3828 1612 3881 idonei
1632 3832 1868 3896 cogitare

261 3912 470 3978 aliquid
486 3928 558 3965 ex
591 3910 770 3975 nobis,
785 3916 996 3981 quasia
1018 3916 1187 3979 nobis,
1210 3914 1301 3968 sed
1317 3918 1654 3985 sufﬁcientia
1678 3921 1865 3970 nostra

256 4012 312 4052 er
341 3998 442 4053 Deo
478 4005 581 4065 est,
623 3999 773 4070 quod
820 4001 1006 4055 minus
1036 3998 1251 4067 Latine,
1284 4004 1379 4057 sed
1413 4004 1726 4074 expressius
1756 4005 1866 4059 dici

256 4093 446 4156 potest,
460 4088 762 4143 idoneitas
781 4094 974 4145 nostra
988 4107 1051 4145 ex
1067 4090 1183 4146 Deo
1206 4090 1569 4163 est.Denique
1586 4094 1859 4164 sequitur:

249 4178 346 4241 Qui
372 4185 422 4231 et
458 4180 695 4232 idoneos
724 4192 819 4233 nos
852 4180 982 4246 fecit
1020 4182 1309 4235 ministros
1339 4182 1477 4235 Novi
1515 4181 1856 4236 Testamenti.

250 4265 301 4317 In
314 4272 545 4321 tantum
561 4271 765 4321 autem
782 4268 1043 4322 universa
1059 4286 1182 4341 quae
1212 4268 1281 4323 ad
1306 4268 1544 4323 salutem
1576 4270 1863 4341 pertinent

1957 3204 2133 3259 stolus
2158 3223 2168 3257 :
2200 3204 2403 3260 Littera
2430 3207 2643 3269 occidit,
2663 3208 2896 3273 spiritus
2918 3209 3104 3257 autem
3124 3206 3385 3269 vivi/icui.
3409 3203 3551 3257 Cum

1956 3294 2107 3347 enim
2137 3296 2375 3363 ﬁgurate
2406 3294 2618 3347 dictum
2639 3293 2731 3357 sit,
2783 3292 3094 3363 accipiatur
3133 3299 3405 3361 tanquam
3426 3308 3551 3363 pro-

1956 3383 2076 3453 prie
2131 3384 2341 3439 dictum
2390 3382 2481 3447 sit,
2534 3381 2836 3436 carnaliter
2890 3382 3126 3451 sapitur,
3197 3394 3380 3452 neque
3432 3381 3549 3436 ulla

1955 3487 2106 3525 mors
2135 3472 2338 3526 animos
2393 3471 2792 3541 congruentius
2840 3471 3173 3541 appellatur,
3207 3484 3379 3540 quam
3420 3485 3550 3525 cum

1954 3561 2009 3614 id
2041 3561 2213 3615 etiam
2246 3561 2393 3631 quod
2424 3560 2481 3613 in
2510 3576 2577 3614 ea
2597 3560 2790 3614 bestiis
2815 3558 3119 3623 antecellit,
3152 3559 3308 3612 carni
3328 3557 3551 3631 subjici-

1953 3656 2048 3704 tur
2074 3621 2360 3723 sequendo
2390 3649 2657 3707 litteram,
2687 3649 2781 3718 qui
2813 3640 2966 3701 enim
2997 3621 3253 3717 sequitur
3277 3621 3544 3713 litterain,

1952 3739 1998 3792 si
2014 3738 2309 3793 sabbatum
2323 3737 2582 3801 audierit,
2606 3736 2757 3789 verbi
2780 3735 2984 3805 gratia,
3004 3748 3116 3787 non
3144 3734 3411 3803 intelligit
3437 3735 3544 3788 nisi

1950 3841 2127 3881 unum
2156 3827 2306 3879 diem
2335 3826 2405 3878 de
2420 3832 2654 3895 septem,
2688 3824 2783 3893 qui
2805 3822 3069 3875 continuo
3084 3821 3369 3875 volumine
3383 3838 3543 3892 repe-

1949 3922 2177 3979 tuntur;
2212 3922 2270 3967 et
2297 3930 2423 3968 cum
2455 3912 2698 3967 audierit
2710 3910 3067 3973 sacrificium,
3101 3922 3214 3962 non
3228 3909 3545 3964 exceditco-

1948 4004 2221 4074 gitatione
2251 4000 2389 4057 illud
2401 4002 2548 4074 quod
2576 4000 2697 4055 ﬁeri
2714 4000 2783 4053 de
2809 3998 3048 4053 victimis
3076 4014 3342 4069 pecorum
3371 4004 3543 4053 terre-

1949 4094 2146 4164 nisque
2165 4092 2438 4146 fructibus
2454 4091 2611 4145 solet.
2637 4091 2781 4145 Nam
2802 4092 2853 4143 si
2870 4091 3214 4142 ministratio
3233 4089 3543 4143 damnatio-

1946 4186 2034 4236 nis
2062 4186 2243 4249 gloria
2265 4187 2358 4245 est,
2374 4184 2548 4234 multo
2567 4182 2743 4248 magis
2761 4179 3010 4232 abundat
3034 4180 3542 4245 ministerimnjus-

1945 4274 2078 4325 tilia
2105 4274 2168 4324 in
2198 4272 2397 4338 gloria.
2434 4268 2672 4335 (Ambr.)
2703 4269 2820 4322 Hoc
2848 4267 3000 4329 dicit,
3027 4266 3161 4337 quia
3180 4266 3427 4337 amplius
3456 4271 3544 4321 est

245 4352 473 4423 apostoli
509 4352 754 4410 sibimet
782 4369 817 4409 a
837 4352 1075 4412 Domino
1105 4355 1311 4429 largita
1343 4363 1659 4424 senserunt,
1689 4364 1753 4413 ut
1780 4360 1860 4430 ip-
1879 4416 1923 4430 “
1943 4354 2151 4413 donum
2164 4358 2399 4430 justitiac
2410 4359 2509 4412 Dei
2528 4374 2627 4429 per
2645 4357 2815 4411 ﬁdem
2837 4356 3066 4420 Christi,
3100 4369 3272 4425 quam
3286 4354 3429 4424 legis
3443 4372 3537 4409 ve-

245 4416 349 4495 sam
372 4459 620 4515 quoque
637 4442 809 4498 ﬁdem
827 4448 1081 4516 praestari
1093 4416 1243 4501 sibiVa
1259 4446 1497 4501 Domino
1510 4416 1863 4518 postularent
1879 4416 1926 4473 Β
1942 4448 2081 4501 teris
2098 4465 2108 4499 ε
2127 4416 2261 4518 quia
2276 4446 2453 4516 magis
2469 4416 2650 4517 gloria
2666 4445 2725 4499 in
2744 4445 2924 4499 salute
2941 4450 3044 4507 est,
3064 4416 3234 4512 quam
3247 4441 3307 4495 in
3322 4447 3504 4495 morte
3520 4460 3533 4503 ;

243 4526 487 4586 «licentes
522 4552 533 4585 :
573 4528 809 4600 Adauge
839 4534 991 4588 nobis
1010 4534 1170 4603 ﬁdem
1197 4534 1347 4607 (Luc.
1374 4540 1525 4603 xvii),
1554 4537 1860 4607 plenitudi-
1944 4537 2197 4606 quamvis
2205 4538 2360 4607 juste
2380 4537 2628 4599 damnet,
2654 4530 3166 4588 tamenadlaudem
3178 4529 3399 4599 proﬁcit
3413 4545 3535 4583 ma-

241 4636 358 4674 nem
391 4623 545 4691 ejus,
597 4636 714 4675 non
747 4617 921 4677 libero
951 4622 1184 4679 arbitrio
1206 4626 1742 4695 prarsumentes,sed
1758 4626 1859 4679 Dei
1940 4626 2027 4695 gis
2046 4626 2093 4679 si
2122 4624 2429 4696 indulgeat,
2461 4631 2527 4677 ut
2554 4623 2731 4694 possit
2757 4638 2883 4674 reus
2916 4618 3213 4703 corrigere
3233 4633 3311 4671 se.
3347 4617 3533 4686 (Αυς.)

243 4706 334 4761 sibi
354 4708 673 4764 credentes
691 4726 928 4766 munere
943 4712 1427 4780 conferendam.(.i
1438 4718 1554 4782 ug.)
1582 4710 1691 4767 Lex
1706 4715 1856 4767 enim
1944 4715 2052 4768 Lex
2075 4715 2245 4779 enim,
2276 4713 2531 4785 quamvis
2550 4713 2723 4781 justa,
2755 4716 2812 4763 et
2833 4714 3023 4762 sancta
3038 4712 3096 4760 et
3124 4706 3289 4771 bona,
3322 4722 3535 4777 praeva-

240 4796 649 4853 tantummodo
670 4800 831 4863 lecta,
853 4806 910 4855 et
927 4816 1038 4856 non
1055 4800 1447 4869 intellecta,vel
1468 4818 1580 4856 non
1602 4804 1851 4873 impleta,
1940 4802 2270 4857 ricatoribus
2300 4802 2494 4855 intulit
2522 4804 2783 4863 mortem,
2818 4810 2956 4868 quos
2980 4796 3080 4850 Dei
3107 4796 3297 4866 gratia
3311 4812 3423 4850 non
3438 4797 3534 4850 ad-

242 4883 424 4957 utique
441 4885 828 4953 occidit,tunc
842 4890 994 4945 enim
1037 4890 1559 4963 appellaturlittera
1585 4911 1596 4959 ;
1625 4892 1855 4963 spiritus

238 4978 415 5030 autem
448 4976 734 5043 viviﬁcat,
789 4979 922 5048 quia
974 4980 1264 5049 plenitudo
1304 4981 1445 5050 legis
1474 4986 1561 5034 est
1587 4981 1850 5037 Charitas.

240 5078 345 5131 qua?
384 5062 617 5119 diffusa
645 5072 731 5119 est
778 5064 837 5121 in
891 5066 1148 5123 cordibus
1188 5070 1395 5125 nostris
1451 5084 1550 5140 per
1581 5070 1853 5140 Spiritum

1932 4892 2079 4961 juvit
2105 4889 2174 4944 ad
2198 4891 2479 4961 justitiam
2511 4888 2649 4958 legis
2667 4886 3029 4958 implendam.
3055 4885 3364 4955 Oportebat
3383 4885 3533 4938 enim

1938 4987 2000 5034 ut
2029 4986 2365 5035 testamento
2393 4984 2578 5031 vetere
2610 4977 2697 5030 lex
2751 4975 3139 5045 imponeretur
3165 4973 3441 5044 superbis,
3476 4980 3533 5027 et

1937 5070 2005 5123 de
2036 5084 2149 5123 suae
2178 5067 2478 5121 voluntatis
2502 5064 2800 5119 lidentibus
2840 5064 3045 5117 virtute
3077 5079 3199 5133 quia
3228 5079 3339 5115 non
3367 5062 3531 5117 daret

237 5164 508 5215 sanctum,
548 5156 655 5226 qui
683 5154 848 5210 datus
897 5160 982 5211 est
1020 5155 1198 5212 nobis.
1233 5160 1383 5226 Quod
1410 5163 1460 5209 si
1512 5163 1855 5212 nn'nislratio
1932 5158 2232 5228 justitiam,
2268 5157 2361 5209 sed
2382 5155 2625 5224 juberet,
2663 5172 2727 5207 ac
2755 5154 2799 5206 si
2830 5160 3009 5205 morte
3056 5150 3528 5220 pi-zevarimtionis

243 5249 440 5310 amr-tis,
470 5246 692 5298 litteris
717 5242 1025 5312 deformata
1052 5254 1113 5301 in
1128 5248 1422 5316 lapidibus,
1439 5250 1624 5314 fuitin
1648 5252 1848 5315 gloria,
1937 5247 2191 5316 impliciti
2208 5246 2275 5298 ad
2296 5245 2537 5313 gratiam
2555 5244 2938 5311 coiil'ugerent.
2964 5257 3071 5292 non
3084 5234 3374 5307 jubentem
3402 5246 3528 5291 tan-

238 5334 303 5384 ιῖα
340 5338 403 5387 ut
447 5348 575 5387 non
618 5334 833 5400 possent
876 5338 1155 5390 intendere
1193 5340 1304 5405 ﬁlii
1339 5338 1504 5391 [κν-(ιρι
1550 5341 1609 5389 in
1654 5341 1849 5404 [artem
1934 5336 2245 5397 tummodo,
2279 5335 2374 5387 sed
2399 5335 2709 5403 juvantem,
2744 5348 2864 5401 qua:
2886 5332 3036 5383 Novo
3064 5330 3423 5381 'l‘estamento
3446 5337 3531 5382 est

242 5418 418 5487 Moysi.
451 5424 699 5491 propter
738 5425 979 5489 gloriam
1001 5429 1187 5479 vultus
1216 5428 1351 5494 ejus,
1380 5442 1496 5493 qum
1526 5432 1847 5489 evacuatur,
1935 5423 2203 5487 revelata;
2229 5423 2359 5493 quid
2374 5440 2507 5489 ergo
2520 5420 2789 5475 mirumsi
2810 5419 2905 5471 illa
2921 5418 3070 5470 dicta
3084 5425 3169 5469 est
3188 5417 3527 5471 ministratio

237 5510 497 5576 quomodo
512 5512 827 5579 nonmayis
841 5514 1184 5567 ministratio
1198 5518 1545 5583 spirituserit
1566 5517 1853 5580 ingloria?
1936 5514 2149 5577 mortis,
2184 5511 2278 5565 ubi
2308 5513 2495 5565 littera
2521 5509 2737 5574 occidit,
2774 5508 2986 5560 malum
3017 5505 3361 5576 prohibendo
3378 5507 3523 5576 quod

238 5592 616 5655 Manifwtnm
646 5604 730 5656 est
767 5603 1047 5673 majorem
1082 5604 1330 5674 gratiam
1372 5618 1492 5657 esse
1530 5602 1672 5673 legis
1700 5602 1850 5667 ﬁdei,
1936 5604 2018 5667 tit,
2054 5601 2269 5656 malum
2297 5616 2410 5655 non
2438 5598 2766 5671 imperando
2794 5596 2941 5668 quod
2971 5598 3036 5651 tit
3054 5597 3077 5648 ’ἰ
3106 5595 3221 5649 Ista
3240 5610 3368 5648 vero
3380 5594 3528 5648 dicta
