4034 6162
379 233 472 285 175
973 233 1035 285 Β.
1079 231 1348 285 RABANI
1387 231 1618 285 MAURI
1655 231 1990 284 ARCHIEP.
2035 231 2356 286 MOGUNT.
2401 229 2696 286 OPERUM
2736 229 2917 284 PARS
2957 231 3034 285 III
3545 233 3643 285 I76

370 363 457 410 est
469 355 809 410 ministratio
829 355 1092 426 Spiritus,
1113 355 1308 425 utique
1323 355 1671 421 viviﬁcantis,
1697 361 1760 409 ut
1773 372 1806 408 a
1820 371 1962 426 prm-
1977 356 2027 414 Α
2048 349 2159 407 lem
2180 355 2359 425 qualis
2380 354 2488 407 fuit
2505 354 2563 406 in
2575 353 2731 407 vultu
2749 353 3052 423 Moysi,sed
3065 369 3189 407 eam
3201 371 3368 425 quam
3385 355 3642 410 viderunt

371 444 727 499 varicationis
743 449 927 498 morte
943 457 1245 512 surgamus
1260 449 1318 498 et
1340 443 1620 513 justitiam
1647 460 1760 498 non
1790 442 1872 496 rei
1888 443 1964 496 le-
2047 449 2163 497 tres
2176 442 2414 513 apostoli
2434 443 2491 496 in
2510 447 2719 508 monte,
2741 441 3022 495 revelante
3034 459 3094 496 se
3111 443 3350 496 Domino
3367 462 3380 508 ;
3399 443 3644 514 hincigi-

367 549 568 604 gamus
597 532 656 587 in
673 531 902 597 tabulis,
919 531 1017 584 sed
1049 530 1210 584 liberi
1231 537 1288 586 et
1313 531 1373 586 in
1398 532 1659 586 cordibus
1688 537 1746 586 et
1773 532 1832 585 in
1847 543 1963 585 ino-
2046 537 2140 585 tur
2157 531 2434 602 conjicere
2462 529 2730 584 debemus
2752 535 3025 600 quantum
3056 530 3218 584 nobis
3239 531 3541 586 contulerit
3553 533 3640 586 di-

2044 619 2174 673 vina
2191 619 2506 684 clementia,
2543 624 2930 690 quantumque
2973 636 3076 673 nos
3111 620 3416 690 superioris
3444 621 3642 690 gratia)

2043 708 2188 762 dono
2205 709 2386 762 ditare
2409 707 2642 778 dignata
2668 712 2756 760 est
2774 723 2944 778 quam
2972 707 3206 762 dederat
3220 709 3446 763 Judaais.
3463 710 3640 764 Judaei

2042 813 2194 866 ergo,
2217 814 2344 850 cum
2373 797 2560 850 minor
2575 801 2724 849 esset
2750 796 2932 865 gloria
2950 797 3137 851 vultus
3168 798 3498 868 Moysi,eam
3520 815 3643 870 spe-

2041 885 2218 939 culari
2246 901 2360 939 non
2376 891 2636 956 poterant
2655 903 2666 952 ;
2687 901 2788 938 nos
2805 900 2932 938 vero
2947 902 3058 938 non
3077 887 3253 958 Moysi
3264 887 3503 956 gloriam
3518 905 3642 958 qua:

2042 973 2273 1028 inferior
2292 981 2396 1039 est,
2443 975 2542 1027 sed
2578 974 2942 1027 excellentem
2963 973 3266 1028 Salvatoris
3295 976 3536 1045 gloriam
3565 975 3642 1029 vi-

367 621 522 676 ribus
551 620 879 684 habeamus,
911 619 1015 673 hoc
1047 625 1150 686 est,
1183 620 1608 676 Testamentum
1639 621 1856 674 Novum
1880 619 1961 673 di-

367 715 522 764 stans
572 727 608 763 a
651 709 874 773 Vetere,
909 710 1056 779 quod
1109 708 1187 762 ibi
1245 714 1404 762 vetus
1440 710 1608 764 homo
1647 708 1960 763 formidinis

365 801 680 852 coarctetur
710 797 1004 868 angustiis,
1037 797 1126 850 hic
1157 815 1332 852 novus
1349 799 1517 852 homo
1547 798 1962 870 spatiaturlati—

363 886 560 941 tudine
586 885 1059 949 charitatis.Quod
1081 893 1274 940 autem
1289 887 1501 941 dictum
1515 892 1602 941 est
1619 887 1690 941 de
1700 886 1959 940 ministro

364 975 584 1029 Veteris
608 973 953 1030 Testamenti
981 975 1190 1045 Moyse,
1214 975 1361 1046 quod
1378 991 1492 1030 non
1507 980 1768 1046 poterant
1780 974 1962 1029 inten-

363 1062 496 1118 dere
521 1063 624 1117 ﬁlii
638 1063 812 1118 Israel
821 1062 881 1116 in
895 1062 1093 1117 faciem
1108 1065 1251 1134 ejus,
1267 1069 1496 1135 propter
1511 1063 1748 1134 gloriam
1775 1064 1962 1118 vultus

361 1153 504 1222 ejus,
535 1152 760 1222 signum
784 1157 924 1218 erat,
947 1151 1162 1222 quodin
1181 1152 1306 1222 lege
1316 1153 1602 1208 Christum
1619 1153 1956 1208 intellecturi

362 1257 474 1296 non
505 1247 686 1308 erant,
711 1247 770 1294 et
788 1240 916 1295 ideo
944 1241 1200 1295 velamen
1229 1240 1288 1294 in
1306 1240 1506 1296 faciem
1522 1241 1701 1312 Moysi
1719 1241 1792 1296 ad
1805 1242 1956 1312 ipsos

361 1329 606 1400 positum
633 1336 774 1396 erat,
805 1336 870 1383 ut
899 1329 1554 1394 nonintenderent,sicut
1566 1331 1834 1402 scriptum
1848 1336 1952 1397 est,

361 1419 462 1472 ﬁlii
479 1418 652 1473 Israel
666 1418 1130 1489 usquein'ﬁnem;
1164 1419 1293 1473 ﬁnis
1311 1425 1502 1474 autem
1527 1420 1668 1490 legis
1685 1421 1811 1491 quis
1825 1426 1911 1474 est
1929 1421 1954 1472 ’l

360 1507 432 1561 ad
446 1507 552 1561 hoc
575 1523 688 1561 non
719 1523 842 1576 ego,
856 1507 954 1561 sed
966 1508 1267 1578 Apostolus
1279 1507 1397 1579 ipse
1413 1509 1774 1579 respondeat:
1801 1510 1954 1563 Finis

361 1597 513 1650 enim
529 1597 678 1664 legis,
695 1595 896 1666 inquit,
907 1596 1156 1651 Christus
1167 1597 1530 1665 adjustitiam
1545 1601 1702 1651 omni
1713 1600 1956 1652 credenti

2044 1079 2204 1116 suros
2224 1079 2327 1116 nos
2355 1062 2654 1116 credimus.
2692 1061 2871 1116 Judaei
2899 1079 3032 1132 ergo
3061 1063 3204 1116 servi
3237 1064 3478 1133 gloriam
3529 1081 3638 1119 non

2039 1157 2367 1206 meruerunt
2379 1151 2584 1218 videre,
2605 1168 2707 1205 nos
2727 1157 2917 1205 autem
2939 1151 3163 1206 Domini
3183 1152 3498 1207 communis
3524 1154 3643 1223 glo-

2037 1239 2182 1294 riam
2211 1257 2406 1294 sumus
2434 1239 2626 1306 visuri,
2647 1239 2884 1310 ideoque
2911 1245 2967 1294 et
2989 1256 3090 1294 nos
3102 1241 3281 1294 vicem
3309 1241 3545 1296 reddere
3577 1242 3634 1296 in

2039 1333 2312 1400 quantum
2355 1345 2672 1399 possumus,
2715 1328 2984 1382 debemus
3047 1328 3447 1384 benevolentiae
3499 1331 3623 1394 Dei,

2036 1423 2100 1471 ut
2117 1417 2508 1488 propensiores
2529 1417 2706 1471 simus
2747 1417 2808 1471 in
2846 1419 2968 1488 ejus
2997 1433 3208 1484 amore,
3249 1419 3345 1489 qui
3387 1418 3548 1478 nobis
3569 1421 3636 1472 ﬁ-

2035 1505 2257 1560 duciam
2275 1506 2449 1572 dedit,
2475 1506 2706 1560 abluens
2722 1522 2824 1559 nos
2843 1523 2877 1560 a
2890 1507 3150 1576 peccatis,
3165 1507 3637 1578 videndigloriam

2036 1593 2322 1648 Dei.Nunc
2363 1594 2554 1666 itaque
2585 1611 2724 1665 opus
2755 1599 2842 1648 est
2891 1599 2956 1648 ut
2988 1601 3204 1648 crescat
3229 1595 3287 1649 in
3319 1595 3479 1650 nobis
3500 1597 3640 1650 ﬁdu-

361 1685 530 1750 (Rom.
558 1688 614 1754 x)
652 1701 665 1748 ;
717 1683 844 1738 ﬁnis
873 1684 1165 1755 perﬁciens
1209 1701 1320 1739 non
1375 1685 1735 1740 interﬁciens.
1801 1683 2120 1754 FinisBcia
2151 1682 2311 1738 bonis
2355 1682 2571 1737 actibus
2615 1689 2831 1754 parata,
2879 1688 3102 1738 tantum
3143 1683 3293 1738 enim
3325 1684 3639 1739 videbimus

359 1773 566 1844 quippe
594 1773 802 1828 dicitur
830 1779 1061 1844 propter
1081 1790 1248 1844 quem
1270 1775 1412 1828 ﬁunt
1437 1775 1646 1840 omnia,
1690 1791 1952 1846 quaecun-
2035 1777 2311 1843 quantum
2331 1772 2631 1826 credimus.
2665 1773 2730 1827 Et
2762 1788 2873 1826 non
2903 1775 3047 1826 sicut
3074 1773 3278 1840 Moyses
3292 1775 3524 1842 ponebat
3541 1789 3636 1832 ve-

357 1877 466 1932 que
494 1861 604 1916 alio
626 1862 773 1917 ﬁunt
809 1861 989 1916 ofﬁcio
1022 1880 1033 1915 :
1063 1879 1198 1916 nam
1229 1862 1377 1917 inter
1413 1863 1655 1918 ofﬁcium
1696 1870 1754 1918 et
1781 1865 1951 1918 ﬁnem
2033 1863 2217 1914 tamen.
2238 1877 2402 1929 super
2421 1863 2620 1929 faciem.
2638 1877 2820 1926 suam,
2847 1865 3042 1914 utnon
3061 1861 3410 1914 intenderent
3421 1864 3532 1929 filii
3553 1863 3636 1916 Is-

355 1950 462 2004 hoc
489 1950 680 2017 distat,
714 1950 862 2022 quod
883 1950 1129 2005 cilicium
1143 1957 1229 2006 est
1257 1951 1314 2005 in
1349 1951 1430 2006 eis
1445 1969 1566 2024 quae
1597 1952 1953 2007 faceredebe-
2032 1952 2150 2004 raet
2181 1952 2244 2004 in
2274 1951 2472 2016 faciem
2503 1953 2638 2018 ejus,
2669 1965 2788 2018 quae
2816 1954 3136 2002 evacuatur.
3171 1948 3448 2012 Quoniam
3477 1949 3634 2020 digni

357 2055 501 2104 mus,
524 2039 652 2094 ﬁnis
679 2044 910 2112 propter
941 2056 1109 2110 quem
1159 2039 1412 2107 facimus,
1448 2041 1596 2112 quod
1629 2041 1824 2112 utique
1853 2042 1952 2096 illa
2032 2037 2162 2092 facti
2192 2055 2386 2092 sumus
2413 2037 2768 2110 pergratiam
2788 2037 2890 2091 Dei
2909 2036 3098 2090 videre
3123 2037 3366 2106 gloriam
3400 2038 3632 2104 Christi,

354 2127 545 2182 omnia
560 2133 790 2200 propter
817 2129 1104 2183 Christum
1126 2127 1354 2197 ﬁebant,
1371 2147 1539 2200 quem
1571 2131 1672 2184 ﬁlii
1704 2131 1875 2185 Israel
1889 2131 1950 2184 in
2033 2125 2238 2180 idcirco
2260 2133 2309 2180 et
2339 2143 2448 2180 non
2478 2130 2619 2181 sicut
2641 2129 2865 2193 Moyses,
2890 2125 2988 2192 ait,
3003 2127 3230 2195 ponebat
3260 2129 3507 2181 velamen
3535 2143 3633 2180 su—

353 2215 434 2270 eis
450 2233 572 2287 quae
584 2215 811 2282 ﬁebant,
826 2234 938 2272 non
954 2217 1483 2288 intelligebant.Hoc
1497 2218 1850 2288 signiﬁcabat
1862 2237 1951 2273 ve—
2027 2231 2128 2284 per
2157 2217 2355 2283 faciem
2371 2231 2552 2281 suam,
2577 2232 2643 2269 ne
2664 2217 3022 2270 intuerentur
3037 2217 3147 2282 ﬁlii
3165 2217 3357 2280 Israel,
3383 2215 3508 2270 ideo
3537 2232 3634 2286 po-

352 2305 538 2359 [amen
548 2305 697 2376 quod
709 2323 804 2360 eos
819 2306 1014 2377 utique
1037 2306 1284 2377 usquein
1303 2308 1472 2360 ﬁnem
1496 2323 1610 2362 non
1637 2307 1950 2362 sinebatin—

353 2393 601 2459 tendere,
621 2395 679 2448 id
701 2400 804 2461 est,
819 2411 996 2464 usque
1009 2395 1080 2448 ad
1099 2395 1298 2449 faciem
1310 2395 1509 2467 Moysi,
1529 2413 1652 2467 quae
1669 2397 1949 2467 signiﬁca-

355 2481 452 2536 bat
481 2482 904 2538 Christum.Sed
933 2483 1060 2537 ideo
1097 2484 1312 2538 dictum
1345 2490 1433 2538 est
1459 2485 1607 2555 quod
1651 2493 1950 2540 evacuetur

350 2571 467 2625 haec
475 2570 675 2640 gloria,
694 2571 841 2642 quod
853 2587 1048 2625 omnes
1059 2571 1274 2626 umbra:
1283 2573 1666 2642 signiﬁcantes
1682 2591 1951 2628 evacuan-

348 2663 444 2713 tur
471 2675 598 2713 cum
617 2675 710 2713 res
731 2676 854 2730 qum
881 2659 1232 2729 signiﬁcatur
1259 2661 1948 2725 advenerit.Quemadmo-

347 2747 484 2802 dum
516 2747 667 2801 enim
695 2747 947 2814 scientia,
980 2764 1103 2819 quae
1135 2765 1282 2802 nunc
1294 2754 1380 2802 est
1399 2749 1776 2817 evacuabitur,
1803 2751 1948 2807 sicut

355 2835 507 2890 idem
541 2835 679 2890 dicit
703 2837 1025 2907 Apostolus,
1061 2853 1186 2890 cum
1217 2838 1434 2892 venerit
1462 2838 1578 2903 illa,
1602 2856 1772 2910 quam
1791 2839 1943 2905 dicit,

2032 2303 2202 2358 nebat
2215 2305 2488 2370 velamen,
2505 2303 2769 2375 quoniam
2785 2304 3140 2375 splendorem
3156 2304 3344 2357 vultus
3355 2304 3404 2374 ej
3411 2319 3478 2358 us
3486 2304 3633 2359 ferre

2031 2409 2141 2446 non
2170 2399 2433 2464 poterant
2453 2409 2624 2447 causa
2650 2391 2881 2463 peccati,
2907 2409 3016 2462 quo
3033 2392 3252 2446 sublato
3269 2397 3518 2462 potestas
3538 2393 3632 2447 da-

2031 2487 2126 2535 tur
2153 2481 2374 2536 videndi
2401 2481 2640 2552 gloriam
2672 2481 2774 2535 Dei
2806 2497 2983 2551 usque
3013 2481 3082 2534 ad
3117 2483 3290 2534 ﬁnem
3313 2482 3456 2552 ejus,
3499 2483 3631 2552 quia

2031 2574 2148 2624 tam
2167 2570 2262 2624 diu
2297 2587 2411 2624 non
2433 2571 2730 2637 revelatur,
2765 2570 2942 2624 donec
2953 2570 3146 2624 relicta
3162 2570 3285 2639 lege
3305 2576 3632 2624 convertan-

2029 2663 2125 2712 tur
2146 2659 2216 2712 ad
2231 2659 2480 2728 gratiam
2514 2659 2667 2724 ﬁdei,
2683 2663 2738 2712 et
2753 2659 2834 2713 sic
2847 2664 3152 2712 evacuatur
3169 2677 3182 2724 ;
3216 2659 3517 2712 accedente
3533 2676 3630 2712 au-

2029 2751 2144 2801 tem
2165 2747 2440 2816 dignitate
2457 2765 2558 2818 per
2576 2748 2744 2800 ﬁdem
2759 2753 3062 2802 evacuatur
3073 2747 3400 2816 indignitas.
3419 2747 3524 2804 Sed
3536 2749 3623 2802 ob-

2029 2839 2142 2889 tusi
2166 2841 2298 2890 sunt
2325 2853 2514 2889 sensus
2554 2825 2744 2890 eorum
2783 2852 2953 2905 usque
2992 2838 3057 2890 in
3100 2837 3430 2890 hodiernum
3457 2838 3622 2891 diem.

346 2925 486 2978 facie
516 2925 588 2979 ad
618 2925 816 2980 faciem
838 2925 890 2991 (Ι
917 2926 1177 2994 σον.γιιι)
1217 2943 1228 2978 :
1263 2926 1342 2979 sic
1361 2932 1418 2980 et
1436 2926 1562 2994 ista,
1598 2943 1719 2998 quae
1751 2927 1810 2982 in
1825 2945 1946 2983 um-
2025 2924 2244 2978 Tandiu
2277 2923 2506 2978 obtusos
2550 2924 2702 2988 dicit,
2737 2925 2988 2995 quandiu
3019 2940 3133 2978 non
3164 2924 3402 2978 credunt
3430 2943 3442 2991 ;
3500 2941 3625 2996 quae

345 3013 462 3068 bris
487 3014 700 3068 tradita
727 3019 889 3068 erant
903 3014 1111 3068 Judaeis
1138 3014 1194 3068 in
1216 3015 1418 3068 Vetere
1449 3017 1831 3084 Testamento,
1847 3034 1941 3072 ne-
1960 3011 2004 3072 Ο
2025 3013 2244 3067 obtusio
2269 3013 2618 3067 inﬁdelitatis
2632 3030 2803 3068 causa
2824 3013 3066 3078 obvenit,
3093 3013 3220 3067 ideo
3245 3013 3524 3067 conversis
3554 3015 3622 3067 ad

343 3119 495 3157 cesse
525 3103 631 3157 fuit
661 3103 914 3157 evacuari
931 3102 1272 3158 revelatione
1291 3105 1634 3159 Testamenti
1663 3105 1940 3161 Novi.Nec
2023 3101 2192 3156 ﬁdem
2223 3101 2446 3156 acuitur
2463 3101 2609 3155 acies
2635 3102 2840 3156 mentis
2857 3107 2922 3156 ut
2950 3101 3177 3156 videant
3199 3101 3371 3156 divini
3393 3101 3624 3156 luminis

343 3207 478 3246 sane
497 3191 758 3246 omnesin
775 3191 872 3245 illo
885 3191 1092 3262 populo
1107 3209 1220 3245 non
1237 3191 1631 3262 intelligebant
1651 3194 1940 3249 Christum
2022 3191 2398 3262 splendorem.
2431 3193 2678 3260 [tl-ipsum
2700 3195 2951 3248 velamen
2972 3193 3033 3244 in
3063 3193 3290 3244 lectione
3322 3192 3514 3245 Veteris
3538 3193 3626 3244 Tc-

343 3279 1182 3352 perillasumbrasTestamenti
1195 3280 1413 3334 Veteris
1427 3282 1938 3354 ﬁguratum,neque
2019 3284 2280 3334 stamenti
2313 3285 2498 3333 manet
2530 3296 2642 3334 non
2679 3282 3276 3348 revelatum,quoniam
3313 3283 3374 3333 in
3409 3281 3622 3334 Christo

343 3368 495 3424 enim
523 3369 643 3440 ipse
665 3370 884 3440 Moyses
911 3374 970 3422 et
999 3369 1185 3422 caeteri
1223 3369 1510 3440 propheta:
1533 3387 1646 3425 non
1665 3371 1938 3442 intellige-
2019 3373 2340 3422 evacuatur.
2357 3367 2611 3434 Obtusio,
2629 3368 2730 3433 ait,
2745 3369 2862 3422 haec
2877 3368 2938 3422 in
2959 3367 3195 3422 lectione
3213 3367 3383 3422 Exodi
3406 3375 3617 3435 manet,

343 3457 499 3524 bant,
522 3457 619 3529 qui
639 3473 768 3512 eum
789 3457 1006 3512 caeteris
1025 3458 1498 3528 praenuntiabant.
1528 3460 1676 3513 Nam
1707 3476 1804 3514 nec
1817 3463 1934 3528 glo-
2020 3456 2268 3528 quandiu
2300 3457 2554 3523 credunt,
2590 3474 2702 3511 non
2730 3457 2882 3511 enim
2904 3457 3185 3511 revelatur
3221 3456 3330 3510 nisi
3361 3457 3610 3511 credant.

341 3549 400 3601 ri
399 3550 628 3615 ﬁeatum
657 3553 731 3602 est
750 3548 895 3615 quod
922 3549 1130 3601 claruit
1146 3549 1208 3600 in
1226 3547 1328 3601 hac
1353 3553 1510 3616 parte
1524 3553 1750 3616 propter
1763 3553 1935 3604 e.reel-
2018 3547 2084 3600 1n
2105 3545 2328 3600 Christo
2349 3546 2500 3600 enim
2513 3551 2832 3612 evacuatur,
2851 3547 2955 3600 hoc
2967 3552 3070 3613 est,
3095 3563 3197 3617 per
3209 3546 3378 3599 fidem
3409 3547 3614 3600 Christi

343 3639 542 3690 lentem
569 3637 828 3704 gloriam.
857 3633 1095 3703 (Ambr.)
1117 3634 1474 3690 Manifestum
1495 3643 1581 3690 est
1596 3653 1708 3690 non
1725 3654 1846 3691 esse
1860 3638 1937 3692 fa—
2017 3633 2304 3688 auferetur
2319 3635 2600 3689 velamen:
2627 3643 2818 3690 amoto
2835 3635 2988 3689 enim
3009 3635 3212 3689 delicto
3237 3633 3506 3704 incipient
3540 3635 3616 3689 vi-

341 3729 494 3779 ctum
519 3723 1002 3794 gloriosum,quod
1021 3724 1201 3778 visum
1220 3729 1306 3778 est
1335 3723 1392 3778 in
1421 3725 1577 3780 vultu
1607 3726 1786 3798 Moysi
1820 3727 1938 3797 glo-
2019 3723 2151 3776 dere
2187 3724 2354 3794 quod,
2389 3723 2646 3778 obstante
2688 3730 2933 3795 peccato,
2966 3723 3154 3778 videre
3187 3740 3298 3778 non
3329 3729 3608 3794 poterant.

339 3811 986 3884 riosumzquandoenim
1005 3813 1145 3867 nulli
1161 3812 1372 3884 profuit
1386 3813 1568 3884 gloria
1583 3815 1769 3869 vultus
1792 3817 1932 3886 ejus,
2017 3810 2121 3865 Sed
2147 3829 2316 3882 usque
2348 3815 2411 3866 in
2447 3814 2778 3867 hodiernum
2824 3815 2970 3866 diem
3013 3830 3139 3866 cum
3179 3815 3383 3881 legitur
3409 3813 3614 3880 Moyses

340 3917 452 3955 non
483 3899 681 3954 habuit
706 3901 950 3956 ﬁ'uctum
976 3901 1186 3970 gloria),
1233 3903 1329 3956 sed
1361 3901 1543 3973 magis
1579 3903 1773 3975 obfuit,
1809 3904 1937 3958 licet
2019 3903 2263 3955 velamen
2299 3907 2373 3955 est
2413 3904 2661 3970 positum
2697 3917 2861 3970 super
2887 3917 2980 3955 eor
3008 3917 3218 3955 eorum.
3253 3901 3612 3956 Manifestum

343 4004 454 4042 non
465 4004 567 4042 suo
580 3987 736 4052 vitio,
761 3989 859 4042 sed
869 3989 1441 4059 peccantium,tamen
1455 3990 1514 4044 in
1530 3991 1634 4045 hac
1645 3999 1804 4062 parte
1818 3993 1934 4061 glo-
2017 3994 2121 4055 est,
2141 3989 2275 4059 quia
2284 4006 2413 4043 cum
2433 3989 2639 4060 legitur
2657 3990 2774 4044 haec
2787 4007 2918 4061 pars
2931 3989 3378 4060 legis,sententia
3389 3989 3614 4044 illorum

343 4076 428 4130 ria
450 4092 563 4130 non
585 4081 672 4129 est
693 4077 818 4142 ;illa
831 4082 916 4130 est
938 4083 1128 4132 autem
1157 4078 1338 4148 magis
1354 4079 1538 4148 gloria
1551 4097 1673 4150 qua:
1687 4079 1938 4134 abundat
2017 4077 2288 4131 recitatur
2303 4078 2396 4148 qui
2412 4083 2544 4133 sunt
2554 4078 2656 4132 sub
2675 4079 2817 4148 lege.
2851 4079 3052 4148 (Greg.)
3085 4079 3244 4134 Unde
3275 4079 3332 4132 in
3347 4077 3450 4132 Job
3483 4078 3612 4132 scri-

345 4165 402 4219 in
433 4163 636 4236 gratia,
667 4169 732 4219 ut
759 4163 1038 4235 puriﬁcati
1069 4165 1324 4220 homines
1353 4165 1499 4221 dono
1540 4168 1640 4222 Dei
1685 4169 1936 4223 abstersa
2016 4172 2177 4236 ptum
2193 4172 2310 4220 est:
2338 4167 2532 4220 Nudus
2551 4183 2795 4235 egressus
2826 4184 2954 4222 sum
2985 4170 3050 4222 de
3071 4174 3225 4222 utero
3237 4170 3438 4222 matris
3457 4183 3604 4234 meae,

342 4253 576 4325 caligine
597 4253 813 4325 possint
832 4253 1020 4308 videre
1033 4253 1273 4324 gloriam
1291 4255 1518 4308 Christi.
1538 4255 1603 4310 Si
1624 4273 1686 4310 en
1694 4259 1771 4310 im
1793 4260 1936 4326 quod
2020 4256 2203 4308 nudus
2216 4261 2464 4309 revertar
2477 4259 2615 4310 illuc
2627 4257 2760 4323 (Job.
2776 4260 2836 4326 ι).
2851 4257 3244 4328 Redemptoris
3267 4262 3452 4310 mater
3452 4257 3474 4327 j
3483 4262 3614 4310 uxta

343 4347 751 4412 evacualurper
766 4345 1006 4411 gloriam
1024 4348 1117 4409 est,
1135 4347 1496 4412 multomagis
1511 4347 1654 4412 quod
1666 4351 1854 4400 manet
1872 4351 1935 4400 in
1953 4373 2001 4432 Β
2018 4359 2245 4397 carnem
2276 4344 2576 4414 Synagoga
2605 4344 2811 4413 existit,
2837 4363 2902 4399 ex
2924 4363 3035 4417 qua
3061 4346 3133 4400 ad
3161 4363 3264 4400 nos
3291 4363 3393 4417 per
3412 4362 3613 4416 corpus

341 4436 524 4501 gloria
559 4437 653 4486 est.
677 4433 804 4486 Non
833 4438 1004 4502 negat
1027 4431 1264 4501 gloriam
1303 4431 1472 4486 fuisse
1503 4433 1560 4486 in
1596 4433 1736 4504 lege,
1769 4435 1853 4488 vel
1878 4435 1935 4488 in
1973 4431 1984 4432 ί
2019 4431 2252 4486 visibilis
2270 4433 2569 4503 processit:
2603 4434 2701 4488 sed
2717 4434 2869 4490 hunc
2901 4435 3123 4490 intrase
3137 4434 3384 4505 tegmine
3416 4434 3613 4488 litterae

347 4522 501 4575 vultu
529 4521 831 4592 Moysi,sed
854 4537 966 4574 non
981 4521 1292 4592 permansit
1317 4520 1376 4574 in
1405 4521 1596 4593 Moyse
1609 4523 1742 4592 quia
1755 4525 1938 4593 ﬁgura
2017 4521 2348 4592 adapertum
2369 4522 2570 4588 tenuit,
2591 4523 2726 4576 dum
2749 4523 2818 4578 ad
2836 4524 3148 4594 spiritalem
3161 4525 3282 4594 ejus
3301 4523 3616 4594 intelligen-

347 4615 470 4662 erat
483 4625 607 4679 quae
624 4611 917 4679 apparuit;
955 4610 1160 4665 veritas
1190 4615 1382 4666 manet
1399 4627 1640 4682 semper,
1672 4617 1739 4666 ut
1756 4629 1935 4682 quan-
2018 4609 2155 4664 tiam
2185 4611 2373 4664 oculos
2393 4611 2613 4681 aperire
2625 4612 2897 4683 neglexit;
2923 4613 3072 4667 hunc
3093 4613 3296 4684 quiain
3317 4629 3484 4666 carne
3517 4612 3616 4666 hu-

345 4705 469 4750 tum
497 4695 735 4750 interest
755 4697 905 4750 inter
937 4699 1238 4769 imaginem
1269 4706 1328 4754 et
1363 4699 1678 4766 veritatem,
1712 4705 1936 4756 tantum
2017 4699 2170 4752 mani
2208 4699 2456 4770 corporis
2485 4700 2758 4755 latentem
2797 4701 2987 4756 videre
3013 4703 3194 4756 Deum
3221 4701 3421 4766 noluit,
3455 4702 3612 4772 quasi

346 4783 972 4854 intersitintergloriam
985 4789 1171 4842 vultus
1190 4789 1369 4860 Moysi
1386 4795 1443 4843 et
1455 4789 1692 4860 gloriam
1708 4791 1932 4846 Christi.
2017 4788 2078 4842 in
2107 4788 2400 4843 divinitate
2431 4790 2646 4844 nudum
2673 4791 2993 4862 conspicere
3013 4791 3370 4862 contempsit.
3387 4790 3498 4844 Sed
3515 4806 3616 4844 nu-

347 4873 476 4928 ldeo
487 4873 1774 4946 supradixitpropterercettentemgloriam:illa
1785 4879 1936 4933 enim
2019 4877 2125 4932 dus
2151 4877 2220 4931 de
2250 4885 2411 4932 utero
2451 4880 2650 4934 matris
2680 4879 2833 4947 exiit,
2873 4881 3007 4952 quia
3036 4897 3071 4934 a
3112 4881 3421 4952 Synagogae
3449 4895 3615 4934 carne

347 4967 506 5017 tanta
519 4967 641 5017 erat
653 4961 854 5034 gloria,
873 4969 1085 5032 quanta
1099 4963 1290 5020 debuit
1304 4965 1456 5020 credi
1469 4983 1628 5021 servo
1648 4986 1660 5033 ;
1683 4966 1798 5022 haec
1808 4985 1938 5022 vero

343 5055 522 5116 tanta,
539 5055 754 5122 quanta
771 5054 856 5105 est
877 5049 1150 5120 genitoris
1171 5053 1314 5123 ejus,
1340 5054 1475 5126 quia
1492 5057 1760 5110 Dominus
1782 5057 1937 5111 Jesus

344 5142 410 5193 in
419 5141 603 5208 gloria
612 5145 689 5194 est
701 5141 796 5194 Dei
815 5138 1000 5193 Patris
1017 5139 1192 5194 :sicut
1209 5142 1362 5196 enim
1379 5160 1606 5214 vespere
1621 5145 1794 5200 stellae
1812 5146 1935 5216 glo-

283 5285 292 5292 ,
345 5227 508 5282 riosae
521 5233 672 5293 sunt,
691 5227 908 5282 oriente
941 5233 1132 5283 autem
1148 5229 1266 5283 sole
1281 5237 1584 5286 evacuatur
1607 5250 1804 5289 earum
1819 5235 1934 5288 cla-

347 5314 502 5380 ritas,
534 5315 616 5370 ita
630 5320 688 5370 et
715 5315 892 5386 Moysi
919 5315 1100 5386 gloria
1110 5323 1412 5372 evacuatur
1431 5327 1736 5392 apparente
1755 5323 1936 5392 gloria

343 5402 576 5456 Christi.
589 5403 854 5458 Habentes
864 5407 1043 5472 igitur
1054 5408 1216 5459 talem
1230 5422 1395 5475 spem,
1411 5412 1591 5464 multa
1601 5412 1806 5477 ﬁducia
1819 5415 1938 5465 uti-

351 5506 496 5543 mur.
513 5492 678 5563 Spem
701 5489 908 5548 habere.
930 5509 1031 5546 nos
1047 5493 1183 5548 dicit
1193 5494 1413 5550 videndi
1443 5497 1700 5565 gloriam.
1718 5515 1829 5553 non
1847 5504 1933 5553 ta-

2020 4966 2283 5038 prodiens
2299 4969 2714 5040 conspicuusad
2749 4975 2948 5040 gentes
2967 4969 3140 5024 venit.
3173 4969 3334 5034 Quod
3357 4967 3497 5022 bene
3525 4969 3616 5022 Jo-

2019 5055 2155 5127 seph
2173 5056 2366 5111 relicto
2382 5057 2550 5128 pallio
2572 5057 2820 5129 fugiente
2842 5058 3128 5129 signatum
3148 5063 3232 5113 est
3267 5076 3277 5110 :
3305 5059 3440 5112 dum
3458 5057 3614 5112 enim

2019 5144 2224 5199 mulier
2251 5145 2508 5201 adultera
2535 5147 2680 5202 male
2709 5147 2805 5202 illo
2833 5147 2919 5202 uti
2935 5148 3219 5214 voluisset,
3233 5147 3427 5202 relicto
3445 5146 3614 5218 pallio

2016 5233 2162 5303 fugit
2175 5233 2343 5302 foras,
2363 5235 2497 5308 quia
2508 5237 2642 5290 dum
2661 5253 2949 5309 synagoga
2960 5238 3266 5292 Dominum
3283 5251 3489 5309 purum
3517 5236 3616 5289 ho-

2017 5321 2229 5378 minem
2248 5325 2481 5380 credens
2497 5325 2658 5397 quasi
2682 5325 3000 5380 adulterino
3018 5327 3312 5398 complexu
3341 5323 3617 5380 constrin‘

2017 5428 2150 5482 gere
2171 5413 2364 5480 voluit,
2405 5413 2526 5486 ipse
2546 5419 2774 5485 tegmen
2793 5415 2996 5470 litterae
3013 5417 3135 5486 ejus
3163 5415 3338 5470 oculis
3363 5413 3610 5486 reliquit,

2019 5505 2078 5555 et
2095 5501 2165 5554 ad
2195 5503 2636 5572 cognoscendam
2666 5503 2974 5558 divinitatis
3005 5521 3118 5559 suae
3147 5503 3456 5576 potentiam
3486 5519 3614 5558 cou-
