4034 6162
362 342 440 394 iii
774 337 1347 392 ENARRATIONUM
1388 340 1463 392 IN
1503 339 1655 393 ΕΡΡ.
1702 342 1909 395 PAULI
1954 343 2089 395 LIB.
2134 342 2253 394 X1].
2292 372 2354 381 —
2386 343 2461 397 IN
2492 345 2713 398 EPIST.
2748 345 2798 397 ll
2838 344 2933 397 Al)
2974 346 3138 400 L‘OR.

3494 343 3593 397 ΠΒ

352 468 574 538 spicuum
600 481 656 517 se
681 463 947 534 gentibus
962 462 1216 534 Ρηῡῦυίῐο
1247 464 1405 517 Ullde
1426 471 1482 518 et
1503 465 1709 519 P11111118
1728 466 1863 520 diCit
1896 486 1906 519 ε
1926 471 1977 529 Α
1992 474 2217 541 specula
2230 472 2299 525 de
2319 472 2479 540 cujus
2499 469 2797 523 altitudine
2812 469 3032 538 longius
3048 469 3260 540 aliquid
3280 471 3585 535 intuemur,

353 558 496 624 [sque
522 555 670 607 hodie
708 555 844 606 dum
879 555 1081 619 legitur
1108 554 1332 619 Moyses,
1368 557 1611 607 velamen
1648 561 1723 608 est
1747 572 1912 624 super
1995 560 2165 614 etiam
2182 577 2318 614 sono
2346 558 2495 612 verbi
2514 558 2704 623 distat,
2728 563 2792 611 ut
2810 558 3038 611 omnino
3056 559 3305 631 satisque
3321 568 3593 632 appareat

348 660 423 698 eor
448 658 642 706 eorum,
674 641 808 713 quia
838 640 1093 695 videlicet
1124 641 1380 695 adultera
1410 642 1613 696 mulier
1642 644 1788 714 apud
1821 662 1909 697 se-

347 732 609 802 metipsam
632 730 867 801 pallium
884 729 1085 793 tenuit,
1105 735 1164 784 et
1190 747 1358 817 quem
1379 730 1524 785 male
1545 732 1791 789 tenebat.
1813 749 1912 787 nu-

344 822 455 875 dum
470 820 670 874 amisit.
696 819 836 883 Quia
858 835 991 887 ergo
1003 835 1038 872 a
1058 819 1356 889 Synagoga
1368 820 1614 887 veniens,
1634 821 1763 874 ﬁdei
1778 838 1913 891 gen-

342 911 462 963 tium
491 909 817 979 conspicuus
862 907 1143 979 apparuit,
1187 925 1251 961 ex
1290 914 1451 962 utero
1489 909 1686 964 matris
1728 910 1910 965 nudus

341 999 469 1052 i‘Xiit.

396 1090 519 1142 Cum
545 1094 735 1141 autem
757 1103 1047 1140 conversus
1066 1088 1240 1154 fuerit
1260 1089 1334 1140 ad
1361 1090 1678 1153 Dominum,
1697 1091 1908 1157 aufere-

339 1180 684 1229 turrelamen.
705 1175 1210 1244 lAmbr.)Converti
1237 1175 1307 1229 ad
1342 1176 1665 1242 Dominum,
1684 1178 1783 1230 hoc
1799 1184 1901 1243 est,

334 1265 533 1319 credere
549 1265 607 1318 in
632 1265 939 1331 Christum,
962 1271 1026 1318 ut
1044 1281 1350 1334 agnoscens
1365 1265 1667 1319 Dominum
1686 1267 1903 1320 veniam

337 1360 593 1408 mereatur
623 1354 893 1424 accipere,
936 1354 1040 1407 hoc
1076 1360 1178 1419 est,
1220 1353 1426 1407 auferri
1463 1354 1736 1419 velamen,
1776 1373 1903 1410 sen-

334 1444 541 1496 tentiam
573 1443 853 1507 evacuari,
878 1460 990 1513 qua
1007 1442 1305 1496 tenebatur
1331 1459 1462 1496 rcus
1489 1442 1592 1497 sub
1620 1444 1759 1513 lege.

392 1534 586 1584 Domim
598 1548 664 1584 us
694 1537 877 1585 autem
904 1530 1151 1601 Spiritus
1180 1537 1253 1584 est
1279 1550 1294 1584 :
1318 1533 1416 1584 ubi
1445 1538 1629 1585 autem
1658 1534 1903 1601 Spiritus

330 1621 530 1672 Domini
554 1622 640 1673 ibi
670 1621 912 1673 libertas.
938 1620 1215 1684 Quoniam
1238 1620 1387 1673 Deus
1406 1621 1638 1691 spiritus
1667 1630 1769 1685 est,
1803 1638 1904 1692 per

327 1708 585 1761 Christum
621 1708 804 1778 legem
842 1708 999 1761 dedit
1031 1708 1281 1779 spiritus,
1321 1726 1432 1763 non
1465 1710 1670 1762 litteris
1706 1710 1901 1781 utique

1993 650 2324 720 Apostolum
2353 648 2423 702 ab
2454 647 2677 717 speculo
2708 662 2821 700 non
2859 645 2928 700 ab
2958 648 3183 716 specula
3217 647 3440 714 dixisse,
3470 652 3592 717 glo—

1994 741 2139 790 riam
2176 740 2399 792 Domini
2425 739 2777 805 speculantes.
2796 734 2957 799 Quod
2977 752 3107 789 vero
3138 736 3237 802 ait,
3256 739 3319 789 in
3345 739 3587 791 eamdem

1994 829 2295 893 imaginem
2312 826 2807 892 transformamur,
2824 822 3018 894 utique
3034 824 3339 894 imaginem
3358 825 3460 879 Dei
3473 826 3589 880 vult

1991 914 2250 982 intelligi,
2292 913 2547 967 eamdem
2587 912 2796 978 dicens,
2842 912 3008 966 istam
3046 913 3224 983 ipsam
3263 912 3494 979 scilicet,
3533 914 3587 966 id

1992 1008 2095 1067 est,
2130 1020 2297 1073 quam
2329 1002 2700 1072 speculamur,
2718 1000 2854 1071 quia
2866 1001 3063 1055 eadem
3075 1001 3264 1072 imago
3280 1006 3367 1056 est
3392 1006 3451 1055 et
3466 1001 3590 1071 glo-

1990 1092 2076 1145 ria
2124 1092 2243 1157 Dei,
2276 1091 2420 1145 sicut
2457 1089 2589 1143 alibi
2633 1088 2769 1142 dicit
2813 1090 2870 1159 (1
2905 1092 3027 1145 ﬂor.
3062 1095 3137 1158 Kl)
3174 1107 3187 1146 :
3234 1092 3324 1144 Vir
3368 1092 3584 1160 quidem

1990 1197 2099 1233 non
2126 1182 2270 1234 debet
2300 1184 2478 1233 celare
2509 1184 2690 1247 caput,
2721 1195 2846 1232 cum
2876 1182 2947 1232 sit
2976 1182 3161 1245 imago
3180 1185 3227 1233 et
3255 1182 3438 1247 gloria
3467 1181 3582 1234 Dei.

1987 1270 2476 1323 Transformamur
2504 1284 2636 1337 ergo
2657 1268 2798 1321 dixit
2812 1268 2882 1321 de
2897 1267 3078 1321 forma
3105 1268 3163 1321 in
3193 1268 3451 1333 formam,
3470 1284 3590 1323 mu-

1986 1366 2177 1412 tamur
2194 1363 2363 1428 atque
2382 1357 2687 1411 transimus
2716 1357 2785 1410 de
2808 1357 2987 1410 forma
3008 1356 3245 1411 obscura
3272 1356 3331 1411 in
3347 1356 3585 1412 formam

1987 1447 2250 1513 lucidam,
2285 1447 2418 1517 quia
2444 1452 2503 1500 et
2526 1446 2650 1517 ipsa
2678 1445 2913 1499 obscura
2942 1445 3128 1515 imago
3168 1446 3270 1499 Dei
3306 1450 3410 1512 est,
3455 1452 3512 1499 et
3539 1446 3585 1499 si

1986 1537 2191 1605 imago,
2225 1534 2471 1606 profecto
2500 1535 2671 1588 etiam
2700 1534 2882 1605 gloria
2910 1534 2970 1587 in
2999 1550 3112 1605 qua
3126 1534 3384 1589 homines
3411 1534 3588 1588 creati

1985 1642 2180 1678 sumus
2197 1630 2525 1694 praestantes
2544 1623 2759 1677 caeteris
2778 1622 3135 1677 animalibus.
3151 1623 3231 1677 De
3244 1624 3369 1694 ipsa
3381 1622 3589 1695 quippe

1984 1720 2190 1767 natura
2216 1713 2465 1766 humana
2491 1712 2704 1766 dictum
2744 1720 2829 1765 est
2863 1729 2874 1763 :
2922 1713 3011 1765 Vir
3041 1713 3263 1780 quidem
3297 1728 3409 1765 non
3440 1712 3589 1765 debet

325 1797 585 1867 scriptam,
610 1798 711 1850 sed
739 1814 841 1867 per
857 1798 1024 1850 ﬁdem
1045 1797 1248 1851 animis
1268 1798 1617 1865 intimatam;
1647 1815 1758 1852 non
1779 1816 1903 1869 quae
1923 1787 2165 1855 Beelare
2195 1807 2373 1869 caput,
2407 1817 2531 1855 cum
2571 1804 2646 1854 sit
2676 1804 2859 1868 imago
2889 1805 2937 1853 et
2960 1802 3143 1867 gloria
3171 1801 3288 1866 Dei,
3332 1815 3456 1870 qua:
3486 1816 3587 1853 na-

324 1885 539 1939 visibilia
554 1886 776 1951 doceat,
795 1886 893 1939 sed
910 1886 1209 1940 invisibilia
1219 1886 1369 1940 credi
1388 1886 1770 1959 suadeat,quze
1787 1889 1904 1941 ani-

323 1991 431 2027 mus
444 1975 778 2045 spiritaliter
794 1975 1038 2044 colligat,
1064 1992 1174 2029 non
1196 1992 1319 2045 quae
1334 1977 1527 2029 oculus
1544 1983 1737 2031 cernat
1756 1995 1766 2029 :
1788 1978 1903 2031 haec

320 2065 393 2117 lex
418 2063 868 2129 datlibertatem,
889 2064 1066 2117 solam
1088 2065 1256 2118 ﬁdem
1274 2081 1524 2135 poscens,
1544 2072 1608 2119 ut
1627 2066 1759 2136 quia
1780 2083 1902 2138 quae

318 2169 416 2206 non
440 2153 585 2206 videt
616 2154 815 2217 credit,
850 2154 921 2206 de
949 2153 1266 2207 conditione
1306 2154 1426 2207 erui
1458 2162 1759 2209 mereatur.
1792 2156 1901 2209 Sed

317 2241 453 2294 nulla
471 2248 552 2295 est
584 2241 818 2294 libertas
846 2241 904 2295 in
934 2242 1097 2312 culpa
1112 2242 1247 2312 quia
1272 2242 1541 2313 scriptum
1560 2250 1662 2309 est,
1682 2242 1776 2297 ubi
1792 2245 1901 2315 spi-

316 2329 441 2381 ritus
488 2330 719 2383 Domini
755 2328 832 2382 ibi
871 2328 1119 2383 libertas.
1152 2331 1258 2384 Nos
1286 2346 1409 2383 vero
1436 2347 1634 2396 omnes,
1663 2335 1898 2387 revelata

311 2418 455 2483 facie,
473 2422 721 2485 gloriam
744 2419 843 2473 Dei
861 2422 1217 2487 speculantes,
1241 2422 1303 2472 in
1328 2420 1571 2472 eamdem
1602 2423 1901 2489 imaginem

314 2509 802 2573 transformamur,
821 2523 855 2560 α
871 2510 1123 2561 claritate
1147 2510 1205 2561 in
1236 2510 1566 2571 claritatem,
1584 2514 1847 2578 tanquam
1864 2527 1900 2564 a

312 2596 524 2649 Drmiini
551 2599 787 2665 spiritu.
821 2597 938 2649 Nos
965 2596 1101 2650 dicit
1118 2613 1333 2662 omnes,
1356 2596 1452 2667 qui
1472 2597 1790 2651 libertatem
1812 2615 1901 2652 su-

307 2700 421 2736 mus
447 2684 738 2738 consecuti
770 2684 918 2738 dono
946 2685 1142 2754 gratiae
1159 2686 1279 2749 Dei,
1298 2686 1537 2755 gloriam
1558 2687 1780 2740 Domini
1803 2705 1903 2758 per

306 2772 459 2825 ﬁdem
489 2774 871 2844 speculantes,
904 2774 975 2827 ad
1004 2775 1261 2849 eamdem
1292 2775 1598 2845 imaginem
1631 2776 1899 2830 transfor-

304 2863 455 2928 mari,
486 2879 667 2933 quam
692 2879 1004 2933 speramus,
1028 2863 1083 2916 id
1105 2870 1207 2929 est,
1234 2869 1299 2917 ut
1316 2864 1529 2917 similes
1550 2865 1903 2951 inveniamu‘r

304 2958 575 3004 transacta
609 2952 715 3005 hac
742 2952 857 3005 vita
896 2952 1129 3022 imagini
1157 2953 1351 3022 gloriae
1381 2954 1607 3021 Christi,
1641 2954 1787 3008 sicut
1813 2954 1899 3007 di-

298 3041 367 3093 cit
384 3041 637 3094 Joannes
657 3041 977 3111 apostolus:
1002 3040 1235 3107 Scimus,
1258 3042 1458 3112 inquit,
1481 3046 1613 3111 quia
1644 3060 1764 3097 cum
1800 3059 1898 3112 ap-

1983 1897 2114 1944 tura
2130 1890 2186 1944 in
2205 1889 2370 1943 rebus
2395 1889 2598 1944 creatis
2614 1888 3081 1943 excellentissima
3102 1905 3228 1942 cum
3252 1905 3287 1941 a
3300 1904 3404 1942 suo
3423 1888 3589 1942 Crea-

1983 1985 2105 2032 tore
2135 1977 2205 2031 ab
2236 1979 2527 2049 impietate
2551 1978 2912 2047 justiﬁcatur,
2946 1993 2981 2030 a
3010 1976 3245 2030 deformi
3284 1976 3436 2030 fama
3472 1975 3586 2031 for-

1984 2084 2201 2121 mosam
2227 2067 2663 2121 transformatur
2681 2067 2741 2120 in
2770 2066 3028 2131 formam,
3069 2071 3155 2119 est
3192 2065 3398 2136 quippe
3436 2072 3493 2119 et
3529 2066 3584 2118 in

1984 2157 2104 2227 ipsa
2122 2157 2413 2227 impietate
2431 2162 2641 2226 quanto
2658 2155 2837 2225 magis
2850 2154 3171 2208 damnabile
3185 2154 3403 2217 vitium,
3426 2160 3586 2208 tanto

1983 2246 2191 2299 certius
2223 2252 2427 2299 natura
2456 2243 2772 2308 laudabilis,
2806 2250 2863 2297 et
2891 2249 3120 2313 propter
3147 2242 3251 2296 hoc
3280 2242 3499 2296 addidit
3522 2245 3587 2296 de

1983 2337 2164 2401 gloria
2184 2337 2243 2387 in
2260 2337 2523 2402 gloriam,
2545 2333 2613 2386 de
2625 2332 2807 2403 gloria
2826 2330 3126 2385 creationis
3155 2330 3213 2384 in
3233 2330 3473 2399 gloriam
3488 2330 3583 2399 ju-

1981 2422 2351 2476 stiﬁcationis.
2386 2422 2650 2486 Quamvis
2670 2422 2847 2491 possit
2874 2420 2977 2474 hoc
3005 2425 3062 2473 et
3081 2419 3207 2472 aliis
3221 2418 3404 2474 modis
3418 2418 3586 2472 intel-

1982 2512 2100 2583 ligi,
2132 2512 2279 2582 quod
2306 2511 2517 2565 dictum
2550 2516 2636 2563 est
2664 2512 2727 2564 de
2747 2513 2931 2578 gloria
2947 2511 3010 2563 in
3025 2511 3268 2577 gloriam
3280 2526 3298 2571 ;
3324 2507 3394 2561 de
3409 2506 3589 2576 gloria

1983 2601 2113 2654 ﬁdei
2142 2601 2199 2654 in
2225 2600 2465 2670 gloriam
2504 2598 2729 2670 speciei,
2762 2599 2831 2651 de
2856 2596 3057 2667 gloria,
3093 2613 3204 2667 qua
3232 2596 3334 2650 ﬁlii
3362 2596 3464 2650 Dei
3488 2612 3583 2649 su-

1984 2707 2129 2756 mus,
2162 2690 2220 2743 in
2247 2690 2485 2759 gloriam
2518 2706 2629 2760 qua
2657 2688 2870 2741 similes
2900 2686 2951 2739 ei
2972 2686 3183 2739 erimus
3215 2685 3483 2755 quoniam
3504 2684 3585 2736 vi-

1984 2778 2242 2832 debimus
2268 2794 2398 2831 eum
2436 2777 2599 2831 sicuti
2638 2782 2741 2829 est.
2781 2774 2939 2839 Quod
2985 2772 3423 2842 verovadjunxit,
3457 2777 3583 2825 tan-

1984 2882 2151 2935 quam
2182 2884 2218 2920 a
2249 2868 2471 2919 Domini
2513 2868 2740 2933 spiritu,
2773 2862 3019 2917 ostendit
3059 2860 3247 2931 gratia
3276 2860 3380 2914 Dei
3424 2858 3586 2914 nobis

1982 2955 2221 3009 conferri
2240 2961 2357 3008 tam
2389 2952 2651 3024 Optabilis
2674 2949 3187 3006 transformationis
3216 2947 3447 3002 bonum.
3482 2948 3588 3001 Ve-

1981 3060 2107 3097 rum
2136 3044 2253 3097 hinc
2281 3044 2451 3113 hujus
2470 3041 2734 3111 imaginis
2755 3047 2840 3094 est
2857 3039 3081 3110 quando
3104 3055 3229 3109 quae
3246 3037 3437 3093 futura
3455 3053 3587 3108 per-

296 3133 561 3196 paruerit,
602 3133 815 3183 similes
843 3134 895 3183 ei
922 3132 1130 3183 erimus
1163 3132 1213 3197 (Ι
1240 3133 1400 3184 Joan.
1430 3136 1523 3200 Ill).
1548 3131 1592 3187 Α
1622 3135 1803 3199 gloria
1838 3135 1898 3186 in
1919 3133 2145 3211 Cfectio
2175 3133 2245 3186 ad
2286 3132 2427 3185 hanc
2465 3130 2917 3201 consequendam
2955 3145 3056 3182 nos
3093 3126 3281 3181 erudit
3316 3125 3585 3196 Magister

294 3221 549 3285 gloriam,
582 3222 731 3271 sicut
761 3236 795 3271 a
814 3222 1043 3273 Domini
1060 3222 1287 3288 spiritu,
1321 3219 1375 3273 id
1398 3226 1484 3273 est
1506 3220 1711 3274 sublati
1738 3220 1902 3274 bene-

296 3306 412 3358 ﬁcio
440 3307 545 3361 Dei
575 3308 778 3377 gloriae
815 3309 994 3379 Moysi
1033 3325 1202 3379 quam
1242 3316 1430 3363 reatus
1467 3306 1636 3363 causa
1672 3326 1901 3363 cernere

294 3395 690 3466 nequibamus,
719 3397 1191 3451 transformamur
1208 3398 1278 3450 ad
1297 3398 1557 3466 gloriam,
1590 3415 1759 3469 quam
1780 3415 1901 3451 cre-

292 3484 468 3537 dimus
492 3485 627 3538 dari
659 3484 818 3539 nobis
848 3502 883 3539 a
916 3486 1137 3539 Domini
1175 3486 1387 3556 Spiritu
1433 3505 1444 3538 ε
1485 3493 1707 3541 tantum
1748 3488 1899 3541 enim

289 3572 510 3627 dabitur
532 3574 755 3643 gloriae,
792 3580 1068 3644 quantum
1097 3575 1332 3643 dignum
1349 3583 1436 3628 est
1450 3576 1585 3628 dare
1608 3577 1785 3629 Deum
1801 3593 1902 3646 per

290 3662 548 3731 spiritum
582 3679 777 3716 suum.
797 3663 930 3716 Ideo
946 3663 1097 3717 enim
1129 3663 1287 3729 dixit,
1311 3670 1452 3718 sicut
1482 3681 1517 3717 a
1550 3666 1775 3718 Domini
1792 3669 1900 3733 spi-

291 3754 418 3813 ritu,
453 3759 517 3806 ut
550 3752 885 3806 ostenderet
900 3752 1071 3806 talem
1093 3752 1333 3822 gloriam
1350 3753 1489 3820 dari,
1512 3770 1633 3823 quin
1645 3753 1899 3807 sublimi-

288 3840 383 3893 tati
414 3846 707 3911 congruat
736 3841 943 3895 dantis.
979 3841 1186 3912 Moysis
1220 3842 1370 3895 enim
1398 3842 1582 3911 gloria
1609 3859 1709 3895 nec
1742 3849 1901 3897 tanta

287 3927 402 3997 fuit,
436 3947 543 3984 nec
578 3930 867 4001 perennis,
901 3947 1001 4000 pro
1032 3931 1196 3984 modo
1228 3931 1378 3984 enim
1408 3931 1548 4001 legis
1575 3938 1631 3985 et
1659 3932 1898 4000 gloriam

291 4021 565 4090 percepit:
598 4020 682 4073 ita
697 4026 754 4073 et
774 4036 875 4090 pro
894 4020 1060 4072 modo
1092 4019 1231 4090 legis
1262 4020 1411 4085 ﬁdei,
1440 4020 1499 4074 in
1535 4037 1647 4091 qua
1667 4020 1897 4091 spiritus

291 4106 376 4160 Dei
393 4116 500 4173 est,
520 4108 758 4161 dabitur
770 4107 951 4177 gloria
968 4108 1341 4169 credentibus.
1360 4115 1582 4163 tantum
1606 4110 1757 4163 enim
1772 4126 1897 4162 con-

284 4198 444 4250 cessit
461 4197 627 4251 Deus
661 4196 937 4261 ﬁdelibus,
972 4204 1036 4251 ut
1063 4197 1324 4268 spiritum
1354 4215 1519 4252 suum
1553 4198 1647 4252 det
1674 4198 1773 4259 eis,
1809 4199 1895 4269 pi-

280 4302 419 4353 gnus
467 4286 633 4339 illius
682 4286 877 4355 gloriae
924 4302 1091 4356 quam
1151 4287 1425 4357 promisit.
1488 4286 1675 4355 (Aug.)
1744 4289 1892 4341 Vide-

285 4390 398 4427 mus
453 4391 637 4438 nunc,
687 4374 893 4445 inquit,
958 4392 1060 4443 per
1124 4380 1404 4444 speculum
1466 4380 1527 4429 in
1583 4380 1889 4443 .‘enigmatc,

1983 3222 2162 3275 bonus
2193 3221 2302 3274 ﬁde
2334 3220 2675 3283 Christiana,
2708 3218 3047 3289 pietatisque
3077 3215 3352 3282 doctrina,
3393 3220 3460 3269 ut
3495 3231 3586 3267 re-

1984 3311 2165 3364 velata
2192 3311 2331 3364 facie
2360 3327 2396 3363 a
2418 3310 2557 3379 legis
2587 3308 2880 3372 velamine,
2912 3306 3061 3377 quod
3091 3312 3179 3358 est
3205 3303 3406 3358 umbra
3428 3303 3585 3358 futu-

1985 3416 2177 3454 rorum
2235 3391 2476 3469 gloriam
2536 3397 2761 3451 Domini
2805 3396 3176 3466 speculantes,
3229 3394 3291 3446 in
3329 3391 3584 3446 eamdem

1983 3489 2289 3558 imaginem
2320 3487 2804 3550 transformemur,
2823 3486 2892 3538 de
2910 3483 3093 3554 gloria
3113 3483 3171 3535 in
3198 3482 3437 3551 gloriam
3457 3487 3583 3535 tan-

1984 3594 2151 3647 quam
2184 3595 2217 3631 a
2248 3576 2471 3630 Domini
2501 3575 2722 3646 spiritu.
2758 3576 2822 3629 ln
2852 3590 2964 3644 qua
2983 3572 3136 3625 enim
3164 3570 3303 3624 facie
3330 3570 3583 3623 velamen

1982 3665 2193 3719 habent
2208 3665 2403 3729 Judzei,
2422 3681 2533 3718 non
2553 3663 2896 3717 transeundo
2909 3661 2979 3714 ad
2996 3660 3303 3724 Christum,
3318 3658 3583 3728 quoniam

1981 3770 2109 3807 cum
2128 3753 2419 3807 transierit
2446 3752 2680 3822 quisque
2706 3750 2775 3803 ad
2800 3749 3107 3809 Christum,
3129 3745 3417 3800 auferetur
3431 3745 3581 3799 vela-

1983 3859 2132 3908 men,
2179 3858 2245 3895 ea
2282 3858 2382 3894 nos
2418 3840 2557 3893 facie
2596 3839 2843 3891 revelata
2876 3837 2932 3890 in
2976 3834 3234 3889 eamdem
3276 3832 3582 3902 imaginem

1982 3931 2471 3985 transformamur.
2515 3926 2885 3999 Apertissime
2921 3930 3113 3979 autem
3154 3922 3309 3988 dicit,
3339 3925 3585 3976 velamen

1978 4036 2143 4089 super
2174 4036 2265 4073 cor
2294 4035 2483 4072 eorum
2522 4020 2763 4087 positum
2796 4021 2889 4070 est.
2924 4014 3006 4069 Ibi
3050 4019 3137 4067 est
3176 4012 3351 4081 igitur
3391 4010 3580 4076 facies,

1980 4126 2091 4179 qua
2121 4110 2367 4162 revelata
2398 4124 2546 4161 nunc
2581 4108 2641 4160 in
2685 4106 2812 4169 ﬁde,
2859 4102 3112 4175 quamvis
3159 4118 3259 4172 per
3293 4101 3580 4170 speculum

1979 4205 2037 4251 et
2063 4198 2123 4251 in
2170 4197 2488 4266 aenigmate.
2530 4202 2882 4259 contuemur,
2928 4198 3062 4246 tunc
3099 4197 3290 4245 autem
3325 4188 3463 4243 facie
3512 4190 3578 4244 ad

1936 4346 1941 4349 η
1975 4287 2192 4341 faciem.

2597 4392 2830 4445 CAPUT
2860 4390 2952 4444 IV.

283 4468 411 4515 tunc
451 4468 651 4516 autem
714 4466 855 4530 facie
895 4465 969 4517 ad
1010 4467 1208 4532 faciem
1268 4468 1319 4531 (Ι
1363 4467 1483 4519 Cor.
1534 4471 1667 4535 xm).
1720 4466 1895 4529 Quale

1982 4485 2330 4537 Commendat
2360 4486 2644 4551 Apostolus
2659 4480 3040 4551 ministerium
3066 4475 3208 4529 Novi
3233 4474 3573 4551 Testamenti.

280 4552 347 4603 sit
374 4552 481 4605 hoc
524 4552 844 4621 speculum,
889 4560 945 4605 et
983 4553 1133 4623 quod
1172 4553 1247 4606 sit
1291 4555 1338 4607 si
1386 4572 1722 4625 quazramus,
1766 4572 1895 4626 pro-
2050 4560 2096 4608 et
2117 4544 2480 4623 quantumad
2499 4556 2867 4620 operationem
2890 4549 3018 4600 boni
3033 4550 3083 4598 et
3102 4548 3380 4613 quantum
3405 4544 3480 4595 ad
3505 4548 3578 4594 to-

282 4638 418 4692 fecto
462 4640 615 4693 illud
653 4642 914 4705 occurrit,
955 4642 1101 4711 quod
1148 4643 1358 4713 speculi
1409 4644 1518 4697 nisi
1559 4644 1746 4713 imago
1784 4661 1895 4698 non
2052 4628 2352 4679 ίσναηίίαυι
2380 4627 2539 4677 ma”-

279 4729 556 4794 cernitur,
590 4729 696 4782 hoc
719 4746 852 4798 ergo
881 4728 1063 4787 facere
1092 4732 1278 4785 conati
1302 4748 1515 4797 sumus,
1534 4738 1599 4785 ut
1627 4749 1727 4802 per
1753 4734 1895 4787 hanc
2050 4734 2168 4787 Ideo
2198 4733 2451 4785 habentes
2479 4731 2624 4783 hanc
2650 4727 3201 4782 administrationem
3225 4725 3394 4790 juxta
3435 4720 3578 4788 quod

282 4815 595 4887 imaginem
626 4818 775 4888 quod
817 4834 920 4872 nos
960 4836 1153 4874 sumus
1196 4820 1511 4875 videremus
1548 4827 1831 4893 utcunque
1861 4840 1894 4877 a
1976 4821 2416 4875 misericordiam
2432 4819 2704 4873 consecuti
2713 4808 3575 4882 sumus,nondeﬁcimus.(Amb.)

277 4921 380 4974 quo
410 4906 555 4960 facti
590 4922 805 4971 sumus,
839 4914 1108 4979 tanquam
1139 4926 1240 4979 per
1258 4911 1566 4981 speculum.
1591 4912 1706 4964 Hoc
1724 4911 1894 4982 signi-
1974 4912 2211 4965 Tantam
2238 4927 2395 4981 spem
2426 4908 2562 4962 dicit
2599 4902 3106 4960 administrationis
3143 4900 3329 4969 hujus,
3370 4904 3435 4952 ut
3465 4913 3575 4951 non

278 4993 399 5048 ﬁcat
434 4995 625 5048 etiam
655 4995 795 5049 illud
824 4996 973 5065 quod
1002 4998 1083 5050 ait
1112 4998 1260 5051 idem
1287 5001 1573 5069 apostolus
1608 5018 1618 5053 :
1657 5002 1764 5055 ,νος
1792 5008 1923 5055 au-‘
1974 5001 2197 5054 deﬁciat
2220 5000 2279 5053 in
2301 4998 2578 5070 pressuris
2598 4994 2966 5057 confortatus,
2991 4992 3038 5045 si
3055 4991 3124 5044 de
3140 4987 3575 5060 promissionum

277 5090 373 5137 tem
428 5087 685 5138 revelata
721 5086 864 5151 facie
906 5088 1147 5153 gloriam
1193 5090 1420 5141 Domini
1461 5093 1796 5157 speculantes
1827 5093 1884 5143 in

276 5175 523 5226 eamdem
556 5176 864 5240 imaginem
887 5176 1365 5243 transformamur
1393 5179 1456 5229 de
1484 5182 1665 5245 gloria
1696 5183 1757 5232 in
1778 5183 1888 5247 glo-

276 5263 437 5325 riam,
459 5268 745 5331 tanquam
775 5278 810 5315 a
842 5265 1067 5317 Domini
1094 5267 1320 5332 spiritu.
1343 5266 1706 5336 Speculantes
1725 5268 1882 5333 dixit,

277 5366 369 5416 per
388 5351 698 5421 speculum
712 5351 983 5418 videntes,
1001 5370 1113 5407 non
1130 5353 1200 5406 de
1220 5355 1447 5424 specula
1460 5356 1881 5427 prospicientes,

274 5439 416 5507 quod
448 5440 515 5494 in
553 5439 749 5495 Graeca
770 5441 965 5510 lingua
993 5458 1105 5495 non
1148 5449 1235 5495 est
1273 5443 1622 5514 ambiguum,
1648 5444 1796 5499 unde
1825 5446 1884 5500 in

276 5526 541 5583 Latinam
576 5527 827 5600 linguam
866 5531 1151 5589 translatae
1191 5532 1507 5602 apostolicae
1545 5533 1773 5601 litterae;
1807 5534 1882 5589 ibi

275 5615 479 5687 quippe
510 5619 805 5687 speculum
836 5617 931 5670 ubi
963 5626 1237 5688 apparent
1264 5620 1538 5687 imagines
1570 5639 1779 5681 rerum,
1815 5624 1883 5676 ab

1972 5090 2190 5155 solatio,
2224 5090 2373 5144 unde
2403 5086 2661 5158 superius
2689 5084 2845 5147 dicit,
2879 5081 3060 5135 multa
3086 5077 3290 5132 fiducia
3330 5079 3527 5129 utatur
3560 5091 3571 5139 ς

1971 5180 2207 5232 ﬁdentes
2232 5179 2383 5232 enim
2416 5178 2474 5230 in
2508 5176 2595 5229 his
2633 5191 2757 5245 qua:
2784 5171 3061 5243 promissa
3108 5172 3259 5231 sunt,
3302 5162 3573 5235 quidquid

1970 5268 2266 5321 adversum
2310 5266 2595 5327 acciderit,
2644 5263 2912 5325 tolerant,
2964 5256 3111 5329 quod
3155 5270 3271 5308 non
3312 5252 3575 5308 humanis

1970 5356 2188 5410 meritis
2207 5356 2459 5426 deputat,
2480 5354 2577 5408 sed
2598 5348 2995 5405 misericordiae
3012 5345 3132 5410 Dei,
3153 5360 3277 5415 quae
3286 5341 3576 5397 hominem

1969 5445 2152 5516 primo
2181 5444 2380 5510 abluit,
2401 5442 2603 5497 deinde
2616 5440 2909 5511 justiﬁcat,
2943 5436 3218 5505 adoptans
3232 5432 3413 5487 ﬁlium
3436 5429 3572 5488 Deo.

1968 5542 2033 5588 ut
2059 5535 2233 5588 donet
2260 5533 2311 5586 ei
2341 5532 2581 5603 gloriam
2602 5529 2845 5583 similem
2865 5524 3055 5594 gloriae
3074 5522 3201 5577 Filii
3221 5519 3434 5593 pmprii
3450 5518 3571 5572 Dei.

1969 5624 2072 5674 Sed
2092 5625 2491 5681 renuntiamus
2519 5621 2745 5672 oemltis
2771 5614 3208 5677 dederorilms,ut
3226 5609 3378 5663 illius
3396 5606 3576 5675 gloria
