4034 6162
363 301 465 356 179

959 302 1020 355 B.
1062 301 1333 356 RABANI
1373 299 1604 364 MAURI
1643 299 1977 356 ARCHIEP.
2019 299 2342 356 MOGUNT.
2386 299 2681 354 OPERUM
2720 298 2904 358 PARS
2942 297 3042 356 ῙῙῙ.

3538 296 3642 352 180

361 428 565 499 dignus
593 428 670 482 sit
697 427 886 490 homo,
920 425 1109 480 omnia
1136 423 1326 494 turpia
1353 430 1410 480 et
1442 425 1656 494 polluta
1683 441 1806 495 quin
1834 425 2182 488 fieriAsime
2215 425 2424 482 dictum
2455 430 2540 479 est
2573 443 2583 477 :
2615 427 2838 480 Iudicia
2876 429 2974 480 tua
3002 424 3229 492 abyssus
3261 425 3438 478 multa
3469 424 3634 490 (Psal.

362 523 422 572 et
437 517 672 588 cogitari
701 521 952 588 possunt,
992 513 1304 568 amovenda
1329 513 1509 579 docet,
1540 519 1604 571 ut
1635 531 1746 572 non
1779 515 1960 572 solum

361 608 432 662 de
462 623 650 678 opere,
679 605 776 658 sed
806 609 862 658 et
880 605 949 656 de
976 602 1314 672 cogitatione
1345 603 1641 672 pellantur.
1668 602 1961 664 Invitantis

361 695 533 750 verba
557 699 709 759 sunt,
741 692 843 765 sub
871 709 972 746 sua
993 691 1144 750 enim
1162 697 1218 745 et
1237 707 1465 748 suorum
1493 707 1733 765 persona
1761 691 1830 746 ad
1850 707 1962 746 me-

361 785 561 839 liorem
585 783 760 837 vitam
793 761 1056 840 iiortatur
1067 785 1298 852 propter
1313 761 1646 850 supradicta
1664 779 1818 846 vitia,
1839 797 1961 851 quae

362 875 420 927 in
447 873 537 928 his
566 887 712 943 suape
740 869 1130 941 reprehendit;
1163 875 1398 940 possunt
1416 874 1474 925 et
1493 869 1611 927 haec
1634 869 1849 926 occulta
1869 869 1963 926 de-

363 961 578 1018 decoris
629 976 770 1026 esse,
829 976 952 1031 quin
995 974 1166 1030 pravo
1209 974 1380 1016 sensu
1430 958 1502 1016 ad
1521 1025 1524 1029 _
1542 957 1960 1028 praedicandum

363 1050 728 1116 meditantur,
763 1055 828 1104 ut
857 1048 1070 1113 fallant,
1107 1047 1257 1102 unde
1294 1046 1533 1117 subjecit
1564 1065 1574 1100 :
1613 1047 1734 1106 Non
1762 1063 1850 1104 am
1861 1048 1960 1104 bu-

365 1145 541 1194 tantes
586 1142 651 1193 in
692 1141 920 1204 astutia,
957 1153 1126 1206 neque
1173 1137 1549 1193 adulterantes
1587 1137 1813 1193 verbum
1841 1137 1956 1192 Dei.

364 1228 449 1286 Ad
488 1228 728 1282 dedecus
765 1227 918 1280 enim
959 1232 1018 1280 et
1050 1224 1517 1282 deformationem
1561 1225 1682 1293 ejus
1719 1225 1956 1295 proﬁcit,

366 1317 462 1388 qui
481 1316 718 1372 subdola
736 1322 926 1370 mente
941 1313 1244 1384 confringit
1265 1313 1574 1371 doctrinam
1596 1313 1668 1370 ad
1685 1312 1962 1384 decipien-

365 1407 500 1461 dum
531 1405 702 1462 corda
727 1403 1068 1474 simplicium
1107 1421 1119 1456 :
1161 1402 1344 1472 turpis
1376 1403 1528 1460 enim
1556 1401 1874 1460 invenietur
1902 1403 1961 1460 in

367 1496 458 1550 die
490 1493 690 1565 judicii
728 1494 858 1560 Dei;
908 1491 1118 1548 astutia
1153 1491 1305 1552 enim
1340 1492 1502 1548 multa
1541 1491 1767 1560 mentis,
1801 1497 1865 1551 ut
1903 1491 1960 1551 id

369 1583 518 1654 quod
541 1583 647 1637 sibi
677 1581 902 1636 libitum
932 1587 1018 1635 est
1043 1581 1281 1652 expleat,
1319 1579 1488 1637 verba
1522 1580 1624 1638 Dei
1661 1579 1960 1644 adulterat,

2043 519 2234 580 xxxv).

2113 603 2235 658 Non
2285 606 2435 658 enim
2484 598 2854 670 nomnetipsos'
2871 603 3260 672 pradicamus,
3309 602 3420 654 sccl'
3452 603 3639 656 Jesum

2044 691 2322 748 Christum
2355 695 2656 750 Dominum
2695 696 2966 748 nostrum.
3009 689 3212 759 (Amb.)
3247 690 3366 748 Hoc
3391 695 3496 756 est,
3525 705 3640 744 non

2042 785 2293 840 nostram
2331 781 2569 854 gloriam
2611 780 3033 848 annuntiamus,
3071 795 3144 834 ne
3192 778 3318 852 quis
3353 794 3455 834 nos
3492 777 3642 834 dicat

2043 874 2272 939 propter
2315 885 2418 926 nos
2457 869 2608 940 ipsos
2647 869 3046 940 evangelicare,
3087 873 3154 924 ut
3188 866 3349 924 nobis
3386 866 3643 939 proﬁciat

2041 957 2184 1010 forte
2208 959 2278 1010 ad
2307 963 2550 1029 tempus,
2583 957 2681 1012 sed
2705 959 2734 1012 J
2739 973 2898 1011 esum
2926 957 3232 1011 Dominum
3260 960 3516 1010 nostrum
3545 971 3642 1010 an—

2043 1046 2756 1117 nuntiamus,subjicientes
2769 1063 2872 1104 nos
2881 1046 3076 1104 virtuti
3087 1046 3198 1116 maj
3206 1045 3483 1116 aetatique
3495 1045 3636 1115 ejus.

2043 1135 2278 1199 Quando
2305 1153 2438 1206 ergo
2456 1136 2676 1192 nullum
2699 1135 3068 1202 concutimus,
3082 1135 3302 1190 nullum
3316 1149 3635 1204 gravamus,

2043 1230 2100 1282 et
2127 1225 2412 1282 Christum
2432 1225 2734 1282 Dominum
2750 1231 3004 1282 nostrum
3028 1223 3289 1291 fatemur,
3323 1223 3455 1294 quid
3473 1229 3560 1278 est
3576 1228 3642 1276 ut

2041 1313 2174 1370 elati
2199 1313 2537 1386 judicemur,
2570 1314 2729 1384 quasi
2769 1330 2870 1388 pro
2902 1319 3095 1370 nostra
3131 1312 3360 1384 propria
3393 1312 3639 1368 utilitate

2043 1402 2364 1472 praedicare,
2393 1409 2457 1460 ut
2471 1403 2702 1472 gloriosi
2725 1402 3132 1473 appareamus?

2114 1493 2220 1548 Nos
2247 1497 2434 1547 autem
2467 1507 2644 1547 servos
2666 1497 2865 1548 vestros
2888 1508 2990 1560 per
3009 1494 3214 1546 Jesum.
3238 1491 3302 1548 In
3326 1495 3550 1549 tantum
3581 1507 3640 1544 se

2047 1595 2267 1639 servum
2297 1579 2506 1638 Christi
2537 1597 2658 1636 esse
2685 1579 2903 1651 probat,
2935 1587 3001 1636 ut
3030 1578 3265 1650 jubente
3301 1579 3442 1650 ipso,
3473 1579 3644 1636 mini-

368 1679 434 1727 ut
471 1688 699 1726 sensum
730 1671 992 1725 invertat.
1042 1669 1376 1724 Adulteram
1415 1675 1500 1726 est
1539 1675 1728 1727 autem
1770 1686 1963 1728 verum
2045 1675 2226 1728 atrum
2268 1685 2328 1726 se
2372 1669 2576 1726 horum
2615 1669 2677 1728 in
2719 1669 3112 1740 praedicatione
3147 1673 3406 1736 testatur,
3443 1674 3509 1724 ut
3542 1684 3645 1740 pro

367 1777 596 1822 sensum
625 1777 728 1832 per
760 1760 965 1814 falsum
1001 1759 1141 1814 velle
1171 1759 1483 1813 excludere.
1513 1756 1618 1814 Sed
1664 1761 1728 1816 in
1772 1761 1961 1816 mani-
1989 1752 2030 1812 Β
2053 1758 2296 1817 utilitate
2319 1759 2522 1816 horum
2549 1758 2786 1829 subjecti
2809 1759 2996 1814 sintin
3011 1757 3324 1816 ministerio
3341 1757 3646 1829 Evangelii,

369 1853 654 1920 festationc
699 1852 968 1914 veritatis,
1016 1849 1452 1902 commendantes
1494 1850 1842 1915 nosmetipsos
1891 1849 1965 1906 ad
2045 1863 2234 1906 servos
2263 1863 2396 1916 ergo
2423 1847 2614 1904 dicens
2640 1847 2928 1905 ministros
2964 1847 3264 1917 signiﬁcat,
3301 1847 3402 1904 sed
3437 1852 3502 1902 ut
3539 1845 3646 1902 hu—

370 1956 586 1994 omnem
606 1941 997 1993 conscientiam
1025 1939 1315 1991 [asininum
1341 1953 1526 1992 coram
1549 1939 1669 1992 Deo.
1693 1937 1812 1994 Hoc
1831 1936 1967 1994 dicit

371 2029 506 2100 quia
531 2029 590 2082 in
612 2027 1006 2099 praedicatione
1023 2025 1344 2095 evangelica
1372 2025 1511 2080 nulli
1541 2041 1601 2081 se
1627 2025 1758 2083 fecit
1776 2041 1966 2097 suspev

371 2123 544 2182 etum,
579 2117 790 2171 addens
833 2115 1095 2187 amplius,
1143 2132 1272 2171 cum
1317 2114 1453 2170 dicit
1501 2131 1686 2170 coram
1727 2116 1852 2181 Deo,
1903 2121 1967 2173 ut

372 2207 478 2261 hoc
497 2206 680 2278 ipsum
695 2223 809 2261 non
821 2206 1002 2268 solum
1026 2203 1348 2264 hominibus
1367 2203 1726 2261 manifestum
1747 2202 1962 2273 probet,

369 2296 467 2352 sed
497 2296 670 2351 etiam
697 2296 834 2361 Deo,
861 2295 951 2348 cui
979 2293 1120 2348 nihil
1137 2293 1416 2351 occultum
1433 2297 1544 2360 est;
1578 2293 1967 2350 testimonium

371 2401 506 2456 ergo
536 2385 638 2440 Dei
664 2385 948 2456 implorat,
977 2388 1042 2437 ut
1068 2382 1156 2436 vel
1182 2382 1290 2452 ipsi
1304 2381 1566 2440 credatur
1580 2381 1715 2452 quia
1732 2381 1813 2439 ita
1832 2399 1967 2452 prie-

371 2473 522 2531 dieat
539 2474 684 2528 sicut
701 2473 898 2528 datum
927 2477 1013 2526 est
1037 2470 1107 2524 ab
1127 2476 1374 2536 auctore,
1397 2476 1454 2525 et
1471 2470 1620 2526 Deus
1634 2470 1738 2526 hoc
1759 2471 1967 2528 mundo

339 2606 352 2611 _
372 2562 533 2616 testis
562 2567 666 2627 est,
698 2561 834 2622 dum
850 2561 948 2614 dat
965 2560 1128 2630 signa
1147 2565 1206 2614 et
1221 2559 1482 2630 prodigia
1493 2559 1616 2614 ﬁeri
1645 2575 1747 2630 per
1765 2575 1967 2618 manus

373 2652 514 2720 ejus.
538 2651 689 2718 Quod
703 2652 752 2702 si
767 2651 934 2702 etiam
950 2654 1200 2716 opertum
1219 2655 1295 2702 est
1312 2649 1676 2714 Evangelium
1692 2643 1962 2714 nostrum,

371 2743 436 2792 in
464 2739 551 2792 his
589 2741 690 2806 qui
725 2741 978 2806 pereunt.
1009 2736 1221 2792 Verum
1246 2742 1350 2801 est,
1391 2735 1525 2806 quia
1550 2735 1822 2793 increduli
1853 2753 1966 2794 non

371 2827 564 2881 vident
590 2825 828 2897 perﬁdia
853 2824 1194 2883 obcaecantes
1221 2825 1572 2895 splendorem
1602 2825 1826 2881 virtutis
1841 2826 1962 2892 Dei,

371 2915 626 2970 velamen
655 2916 807 2970 enim
839 2920 924 2969 est
951 2930 1122 2985 super
1138 2929 1234 2968 cor
1263 2930 1478 2978 eorum,
1509 2918 1566 2967 et
1593 2912 1812 2969 obtusio
1837 2914 1967 2971 inii-

2046 1934 2258 1993 militer
2284 1935 2628 2006 loqueretur,
2659 1936 2740 1992 sic
2767 1936 2927 2003 dixit,
2946 1942 3012 1992 ut
3033 1951 3164 1992 vere
3193 1935 3517 1996 ostenderet
3535 1952 3650 1994 non

2046 2024 2118 2080 ad
2142 2041 2303 2084 suam
2329 2025 2568 2095 gloriam
2597 2025 2885 2096 praedicari
2913 2043 2948 2082 a
2966 2041 3024 2080 se
3042 2014 3556 2095 Evangelium,sed
3577 2025 3648 2080 ad

2045 2113 2361 2172 claritatem
2399 2113 2622 2173 Domini
2670 2113 2899 2180 Christi,
2947 2113 3038 2172 cui
3086 2113 3292 2180 obedit,
3333 2113 3424 2169 cui
3457 2114 3645 2180 servit,

2046 2203 2192 2260 sicut
2209 2202 2330 2273 ipse
2348 2203 2622 2262 Dominus
2643 2204 2725 2261 ait
2748 2205 2895 2272 (Luc.
2921 2206 3055 2272 χχιι)
3079 2219 3090 2258 :
3115 2203 3224 2271 Ego
3243 2218 3368 2258 sum
3389 2204 3452 2256 in
3470 2204 3646 2258 audio

2047 2297 2291 2350 uestrum
2311 2308 2422 2349 non
2443 2298 2505 2349 ut
2527 2296 2833 2358 ministrer,
2858 2293 2950 2352 sed
2968 2298 3030 2350 ut
3051 2293 3386 2358 mim‘strem,
3401 2307 3514 2350 non
3533 2307 3648 2348 me—

2047 2381 2157 2438 rito
2187 2381 2390 2438 horum
2419 2380 2620 2451 quibus
2648 2381 2954 2446 ministrat,
2973 2379 3071 2438 sed
3095 2384 3324 2450 propter
3343 2379 3642 2454 imperium

2047 2469 2292 2528 Domini.
2319 2470 2518 2538 (Greg.)
2553 2471 2618 2526 In
2643 2469 2870 2529 sublimi
2903 2469 3110 2540 quippe
3141 2468 3383 2524 humiles
3421 2485 3640 2539 ponun-

2047 2564 2160 2622 tur,
2207 2559 2340 2630 quia
2377 2575 2504 2617 cum
2543 2575 2602 2617 se
2642 2576 2709 2616 ex
2750 2558 3068 2618 humilitate
3106 2557 3490 2624 substernunt,
3531 2557 3645 2614 alto

2048 2647 2254 2706 mentis
2277 2648 2489 2717 judicio
2515 2654 2716 2708 cuncta
2742 2647 3080 2719 temporalia
3107 2651 3296 2706 mente
3323 2652 3639 2714 transeunt;

2046 2753 2286 2806 cumque
2315 2736 2576 2806 indignos
2593 2753 2654 2796 se
2681 2737 2739 2793 in
2757 2736 3017 2798 omnibus
3044 2736 3344 2804 aestimant,
3367 2741 3532 2794 rectae
3551 2752 3646 2792 co-

2046 2825 2336 2895 gitationis
2363 2826 2616 2886 examine
2644 2827 2814 2897 hujus
2843 2826 3042 2886 mundi
3073 2825 3313 2896 gloriam
3353 2830 3646 2884 transcen—

2049 2915 2247 2972 dentes
2286 2915 2520 2973 calcant.
2565 2915 2868 2976 Videamus
2907 2915 3181 2974 humilem
3221 2915 3478 2980 Paulum,
3519 2931 3646 2970 ecce

372 3005 638 3071 delitatis,
687 3003 893 3062 Judieis
947 3003 1207 3064 maxime.
1251 3005 1318 3058 In
1372 3004 1571 3072 quibus
1614 3004 1754 3058 Deus
1800 3005 1967 3074 huius
2049 3003 2336 3074 discipulis
2365 3004 2534 3062 dicit:
2560 3005 2682 3067 Νοη
2707 3008 2858 3059 enim
2889 3007 3238 3073 nosmetipsos
3251 3005 3636 3073 praedicamus,

372 3097 558 3150 surculi
585 3097 863 3148 excaecauit
895 3099 1096 3147 mentes
1140 3094 1472 3161 inﬁdelium,
1506 3098 1567 3146 ut
1607 3109 1717 3146 non
1753 3095 1962 3160 fulgeat
1984 3074 2027 3136 ί)
2049 3093 2141 3148 sed
2165 3095 2354 3148 Jesum
2384 3095 2664 3148 Christum
2693 3095 2995 3152 Dominum
3029 3098 3302 3156 nostrum,
3335 3109 3430 3148 nos
3459 3097 3646 3148 autem

372 3185 722 3239 illuminatio
749 3183 1055 3250 Evangelii,
1084 3184 1267 3250 gloria
1298 3181 1520 3244 Christi,
1549 3183 1648 3249 qui
1680 3187 1754 3237 est
1785 3184 1967 3251 imago

374 3275 486 3328 Dei.
503 3273 683 3326 Deum
703 3271 841 3326 dicit
857 3269 1211 3332 saecularium
1226 3269 1541 3336 hominum,
1561 3271 1696 3340 quia
1709 3271 1966 3326 malevoli

371 3366 502 3415 sunt
542 3377 678 3431 erga
719 3361 888 3414 ﬁdem
931 3360 1158 3426 Christi,
1201 3375 1398 3413 sensus
1444 3357 1722 3416 obcmcare
1755 3366 1819 3415 ut
1853 3377 1965 3416 non

368 3450 597 3504 videant
622 3449 918 3504 veritatem
948 3448 1232 3519 Evangelii
1263 3447 1574 3518 majestath
1601 3448 1830 3518 Christi,
1860 3449 1966 3504 hoc

369 3555 502 3610 ergo
527 3539 638 3594 illis
658 3543 888 3610 praestat
923 3538 1072 3609 quod
1102 3538 1314 3591 volunt.
1347 3537 1493 3602 Quia
1524 3536 1675 3591 enim
1707 3537 1962 3593 malevoli

369 3611 502 3683 sunt
514 3627 789 3690 homines,
809 3632 866 3680 et
877 3643 991 3680 non
1005 3626 1400 3696 intelligentes,
1425 3641 1618 3681 verum
1635 3625 1830 3681 dicunt
1843 3643 1964 3682 esse

367 3717 589 3784 falsum,
609 3717 668 3770 in
685 3733 750 3770 eo
770 3717 892 3788 ipso
908 3715 1248 3786 adjuvantur
1264 3731 1334 3768 ne
1345 3715 1562 3785 possint
1575 3715 1801 3769 credere
1815 3715 1963 3786 quod

367 3808 580 3873 volunt,
615 3807 902 3862 Christum
932 3810 1142 3870 autem,
1175 3821 1302 3859 cum
1317 3803 1394 3859 sit
1410 3804 1598 3873 imago
1619 3805 1740 3870 Dei,
1774 3821 1965 3876 corpo-

368 3912 528 3950 reum
541 3899 766 3950 tantum
777 3900 1054 3960 asserunt,
1069 3895 1452 3965 relinquentes
1461 3899 1624 3963 gesta
1633 3896 1774 3963 ejus,
1791 3893 1963 3949 solius

367 3984 550 4038 carnis
568 3983 783 4037 faciunt
809 3983 1186 4048 mentionem;
1217 3983 1286 4036 de
1319 3982 1521 4052 quibus
1559 3982 1700 4036 dixit
1739 3983 1914 4038 Isaias
1947 4001 1958 4036 :

369 4071 660 4127 Obcacavit
701 4075 881 4125 oculos
919 4086 1109 4129 eorum
1157 4087 1224 4122 ne
1269 4071 1496 4123 videant
1523 4075 1572 4123 et
1621 4086 1688 4124 ne
1723 4072 1960 4126 audiant

364 4161 600 4214 auribus
628 4174 797 4228 usque
825 4163 888 4212 in
919 4159 1248 4212 hodiernum
1285 4159 1428 4211 diem
1467 4158 1597 4228 (Isa.
1643 4163 1737 4227 Vl).
1775 4159 1956 4230 [Aug.]

365 4249 546 4312 Quam
577 4247 806 4318 quidem
834 4245 1173 4300 sententiam
1202 4245 1455 4316 plerique
1484 4251 1740 4300 nostrum
1764 4247 1846 4301 ita
1872 4247 1958 4303 di-

2047 3198 2224 3238 servos
2267 3188 2466 3240 vestros
2489 3198 2590 3251 per
2619 3183 2919 3238 Christum.
2951 3182 3256 3242 Videamus
3281 3181 3432 3238 hunc
3457 3183 3646 3239 humi-

2047 3271 2158 3327 lem
2183 3271 2430 3342 positum
2455 3271 2516 3330 in
2545 3271 2790 3336 sublimi.
2823 3288 2956 3332 nam
2997 3271 3078 3328 ait
3107 3289 3118 3324 :
3148 3273 3238 3328 An
3262 3274 3480 3330 nescitis
3509 3275 3646 3340 quia

2045 3363 2265 3428 angelos
2283 3361 2704 3428 judicabimust
2739 3362 2788 3429 (Ι
2808 3361 2931 3418 Cor.
2964 3363 3060 3429 vr.)
3093 3360 3163 3416 Et
3195 3376 3422 3418 rursum
3455 3378 3467 3413 :
3503 3361 3645 3419 Con-

2046 3452 2393 3507 rcsuscitavit
2411 3455 2462 3504 et
2476 3452 2754 3508 consedere
2769 3465 2865 3508 nos
2885 3451 3014 3518 fecit
3035 3452 3099 3504 in
3125 3451 3417 3508 wlestibus
3432 3450 3643 3518 (Ephes.

2047 3539 2124 3608 u),
2166 3537 2423 3595 Fortasse
2472 3537 2621 3594 hunc
2659 3539 2904 3597 exterius
2937 3545 3073 3598 tunc
3108 3542 3308 3597 catena
3347 3537 3642 3609 religabat.

2045 3631 2234 3682 mente
2275 3632 2467 3684 tamen
2515 3627 2728 3698 positus
2760 3627 3095 3687 sublimibus
3138 3627 3341 3693 fuerat,
3389 3627 3485 3698 qui
3521 3628 3645 3697 jam

2045 3732 2146 3786 per
2187 3715 2305 3786 spei
2342 3732 2456 3772 suae
2499 3716 2896 3774 certitudinem
2930 3716 2990 3776 in
3027 3715 3346 3779 ccelestibus
3391 3715 3640 3772 sedebat.

2045 3805 2235 3862 Sancti
2254 3805 2444 3876 itaque
2475 3805 2579 3863 viri
2607 3804 2742 3863 foris
2773 3805 3018 3876 despecti
3045 3810 3198 3872 sunt,
3231 3810 3290 3864 et
3325 3805 3476 3863 velut
3496 3805 3644 3862 indi-

2042 3894 2140 3963 gni
2171 3895 2359 3950 omnia
2384 3895 2649 3960 tolerant,
2682 3895 2779 3951 sed
2807 3895 3006 3964 dignos
3035 3911 3096 3955 se
3126 3895 3386 3964 supernis
3419 3893 3650 3950 sedibus

2041 3984 2392 4048 conﬁtentes,
2443 3983 2773 4043 aeternitatis
2837 3984 3078 4053 gloriam
3131 4000 3260 4040 cum
3309 3983 3648 4045 certitudine

2043 4078 2383 4142 exspectant,
2463 4088 2701 4142 cumque
2783 4071 3044 4131 laborant
3111 4071 3245 4132 foris
3310 4070 3648 4130 adversitate

2043 4161 2466 4231 persecutionis,
2529 4161 2599 4216 ad
2637 4161 2916 4219 munitam
2970 4167 3268 4222 recurrunt
3309 4160 3648 4224 intrinsecus

2042 4265 2227 4304 arcem
2276 4249 2501 4314 mentis,
2561 4255 2618 4306 et
2668 4249 2798 4305 inde
2841 4255 3043 4308 cuncta
3089 4249 3193 4310 sub
3233 4265 3294 4303 se
3339 4249 3649 4320 respiciunt

363 4336 676 4406 stinguunt,
709 4341 774 4390 ut
801 4336 980 4394 Deum
1004 4350 1198 4398 verum
1227 4333 1418 4392 dicant
1439 4350 1738 4388 excaecasse
1765 4335 2013 4409 inﬁde-_
2041 4337 2191 4394 inter
2237 4354 2359 4409 quae
2405 4339 2649 4396 transire
2693 4338 3062 4409 corporaliter
3102 4338 3274 4406 etiam
3313 4337 3646 4408 semetipsos

359 4405 504 4481 lium
545 4431 792 4494 mentes;
838 4441 967 4482 cum
1013 4424 1166 4486 enim
1192 4422 1431 4494 legerint
1459 4427 1522 4477 in
1549 4425 1748 4494 quibus
1797 4427 1954 4491 Deus,
1976 4405 2296 4484 Dcernunt.

362 4516 714 4588 suspendunt
722 4513 1259 4586 pronuntiationem,
1279 4529 1344 4566 ac
1354 4517 1489 4566 tunc
1505 4512 1963 4578 inferunt,saculi

360 4605 546 4672 hujus,
570 4608 848 4658 excusavit
867 4609 1070 4657 mentes
1103 4604 1432 4670 inﬁdelium,
1453 4601 1587 4672 quia
1603 4601 1708 4654 etsi
1739 4601 1818 4655 ita
1848 4618 1960 4655 non

360 4690 694 4760 distinguas,
725 4692 822 4745 sed
851 4691 1163 4762 exponendi
1179 4691 1366 4762 gratia
1383 4691 1464 4745 ita
1488 4689 1784 4745 verborum
1805 4691 1956 4744 ordi-

359 4795 488 4833 nem
520 4784 725 4842 mutes,
760 4783 823 4832 in
853 4781 1053 4848 quibus
1075 4781 1214 4833 Deus
1243 4783 1522 4834 cremavit
1543 4785 1745 4834 mentes
1768 4781 1958 4846 infide-

359 4870 503 4922 lium
515 4871 702 4922 sazculi
720 4869 907 4936 hujus.
925 4870 1066 4922 Item
1085 4869 1180 4938 qui
1196 4869 1254 4924 in
1269 4869 1368 4923 illa
1381 4869 1739 4925 distinctione
1759 4885 1956 4928 sensus

359 4956 566 5025 elucet;
599 4962 784 5029 potest
810 4957 962 5010 enim
987 4956 1157 5010 etiam
1188 4958 1316 5011 talis
1346 4959 1597 5028 operatio
1637 4975 1751 5028 qua
1782 4974 1955 5016 excae-

355 5053 556 5103 cantur
583 5050 802 5102 mentes
824 5045 1138 5100 inﬁdelium
1168 5047 1476 5101 secundum
1499 5047 1800 5118 quemdam
1832 5063 1953 5104 mo-

356 5134 492 5188 dum
522 5137 806 5206 pertinere
834 5135 904 5189 ad
935 5151 1129 5196 verum
1143 5134 1343 5199 Deum,
1378 5137 1522 5205 quod
1553 5152 1665 5191 non
1691 5135 1826 5192 facit
1839 5152 1955 5194 mar-

353 5221 495 5290 iitia,
511 5223 609 5278 sed
635 5224 877 5294 justitia,
892 5224 1038 5280 sicut
1063 5223 1214 5279 idem
1240 5223 1446 5280 Paulus
1468 5224 1602 5279 alibi
1626 5225 1763 5281 dicit
1779 5227 1948 5292 (Rom.

355 5316 429 5382 In)
445 5330 457 5365 :
471 5310 744 5380 Nunquid
761 5317 990 5382 iniquus
1010 5315 1274 5380 Deus,qui
1284 5314 1455 5379 infert
1480 5316 1663 5369 iram?
1691 5313 1956 5385 praecedit

354 5401 504 5456 enim
545 5400 759 5471 aliquid
801 5402 1080 5457 occultum
1122 5401 1181 5454 in
1229 5401 1461 5456 occultis
1509 5401 1602 5456 ubi
1643 5403 1792 5460 Deus
1835 5403 1953 5472 agit

349 5490 725 5561 justissimum
745 5505 983 5544 examen
992 5490 1190 5560 judicii
1204 5489 1312 5554 sui,
1335 5496 1401 5542 ut
1413 5491 1786 5558 quorumdam
1800 5509 1954 5548 men-

347 5584 436 5633 tes
467 5585 830 5644 excmcentur,
849 5579 1222 5649 quorumdam
1236 5577 1649 5644 illuminentur,
1673 5580 1765 5639 cui
1776 5580 1950 5638 veris-

2117 4515 2390 4582 Quoniam
2418 4517 2578 4580 Deus,
2610 4519 2710 4584 qui
2737 4518 2880 4572 dixit
2907 4517 2972 4570 de
2999 4517 3233 4572 tenebris
3265 4519 3440 4571 lucem
3467 4517 3644 4584 splen-

2042 4606 2265 4664 descere.
2285 4607 2475 4662 illusit
2495 4607 2556 4660 in
2575 4606 2828 4674 cordibus
2849 4607 3053 4662 nostris
3071 4606 3145 4663 ad
3163 4606 3638 4660 illa-minutionem

2031 4679 2280 4750 scientiae
2297 4693 2588 4752 cher-italis
2607 4695 2707 4751 Dei
2733 4697 2797 4748 in
2824 4695 2965 4762 facie
2989 4694 3198 4753 Christi
3223 4695 3368 4750 Jesu.
3401 4691 3640 4760 (Ambr.)

2041 4781 2159 4839 Hoc
2185 4781 2340 4846 dicit,
2361 4781 2494 4852 quia
2508 4782 2894 4842 misericordia
2918 4783 3020 4840 Dei
3049 4781 3262 4841 factum
3289 4785 3393 4846 est,
3423 4787 3486 4836 ut
3515 4797 3638 4847 nos,

2037 4869 2240 4942 inquit,
2261 4869 2356 4940 qui
2379 4869 2588 4929 fuimus
2608 4869 2964 4932 incredibiles
2981 4871 3041 4933 in
3069 4870 3410 4942 ignorantia,
3428 4869 3536 4926 hoc
3557 4875 3644 4926 est

2038 4959 2098 5016 in
2122 4958 2388 5025 tenebris,
2420 4976 2520 5030 per
2550 4976 2652 5014 nos
2683 4961 2844 5018 daret
2869 4961 3018 5020 Deus
3047 4961 3240 5020 lumen
3267 4959 3482 5021 caneris
3508 4974 3644 5029 gen-

2037 5047 2207 5103 tibus.
2241 5047 2382 5102 Vide
2412 5055 2686 5120 quantum
2701 5065 2760 5102 se
2777 5049 2963 5108 adhuc
2976 5049 3051 5107 hu
3059 5048 3242 5108 miliat
3256 5054 3322 5104 ut
3347 5047 3448 5102 Dei
3469 5047 3644 5106 solius

2040 5143 2095 5192 et
2125 5137 2332 5192 Christi
2361 5137 2602 5207 gloriam
2625 5138 2886 5208 praeferat
2917 5156 2928 5191 :
2964 5137 3360 5198 illuminantur
3389 5136 3542 5195 enim
3579 5142 3646 5192 ut

2037 5225 2416 5294 cognitionem
2443 5226 2690 5285 habeant
2713 5227 2907 5296 gloriae
2935 5227 3038 5286 Dei
3066 5244 3168 5298 per
3187 5226 3495 5292 Christum,
3515 5225 3642 5283 ideo

2035 5314 2228 5384 gloriae
2257 5315 2358 5373 Dei
2387 5315 2467 5374 ait
2494 5315 2891 5385 cognitionem,
2920 5316 2975 5370 id
3007 5323 3111 5381 est,
3151 5332 3267 5376 non
3302 5313 3404 5370 Dei
3445 5313 3639 5380 soliuS,

2035 5403 2134 5460 sed
2161 5409 2219 5460 et
2247 5403 2454 5463 Christi
2488 5404 2582 5474 qui
2614 5409 2700 5458 est
2725 5405 2908 5474 gloria
2927 5406 3070 5476 ejus,
3089 5411 3154 5463 ut
3167 5403 3514 5475 signiﬁcaret
3525 5418 3640 5458 non

2036 5493 2216 5552 Deum
2253 5492 2436 5548 solum
2464 5493 2742 5562 cognosci,
2771 5493 2870 5553 sed
2901 5502 2958 5554 et
2985 5510 3158 5566 opera
3177 5494 3318 5565 ejus,
3353 5499 3412 5548 et
3423 5491 3641 5555 miseri-

2034 5581 2301 5646 cordiam,
2326 5587 2382 5636 et
2405 5581 2814 5652 providentiam
2837 5599 2952 5660 qua
2976 5588 3035 5645 et
3053 5583 3305 5644 condidit
3322 5588 3380 5641 et
3397 5580 3633 5641 δεινονῆ
