4034 6162
350 284 426 339 181

751 281 1327 338 ENARRATIONUM
1366 282 1439 337 IN
1482 282 1632 337 EPP.
1678 284 1889 339 PAULI
1930 287 2063 340 LIB.
2108 288 2227 341 XII.
2264 318 2327 327 —
2358 289 2434 342 IN
2475 287 2693 341 EPIST.
2738 286 2786 339 II
2825 286 2920 338 AD
2960 285 3125 340 COR.

3478 287 3572 340 18‘2

342 424 493 477 genus
519 407 846 471 humanum,
880 406 1031 461 visus
1058 406 1115 460 in
1147 406 1370 463 Christo
1401 423 1500 476 per
1524 407 1761 475 gloriam
1792 409 1898 463 vir-
1916 421 1964 477 Α
1985 417 2121 475 tate,
2151 428 2216 464 eo
2244 412 2521 466 debitores
2549 411 2788 481 amplius
2809 403 3069 463 tenemur
3096 412 3150 464 in
3183 428 3367 481 opere,
3392 418 3447 464 et
3463 412 3575 481 ple-

343 497 456 553 tutis
494 492 618 553 suis.
668 494 862 565 play.)
899 495 1046 559 Quin
1088 496 1261 552 etiam
1299 495 1550 553 stultitim
1606 497 1898 552 scribentis

340 587 557 655 assignat
594 584 745 653 quod
784 583 1043 641 tenebras
1089 584 1292 639 dixerit
1333 584 1453 640 sine
1490 584 1651 640 initio
1678 603 1901 657 semper

336 675 502 737 fuisse,
530 674 708 733 lucem
738 690 870 728 vero
904 673 1131 729 initium
1171 672 1475 743 sumpsisse
1518 673 1586 730 de
1631 674 1896 739 tenebris,

337 763 474 834 quasi
501 762 700 831 legerit
725 762 784 817 in
815 778 882 817 eo
910 760 1053 820 libro
1099 762 1189 820 cui
1227 761 1605 829 calumniatur
1641 764 1899 819 tenebras

336 851 697 922 sempiternas.
728 868 857 907 cum
888 851 1160 921 scriptum
1190 850 1266 908 sit
1298 869 1308 903 :
1334 854 1899 921 Inprinczpiocrrarit

336 944 455 997 Deus
472 944 657 997 calum
687 946 735 995 et
766 946 998 1004 terram,
1016 945 1167 997 terra
1179 939 1363 996 autem
1376 946 1495 995 erat
1524 944 1822 997 invisibilis
1852 949 1901 996 et

336 1033 685 1098 incomposita,
701 1036 751 1083 et
771 1030 1169 1087 tenebrcerant
1183 1045 1347 1097 super
1376 1030 1634 1095 abyssum
1662 1029 1812 1099 (Gen.
1832 1032 1897 1101 ι).

334 1136 389 1173 ex
412 1119 500 1177 illo
515 1135 649 1187 ergo
679 1117 926 1175 tenebrae
952 1134 1074 1171 esse
1099 1124 1407 1187 creperum,
1440 1134 1507 1173 ex
1537 1134 1648 1188 quo
1672 1122 1902 1175 contusa

335 1207 487 1263 moles
511 1207 637 1265 caeli
666 1224 786 1265 esse
814 1206 984 1277 cmpit
1009 1223 1074 1263 ac
1094 1212 1275 1271 terre,
1311 1212 1614 1277 antequam
1639 1208 1785 1263 facta
1804 1209 1901 1263 lux

333 1302 477 1362 esset,
498 1312 609 1366 qua
638 1296 1057 1355 illuminaretur
1083 1296 1231 1365 quod
1258 1295 1379 1353 sine
1409 1295 1530 1353 luce
1551 1295 1735 1351 fuerat
1751 1304 1902 1353 tene-

333 1385 551 1443 brosum.
584 1386 733 1449 Quid
762 1392 955 1443 autem
974 1385 1370 1443 inconveniens
1399 1384 1447 1441 si
1474 1386 1771 1442 mundanae
1788 1403 1903 1442 ma-

326 1474 464 1531 teriis
490 1473 716 1531 ﬁlerunt
728 1474 1028 1531 tenebrosa
1043 1474 1351 1544 primordia
1365 1478 1430 1530 ut
1458 1474 1754 1531 accedente
1780 1476 1903 1530 luce

326 1563 506 1621 melius
526 1563 679 1633 quod
708 1562 918 1620 factum
946 1568 1028 1619 est
1058 1563 1406 1629 redderetur,
1427 1570 1765 1634 ettanquam
1778 1580 1903 1634 pro-

324 1652 539 1713 ﬁcientis
585 1652 853 1719 hominis,
903 1653 1049 1722 quod
1095 1658 1290 1723 postea
1345 1652 1598 1708 futurum
1640 1658 1761 1708 erat
1800 1653 1902 1707 hoc

1984 517 2219 570 rumque
2248 502 2443 554 eadem
2474 500 2856 568 intelligentiae
2887 506 3114 569 accepta
3157 501 3411 570 pecunia,
3445 517 3572 554 cum

1982 590 2051 642 ad
2082 607 2283 643 usuras
2325 590 2676 643 auditoribus
2713 590 2898 649 datur,
2933 589 3231 657 amittitur,
3265 590 3374 644 nisi
3409 596 3573 643 caute

1981 678 2279 733 tribuatur.

2055 770 2121 821 In
2150 769 2404 821 omnibus
2436 770 2853 820 tribulationem
2876 769 3148 835 patimur,
3166 769 3255 820 sed
3268 783 3381 821 non
3398 784 3576 835 angu-

1982 858 2241 909 stiamur.
2277 858 2437 913 Nunc
2463 856 2709 911 ostendit
2737 860 2966 926 propter
2994 855 3140 926 quod
3182 856 3367 909 idonei
3415 864 3577 912 erant

1986 944 2391 1015 prmdicatores,
2412 945 2544 1015 quia
2562 960 2785 1014 semper
2816 943 2923 997 illis
2954 943 3012 997 in
3044 944 3374 998 necessitate
3399 945 3579 1004 adfuit

1985 1033 2150 1089 Deus.
2172 1035 2287 1086 ideo
2304 1049 2643 1101 pressuram,
2660 1033 2756 1097 ait,
2776 1036 2945 1100 passi,
2976 1034 3066 1085 sed
3083 1049 3194 1086 non
3209 1037 3573 1101 coangustati,

1986 1121 2087 1175 hoc
2116 1130 2218 1183 est,
2247 1138 2360 1176 non
2386 1121 2645 1192 permisit
2670 1122 2820 1175 Deus
2846 1126 3070 1174 tantum
3098 1138 3199 1179 nos
3220 1122 3482 1192 opprimi,
3514 1131 3579 1176 ut

1983 1211 2371 1267 crederemus;
2406 1214 2655 1278 inopiam
2682 1212 2849 1278 passi.
2879 1212 2968 1262 sed
2992 1226 3100 1262 non
3119 1212 3383 1275 destituti,
3401 1211 3572 1276 idest,

1985 1299 2042 1353 in
2065 1300 2255 1370 inopia
2286 1300 2483 1370 positis
2512 1298 2693 1353 adfuit
2719 1304 2911 1369 pastor
2948 1298 3116 1352 Deus.
3152 1302 3577 1353 Persecutionem

1980 1392 2254 1457 patimur,
2281 1391 2370 1441 sed
2384 1405 2493 1441 non
2510 1389 2973 1455 doreliuquimur.
2989 1387 3199 1441 Verum
3210 1394 3298 1441 est
3310 1388 3442 1458 quia
3451 1405 3579 1442 eon-

1985 1477 2207 1531 sulehat
2236 1477 2317 1530 eis
2347 1478 2515 1533 Deus.
2537 1492 2607 1529 ne
2626 1476 2762 1529 satis
2777 1475 2881 1529 sibi
2895 1476 3144 1530 facerent
3157 1476 3226 1529 dc
3240 1476 3328 1531 his
3342 1477 3574 1533 inimici.

1982 1568 2199 1634 Deiot-ti,
2232 1568 2320 1619 sed
2350 1582 2459 1618 non
2486 1568 2756 1634 perimus.
2814 1564 3053 1630 (Ambr.)
3086 1565 3149 1619 Id
3188 1571 3290 1629 est,
3334 1565 3579 1619 verberi-

1982 1655 2085 1709 bus
2114 1655 2398 1725 prostrati,
2415 1655 2511 1707 sed
2531 1654 2787 1708 obstante
2804 1655 2918 1707 Deo
2944 1670 3056 1713 non
3069 1654 3390 1708 mortiﬁcati
3420 1673 3431 1707 :
3464 1655 3578 1707 sive

322 1741 469 1801 modo
492 1741 914 1811 signiﬁcaretur
942 1741 1179 1799 affectio.
1213 1742 1389 1800 Porro
1409 1742 1455 1797 si
1482 1742 1612 1798 huic
1645 1727 1963 1812 displicetB
1982 1745 2130 1799 enim
2162 1744 2353 1807 clausi,
2388 1744 2502 1796 sive
2517 1743 2803 1809 vinculati,
2835 1743 3116 1812 adjutorio
3145 1743 3245 1797 Dei
3264 1760 3466 1798 manus
3482 1744 3579 1797 ho-

317 1829 481 1893 lucem
508 1830 739 1889 initium
770 1830 1077 1901 sumpsisse
1106 1830 1177 1887 de
1191 1830 1458 1895 tenebris,
1476 1830 1657 1887 eidem
1669 1832 1902 1901 Aposto-
1982 1833 2153 1888 stium
2185 1832 2512 1887 evadebant.
2528 1832 2781 1901 Denique
2796 1831 3002 1885 Paulus
3017 1838 3073 1885 et
3100 1832 3243 1886 Silas
3254 1850 3380 1889 cum
3395 1839 3581 1891 essent

318 1920 393 1973 lus
418 1919 516 1977 hoc
542 1919 717 1983 dicat,
752 1920 847 1988 qui
878 1919 1125 1977 scribens
1155 1920 1436 1977 ad'ﬁdeles
1452 1919 1560 1977 ait:
1582 1921 1902 1975 Fuistisali—
1981 1922 2172 1985 clausi,
2187 1923 2307 1991 jam
2323 1921 2447 1975 caesi
2467 1927 2523 1975 et
2550 1921 2717 1991 pedes
2738 1937 2933 1973 eorum
2967 1927 3155 1974 essent
3168 1921 3228 1975 in
3250 1938 3418 1976 nervo
3446 1937 3580 1975 con-

314 2010 514 2075 quando
547 2010 798 2073 tenebras,
834 2025 984 2063 nunc
1011 2015 1195 2065 autem
1226 2013 1324 2064 tua:
1350 2010 1666 2065 inDomiuo
1691 2007 1897 2080 (Ephes.
1981 2012 2139 2077 clusi,
2171 2012 2381 2064 alacres
2397 2012 2673 2081 hymnum
2693 2009 2971 2063 canebant
2985 2010 3100 2063 Deo
3128 2011 3265 2075 (Act.
3299 2014 3434 2078 xv»),
3465 2010 3580 2063 for-

315 2101 381 2161 v).
409 2096 538 2160 Quis
565 2097 724 2152 enim
755 2098 859 2155 hoc
884 2097 1032 2163 fecit,
1068 2097 1176 2153 nisi
1214 2097 1307 2152 ille
1346 2097 1461 2168 qui,
1493 2114 1621 2154 cum
1656 2098 1901 2153 tenebrae
1979 2101 2153 2154 tiores
2178 2100 2266 2153 his
2295 2099 2425 2154 facti
2455 2099 2551 2170 qui
2582 2115 2693 2152 non
2720 2104 2883 2151 erant
2908 2098 3054 2152 caesi.
3088 2098 3312 2167 Semper
3342 2103 3579 2165 morti/l-

314 2192 483 2241 enient
503 2202 681 2256 super
709 2185 1180 2257 abyssum,dixit:
1202 2188 1323 2243 Fiat
1340 2189 1457 2253 tum,
1472 2193 1521 2241 et
1531 2189 1679 2255 facta
1693 2191 1895 2241 esttam.
1982 2192 2252 2243 cationcm
2276 2192 2401 2242 Jesu
2441 2192 2503 2242 in
2536 2204 2758 2255 corpore
2796 2193 2981 2240 nostro
3021 2189 3485 2254 circumferentes,
3518 2194 3581 2240 ut

312 2274 455 2338 Quod
477 2274 735 2345 apertius
763 2276 875 2331 alio
904 2276 1024 2330 loco
1052 2276 1201 2331 idem
1245 2276 1531 2345 apostolus
1567 2276 1775 2332 Paulus
1804 2293 1898 2330 ex—

310 2364 516 2433 pressit,
561 2364 802 2422 dicens:
837 2366 977 2420 Deus
1008 2368 1106 2432 qui
1147 2365 1291 2419 dicit
1334 2366 1397 2419 dc
1442 2366 1674 2420 tenebris
1726 2369 1897 2420 lucem

309 2456 607 2516 clarescere,
641 2456 851 2509 claruit
880 2456 941 2506 in
973 2454 1225 2509 cordibus
1258 2457 1479 2508 nostris.

375 2542 642 2599 Habemus
658 2547 845 2597 autem
857 2543 1177 2598 thesaurum
1198 2544 1368 2597 istum
1386 2546 1447 2596 in
1461 2546 1601 2597 vasis
1616 2543 1893 2609 ﬁctilibus,

309 2636 363 2684 ut
387 2631 706 2687 sublimitas
727 2634 799 2687 sit
822 2633 1002 2685 virtus
1022 2632 1120 2687 υθέ
1149 2636 1197 2687 ct
1228 2647 1340 2686 non
1369 2649 1433 2685 ar
1463 2633 1633 2687 nobis.
1667 2632 1896 2700 (.«lmbr.)

305 2719 651 2777 Thesaumm
669 2726 1083 2777 sacramentum
1104 2720 1437 2789 significavit
1464 2720 1566 2776 Dei
1582 2721 1639 2775 in
1655 2720 1896 2785 Christo,

303 2808 440 2878 quod
461 2808 828 2865 credentibus
857 2807 1269 2875 manifestatur,
1292 2809 1594 2866 incredulis
1614 2826 1742 2865 vero
1764 2826 1897 2879 quo-

303 2897 424 2951 dam
461 2896 747 2957 velamine
787 2903 998 2955 tectum
1030 2902 1133 2961 est,
1169 2898 1302 2967 quia
1329 2898 1474 2955 sicut
1500 2899 1801 2955 thesaurus
1838 2899 1895 2956 in

301 2986 505 3041 occulto
528 2986 783 3056 ponitur,
802 2987 883 3042 ita
903 2991 1384 3044 ctsacramentum
1402 2987 1499 3043 Dei
1532 2987 1683 3042 intra
1711 2987 1894 3043 homi—

1981 2284 2027 2331 et
2058 2281 2172 2331 rita
2189 2280 2313 2331 Iesu
2346 2280 2410 2330 in
2440 2277 2755 2343 corporibus
2785 2278 2990 2328 nostris
3020 2278 3427 2341 manifestatur.
3460 2275 3578 2329 Du-

1984 2366 2137 2422 bium
2159 2383 2270 2421 non
2304 2371 2405 2425 est,
2440 2365 2569 2435 quia
2583 2364 2641 2417 in
2658 2363 3000 2434 martyribus
3016 2364 3273 2418 Christus
3286 2364 3574 2425 occiditur,

1982 2463 2038 2509 et
2065 2457 2122 2509 in
2152 2455 2240 2508 his
2271 2455 2365 2524 qui
2392 2469 2493 2523 pro
2521 2454 2631 2507 ﬁde
2660 2452 2954 2523 patiuntur
2980 2458 3081 2505 aut
3103 2452 3302 2514 exitus,
3328 2458 3428 2505 aut
3455 2452 3577 2505 vin-

1982 2545 2124 2609 cula,
2156 2550 2256 2599 aut
2282 2542 2515 2596 verbera
2546 2540 2754 2595 Christi
2779 2541 3069 2612 passiones
3090 2545 3241 2605 sunt,
3269 2546 3335 2594 ut
3372 2547 3430 2594 et
3462 2542 3579 2595 vita

1982 2635 2103 2702 ejus
2132 2634 2191 2689 in
2218 2649 2448 2703 corpore
2479 2646 2677 2685 eorum
2706 2630 2894 2700 palam
2924 2630 3024 2683 ﬁat
3055 2648 3065 2682 :
3108 2628 3397 2699 passiones
3426 2630 3578 2683 enim

1982 2729 2130 2787 sunt,
2178 2738 2300 2791 quae
2338 2720 2643 2777 ostendunt
2680 2719 2945 2772 meritum
2986 2718 3055 2771 ad
3094 2719 3342 2777 futuram
3379 2718 3574 2785 vitam,

1982 2828 2149 2882 quam
2181 2810 2439 2884 promisit
2476 2808 2751 2869 Christus.
2794 2807 2953 2862 Unde
3009 2807 3118 2867 alio
3158 2807 3278 2863 loco
3322 2807 3460 2861 dicit
3499 2808 3581 2875 (II

1979 2902 2098 2954 Cor.
2134 2903 2227 2965 xu)
2261 2916 2286 2952 ε’
2313 2902 2452 2955 Cum
2484 2900 2749 2964 inﬁrmor
2780 2902 2912 2950 tunc
2944 2902 3132 2964 potens
3158 2912 3322 2961 sum;
3367 2901 3426 2950 et
3467 2895 3575 2949 ite-

1978 3006 2103 3046 rum
2149 2990 2285 3055 (Act.
2321 2991 2431 3055 xw)
2466 3007 2482 3041 :
2524 2990 2625 3041 Per
2658 2987 3043 3040 tribulatione:
3082 2991 3289 3053 oportet
3338 3002 3435 3039 nos
3491 2988 3577 3038 in-

300 3089 439 3139 nem,
469 3075 529 3129 id
558 3076 725 3133 estin
745 3076 911 3131 corde
930 3075 1178 3133 humano
1197 3075 1575 3132 absconditur.
1591 3077 1751 3131 Hunc
1764 3093 1896 3145 ergo
1917 3073 1960 3135 C
1982 3084 2130 3133 traro
2160 3081 2221 3130 in
2252 3092 2489 3145 regnum
2521 3077 2635 3129 Dei.

300 3163 629 3221 thesaurum
657 3165 716 3221 in
745 3164 937 3222 animo.
970 3172 1027 3219 et
1053 3181 1284 3235 corpore
1306 3165 1443 3221 dicit
1457 3182 1577 3220 esse
1597 3181 1631 3220 a
1652 3166 1766 3219 Deo
1794 3165 1894 3220 da—

2047 3165 2268 3233 Semper
2288 3168 2436 3220 enim
2452 3181 2562 3227 nos,
2579 3167 2678 3232 qui
2688 3167 2944 3217 vivimus.
2962 3166 3025 3219 in
3042 3168 3274 3216 mortem
3290 3163 3575 3215 tradimur

299 3260 431 3318 tum,
453 3260 519 3309 ut
548 3253 867 3312 eminentia
896 3254 1118 3311 virtutis
1147 3254 1269 3323 ejus
1296 3259 1566 3324 appareat
1592 3270 1694 3324 per
1720 3254 1896 3309 homi—
1972 3261 2194 3323 propter
2221 3258 2422 3319 .Iesum,
2459 3259 2521 3307 ut
2545 3259 2592 3307 et
2621 3256 2735 3308 vita
2760 3255 2886 3306 Jesu
2915 3254 3303 3319 manifestatur
3332 3253 3397 3305 in
3409 3266 3575 3305 carne

299 3356 389 3399 nes
424 3342 828 3412 praedicatores
870 3343 1161 3407 duntaxat,
1193 3348 1260 3397 ut
1289 3343 1678 3399 reconcilietur
1714 3342 1895 3399 omnis

296 3429 481 3500 lingua
519 3431 783 3488 Creatori
820 3448 941 3495 suo,
971 3432 1175 3491 nonad
1206 3431 1690 3489 honoriﬁcentiam
1720 3429 1897 3489 homi-

298 3534 443 3585 num,
484 3522 591 3577 sed
632 3520 754 3586 Dei,
789 3522 883 3591 qui
913 3537 974 3577 se
1008 3520 1332 3577 manifestat
1360 3537 1460 3591 per
1482 3521 1757 3579 homines.
1788 3521 1895 3584 Qui

294 3623 412 3665 cum
440 3610 697 3669 humiles
723 3616 782 3667 et
809 3609 1058 3679 imperiti
1084 3616 1291 3675 essent,
1306 3617 1642 3679 acceperunt
1655 3616 1897 3680 potesta-

293 3706 402 3755 tem
429 3714 465 3752 a
492 3699 642 3764 Deo,
672 3706 730 3755 et
756 3699 1021 3769 loquendi
1051 3699 1335 3767 magnalia
1362 3706 1420 3754 et
1436 3699 1659 3768 agendi.
1680 3700 1898 3755 Fictilia

295 3803 419 3855 ergo
460 3803 603 3843 vasa
645 3786 854 3853 dicens,
902 3788 1291 3845 inﬁrmitatem
1314 3794 1554 3845 'naturzc
1592 3788 1888 3857 signiﬁcat,

295 3891 409 3949 quae
436 3875 589 3931 nihil
616 3882 820 3945 potest,
855 3876 962 3933 nisi
993 3894 1028 3930 a
1054 3878 1171 3935 Deo
1194 3877 1486 3951 acceperit
1513 3877 1796 3941 virtutem,
1832 3884 1895 3932 ut

292 3962 356 4023 ad
382 3964 622 4025 laudem
651 3980 815 4023 suam
830 3965 979 4023 Deus
1007 3982 1108 4035 per
1128 3966 1246 4023 haec
1274 3982 1332 4022 se
1362 3966 1643 4036 priedicet,
1668 3965 1893 4035 quaein-

295 4053 450 4113 ﬁrma
477 4060 641 4118 sunt,
672 4060 737 4111 ut
759 4054 940 4123 gloria
971 4054 1052 4111 illi
1082 4056 1266 4119 detur,
1300 4071 1411 4112 non
1448 4054 1664 4111 homini
1694 4054 1790 4124 qui
1827 4073 1892 4111 ex

291 4142 401 4196 luto
434 4143 610 4203 ﬁctus
638 4148 743 4201 est.
769 4144 970 4210 (6ης.)
1002 4144 1118 4201 Has
1145 4144 1205 4199 in
1234 4160 1293 4201 se
1320 4144 1528 4200 Paulus
1554 4143 1801 4199 scientiae
1814 4144 1896 4200 di-

292 4228 448 4291 vitias
476 4231 919 4301 contemplatus,
952 4238 1009 4291 et
1032 4232 1563 4302 contemplationem
1592 4248 1753 4289 suam
1768 4248 1894 4289 con-

290 4318 639 4379 sideratione
676 4320 936 4378 humanae
960 4304 1295 4390 'fragilitatis
1330 4320 1634 4379 humilians
1662 4321 1758 4384 ait,
1793 4322 1892 4375 ha-
1928 4360 1938 4368 .

1978 3349 2165 3400 nostra
2196 3347 2439 3398 mortali.
2477 3344 2747 3413 Apertum
2779 3346 2865 3395 est
2893 3341 3040 3411 quod
3070 3340 3226 3407 dicit,
3263 3341 3397 3411 quia
3425 3339 3571 3405 ideo,

1978 3433 2180 3504 inquit,
2212 3433 2269 3487 in
2300 3437 2539 3487 mortem
2570 3432 2717 3485 tradi
2747 3438 2977 3502 propter
3000 3432 3191 3489 Jesum
3218 3445 3331 3483 non
3353 3445 3573 3483 recusa-

1978 3538 2123 3585 mus,
2157 3537 2284 3575 cum
2314 3521 2593 3592 possimus
2620 3520 2823 3585 vivere,
2857 3525 2923 3573 ut
2948 3520 3064 3583 vita
3092 3517 3520 3588 quaresurrexit
3538 3534 3573 3579 ξι

1979 3609 2215 3665 mortuis
2232 3609 2654 3675 Christus,huio
2677 3608 2900 3662 mortali
2924 3607 3078 3660 carni
3107 3612 3311 3660 nostra;
3340 3612 3571 3676 praeste-

1978 3705 2089 3761 tur,
2107 3699 2210 3753 hoc
2224 3704 2326 3757 est.
2343 3715 2454 3752 non
2465 3697 2665 3751 timere
2684 3697 2828 3750 mori
2853 3701 3081 3766 pr0pter
3102 3696 3571 3748 resurrectionem

1978 3788 2330 3857 promissam.
2366 3787 2504 3852 Ergo
2533 3802 2679 3839 mors
2708 3787 2771 3838 in
2792 3786 2942 3837 nobis
2962 3789 3370 3851 operaturmzta
3386 3789 3571 3836 autem.

1976 3879 2039 3929 in
2068 3877 2233 3933 vobis.
2276 3876 2391 3929 Hoc
2432 3874 2584 3938 dicit,
2631 3866 2781 3942 quia°
2809 3889 2908 3942 pro
2947 3871 3129 3924 salute
3170 3887 3363 3933 eorum
3403 3871 3571 3923 morti

1974 3964 2440 4033 subjieiebantur:
2460 3960 2722 4031 gentibus
2739 3966 2930 4015 autem
2945 3959 3573 4031 praedicantes,inimici-
3672 4014 3681 4020 κ

1976 4053 2084 4108 tias
2111 4052 2218 4109 sibi
2240 4051 2556 4108 excitabant
2582 4057 2699 4106 tam
2730 4067 2764 4104 a
2790 4050 2996 4104 Judzeis
3026 4065 3193 4119 quam
3217 4046 3570 4117 agentilibus

1974 4158 2153 4212 usque
2180 4142 2249 4202 ad
2272 4148 2531 4196 mortem.
2556 4141 2818 4195 Habentes
2832 4145 3022 4193 autem
3036 4139 3284 4192 eumdem
3305 4140 3568 4206 spiritum

1976 4234 2119 4298 ﬁdei,
2167 4231 2270 4288 hoc
2308 4235 2410 4295 est,
2444 4245 2799 4284 communem
2828 4228 3089 4299 spiritum
3131 4244 3232 4297 per
3270 4243 3436 4297 quem
3479 4227 3572 4279 ἢν»

1978 4326 2164 4377 matur
2192 4319 2347 4383 ﬁdes,
2384 4318 2655 4375 habemus
2668 4318 2951 4379 vobiscum
2972 4336 2983 4381 ;
3015 4317 3140 4370 ideo
3154 4317 3305 4370 enim
3318 4333 3419 4386 pro
3433 4315 3570 4385 ipsis

291 4408 472 4465 beluus
508 4410 838 4467 thesaurum
880 4411 1051 4463 istum.
1093 4412 1155 4463 in
1184 4412 1328 4465 vasis
1372 4410 1650 4475 ﬁctilibus.
1692 4396 2135 4467 MultasDtanta
2156 4407 2518 4478 patiebantur
2546 4408 2712 4473 mala,
2737 4411 2802 4460 ut
2822 4405 3057 4463 invicem
3087 4404 3485 4473 copularentur
3512 4403 3569 4455 in

290 4495 477 4567 itaque
508 4496 667 4567 apud
695 4512 796 4551 nos
823 4496 1047 4555 divitias
1075 4498 1405 4573 reperimus,
1424 4514 1551 4555 cum
1563 4497 1895 4554 donaabun-

288 4584 475 4641 dantis
505 4585 896 4656 intelligentiae
925 4603 1083 4642 sacra
1102 4586 1325 4657 eloquia
1348 4586 1734 4655 investigando
1765 4604 1893 4657 per-

290 4674 565 4743 cepimus,
602 4683 771 4744 atque
802 4674 860 4733 in
888 4675 975 4733 his
1000 4676 1182 4746 plura,
1216 4668 1319 4729 néc
1342 4682 1533 4731 tamen
1563 4675 1787 4733 sibimet
1815 4675 1895 4731 di-

292 4778 446 4817 versa
483 4763 788 4821 sentimus.
835 4764 960 4819 Non
1002 4770 1089 4819 est
1131 4770 1322 4821 autem
1360 4780 1557 4822 secura
1606 4764 1798 4823 laetitia
1836 4765 1893 4817 in

287 4850 488 4907 divinis
524 4852 767 4922 paginis,
802 4854 887 4907 vel
916 4838 1101 4919 fortia,
1132 4854 1217 4911 vel
1240 4854 1418 4910 multa
1431 4855 1893 4923 cognoscere,sed

285 4942 511 5009 cognita
538 4942 843 4996 custodire.
873 4943 1017 5003 Nam
1049 4943 1144 5012 qui
1177 4942 1318 4997 bene
1348 4942 1629 5011 intelligit,
1648 4942 1781 5011 quid
1812 4943 1895 4999 in-

287 5029 598 5099 telligendo
627 5029 829 5088 debeat
858 5031 1143 5100 agnoscit;
1177 5038 1387 5101 quanto
1425 5031 1576 5089 enim
1607 5031 1895 5089 intellectu

285 5117 451 5181 latius
490 5119 837 5185 extenditur,
871 5126 1028 5181 tanto
1059 5120 1129 5179 ad
1165 5120 1436 5190 explenda
1477 5136 1648 5190 opera
1678 5120 1896 5179 enixius

556 5207 712 5262 Unde
737 5208 798 5261 in
836 5208 1133 5277 Evangelia
1163 5208 1368 5265 veritas
1399 5208 1534 5269 dicit
1566 5226 1575 5261 :
1611 5210 1713 5267 Gut
1744 5212 1893 5265 mut-

288 5301 401 5359 tum
422 5298 630 5355 datum
660 5302 752 5362 est,
785 5301 1029 5355 multum
1060 5302 1337 5375 quaretur
1358 5299 1424 5357 ab
1452 5314 1528 5361 eo,
1560 5303 1609 5353 et
1639 5300 1732 5356 cui
1747 5314 1891 5351 com-

291 5386 696 5446 mendaverat“
728 5388 971 5443 multum
995 5389 1122 5454 plus
1156 5388 1480 5453 repeleulab
1511 5404 1567 5441 eo
1587 5385 1738 5456 (Luc.
1772 5388 1888 5457 κη).

290 5469 643 5542 Deputemus
669 5473 845 5545 igitur
876 5473 1310 5545 intelligentiam
1334 5474 1525 5533 datam
1553 5475 1713 5545 quasi
1731 5491 1893 5545 pecu-

290 5560 440 5614 niam
478 5568 760 5631 mutuam,
787 5579 899 5633 quo
923 5564 1050 5634 plus
1067 5563 1228 5617 nobis
1258 5563 1503 5627 creditur
1530 5580 1595 5624 ex
1634 5563 1893 5634 benigni-

1978 4498 2104 4555 tide.
2135 4497 2659 4564 Sicutscriptumcst
2682 4514 2697 4547 :
2724 4495 2944 4549 Credidi
2960 4497 3180 4559 propter
3196 4492 3339 4559 quod
3359 4494 3570 4551 locutus

1976 4604 2095 4643 sum
2116 4606 2128 4645 ε
2153 4592 2199 4641 et
2212 4602 2306 4641 nos
2323 4587 2597 4640 credimus
2609 4582 2983 4651 propterun
2994 4585 3043 4632 et
3057 4581 3358 4647 loquimur.
3377 4579 3569 4632 Exem-

1979 4675 2130 4745 plum
2143 4674 2267 4730 ideo
2281 4673 2436 4729 dedit
2447 4673 2515 4729 de
2539 4671 2752 4742 psalmo
2772 4684 2897 4735 cxv,
2926 4672 2992 4721 ut
3010 4667 3333 4721 ostenderet
3354 4684 3415 4723 se
3442 4667 3568 4721 ideo

1978 4772 2298 4834 promptum
2338 4778 2458 4817 esse
2495 4761 2565 4816 ad
2604 4758 2795 4814 omnia
2830 4757 3140 4823 toleranda,
3174 4759 3309 4827 quia
3334 4755 3571 4810 credidit

1978 4852 2221 4906 futuram
2260 4849 2748 4903 resurrectionem.
2795 4846 3037 4901 Securus
3084 4863 3217 4916 ergo
3264 4847 3335 4900 de
3382 4846 3569 4900 futura

1978 4942 2106 5003 vita,
2141 4939 2431 5011 praesentis
2460 4938 2585 4995 vitae
2615 4953 2728 4991 non
2758 4936 2929 4991 habet
2956 4951 3148 4991 curam
3179 4953 3189 4987 :
3218 4936 3425 5006 quippe
3439 4951 3569 4989 cum

1980 5031 2081 5087 hoc
2094 5030 2371 5094 credatur,
2400 5035 2463 5083 ut
2477 5033 2612 5083 tunc
2626 5025 2724 5081 illa
2744 5025 2911 5081 beata
2936 5024 3049 5080 vita
3068 5032 3342 5094 speretur,
3376 5024 3423 5088 si
3454 5024 3569 5077 haec

1977 5124 2387 5175 contemnatur.
2438 5117 2678 5171 Securus
2723 5131 2876 5184 ergo,
2931 5113 3063 5183 quia
3112 5112 3260 5183 quod
3311 5111 3566 5178 credidit,

1978 5224 2169 5265 verum
2198 5212 2301 5265 est.
2321 5205 2491 5261 audet
2504 5205 2609 5263 hoc
2628 5203 2930 5274 praedicare
2958 5207 3023 5256 ut
3053 5206 3280 5257 caeteros
3308 5200 3429 5271 spei
3458 5216 3572 5254 sum

1976 5296 2273 5367 participes
2300 5295 2485 5351 faciat.
2519 5296 2699 5361 (Aug.)
2730 5294 2857 5347 Non
2888 5289 3099 5345 diceret
3121 5290 3384 5345 eumdem
3411 5290 3573 5361 spiri-

1974 5392 2096 5439 tum
2110 5384 2373 5447 tidei,nisi
2385 5383 2693 5441 admonens
2714 5380 2885 5437 etiam
2910 5379 3171 5449 antiquos
3188 5379 3569 5450 justosipsum

1976 5473 2235 5532 habuisse
2263 5472 2543 5544 spiritum,
2588 5471 2693 5528 hcc
2729 5474 2833 5534 est,
2886 5468 3291 5524 incarnationis
3338 5468 3567 5532 Christi,

1975 5564 2071 5622 sed
2102 5562 2236 5632 quis
2264 5562 2376 5620 illis
2404 5560 2593 5618 futura
2621 5556 3124 5629 praenuntiabatur,
3143 5573 3267 5628 quis
3287 5556 3570 5629 jamfuts
