3966 6168
286 263 290 268 ι
384 225 475 279 163

984 228 1045 280 ll.
1090 226 1356 280 RABANI
1398 226 1626 280 MAUitl
1666 227 1982 281 ARCHIEP
2020 228 2342 282 MOGUNT.
2385 225 2683 280 OPERUM
2719 224 2902 278 PARS
2943 225 3040 278 Ill.
3555 227 3647 283 184

377 349 537 406 nobis
575 351 922 415 anuntiatur,
966 356 1022 404 et
1059 356 1311 420 tempore
1353 349 1570 404 Veteris
1629 350 2032 410 TestamentiA
2055 352 2220 417 suris,
2255 351 2453 424 plagis,
2474 351 2642 415 fame,
2675 350 2788 416 siti,
2821 347 3046 419 frigore,
3088 349 3344 404 nuditate
3371 367 3499 404 caro
3527 367 3651 405 cor-

377 439 690 504 velabatur,
721 455 844 510 qua:
875 445 1126 508 tempore
1159 438 1297 492 Novi
1331 439 1676 493 Testamenti
1707 439 1980 494 revelabi-
2063 441 2362 512 rumpitur,
2394 441 2492 494 sed
2519 439 2710 494 anima
2739 455 2839 510 spe
2867 437 3042 492 futuri
3082 438 3299 510 praemii
3329 425 3648 505 renovatur,

378 535 492 594 tur,
515 529 641 583 ideo
661 530 784 598 ejus
805 533 1157 582 sacramenta
1178 529 1392 582 variata
1411 534 1562 593 sunt,
1587 535 1652 582 ut
1670 529 1783 582 alia
1793 537 1980 584 essent
2062 531 2195 600 quia
2219 530 2460 584 assiduis
2485 527 2939 583 tribulationibus
2953 533 3246 598 purgatur,
3269 527 3490 598 proﬁcit
3503 529 3654 582 enim

377 618 440 672 in
459 617 649 671 Veteri
677 617 1056 682 Testamento,
1087 616 1200 670 alia
1237 616 1295 670 in
1323 617 1497 683 Novo,
1529 634 1658 672 cum
1685 618 1824 672 ﬁdes
1853 619 1976 690 ipsa
2059 618 2116 672 in
2147 635 2430 690 pressura,
2449 635 2562 672 non
2577 617 2789 682 interit,
2807 617 2961 671 itaut
2987 615 3378 670 accedentibus
3393 617 3658 671 tentatio-

380 705 674 760 varia'non
703 704 794 758 sit.
819 705 1024 760 Beatus
1051 706 1338 776 apostolus
1367 706 1574 760 Paulus
1603 705 1860 762 adhibuit
1886 714 1972 762 te—
2057 707 2222 762 nibus
2245 707 2495 779 quotidie
2522 706 2776 778 acquirat
2793 705 2862 759 ad
2883 705 3167 770 meritum,
3199 705 3333 776 quia
3353 711 3410 758 et
3438 705 3658 776 corpori

380 795 707 849 stimonium
738 793 807 847 de
828 793 1150 866 Scripturis,
1184 794 1243 849 in
1273 811 1384 866 quo
1399 795 1559 849 nobis
1572 796 1811 866 gloriam
1829 814 1975 851 mar-
2057 797 2341 867 corruptio
2386 796 2502 850 haec
2539 794 2758 866 proﬁcit
2821 793 2894 848 ad
2930 793 3417 848 immortalitatem
3457 793 3659 848 merito

379 890 570 954 tyrum
598 883 1028 938 commendavit.
1052 886 1278 953 Propter
1305 887 1450 954 quod
1475 889 1746 954 scriptum
1776 891 1870 949 est,
1897 887 1976 940 in-
2061 885 2282 940 animae.
2307 885 2492 954 (Aug.)
2516 877 2784 939 Saneista
2799 883 3090 938 renovatio
3101 899 3214 936 non
3233 889 3520 937 momento
3546 899 3662 936 uno

381 972 521 1043 quit,
546 973 757 1026 credidi
776 977 1002 1041 propter
1021 974 1164 1041 quod
1183 976 1394 1027 locutus
1414 990 1538 1026 sum
1559 993 1576 1038 ;
1609 980 1656 1028 et
1688 991 1782 1028 nos
1811 975 1982 1028 eredi-
2063 975 2128 1028 ﬁt
2155 973 2332 1046 ipsius
2359 973 2754 1038 conversionis,
2789 973 2936 1027 sicut
2955 979 3240 1026 momento
3267 989 3380 1026 uno
3399 973 3464 1026 ﬁt
3484 972 3581 1026 illa
3602 972 3660 1026 in

383 1077 504 1116 mus
524 1066 750 1130 propter
779 1063 924 1130 quod
951 1067 1000 1114 et
1013 1063 1318 1130 loquimur.
1336 1063 1394 1116 Si
1416 1063 1569 1116 enim
1588 1065 1980 1120 tantummodo
2063 1062 2342 1134 baptismo
2363 1063 2650 1126 renovatio
2664 1061 2994 1116 remissione
3011 1061 3262 1116 omnium
3283 1067 3661 1132 peccatorum.

383 1147 770 1216 credidissent,
815 1155 872 1203 et
913 1166 1024 1204 non
1054 1151 1437 1221 loquerentur,
1478 1169 1591 1208 non
1630 1158 1978 1224 paterentur,
2066 1169 2248 1224 neque
2277 1153 2428 1206 enim
2453 1153 2538 1206 vel
2566 1169 2744 1206 unum
2783 1151 3342 1222 quantulumcunque
3383 1158 3660 1217 remanet,

383 1239 661 1293 credendo
699 1239 1192 1310 apprehenderunt
1234 1247 1290 1294 et
1329 1241 1608 1312 loquendo
1650 1242 1984 1297 invenerunt
2067 1241 2216 1312 quod
2237 1258 2350 1295 non
2378 1241 2720 1306 remittatur,
2757 1240 2856 1294 sed
2885 1239 3358 1311 quemadmodum
3397 1239 3551 1294 aliud
3579 1246 3670 1294 est

384 1334 625 1382 mortem
659 1346 670 1380 :
706 1329 802 1382 sed
834 1329 1148 1383 mortemin
1164 1345 1275 1400 qua
1287 1347 1490 1401 corpus
1516 1331 1880 1403 corruptibile
1895 1349 1985 1386 se-
2067 1347 2258 1385 carere
2287 1329 2554 1396 febribus,
2587 1329 2738 1384 aliud
2768 1329 2838 1383 ab
2867 1328 3216 1395 inﬁrmitate,
3255 1345 3378 1399 quae
3417 1327 3667 1383 febribus

384 1417 790 1484 minaretur,'et
808 1417 1152 1489 incorruptio
1179 1424 1506 1486 meteretur,
1535 1421 1707 1474 istum
1735 1438 1982 1486 sensum,
2069 1421 2215 1474 facta
2246 1425 2332 1473 est
2358 1419 2698 1472 revalescere
2719 1437 2730 1470 :
2751 1417 2886 1472 item
2917 1417 3071 1471 aliud
3100 1423 3186 1471 est
3221 1417 3455 1471 inﬁxum
3487 1419 3665 1472 telum

389 1505 446 1559 id
493 1511 580 1558 est
618 1505 768 1576 quod
809 1505 1108 1573 credimus,
1142 1514 1372 1578 propter
1417 1509 1565 1580 quod
1595 1515 1652 1562 et
1680 1510 1982 1580 loquimur,
2069 1509 2140 1563 de
2171 1525 2400 1580 corpore
2425 1508 2670 1574 demere,
2686 1507 2836 1562 aliud
2863 1507 3065 1560 vulnus
3097 1506 3246 1576 quod
3269 1522 3336 1559 eo
3359 1505 3566 1560 factum
3581 1513 3669 1560 est

390 1595 500 1648 alio
528 1595 648 1648 loco
677 1594 828 1648 idem
865 1597 1152 1666 apostolus
1179 1597 1259 1650 sic
1289 1599 1582 1668 explicavit
1613 1617 1624 1652 :
1681 1601 1848 1654 Corde
1879 1616 1988 1653 crc-
2070 1598 2315 1652 secunda
2360 1598 2648 1652 curatione
2687 1613 2886 1650 sanare
2919 1613 2930 1648 :
2964 1595 3046 1649 ita
3093 1594 3280 1666 prima
3307 1595 3521 1650 curatio
3560 1604 3663 1660 est,

390 1685 550 1738 ditur
579 1685 652 1736 ad
669 1687 980 1753 justitiam,
1011 1701 1101 1740 ore
1116 1690 1651 1756 autemconfcssio/it
1664 1691 1738 1742 ad
1753 1692 1987 1742 salutem
2007 1671 2053 1730 Β
2073 1703 2300 1741 causam
2339 1703 2625 1740 removere
2654 1684 2960 1756 languoris,
3013 1685 3158 1754 quod
3189 1701 3291 1755 per
3317 1684 3567 1738 omnium
3605 1683 3670 1738 ﬁt

395 1773 568 1839 (Rom.
613 1776 693 1841 x),
735 1773 932 1827 eadem
980 1775 1119 1828 ﬁdes
1173 1774 1498 1830 Mediatoris
1535 1777 1717 1832 salvos
1755 1777 1992 1832 faciebat
2074 1775 2482 1846 indulgentiam
2531 1781 2910 1846 peccatorum.
2945 1773 3203 1827 Secunda
3243 1773 3429 1844 ipsum
3469 1788 3672 1827 sanare

392 1861 675 1932 antiquos,
717 1863 968 1934 pusillos,
1011 1880 1139 1918 cum
1179 1865 1416 1935 magnis,
1459 1883 1571 1920 non
1599 1867 1774 1920 Vetus
1803 1867 1992 1921 Testa-
2073 1865 2447 1936 languiorem,
2467 1864 2614 1935 quod
2645 1865 2710 1917 ﬁt
2725 1861 2997 1934 paulatim
3011 1861 3352 1933 proﬁciendo
3371 1861 3427 1915 in
3445 1877 3674 1915 renova-

395 1955 670 2016 mentum,
706 1951 853 2022 quod
883 1952 942 2004 in
963 1953 1290 2007 servitutem
1317 1960 1570 2024 generat.
1592 1953 1828 2010 Scientes
1857 1973 1991 2025 quo-
2073 1955 2228 2008 tione
2273 1955 2440 2024 hujus
2467 1953 2748 2022 imaginis.
2783 1953 2917 2016 Quae
2959 1951 3070 2005 duo
3117 1951 3578 2004 demonstrantur
3612 1950 3674 2004 in

396 2043 555 2094 niam
583 2043 684 2108 qui
702 2043 1202 2107 suscitavitlesum,
1221 2049 1269 2096 et
1290 2060 1384 2096 nos
1398 2060 1524 2097 cum
1538 2047 1664 2098 Jesu
1683 2045 1988 2108 suscitabit,
2074 2043 2308 2114 psalmo,
2334 2042 2429 2096 ubi
2459 2041 2700 2111 legitur:
2728 2043 2836 2109 Qui
2857 2043 3136 2110 propitius
3175 2043 3235 2107 ﬁt
3273 2041 3526 2093 ommbus
3554 2042 3672 2092 ini-

394 2133 445 2182 τι
475 2131 762 2183 constituet
792 2131 1070 2186 vobiscum
1099 2133 1300 2200 (Amb.)
1332 2132 1450 2186 Hac
1479 2151 1576 2204 spe
1595 2134 1732 2188 dicit
1750 2133 1992 2188 laborari
2073 2133 2379 2200 quitatibus
2408 2134 2519 2184 tuis
2551 2133 2716 2198 (Psat.
2742 2133 2852 2198 cn),
2885 2129 3032 2200 quod
3061 2129 3126 2182 ﬁt
3144 2129 3202 2182 in
3227 2128 3508 2198 baptismo
3533 2146 3546 2194 ;
3571 2124 3674 2180 ile-

396 2223 628 2288 propter
647 2217 836 2284 ﬁdem,
857 2219 989 2288 quia
1010 2221 1326 2290 exemplum
1347 2222 1610 2292 praecedit
1627 2223 1992 2277 resurrectio-

397 2305 484 2359 nis
495 2306 761 2361 DominiJ
767 2323 884 2374 esu,
904 2307 1038 2378 quid
1051 2308 1224 2362 futuri
1246 2317 1430 2377 erunt,
1457 2311 1554 2382 qui
1572 2313 1835 2378 credunt;
1865 2312 1998 2383 quia

394 2397 536 2448 sicut
567 2397 633 2448 in
659 2395 843 2451 Adam
873 2413 1056 2451 omnes
1099 2401 1446 2466 moriuntur,
1477 2403 1559 2454 ita
1597 2406 1646 2454 et
1688 2405 1750 2456 in
1783 2402 1996 2456 Christo

398 2499 582 2538 omnes
609 2486 1065 2552 viviﬁcabuntur.
1098 2487 1280 2541 Adam
1311 2488 1461 2542 enim
1477 2489 1660 2544 forma
1675 2491 1873 2544 mortis
1889 2497 1994 2558 est,

399 2589 570 2626 causa
622 2575 854 2644 peccati,
897 2575 1154 2629 Christus
1210 2593 1338 2629 vero
1377 2577 1558 2632 forma
1595 2578 1719 2633 vitae
1771 2585 2000 2650 propter

394 2661 699 2732 justitiam,
715 2665 849 2731 quia
865 2669 1151 2731 peccatum
1174 2681 1284 2718 non
1302 2667 1444 2733 fecit,
1465 2683 1560 2720 nec
1573 2669 1730 2721 dolus
1745 2671 2001 2723 inventus

401 2756 476 2804 est
518 2753 582 2805 in
630 2767 721 2805 ore
763 2755 880 2820 ejus
913 2755 963 2813 (Ι
985 2755 1130 2807 Petr.
1167 2760 1245 2821 ιι),
1287 2761 1346 2807 et
1389 2755 1524 2824 quia
1558 2756 1857 2827 participes
1901 2758 2001 2810 hos

401 2839 718 2894 communis
743 2840 872 2894 ﬁdei
893 2839 1052 2908 dixit,
1077 2847 1440 2908 restis-citatos,
1475 2844 1677 2914 inquit,
1713 2849 2002 2900 constituet

401 2929 698 2994 vobiscum,
713 2935 778 2984 ut
795 2930 964 2984 unius
977 2931 1128 2997 ﬁdei,
1142 2931 1199 2985 in
1223 2948 1338 2986 una
1350 2932 1466 2986 sint
1479 2933 1646 2988 domo
1657 2935 1812 3005 pacis
1831 2954 1842 2992 :
1874 2953 2002 2989 cum

2076 2221 2205 2274 inde
2231 2219 2504 2291 sequitur,
2527 2222 2628 2288 qui
2645 2224 2808 2273 sanat
2822 2235 3006 2272 oumes
3026 2221 3319 2285 languores
3336 2222 3452 2270 tuos
3463 2208 3672 2285 (Ibid.),

2079 2309 2226 2380 quod
2245 2310 2310 2362 ﬁt
2327 2307 2669 2379 quotidianis
2697 2306 3030 2372 accessibus,
3065 2323 3190 2360 cum
3233 2306 3348 2360 haec
3376 2305 3562 2374 imago
3589 2321 3679 2358 re-

2079 2403 2334 2452 novatur.
2351 2399 2414 2452 In
2426 2397 2713 2467 agnitione
2727 2396 2898 2467 igitur
2922 2395 3022 2449 Dei
3043 2393 3376 2465 justitiaque
3392 2400 3450 2448 et
3477 2393 3678 2447 sancti-

2080 2491 2196 2541 tate
2223 2486 2494 2551 veritatis,
2526 2485 2622 2556 qui
2651 2485 2721 2538 de
2749 2484 2839 2538 die
2874 2484 2934 2538 in
2959 2483 3110 2537 diem
3139 2483 3480 2554 proﬁciendo
3512 2498 3679 2536 reno-

2079 2583 2260 2642 vatur,
2275 2575 2544 2629 transfert
2574 2591 2824 2628 amorem
2855 2591 2890 2628 a
2908 2571 3312 2644 temporalibus
3353 2572 3424 2626 ad
3445 2578 3676 2637 aeterna,

2083 2681 2118 2719 a
2142 2664 2453 2718 visibilibus
2479 2664 2550 2717 ad
2577 2663 2972 2734 intelligibilia,
3007 2679 3042 2716 a
3067 2660 3386 2716 carnalibus
3420 2660 3490 2714 ad
3519 2659 3682 2731 spiri-

2083 2753 2238 2820 talia,
2271 2760 2440 2824 atque
2469 2752 2538 2806 ab
2567 2752 2688 2806 istis
2727 2751 3093 2822 cupiditatem
3124 2751 3344 2803 frenare
3381 2755 3550 2820 atque
3579 2747 3682 2802 mi-

2085 2859 2276 2907 nuere,
2291 2842 2512 2912 illisque
2529 2859 2588 2895 se
2600 2841 2874 2895 charitate
2891 2840 3123 2911 alligare
3137 2839 3434 2908 diligenter
3451 2838 3679 2892 insistit.

2086 2933 2277 3002 Imago
2306 2947 2456 2995 vero,
2489 2948 2610 3002 quae
2640 2937 2942 2984 renovatur
2968 2929 3171 3000 spiritu
3204 2927 3410 2982 mentis
3435 2927 3495 2981 in
3527 2927 3685 2999 agni-

404 3017 556 3072 enim
577 3017 1609 3092 intelliguntquiaproipsispatiuntur
1630 3023 1816 3089 exitia,
1835 3030 1893 3076 et
1908 3024 2000 3078 isti
2024 3033 2068 3091 ί]
2086 3021 2240 3074 tione
2271 3019 2391 3088 Dei,
2423 3036 2537 3074 non
2564 3019 2825 3084 exterius,
2857 3018 2953 3072 sed
2976 3017 3215 3072 interius
3242 3017 3311 3070 de
3341 3017 3430 3070 die
3459 3016 3519 3069 in
3531 3015 3684 3069 diem

404 3105 627 3160 solliciti
670 3112 802 3160 sunt
848 3108 916 3162 de
948 3109 1300 3178 passionibus
1340 3110 1562 3179 horum,
1597 3113 1750 3166 velut
1784 3130 2006 3184 compa-

405 3195 610 3249 tientes
639 3195 809 3250 simul
838 3201 896 3250 et
924 3197 1222 3268 participes
1253 3204 1418 3252 erunt
1449 3199 1506 3253 in
1545 3201 1659 3254 vita
1705 3202 2000 3272 promissa,

407 3291 474 3338 ut
498 3284 668 3339 simul
696 3285 1032 3353 contristati,
1073 3287 1242 3340 simul
1267 3289 1554 3356 gaudeant
1585 3309 1596 3342 :
1629 3297 1859 3362 propter
1881 3292 2005 3345 illos

410 3373 490 3428 sic
511 3373 766 3444 loquitur
783 3374 878 3445 qui
909 3376 1377 3430 resurrectionem
1402 3377 1701 3448 negabant,
1731 3396 1871 3450 quos
1883 3379 2007 3434 etin

412 3463 596 3532 prima
625 3462 874 3533 Epistola
901 3463 1217 3534 exprobrat.
1246 3467 1447 3520 Omnia
1476 3470 1626 3520 enim
1642 3473 1868 3536 propter
1900 3485 2004 3534 vos,

415 3555 477 3604 ut
502 3553 691 3618 gratia
729 3552 1022 3606 abundans
1044 3569 1146 3622 per
1181 3557 1398 3619 multos,
1429 3558 1750 3622 gratiarum
1798 3561 2010 3611 actione

413 3640 696 3694 abundent
724 3642 789 3694 in
806 3644 1045 3708 gloriam
1057 3643 1171 3696 Dei.
1186 3644 1235 3696 A
1248 3660 1483 3698 munere
1503 3661 1604 3698 suo
1622 3645 1773 3700 Deus
1793 3647 2010 3700 nullum

413 3727 590 3782 voluit
613 3745 736 3783 esse
751 3729 1018 3798 alienum,
1035 3736 1092 3785 et
1121 3732 1254 3802 quia
1278 3749 1391 3787 non
1414 3750 1610 3787 omnes
1635 3734 1862 3806 capiunt
1887 3752 2012 3789 ver-

416 3817 550 3872 bum
567 3817 717 3885 ﬁdei,
739 3820 1040 3890 Apostolus
1050 3821 1150 3874 Dei
1173 3815 1514 3877 v'oluntatem
1531 3823 1731 3888 sciens,
1751 3841 2013 3894 persecu-

417 3905 600 3960 tiones
623 3912 682 3960 et
710 3908 960 3978 pericula
989 3909 1106 3980 pati
1129 3927 1241 3964 non
1269 3911 1480 3978 timuit,
1509 3911 1813 3968 dummodo
1839 3915 2017 3968 omni-

420 3993 522 4048 bus
542 3994 787 4048 ﬁdeliter
819 3997 1166 4065 praidicaret,
1201 4005 1265 4052 ut
1291 4000 1480 4069 plures
1511 4007 1740 4070 possent
1767 4002 2012 4067 credere,
2041 4032 2047 4042 -

425 4087 486 4135 ut
496 4081 790 4137 abundans
803 4084 1012 4138 donum
1027 4086 1129 4139 Dei
1141 4103 1253 4140 non
1275 4104 1376 4157 per
1385 4105 1691 4161 paucorum
1702 4091 2019 4159 gratiarum

421 4171 700 4224 actionem
710 4171 1139 4228 minuereturad
1151 4176 1548 4230 contumeliam
1565 4177 1686 4243 Dei,
1709 4179 1807 4231 sed
1827 4180 2020 4233 multis

423 4259 719 4330 proﬁciens
748 4259 1006 4315 afﬂueret
1028 4279 1128 4332 per
1161 4263 1469 4318 multorum
1497 4265 1809 4334 gratiarum
1841 4268 2018 4320 actio-

2085 3110 2208 3182 ipsa
2236 3109 2556 3180 perﬁcietur
2585 3108 2810 3176 visione,
2833 3123 2956 3178 qua:
2981 3113 3118 3161 tunc
3143 3107 3253 3160 erit
3271 3112 3397 3176 post
3407 3105 3684 3176 judicium

2087 3199 2226 3254 facie
2256 3199 2328 3252 ad
2353 3198 2551 3252 faciem
2581 3217 2591 3250 :
2625 3214 2774 3251 nunc
2803 3202 2994 3251 autem
3017 3196 3238 3266 proﬁcit
3269 3211 3371 3265 per
3395 3195 3686 3265 speculum

2089 3288 2146 3342 in
2174 3288 2492 3358 :egnimate.
2528 3287 2730 3356 (Greg.)
2773 3285 3074 3340 Sciendum
3107 3301 3236 3338 vero
3271 3291 3359 3338 est
3407 3283 3538 3354 quia
3579 3283 3686 3336 ali-

2090 3379 2312 3450 quando
2340 3393 2442 3430 nos
2473 3375 2844 3440 adversarius,
2877 3373 3178 3445 aliquando
3210 3379 3400 3428 autem
3437 3376 3690 3426 conteret

2091 3469 2259 3533 Deus,
2277 3484 2343 3520 ex
2361 3465 2697 3520 contritione
2715 3470 2908 3518 autem
2927 3461 3232 3516 adversarii
3261 3479 3296 3516 a
3322 3462 3528 3516 virtute
3553 3461 3691 3514 deﬁ-

2092 3556 2272 3610 cimus
2306 3573 2317 3608 :
2351 3572 2452 3626 per
2479 3553 2876 3609 contritionem
2905 3569 3034 3606 vero
3055 3551 3279 3606 Domini
3312 3549 3521 3604 fractia
3539 3549 3689 3604 vitiis

2094 3645 2154 3698 in
2189 3644 2394 3698 virtute
2433 3643 2783 3709 roboramur,
2818 3643 2963 3695 hanc
2991 3640 3386 3695 contritionem
3417 3637 3690 3710 propheta

2096 3739 2478 3804 conspexerat,
2503 3749 2630 3786 cum
2663 3730 2884 3804 dicebat
2908 3749 2919 3784 :
2953 3732 3110 3799 Reges
3131 3746 3213 3784 eos
3233 3733 3298 3784 in
3317 3732 3474 3798 virga
3484 3730 3688 3796 ferrea,

2097 3829 2148 3876 et
2177 3829 2445 3892 tanquam
2471 3837 2566 3876 ras
2593 3823 2756 3890 ﬁguli
2773 3826 3010 3875 conteres
3038 3836 3120 3873 eos
3151 3821 3314 3886 (Psal.
3347 3821 3425 3887 ιι).
3450 3818 3514 3872 In
3535 3817 3694 3886 virga

2098 3929 2208 3966 non
2245 3911 2518 3966 Dominus
2543 3911 2692 3982 regit
2721 3915 2778 3964 et
2807 3909 3066 3975 conterit,
3099 3907 3232 3978 quia
3257 3906 3692 3978 dispensationis

2099 4018 2212 4056 sure
2239 4001 2368 4054 forti
2399 3999 2750 4066 rectitudine,
2773 4015 2902 4053 cum
2930 4015 3032 4052 nos
3060 3996 3297 4050 interius
3316 3995 3511 4062 reﬁcit,
3545 4001 3694 4049 exte-

2101 4090 2218 4143 rius
2241 4088 2444 4157 affligit
2473 4106 2485 4140 :
2513 4104 2645 4142 nam
2683 4104 2794 4159 quo
2814 4087 3080 4140 virtutem
3108 4085 3293 4138 carnis
3315 4084 3593 4150 humiliat,
3611 4083 3694 4137 in-

2101 4178 2408 4232 tentionem
2435 4177 2666 4247 spiritus
2698 4177 2924 4241 exaltat,
2951 4175 3100 4229 unde
3122 4179 3180 4228 et
3196 4174 3314 4228 haec
3340 4173 3538 4227 eadem
3565 4189 3696 4226 con-

2101 4267 2255 4320 tritio
2267 4265 2423 4336 ﬁguli
2440 4265 2556 4320 vasi
2567 4271 2917 4336 cooperatur,
2933 4264 3079 4318 sicut
3092 4280 3194 4334 per
3206 4263 3444 4316 Paulum
3456 4261 3664 4316 dicitur
3677 4279 3688 4312 :

422 4365 552 4403 nem
583 4348 653 4403 ad
678 4350 918 4420 gloriam
941 4351 1041 4405 Dei
1068 4370 1080 4404 :
1105 4358 1315 4423 quanto
1332 4369 1465 4424 ergo
1480 4353 1571 4407 hic
1587 4354 1791 4424 dignus
1806 4356 2018 4411 honore
2033 4374 2082 4432 D
2102 4357 2372 4410 Habemus
2396 4356 2718 4408 thesaurum
2749 4358 2918 4408 istum
2948 4356 3010 4406 in
3039 4355 3184 4407 vasis
3195 4353 3475 4420 ﬁctilibus,
3499 4350 3597 4421 qui
3615 4350 3693 4403 si-

422 4443 525 4506 est,
557 4439 654 4510 qui
682 4439 930 4494 animam
968 4457 1129 4496 suam
1168 4459 1392 4512 semper
1436 4443 1605 4496 morti
1649 4443 1904 4514 subjecit,
1947 4462 2017 4499 ne
2102 4445 2218 4497 mul
2239 4443 2634 4498 contritionem
2663 4449 2721 4498 et
2747 4443 3002 4513 regimen
3021 4441 3339 4512 exprimens
3357 4439 3472 4494 ait:
3498 4444 3622 4494 licet
3649 4443 3695 4493 is

423 4527 635 4582 donum
660 4529 762 4583 Dei
791 4530 957 4600 longe
987 4531 1153 4585 aliter
1167 4533 1480 4602 proﬁceret,
1499 4548 1668 4603 quam
1687 4533 1885 4587 datum
1896 4541 1980 4590 est
2001 4536 2012 4588 !

425 4617 677 4686 nunquid
707 4634 820 4672 non
850 4621 1538 4692 magnacontumeliaejus
1551 4628 1653 4688 est,
1687 4622 1781 4692 qui
1802 4639 2018 4678 caenam

421 4699 632 4758 faciens
658 4706 1002 4776 opulentam,
1025 4725 1090 4763 ac
1118 4710 1326 4764 multos
1355 4710 1618 4776 invitans,
1636 4713 2020 4782 paucoshabet

423 4794 483 4847 in
511 4809 736 4847 summa
753 4795 778 4847 ’l

491 4883 718 4951 Propter
746 4885 889 4952 quod
918 4901 1028 4938 non
1054 4888 1352 4952 deﬁcimus.
1393 4889 1752 4944 Manifestum
1793 4897 1878 4944 est
1902 4890 2018 4944 hinc

425 4970 496 5025 ad
519 4970 866 5042 superiorem
887 4989 1112 5026 sensum
1149 4976 1462 5044 pertinere;
1495 4984 1560 5031 ut
1587 4979 1739 5032 enim
1767 4978 2016 5032 devotio-

425 5075 554 5114 nem
573 5077 735 5114 suam
760 5061 942 5115 adhuc
969 5063 1390 5132 propensiorem
1420 5065 1480 5119 in
1509 5067 1609 5120 Dei
1640 5066 1807 5120 rebus
1835 5073 2019 5120 osten-

425 5149 542 5216 dat,
574 5149 691 5204 haec
717 5149 962 5220 subjicit,
995 5150 1198 5222 quibus
1237 5153 1391 5206 nullo
1434 5171 1641 5224 genere
1685 5157 1921 5210 deﬁcere
1957 5173 2017 5209 se

426 5235 642 5307 probat,
661 5239 962 5308 quominus
985 5239 1044 5294 id
1065 5241 1213 5311 quod
1242 5241 1358 5296 Deo
1377 5242 1644 5313 placitum
1667 5252 1752 5300 est
1781 5245 2014 5316 implea-

423 5331 536 5393 tur,
559 5341 790 5382 securus
814 5333 1007 5383 tamen
1038 5330 1107 5384 de
1139 5331 1546 5386 resurrectione
1577 5334 1870 5404 promissa.

493 5413 600 5470 Sed
626 5417 747 5470 licet
766 5418 814 5471 is
841 5421 942 5486 qui
968 5420 1106 5486 foris
1135 5424 1210 5473 est
1239 5425 1421 5474 noster
1439 5420 1595 5476 homo
1611 5427 2012 5493 corrumpitur,

424 5506 667 5557 tamenis
685 5507 784 5572 qui
791 5507 948 5558 intus
957 5512 1033 5560 est
1053 5512 1356 5560 renovatur
1374 5509 1438 5561 de
1456 5509 1543 5562 die
1570 5513 1634 5564 in
1649 5513 1817 5566 diem.
1858 5513 2016 5565 Pres-

2099 4533 2196 4601 (ιιιὶ
2223 4536 2361 4601 [bris
2391 4539 2464 4586 est
2487 4539 2668 4587 noster
2694 4533 2850 4586 homo
2875 4533 3282 4598 corrumpitur,
3318 4535 3501 4584 tamen
3521 4532 3568 4582 is
3594 4533 3696 4598 qui

2099 4625 2254 4676 intus
2292 4627 2366 4675 est
2395 4604 2705 4676 renovat-ur.
2721 4623 2783 4675 de
2811 4623 2900 4674 die
2926 4624 2988 4674 in
3017 4621 3182 4677 diem.

2173 4711 2238 4765 1d
2265 4713 2414 4765 enim
2445 4712 2588 4780 quod
2603 4714 2665 4765 in
2673 4713 2934 4780 praesenti
2952 4715 3026 4764 est
3049 4714 3494 4763 momentaneum
3505 4714 3554 4761 et
3583 4712 3694 4761 tere

2103 4801 2482 4854 tribulationis
2514 4806 2729 4866 nostra,
2760 4816 2930 4868 supra
2977 4800 3201 4852 modum
3243 4801 3306 4851 in
3350 4798 3692 4850 sublimitate

2101 4895 2367 4943 aeternum
2389 4892 2576 4956 gloria
2600 4891 2814 4958 pondus
2845 4894 3106 4957 operatur
3135 4889 3199 4940 in
3229 4887 3402 4940 nobis.
3455 4883 3692 4954 (Ambr.)

2100 4977 2399 5031 Praesentis
2430 4977 2700 5049 temporis
2736 4976 3151 5041 tribulationes,
3191 4993 3314 5046 qua:
3349 4971 3518 5028 causa
3558 4973 3691 5027 ﬁdei

2099 5067 2452 5136 ingeruntur,
2485 5072 2908 5122 momentaneas
2936 5073 2994 5120 et
3019 5065 3166 5119 leves
3205 5065 3359 5131 dicit,
3393 5064 3526 5136 quia
3560 5069 3696 5117 sunt

2099 5156 2455 5226 temporales,
2496 5173 2668 5228 supra
2717 5155 2944 5210 modum
2998 5159 3192 5208 tamen
3236 5153 3295 5207 in
3347 5152 3696 5207 sublimitate

2099 5251 2374 5318 aeternum
2400 5245 2620 5316 pondus
2641 5244 2834 5316 glorise
2854 5243 3075 5316 operari
3105 5241 3468 5314 patientibus,
3510 5241 3696 5313 parvis

2100 5333 2250 5388 enim
2281 5333 2564 5389 laboribus
2596 5351 2800 5404 magna
2833 5333 3088 5388 redditur
3106 5348 3342 5400 merces,
3373 5339 3432 5386 et
3450 5347 3550 5402 pro
3586 5329 3694 5384 levi

2096 5422 2462 5478 tribulatione
2491 5440 2663 5494 supra
2691 5423 2922 5477 modum
2950 5421 3270 5476 sublimitas
3285 5421 3479 5490 gloriae
3499 5434 3698 5490 pensa—

2100 5511 2250 5566 bitur
2268 5519 2568 5584 perpetuae.
