4034 6162
331 336 406 388 185
763 334 1342 392 ENARRATIONUM
1374 339 1445 392 IN
1482 338 1634 393 EPP.
1667 340 1882 395 PAULI
1914 341 1924 395 l

1962 343 2049 396 IB.
2085 343 2206 396 XII.
2243 372 2306 382 ——
2342 341 2418 394 IN
2451 339 2672 393 EPIST.
2705 338 2754 392 ll
2783 339 2880 392 AD
2909 339 3069 393 COR.
3460 338 3555 391 186

378 459 478 513 Non
502 461 992 528 contemplantibus
1012 461 1168 514 nobis
1194 477 1314 530 qua
1340 464 1619 531 videntur,
1649 467 1740 519 sed
1765 482 1882 534 quae
1897 471 1946 527 Α
1969 483 2113 533 mus,
2130 473 2188 520 et
2207 465 2334 520 ideo
2349 465 2587 519 libenter
2600 462 2685 516 vel
2700 462 2885 534 potius
2901 462 3182 534 patienter
3196 463 3446 534 patimur
3457 479 3557 534 pro

323 565 406 601 non
447 548 708 600 videntur.
743 549 872 615 Qu:-
897 551 1048 602 enim
1076 551 1338 604 ridentur
1369 556 1698 621 temporalia
1725 561 1877 618 sunt,
1965 555 2208 620 Christo,
2243 555 2376 624 quia
2405 553 2548 607 alius
2578 551 2852 606 transitus
2873 567 2985 605 non
3012 552 3197 618 datur,
3226 557 3292 606 ut
3306 551 3357 606 ei
3385 551 3560 606 cohae-

317 641 586 704 queautem
603 653 715 690 non
735 638 998 690 videntur
1015 643 1221 692 «τίει-για
1233 645 1384 694 sunt.
1405 641 1754 697 Desiderium
1776 660 1881 697 coe-
1964 661 2216 697 reamus:
2242 659 2372 696 nam
2407 641 2452 695 si
2483 657 2778 712 possemus
2807 639 2972 694 aliter
2999 640 3290 711 pervenire
3319 641 3390 694 ad
3403 639 3561 694 Chri-

317 724 503 779 lestium
518 730 573 778 et
587 724 928 796 spiritalium
943 725 1232 794 habentes,
1250 728 1366 782 haec
1379 731 1676 800 praesentia
1691 739 1748 787 et
1764 738 1875 787 ter-
1961 727 2132 798 stum,
2153 731 2278 802 quis
2302 731 2468 784 vellet
2499 729 2677 783 mori?
2707 735 2968 783 naturam
2987 729 3192 800 quippe
3213 735 3486 794 nostram,
3503 728 3558 783 id

317 829 427 867 lena
442 829 695 884 spernere
725 815 1041 884 profitetur,
1059 816 1161 886 qui
1177 814 1247 870 ad
1279 819 1755 889 comparationem
1767 823 1875 893 spi-
1956 826 2059 884 est,
2079 820 2422 874 consortium
2435 819 2638 874 animae
2650 818 2930 888 quoddam
2946 823 3002 871 et
3014 819 3280 890 corporis,
3295 823 3353 872 et
3367 833 3561 888 quam-

316 902 524 956 ritalium
555 901 673 956 hac
703 903 861 958 nulla
889 910 1049 960 sunt:
1093 904 1174 958 sic
1201 905 1352 960 enim
1379 915 1512 962 sunt
1537 909 1653 964 hinc
1685 912 1756 964 ad
1786 929 1874 966 su-
1956 911 2086 963 dam
2127 909 2186 963 in
2217 909 2304 962 his
2333 908 2550 962 duobus
2584 906 3024 961 familiaritatem
3053 906 3559 977 congeminationis

317 1007 474 1062 perna,
493 991 772 1062 quomodo
802 995 984 1063 ﬁgura
1011 995 1083 1047 ad
1097 994 1418 1050 veritatem:
1441 998 1870 1070 ﬁguradeperit,
1956 1005 2124 1070 atque
2163 997 2512 1068 compaginis
2555 1013 2836 1067 exponens
2877 996 3178 1066 Apostolus
3217 997 3317 1060 ait,
3353 994 3557 1048 habere

316 1080 484 1134 veritas
509 1088 720 1147 manet,
750 1099 815 1135 ac
843 1099 945 1153 per
971 1083 1074 1136 hoc
1104 1083 1173 1137 de
1205 1086 1406 1140 saeculo
1443 1086 1551 1140 isto
1581 1089 1730 1142 exire
1763 1107 1874 1144 non
1957 1105 2057 1141 nos
2086 1089 2315 1141 domum
2346 1104 2459 1140 non
2491 1085 2886 1151 manufactam,
2911 1091 3179 1139 aeternam
3209 1085 3266 1138 in
3295 1084 3468 1147 caelis,
3493 1083 3548 1137 id
3615 1116 3626 1136 κ

315 1175 535 1224 metuunt
558 1171 726 1240 justi,
756 1172 854 1225 sed
885 1173 1151 1242 gaudent.
1959 1176 2557 1237 est,immortalitatem
2577 1180 2949 1246 prmparatam
2967 1173 3148 1240 nobis,
3165 1190 3277 1244 qua
3289 1172 3560 1228 induendi

913 1315 1148 1371 CAPUT
1177 1317 1224 1370 ν
1956 1282 2151 1320 sumus
2175 1265 2231 1318 in
2262 1265 2392 1330 ﬁne,
2423 1281 2550 1318 cum
2581 1263 3054 1317 resurrexerimus
3082 1280 3118 1316 a
3147 1262 3404 1316 mortuis.

387 1423 414 1436 η
451 1421 466 1436 ἱ
689 1426 700 1435 .
757 1427 766 1436 _
847 1430 857 1436 ι
914 1353 1030 1370 υ¹¹⁸
1059 1353 1161 1436 ⁸³³.
1352 1429 1362 1436 _
2027 1355 2172 1410 Nam
2197 1359 2243 1407 et
2261 1355 2429 1408 inhoc
2445 1355 2873 1420 ingemiscimus.
2894 1353 3290 1405 habitationem
3311 1358 3555 1406 nostram

314 1424 340 1472 ,4
347 1423 414 1487 git
431 1421 488 1474 de
497 1426 1040 1513 przmiojustorwa,
1123 1425 1391 1513 dqsiderio
1406 1433 1454 1479 et
1471 1431 1874 1494 preparations

1964 1461 2074 1513 qua;
2100 1445 2162 1496 (le
2183 1445 2306 1497 caelo
2320 1448 2392 1496 est
2414 1443 2747 1510 superindui
2767 1443 3070 1509 cupientes:
3101 1443 3152 1493 si
3164 1445 3347 1494 tamen
3359 1443 3557 1505 restiti,

953 1497 1203 1550 “d'llud'
1957 1539 2004 1586 et
2037 1548 2146 1586 non
2178 1533 2320 1584 nudi
2350 1533 2729 1584 inveniamur.
2767 1530 2910 1584 Nam
2939 1535 2989 1582 et
3017 1532 3116 1597 qui
3153 1545 3345 1582 sumus
3375 1532 3438 1582 in
3465 1530 3562 1583 hoc

366 1616 560 1670 Scimus
589 1621 741 1671 enim
783 1622 1046 1687 quoniam
1079 1623 1129 1673 si
1157 1624 1431 1674 terrestris
1463 1625 1656 1676 domus
1688 1630 1876 1676 nostra
1957 1621 2285 1678 habitacula.
2322 1621 2732 1688 ingemiscimus
2767 1621 3011 1685 gravati,
3041 1633 3098 1670 eo
3127 1619 3270 1686 quod
3301 1621 3560 1671 nolumus

305 1705 447 1772 hujus
474 1705 837 1760 habitatiom's
854 1709 1204 1772 dissolvatur,
1221 1714 1355 1776 quia
1383 1711 1789 1776 .ediﬁcationem
1815 1729 1876 1764 rx
1957 1712 2267 1778 exspoliari,
2286 1711 2760 1777 sedsupera-uiri,
2785 1713 2844 1760 ut
2865 1707 3220 1760 absorbeatur
3247 1707 3392 1774 quod
3408 1721 3559 1760 mor-

306 1795 391 1846 Ilco
411 1793 686 1857 habemus,
707 1797 938 1849 domum
957 1813 1066 1850 non
1087 1800 1491 1864 manu/actam,
1523 1806 1782 1853 sternam
1808 1804 1867 1854 in
1891 1787 1936 1845 Β
1955 1803 2060 1852 tale
2089 1803 2164 1852 est
2182 1801 2359 1851 avita.
2387 1799 2494 1864 (lui
2509 1801 2692 1850 autem
2718 1798 2882 1864 efﬁcit
2897 1812 2992 1849 nos
3014 1799 3077 1848 in
3093 1796 3188 1848 hoc
3203 1798 3380 1863 ipsum
3399 1796 3558 1860 Deus,

302 1885 440 1935 uelis.
460 1881 675 1952 (Greg.)
709 1883 899 1937 Sancti
927 1885 1076 1938 enim
1108 1885 1500 1955 praedicatores
1532 1888 1786 1942 Ecclesiae
1814 1889 1873 1942 in
1953 1891 2052 1956 qui
2069 1889 2214 1940 dedit
2232 1888 2382 1940 nobis
2393 1889 2597 1955 pignus
2612 1888 2863 1954 spiritus.
2900 1885 3108 1952 (Amb.)
3140 1885 3446 1954 Propterea
3464 1883 3550 1936 di-

302 1971 573 2040 presentia
590 1971 826 2042 spiritus
839 1973 1110 2041 gaudium
1130 1973 1384 2028 futurum
1401 1977 1870 2047 contemplantur,
1955 1977 2032 2029 rit
2062 1977 2119 2030 in
2139 1975 2398 2046 precibus
2417 1974 2729 2045 ingemisci,
2752 1980 2815 2028 ut
2829 1974 3012 2043 gloria
3034 1973 3312 2044 promissa
3326 1972 3394 2026 de
3407 1971 3560 2025 ccelis

300 2059 380 2129 qui
409 2066 775 2131 posteaquam
814 2061 884 2114 de
919 2061 1242 2133 corporibus
1287 2070 1600 2128 transeunt,
1637 2083 1747 2119 non
1776 2083 1878 2136 per
1957 2065 2133 2137 possit
2159 2071 2517 2134 resurgentes
2561 2063 2813 2128 induere,
2861 2064 2964 2116 hoc
3000 2079 3134 2132 ergo
3174 2061 3558 2114 desiderantes

299 2164 561 2203 morarum
598 2149 804 2220 spatia,
822 2150 970 2204 sicut
998 2151 1214 2222 antiqui
1245 2159 1434 2223 patres
1462 2172 1497 2207 a
1521 2153 1762 2208 caelestis
1783 2171 1878 2225 pa-
1960 2155 2228 2208 insistunt
2249 2153 2537 2224 precibus;
2563 2169 2633 2206 ne
2655 2159 2950 2222 surgentes
2966 2157 3190 2221 recepto
3218 2151 3414 2220 utique
3443 2165 3560 2202 cor-

297 2237 404 2292 triae
429 2239 786 2310 perceptione
807 2239 1159 2307 dilferuntur,
1180 2258 1308 2295 mox
1339 2243 1544 2313 quippe
1563 2249 1628 2297 ut
1647 2245 1879 2298 acernis
1961 2261 2116 2316 pore,
2132 2243 2286 2307 nudi,
2309 2243 2363 2296 id
2386 2249 2489 2304 est,
2515 2241 2684 2295 alieni
2701 2258 2734 2294 a
2766 2257 3043 2312 promissa
3063 2240 3246 2309 gloria
3271 2238 3558 2292 invenian-

295 2327 636 2397 colligatione
684 2335 910 2394 exeunt,
951 2329 1009 2383 in
1055 2330 1266 2384 cmlesti
1315 2332 1446 2384 sede
1500 2333 1878 2403 requiescunt,
1961 2340 2098 2398 tur;
2141 2333 2246 2385 hoc
2273 2331 2422 2384 enim
2451 2347 2591 2402 opus
2629 2336 2732 2393 est,
2774 2337 2838 2382 ut
2874 2329 3074 2382 induta
3109 2329 3299 2380 anima
3328 2343 3559 2397 corpore

295 2415 450 2468 Paulo
475 2423 807 2484 attestante,
843 2417 939 2488 qui
961 2417 1070 2472 ait:
1099 2420 1315 2473 Scimus
1335 2423 1600 2488 quoniam
1629 2424 1680 2474 si
1709 2427 1878 2475 terre-
1963 2421 2063 2475 Dei
2087 2421 2300 2490 judicio
2319 2419 2758 2490 superinduatur
2774 2417 2973 2486 gloria,
2989 2422 3212 2487 quaeest
3240 2414 3560 2469 immutatio

293 2506 1882 2578 striscbnnusnostrahujushabitationisdissolratur,quod
1961 2511 2020 2563 in
2049 2509 2362 2564 claritatem
2393 2527 2404 2560 :
2448 2525 2600 2562 mors
2629 2507 2780 2561 enim
2809 2507 2878 2560 de
2908 2513 3060 2559 terra
3089 2511 3193 2570 est,
3224 2503 3558 2558 resurrectio

292 2593 689 2658 adi/icationem
713 2611 778 2647 ea:
804 2596 908 2648 Deo
935 2596 1211 2660 habemus,
1240 2597 1464 2650 domum
1498 2601 1881 2666 nonmanufa-
1963 2604 2152 2653 autem
2182 2599 2250 2652 de
2279 2597 2450 2663 cmlis,
2485 2597 2533 2650 si
2568 2604 2760 2651 tamen
2795 2595 3163 2649 immutemur
3191 2594 3247 2646 in
3273 2591 3512 2662 gloriam
3540 2611 3552 2646 :

289 2687 439 2747 ctam,
459 2687 730 2736 uernam
747 2687 810 2737 in
831 2684 1170 2737 calis.Prius
1185 2684 1337 2738 enim
1358 2701 1526 2755 quam
1541 2687 1883 2758 Redemptor
1963 2687 2135 2758 aliqui
2169 2687 2384 2741 codices
2421 2687 2500 2740 sic
2536 2685 2762 2751 habent,
2802 2687 3076 2753 siquidem
3102 2685 3410 2751 exspoliati,
3445 2697 3553 2735 non

292 2777 468 2823 noster
495 2779 684 2825 morte
714 2789 820 2826 sua
848 2772 1082 2826 humani
1115 2773 1339 2841 generis
1369 2791 1592 2845 penam
1621 2776 1876 2842 solveret,
1965 2778 2107 2830 nudi
2135 2779 2510 2837 inrem‘amur,
2538 2775 2590 2827 id
2615 2775 2772 2840 est,si
2794 2779 3060 2828 exeuntes
3072 2773 3141 2826 de
3160 2787 3392 2843 corpore
3405 2769 3562 2824 Chri-

289 2859 558 2913 eosetiam
589 2860 691 2930 qui
718 2861 958 2915 caelestis
981 2861 1176 2932 patria:
1203 2861 1320 2915 vias
1343 2863 1520 2917 secuti
1544 2870 1693 2930 sunt,
1723 2865 1880 2936 prius
1965 2873 2116 2920 stum
2146 2865 2330 2918 vestiti
2367 2864 2672 2918 fuerimus:
2721 2863 2854 2933 quia
2883 2862 3222 2933 quicumque
3248 2860 3308 2914 in
3335 2859 3562 2914 Christo

289 2963 567 3016 egressum
601 2949 790 3003 carnis
816 2949 1020 3004 inferni
1051 2951 1296 3003 claustra
1335 2957 1641 3006 tenuerunt
1679 2970 1791 3007 non
1821 2959 1886 3006 ut
1964 2953 2298 3025 baptizatur,
2331 2953 2617 3006 Christum
2640 2952 2842 3005 induit.
2877 2951 2934 3005 Si
2961 2951 3150 3020 itaque
3177 2949 3236 3003 in
3263 2948 3445 3002 forma
3469 2947 3564 3001 ba-

286 3052 440 3105 paena
467 3037 636 3108 quasi
663 3045 922 3109 peccator
940 3041 1298 3110 plecteretur,
1323 3040 1420 3095 sed
1451 3041 1638 3112 potius
1662 3043 1720 3094 in
1752 3042 1884 3096 locis
1909 3106 1941 3113 -
1965 3043 2156 3113 ptismi
2185 3048 2243 3095 et
2273 3041 2576 3095 traditione
2609 3040 2985 3094 manserimus
3015 3037 3278 3108 expoliati
3307 3053 3559 3106 corpore,

289 3119 681 3180 remotioribus
711 3128 1078 3198 quiescentes,
1116 3132 1250 3202 quia
1279 3130 1517 3184 necdum
1559 3130 1882 3184 intercessio
1901 3106 1944 3166 Ο
1965 3148 2077 3186 non
2107 3131 2243 3185 nudi
2259 3130 2641 3184 inveniemur:
2679 3129 2809 3199 quia
2835 3129 2892 3182 in
2915 3128 3180 3182 interiore
3209 3126 3437 3180 homine
3467 3125 3564 3178 ha—

287 3213 942 3284 mediatorisadvenerat,
960 3217 1296 3289 abingressu
1307 3219 1466 3288 regni
1485 3224 1673 3272 reatus
1689 3219 1883 3288 primae
1965 3220 2108 3274 bitat
2123 3220 2398 3282 Christus,
2427 3236 2593 3290 quem
2612 3235 2738 3272 cum
2757 3217 2959 3283 induti,
2991 3217 3105 3270 sive
3140 3215 3351 3286 Spiritu
3371 3220 3564 3268 sancto

285 3303 449 3374 culpa:
484 3305 880 3375 prohibuerat.
927 3307 1086 3362 Unde
1112 3309 1274 3378 juxta
1312 3307 1462 3361 idem
1493 3307 1884 3378 Redemptoris
1967 3311 2098 3364 dato
2123 3309 2301 3375 nobis,
2331 3307 2661 3372 videbimur,
2683 3307 2894 3360 erimus
2913 3306 3068 3375 digni
3097 3302 3564 3376 superinduipro-

286 3393 697 3460 testimonium,
729 3395 883 3449 dives
913 3397 1010 3466 qui
1051 3397 1200 3468 apud
1237 3397 1444 3451 inferos
1475 3404 1788 3469 torquetur,
1827 3398 1884 3451 in
1966 3399 2140 3452 missa
2153 3398 2351 3467 gloria,
2373 3397 2432 3450 in
2454 3397 2614 3449 illum
2631 3397 2782 3450 enim
2805 3395 3014 3449 decidit
3028 3393 3303 3464 promissa
3319 3391 3562 3454 claritas,

285 3482 402 3536 sinu
441 3483 695 3538 Abrahae
741 3484 1091 3555 requiescere
1151 3487 1423 3540 Lazarum
1475 3489 1887 3559 contemplatur
1969 3505 2136 3558 quem
2165 3486 2365 3540 viderit
2391 3485 2617 3555 signum
2657 3483 2974 3555 adoptionis
3007 3483 3230 3536 habere.
3263 3482 3406 3535 Nam
3438 3497 3562 3534 cum

291 3571 426 3631 (Luc.
452 3579 600 3641 xvi),
631 3573 727 3643 qui
757 3573 1023 3644 profecto,
1047 3575 1092 3628 si
1124 3576 1307 3630 adhuc
1333 3575 1390 3629 in
1419 3576 1546 3629 imis
1575 3593 1686 3630 non
1715 3583 1881 3630 esset.
1967 3593 2177 3640 sumus,
2206 3575 2406 3645 inquit,
2443 3578 2505 3627 in
2539 3577 2637 3627 isto
2678 3589 2915 3641 corpore
2944 3571 3000 3625 id
3023 3577 3110 3624 est
3137 3569 3381 3634 mortali,
3416 3572 3565 3637 inge-

289 3660 382 3714 hoc
417 3661 514 3715 ille
551 3663 620 3715 in
654 3663 952 3716 tormentis
981 3665 1196 3734 positus
1220 3681 1349 3736 non
1379 3665 1608 3719 videret.
1647 3666 1799 3718 Unde
1830 3671 1888 3719 et
1966 3668 2251 3718 miscimus
2280 3667 2520 3731 gravati,
2549 3680 2606 3715 co
2638 3663 2780 3730 quod
2800 3665 3060 3714 nolumus
3083 3663 3231 3722 erui,
3255 3661 3346 3712 sed
3371 3672 3568 3725 super-

291 3747 428 3804 idem
443 3750 802 3821 Redemptor
814 3768 915 3822 pro
931 3759 1135 3807 nostra;
1155 3754 1331 3825 culpae
1353 3753 1540 3808 debito
1556 3753 1889 3808 occumbens
1970 3755 2153 3814 indui,
2176 3758 2238 3805 ut
2267 3752 2623 3805 absorbeatur
2650 3753 2882 3802 mortale
2910 3749 3006 3800 hoc
3033 3763 3066 3799 a
3089 3750 3222 3799 rita.
3256 3745 3412 3799 Idem
3439 3760 3570 3798 sen-

289 3836 500 3893 infema
527 3845 817 3910 penetrat,
842 3846 907 3895 ut
925 3858 1075 3909 suos,
1096 3843 1191 3913 qui
1220 3842 1271 3896 ei
1301 3842 1665 3908 inhaeserunt,
1697 3843 1767 3897 ad
1786 3860 1891 3896 cae-
1971 3859 2067 3895 sus
2093 3846 2196 3894 est.
2217 3840 2348 3895 Ideo
2370 3839 2521 3892 enim
2537 3838 2674 3892 dicit
2689 3842 2950 3906 gravatos
2968 3851 3069 3888 nos
3085 3831 3439 3906 passionibus
3453 3848 3570 3887 cor-

291 3926 444 3982 lestia
473 3929 744 3982 reducat:
778 3930 876 3983 sed
894 3947 1005 4000 quo
1017 3947 1165 3985 nunc
1181 3932 1348 3985 homo
1367 3931 1689 4002 redemptus
1703 3947 1892 3986 ascen-
1973 3931 2125 4002 poris
2139 3935 2197 3983 et
2210 3929 2384 4001 ipsius
2406 3928 2601 3982 mundi
2623 3923 3052 3996 tempestatibus
3069 3921 3473 3994 postulationes
3499 3921 3569 3974 ad

290 4016 396 4081 dat,
429 4018 570 4072 illuc
617 4017 863 4089 profecto
893 4020 940 4073 si
977 4037 1204 4090 peccare
1236 4020 1526 4086 noluisset,
1561 4021 1733 4075 etiam
1772 4020 1891 4074 sine
1975 4020 2155 4074 Deum
2184 4019 2445 4089 dirigere,
2466 4034 2536 4070 ne
2567 4017 2934 4069 immutemur
2958 4013 3107 4077 victi,
3134 4017 3190 4064 et
3219 4009 3435 4080 indigni
3455 4008 3570 4064 efﬁ-

293 4107 682 4178 redemptione
713 4108 1076 4178 pertingeret.
1119 4110 1352 4164 Sederet
1388 4127 1521 4178 ergo
1555 4110 1641 4162 vir
1667 4115 1893 4164 sanctus
1975 4109 2210 4172 ciamur,
2243 4107 2337 4161 sed
2371 4112 2427 4160 et
2453 4113 2517 4160 ut
2532 4103 2830 4171 contigerit
2859 4099 3568 4172 exitus,perscverantesin

289 4196 412 4265 quia
447 4197 496 4250 si
540 4213 664 4250 non
706 4205 991 4267 peccasset
1032 4198 1162 4252 illuc
1207 4199 1378 4252 etiam
1429 4215 1540 4252 non
1569 4199 1894 4268 redemptus
1977 4195 2867 4262 ﬁde,indutiinveniamursancto
2889 4187 3572 4263 Spiritu,quiinsubstan-

289 4287 642 4351 ascenderet,
673 4285 744 4339 ad
789 4287 936 4357 quod
983 4288 1374 4357 praedicatores
1409 4294 1630 4342 sanctos
1659 4294 1784 4358 post
1811 4304 1895 4340 re-
1977 4287 2056 4341 tia
2085 4286 2339 4340 Christus
2365 4292 2484 4338 est:
2511 4291 2645 4337 tunc
2660 4282 2810 4336 enim
2833 4277 3573 4352 superinduipromissaglo—

286 4373 678 4446 demptionem
712 4391 936 4429 necesse
967 4381 1054 4430 est
1092 4394 1219 4431 cum
1251 4393 1456 4448 magno
1487 4376 1676 4430 labore
1706 4392 1957 4448 perve-h
1978 4375 2060 4430 ria
2080 4374 2406 4446 poterimus.
2430 4373 2476 4426 si
2507 4372 2657 4426 exuti
2687 4387 2935 4440 corpore,
2970 4385 3080 4422 non
3095 4366 3573 4437 despoliatiasan-

289 4425 501 4529 nire.‘(A
514 4466 658 4532 mb.)
687 4465 802 4518 Hac
833 4465 1036 4519 fiducia
1056 4466 1192 4520 dicit
1219 4425 1522 4536 Apogtolus
1550 4482 1662 4519 non
1693 4425 1895 4518 trimen-
1911 4425 1958 4484 Β
1976 4471 2064 4518 cto
2080 4425 2302 4534 lSpiritu
2322 4462 2620 4515 fuerimus:
2657 4460 2735 4512 sic
2761 4425 2998 4511 mortale
3025 4425 3356 4510 absorbetur
3378 4470 3410 4506 a
3436 4453 3568 4519 vita,

284 4553 414 4607 dum
453 4554 701 4608 dissolvi
736 4554 805 4607 de
843 4571 1074 4625 corpore
1113 4555 1380 4609 violentia
1417 4554 1750 4619 infidelium,
1796 4560 1895 4608 aut
1975 4553 2032 4606 id
2061 4559 2164 4616 est,
2187 4558 2250 4606 ut
2276 4555 2633 4619 resurgentes
2655 4543 3128 4617 superinduamur
3147 4540 3570 4595 immortalitate

285 4649 432 4696 sorte
447 4643 608 4708 vitae,
625 4643 762 4714 quia
785 4649 1098 4714 praeparata
1121 4649 1208 4698 est
1228 4644 1550 4714 hujusmodi
1573 4643 1893 4696 hominibus
1976 4659 2101 4695 cum
2117 4639 2316 4710 gloria,
2342 4656 2411 4693 ne
2431 4639 2582 4691 ultra
2606 4635 2747 4689 mori
2767 4633 2961 4704 possit,
2980 4639 3079 4686 aut
3099 4629 3455 4702 passionibus
3471 4629 3572 4683 im-

286 4729 567 4786 habitatio
584 4732 645 4785 in
663 4732 818 4785 ccelis
839 4739 1067 4798 aeterna,
1097 4740 1162 4786 ut
1180 4733 1248 4786 de
1274 4732 1572 4804 temporali
1593 4739 1651 4785 et
1667 4738 1895 4786 terrena
1975 4730 2188 4802 plicari,
2219 4730 2322 4782 hoc
2345 4735 2448 4792 est,
2483 4723 2766 4780 absorberi
2789 4741 2822 4776 a
2841 4723 2975 4788 vita,
3006 4721 3139 4792 quia
3173 4720 3244 4773 ad
3268 4719 3374 4773 hoc
3396 4719 3575 4788 surgit

287 4821 523 4890 expulsi,
541 4821 607 4874 in
624 4826 957 4892 perpetuam
973 4821 1205 4875 domum
1236 4822 1596 4893 recipiantur.
1616 4821 1773 4875 Unde
1790 4821 1894 4874 hoc
1976 4837 2046 4873 ne
2066 4818 2245 4889 poenis
2265 4822 2485 4886 agatur,
2517 4817 2624 4882 Qui
2639 4819 2824 4866 autem
2844 4814 3042 4881 perﬁci
3047 4817 3063 4863 ι
3093 4827 3188 4864 nos
3211 4813 3272 4862 in
3287 4810 3383 4863 hoc
3392 4812 3572 4877 ipsum

286 4915 336 4962 et
353 4909 685 4980 optandum
713 4916 817 4976 est,
841 4910 939 4963 sed
969 4910 1102 4981 quia
1131 4911 1440 4981 optandum
1467 4927 1578 4964 non
1597 4915 1701 4976 est,
1737 4927 1806 4963 ne
1834 4909 1894 4963 in
1974 4909 2116 4962 Deus
2129 4908 2310 4974 estqui
2320 4907 2466 4959 dedit
2479 4905 2628 4957 nobis
2635 4906 2841 4970 pignus
2861 4901 3159 4970 Spiritum.
3192 4899 3308 4952 Hoc
3327 4897 3476 4967 quod
3495 4897 3573 4950 in-

289 5009 378 5050 ωε
405 4999 607 5069 gloria
633 4997 778 5052 alius
798 5005 1009 5068 pereat,
1043 4998 1092 5052 si
1114 5005 1306 5053 tamen
1337 4999 1618 5063 acciderit,
1656 4998 1895 5054 libenter
1974 4997 2343 5068 gemiscentes
2369 4991 2737 5064 poscimus,id
2755 4997 2858 5057 est,
2895 5006 3006 5044 non
3022 4995 3087 5043 ut
3104 4987 3248 5052 exui,
3273 4987 3371 5040 sed
3403 4992 3467 5039 ut
3486 5002 3574 5039 su-

289 5085 590 5141 ferendum
643 5095 745 5140 est.
799 5087 1146 5142 Terrestrem
1187 5088 1337 5142 enim
1381 5089 1613 5142 domum
1666 5104 1893 5141 carnem
1976 5085 2235 5158 perindui
2263 5099 2599 5144 mereamur,
2629 5082 2792 5150 juxta
2819 5077 3202 5150 supradictum
3243 5090 3471 5129 sensum
3515 5075 3572 5126 in

288 5177 428 5230 hanc
454 5176 628 5242 dicit,
652 5177 785 5247 quia
811 5177 1066 5231 mortalis
1093 5185 1195 5243 est,
1229 5185 1293 5230 ut
1322 5177 1369 5230 si
1399 5177 1468 5231 de
1496 5178 1601 5230 hac
1638 5177 1893 5230 dissoluti
1977 5175 2067 5229 die
2089 5173 2286 5244 judicii
2315 5174 2495 5226 Deum
2521 5171 2787 5242 perficere
2807 5168 2960 5233 dicit,
2992 5166 3125 5237 quia
3152 5163 3412 5236 promisit
3438 5169 3496 5216 et
3514 5164 3575 5216 ﬁ-

289 5264 593 5330 fuerimus,
621 5265 952 5320 aediﬁcatam
991 5266 1339 5320 inveniemus
1377 5266 1434 5319 in
1475 5267 1628 5320 cmlis
1663 5265 1894 5319 domum
1977 5264 2118 5318 delis
2147 5268 2250 5328 est,
2269 5263 2410 5316 dans
2429 5262 2598 5330 hujus
2626 5260 2706 5313 rei
2731 5257 3024 5328 implenda:
3047 5255 3249 5326 pignus
3279 5252 3571 5323 Spiritum,

289 5360 597 5408 aeternam:
618 5353 733 5407 haec
746 5343 948 5408 domus
968 5354 1498 5424 corpusimmortale
1521 5354 1818 5424 signiﬁcat,
1837 5353 1894 5408 in
1977 5353 2096 5424 ipse
2126 5358 2214 5406 est
2243 5352 2392 5405 enim
2420 5349 2770 5422 signaculum
2801 5344 3120 5415 adoptionis
3139 5347 3363 5398 nostra).
3387 5344 3572 5410 (Aug.)

291 5457 394 5511 quo
410 5449 788 5512 resurgentes
815 5459 1038 5514 semper
1061 5443 1292 5508 erimus,
1319 5444 1480 5512 cujus
1505 5443 1686 5496 forma
1702 5443 1822 5513 jam
1837 5442 1895 5496 in
1975 5443 2505 5512 Aggravamurergo
2517 5435 2863 5509 corruptibili
2873 5449 3105 5504 corpore
3122 5438 3180 5486 et
3195 5432 3371 5504 ipsius
3381 5447 3568 5502 grava'

287 5532 435 5586 uelis
456 5537 556 5586 est
586 5530 645 5584 in
671 5531 898 5586 Domini
913 5547 1142 5603 corpore
1157 5532 1457 5586 declarata.
1494 5534 1553 5598 (Α
1564 5535 1681 5601 ug.)
1715 5531 1899 5595 Quan-
1979 5531 2150 5585 tionis
2163 5546 2392 5584 causam
2404 5546 2514 5583 non
2527 5534 2787 5583 naturam
2803 5522 3286 5592 substantiamque
3300 5520 3571 5592 corporis,

292 5637 457 5689 quam
488 5620 728 5676 Christo
741 5620 1016 5674 inhaerere
1035 5621 1348 5692 cupiamus,
1361 5621 1505 5677 mori
1534 5627 1725 5674 tamen
1742 5620 1899 5673 nolu-
1981 5619 2078 5673 sed
2094 5621 2217 5689 ejus
2231 5619 2645 5679 corruptionem
2662 5612 3188 5678 scientes,nolumus
3197 5625 3432 5680 corpore
3447 5623 3573 5677 spo—
