4034 6162
360 333 461 392 18⁸7

956 333 1018 390 Β.
1062 304 1334 390 BADA)"
1372 333 1604 392 MAURI
1641 333 1977 392 ARCHIBP.
2019 330 2341 390 MOGUNT.
2385 327 2682 387 OPERUM
2719 326 2904 385 PARS
2941 325 3040 384 III.

3527 327 3632 384 188

359 459 504 526 liari,
537 457 634 516 sed
664 459 787 531 ejus
814 455 1238 516 immortalitate
1265 457 1456 514 vestiri
1481 476 1492 512 :
1512 463 1649 516 tunc
1675 459 1826 516 enim
1849 458 1958 515 erit
1975 454 2412 526 Aperfruemur.
2430 451 2913 523 (Greg.)Quisquis
2938 466 3072 522 ergo
3091 451 3283 508 omnia
3297 467 3420 523 qua:
3439 451 3518 507 ibi
3537 452 3634 508 ha-

360 565 582 620 oorpus,
603 547 700 604 sed
719 546 852 618 quia
873 544 1236 615 corruptibile
1257 562 1371 602 non
1389 548 1516 612 erit,
1543 565 1655 604 non
1677 546 1950 618 gravabit.

363 638 507 692 Nam
538 637 597 692 in
628 635 842 706 psalmo
869 635 1140 704 scriptum
1174 641 1285 690 est:
1331 635 1555 692 Salvam
1574 639 1752 704 fecisti
1777 639 1840 690 de
1867 653 1954 690 ne-

363 725 700 784 cessitatibus
719 725 975 781 animant
997 739 1175 780 meum
1196 725 1362 789 (Psal.
1389 727 1546 793 xxx).
1573 725 1854 795 Quidjam
1875 725 1955 782 di-

363 831 484 870 cam
513 815 582 868 de
611 812 942 870 necessitate
961 811 1138 882 ipsius
1153 813 1550 870 mortalitatis?
1571 813 1715 870 mori
1729 831 1954 870 necesse

357 909 461 968 est,
494 908 551 958 et
577 917 744 958 nemo
773 902 892 958 vult
920 901 1068 971 quod
1097 917 1322 959 necesse
1336 908 1439 965 est,
1467 902 1610 958 dura
1628 902 1949 969 necessitas,

358 991 506 1050 nolle
525 989 674 1060 quod
705 1006 816 1047 non
846 995 1032 1060 potest
1051 989 1235 1048 vitari.
1267 991 1412 1048 Nam
1443 990 1489 1046 si
1519 991 1599 1046 sic
1628 992 1749 1048 ﬁeri
1768 998 1955 1062 posset

2035 545 2220 600 benda
2239 549 2390 608 sunt,
2405 544 2496 600 hic
2515 543 2636 598 vult
2655 541 2882 607 habere,
2905 541 3076 595 ﬁdem
3096 557 3157 596 se
3177 541 3390 596 indicat
3405 559 3517 597 non
3537 543 3636 596 ha-

2034 633 2186 699 bere,
2217 635 2276 690 in
2307 633 2596 703 Scriptura
2640 647 2799 686 sacra
2842 630 3219 701 appellatione
3249 631 3500 701 pignoris
3528 632 3634 685 ali-

2036 723 2260 794 quando
2276 723 2424 778 dona
2442 721 2683 793 Spiritus
2701 719 2900 785 sancti,
2913 718 3218 790 aliquando
3233 735 3363 774 vero
3378 719 3636 790 signatur

2035 811 2308 870 confessio
2335 811 2566 882 peccati.
2598 809 2810 879 Pignus
2852 823 3096 878 namque
3124 807 3396 878 accipitur
3423 809 3635 863 donum

2035 901 2278 972 Spiritus
2307 899 2486 957 sancti
2515 899 2661 955 sicut
2687 915 2787 968 per
2815 898 3057 952 Paulum
3097 897 3323 963 dicitur,
3353 901 3452 966 qui
3487 899 3635 951 dedit

2037 992 2189 1048 nobis
2204 993 2409 1059 pignus
2419 989 2716 1058 Spiritum,
2735 991 2797 1042 at
2807 988 2912 1042 hoc
2921 985 3070 1042 enim
3092 985 3296 1056 pignus
3305 987 3628 1058 accipimus,

2037 1085 2099 1138 ut
2126 1080 2195 1134 de
2225 1077 2590 1148 promissione
2611 1093 2732 1148 quae
2760 1075 2920 1132 nobis
2937 1075 3018 1140 fit,
3037 1075 3431 1132 certitudinem
3443 1081 3634 1130 tenes»

2035 1184 2179 1220 mus.
2194 1169 2415 1221 Donum
2445 1183 2578 1235 ergo
2603 1165 2846 1236 Spiritus
2859 1163 3036 1220 sancti
3055 1164 3258 1235 pignus
3270 1164 3634 1235 dicitur,quia

355 1080 630 1138 nollemus
657 1079 853 1149 utique
882 1079 1030 1138 mori
1059 1085 1116 1136 et
1134 1079 1276 1137 effici
1295 1080 1442 1150 quod
1463 1080 1648 1148 angeli
1663 1081 1949 1140 vellemus.

354 1169 452 1226 sed
465 1167 906 1226 commutatione
927 1168 1170 1238 quadam
1188 1185 1301 1228 non
1318 1174 1498 1226 morte
1509 1168 1952 1240 sicutdicitApo-

355 1258 532 1314 stolus
553 1275 564 1312 :
583 1255 792 1316 etenim
813 1257 908 1326 qui
929 1273 1125 1315 sumus
1140 1257 1200 1313 in
1224 1257 1328 1314 hac
1348 1256 1696 1315 habitatione
1721 1258 1953 1327 ingemi-
2034 1273 2134 1326 per
2155 1257 2259 1309 hoc
2275 1263 2468 1309 nostra
2481 1255 2672 1308 anima
2692 1253 2761 1306 ad
2786 1252 3069 1306 interioris
3097 1253 3216 1322 spei
3233 1253 3631 1307 certitudinem

355 1347 562 1404 scimus
589 1346 825 1416 gravati,
859 1362 924 1402 eo
961 1345 1109 1416 quod
1150 1346 1412 1403 nolumus
1451 1347 1700 1416 spoliari,
1739 1346 1834 1402 sed
1864 1364 1954 1400 su-
2033 1345 2348 1398 roboratur.
2369 1344 2582 1397 Rursus
2597 1341 2846 1412 pignoris
2873 1341 3098 1395 nomine
3119 1342 3330 1412 peccati
3359 1341 3632 1396 confessio

357 1434 664 1506 pervestiri,
707 1435 963 1491 volumus
1001 1435 1290 1504 pervenire
1327 1435 1398 1491 ad
1433 1452 1672 1504 regnum
1703 1436 1822 1501 Dei,
1853 1435 1951 1492 sed
2036 1434 2179 1487 solet
2195 1433 2449 1501 intelligi,
2477 1432 2623 1486 sicut
2648 1431 2708 1484 in
2735 1432 2859 1504 lege
2879 1430 3151 1500 scriptum
3173 1436 3284 1484 est:
3321 1431 3458 1485 Cum
3486 1431 3634 1484 debet

359 1529 596 1582 mortem
615 1523 898 1588 nolumus,
933 1523 1352 1592 ingemiscimus
1373 1525 1610 1594 gravati,
1643 1524 1949 1582 secundum
2042 1524 2445 1591 tibiquippiam
2462 1523 2642 1588 frater
2677 1526 2821 1582 tuus,
2860 1526 2908 1572 ct
2927 1521 3222 1572 abstuleris
3245 1522 3453 1587 pignus
3469 1521 3537 1572 ab
3557 1537 3634 1583 eo,

357 1613 494 1670 illud
524 1611 825 1682 Scriptura:
855 1611 965 1668 alio
995 1612 1144 1668 loco:
1178 1613 1381 1680 Corpus
1409 1615 1552 1681 quod
1571 1617 1953 1681 corrumpitur
2033 1617 2161 1668 ante
2188 1613 2315 1664 solis
2343 1625 2592 1665 occasum
2616 1611 2821 1676 pignus
2853 1610 3078 1663 restitue
3112 1608 3298 1677 (Exod.
3333 1611 3493 1672 XXII),
3541 1610 3639 1678 qui

354 1703 1472 1770 aggravatanimam,etdeprimitterrena
1492 1703 1954 1758 inhabitatiosen-
2033 1701 2184 1756 enim
2215 1702 2504 1769 peccatum
2535 1697 2683 1767 quod
2728 1696 3012 1754 commisit
3049 1695 3277 1758 fatetur.
3330 1702 3386 1752 et
3418 1697 3640 1751 veniam

357 1805 482 1848 sum
518 1793 698 1844 multa
726 1793 1050 1857 cogitantem
1084 1790 1232 1859 (Sep.
1259 1795 1354 1858 xx).
1387 1791 1550 1860 Ergo,
1584 1791 1683 1855 ait,
1716 1791 1951 1861 ingemi-
1969 1770 2017 1832 Β
2034 1789 2193 1860 petit,
2208 1789 2328 1858 jam
2352 1786 2511 1857 quasi
2541 1802 2641 1856 pro
2663 1784 2850 1840 debito
2879 1785 3083 1855 pignus
3107 1784 3281 1844 dedit.
3302 1785 3450 1856 quod
3469 1785 3640 1840 nimi-
3736 1779 3744 1785 ’

359 1878 566 1936 scimus
584 1877 820 1947 gravati,
840 1877 943 1936 sub
965 1878 1184 1936 sarcina
1207 1879 1417 1934 scilicet
1439 1878 1817 1950 corruptibilis
1838 1895 1954 1934 car-
2033 1893 2160 1936 rum
2178 1877 2378 1947 pignus
2395 1882 2527 1932 ante
2539 1874 2672 1930 solis
2693 1890 2948 1930 occasum
2966 1873 3201 1929 reddere
3211 1868 3640 1945 jubemiir,quia

358 1966 446 2025 nis
483 1966 907 2037 ingemiscimus
950 1968 1187 2036 gravati.
1235 1968 1294 2024 Si
1339 1967 1675 2038 ingemiscis.
1715 1967 1956 2026 libenter
2035 1967 2364 2040 priusquam
2392 1965 2452 2018 in
2481 1963 2642 2021 nobis
2669 1979 2769 2032 per
2800 1963 3051 2020 dolorem
3085 1962 3268 2018 cordis
3303 1963 3387 2017 sol
3407 1963 3640 2034 justitize

361 2071 506 2126 pone
531 2055 810 2113 sarcinam
829 2056 1018 2122 istam,
1035 2061 1185 2114 certe
1203 2057 1574 2126 ingemiscere
1605 2074 1664 2112 se
1689 2056 1831 2114 dixit
1852 2056 1956 2112 sub

361 2145 464 2202 hoc
481 2160 672 2208 onere.
700 2145 923 2216 gravari
947 2162 1005 2204 se
1029 2145 1170 2204 dixit
1196 2145 1300 2204 sub
1328 2145 1550 2202 sarcina
1577 2145 1957 2216 corruptibilis

359 2233 628 2303 corporis,
649 2233 773 2291 vide
789 2240 988 2310 utrum
1003 2235 1138 2292 velit
1153 2235 1258 2290 hoc
1272 2251 1442 2292 onere
1460 2235 1710 2304 spoliari,
1727 2233 1832 2290 sub
1847 2250 1956 2304 quo

359 2327 644 2393 gravatur,
675 2321 780 2380 sub
803 2339 913 2392 quo
941 2323 1275 2393 ingemiscit,
1298 2339 1410 2380 non
1433 2324 1539 2380 hoc
1563 2323 1836 2394 sequitur,
1861 2322 1956 2378 sed

364 2411 512 2482 quod
529 2411 627 2476 ait,
641 2414 705 2468 in
718 2427 825 2480 quo
848 2415 1108 2468 nolumus
1121 2412 1490 2478 exspoliario
1509 2428 1698 2468 vocem
1721 2417 1954 2477 naturai,

362 2499 769 2559 confessionem
823 2517 1016 2571 ptume.
1045 2517 1215 2570 grave
1259 2517 1460 2572 corpus
1503 2507 1606 2562 est.
1661 2517 1960 2560 onerosum

367 2605 569 2659 corpus
589 2595 701 2652 est,
725 2589 1085 2659 corruptibile
1097 2607 1298 2660 corpus
1323 2596 1426 2654 est,
1439 2590 1619 2662 gemit
1632 2589 1736 2643 sub
1759 2590 1872 2656 illo,
1904 2595 1962 2644 et

365 2693 476 2731 non
491 2676 730 2732 libenter
749 2677 1028 2734 deseritur
1048 2678 1059 2730 ἰ
1087 2679 1370 2744 nolumus,
1405 2679 1608 2748 inquit,
1638 2678 1717 2732 sic
1735 2694 1960 2737 reman-

365 2781 531 2823 surus
561 2782 622 2820 es
659 2765 1010 2834 gemensl'et
1037 2767 1084 2822 si
1123 2766 1444 2836 ingemiscis
1469 2773 1753 2836 gravatus,
1787 2783 1961 2836 quare

365 2853 596 2924 spoliari
625 2869 737 2910 non
761 2853 842 2911 vis
857 2854 881 2908 ‘l
911 2870 1026 2912 non
1069 2854 1270 2926 inquit,
1311 2855 1436 2911 vide
1483 2855 1632 2925 quod
1685 2855 1957 2924 sequitur,

366 2946 624 3000 nolumus
637 2945 884 3010 spoliari,
905 2945 1372 3010 scdsupercestiri,
1395 2942 1498 3000 sub
1519 2949 1746 3002 terrena
1764 2943 1957 3002 tunica

361 3047 546 3101 gemo,
575 3031 645 3086 ad
676 3031 960 3088 caelestem
982 3036 1194 3088 vestem
1213 3031 1448 3092 festino:
1478 3032 1637 3090 illam
1667 3033 1790 3086 volo
1820 3032 1956 3088 acci-

2035 2055 2268 2119 occidat,
2307 2053 2576 2112 debemus
2599 2052 2649 2108 ei
2675 2050 3082 2107 confessionem
3107 2053 3283 2108 venia)
3315 2052 3569 2117 reddere,
3605 2070 3639 2107 a

2038 2161 2148 2214 quo
2176 2141 2582 2201 confessionem
2611 2141 2928 2212 accepimus
2941 2140 3138 2211 culpae.

2109 2232 2380 2290 Audentes
2393 2233 2572 2300 igitur
2585 2245 2793 2297 semper
2805 2235 2855 2285 et
2870 2232 3094 2286 scientes
3105 2231 3374 2298 quoniam
3393 2231 3530 2284 dum
3549 2245 3642 2283 su-

2038 2338 2162 2376 mus
2173 2324 2237 2374 in
2257 2321 2352 2376 hoc
2371 2335 2589 2387 corpore
2603 2321 3079 2386 peregrina-mura
3097 2319 3351 2379 Domino,
3362 2332 3461 2386 per
3476 2317 3634 2385 ﬁdem

2040 2413 2190 2463 enim
2209 2409 2582 2472 ambulamus,
2607 2412 2655 2460 et
2687 2422 2798 2462 non
2820 2420 2922 2474 per
2951 2408 3196 2474 speciem.
3226 2403 3432 2476 (Amb.)
3455 2404 3637 2462 Mani-

2040 2497 2247 2554 festum
2277 2504 2380 2561 est,
2409 2495 2544 2566 quia
2568 2511 2669 2566 per
2692 2494 2860 2553 fidem
2883 2509 3011 2550 cum
3031 2494 3273 2550 Domino
3294 2509 3510 2556 sumus,
3526 2511 3637 2548 non

2043 2603 2144 2658 per
2158 2585 2536 2657 praesentiam,
2561 2600 2626 2640 ac
2653 2601 2756 2654 per
2779 2583 2883 2638 hoc
2908 2581 3340 2654 peregrinamur
3373 2598 3487 2637 non
3507 2583 3636 2647 ﬁde,

2043 2677 2140 2732 sed
2152 2675 2352 2746 specie.
2379 2675 2446 2730 Et
2457 2689 2648 2743 quare,
2675 2688 2806 2730 cum
2825 2673 2977 2729 idem
2996 2671 3147 2728 dicat
3160 2672 3220 2728 in
3235 2671 3391 2726 Actis
3421 2677 3643 2742 aposto-

2043 2766 2260 2821 lorum:
2297 2765 2364 2816 [ιι
2395 2766 2510 2830 ipso
2543 2765 2694 2816 enim
2711 2765 2970 2824 vim'mus,
2991 2767 3040 2816 et
3065 2776 3362 2824 movemur,
3380 2765 3430 2814 et
3448 2776 3642 2816 sumus

2043 2855 2104 2922 (Α
2115 2858 2181 2907 ct.
2217 2869 2330 2908 xvn
2343 2855 2377 2912 l,
2403 2851 2509 2904 hoc
2529 2850 2649 2906 loco
2669 2849 3018 2920 peregrinari
3033 2865 3136 2904 nos
3150 2865 3186 2902 a
3200 2848 3442 2906 Domino
3457 2847 3636 2913 dicat;

2038 2943 2085 2998 si
2115 2940 2322 3012 ubique
2363 2945 2466 3004 est,
2501 2939 2780 3009 quomodo
2827 2937 2916 2995 hic
2948 2937 3116 3008 positi
3147 2937 3576 3009 peregrinantur
3609 2953 3644 2992 a

2038 3030 2277 3088 Domino
2293 3029 2316 3082 ἱ)
2331 3029 2454 3084 sine
2470 3026 2638 3084 dubio
2657 3027 2890 3098 ubique,
2915 3027 3031 3082 imo
3060 3026 3250 3084 omnia
3263 3025 3322 3082 in
3343 3027 3458 3082 Deo
3486 3031 3638 3088 sunt.

363 3136 515 3190 pere,
537 3119 705 3177 istam
723 3119 852 3177 nolo
868 3135 1095 3190 ponere,
1113 3119 1170 3178 in
1185 3137 1297 3196 qua
1312 3121 1574 3179 nolumus
1594 3121 1844 3192 spoliari,
1858 3121 1956 3176 sed
1974 3108 2016 3166 C
2039 3119 2134 3174 sed
2161 3118 2294 3188 quia
2316 3117 2476 3176 sedes
2499 3116 2599 3174 Dei
2624 3115 2682 3170 in
2705 3115 2856 3172 caelis
2875 3120 2980 3180 est,
3013 3121 3071 3170 et
3087 3115 3200 3172 illic
3233 3131 3458 3186 semper
3486 3114 3642 3170 vide-

362 3206 741 3278 supervestiri.
777 3208 940 3278 Ergo,
968 3209 1484 3279 Paule,intelligam
1514 3215 1590 3274 te,
1625 3208 1757 3280 quid
1797 3209 1956 3275 dicis,

363 3297 461 3354 fiet
489 3295 701 3366 injuria
724 3302 884 3354 tanta
924 3297 1005 3354 illi
1034 3298 1244 3357 caelesti
1288 3298 1640 3364 vestimento,
1683 3305 1745 3352 ut
1771 3297 1961 3355 veniat

363 3383 465 3442 tibi
498 3399 668 3454 super
693 3385 796 3441 hos
841 3402 1054 3456 pannos
1087 3386 1451 3445 mortalitatis
1478 3392 1536 3445 et
1563 3387 1955 3458 corruptionis,

363 3480 428 3531 ut
443 3473 548 3530 hoc
574 3473 649 3529 sit
670 3473 919 3540 inferius,
947 3475 1084 3534 illud
1110 3475 1389 3546 superius.
1411 3476 1515 3532 hoc
1533 3475 1790 3539 interius,
1820 3475 1959 3531 illud

363 3563 625 3620 exterius.
649 3561 826 3626 Absit,
847 3563 1048 3632 inquit,
1075 3579 1187 3618 non
1211 3563 1290 3620 sic
1309 3563 1582 3628 dico,nolo
1601 3567 1854 3632 spoliari,
1870 3565 1960 3619 sed

363 3654 732 3718 supernastiri,
763 3668 875 3706 non
902 3657 1093 3711 tamen
1126 3657 1187 3708 ut
1215 3652 1320 3706 sub
1341 3651 1758 3722 incorruptione
1785 3653 1961 3712 lateat

361 3741 663 3810 corruptio,
697 3741 794 3797 sed
824 3747 890 3799 ut
917 3740 1284 3799 absorbeatur
1325 3742 1562 3800 mortale
1592 3758 1626 3798 a
1654 3741 1784 3808 vita,
1819 3741 1958 3800 bene

363 3829 685 3888 exclamasti
713 3830 809 3900 qui
827 3831 1144 3901 Scripturas
1173 3831 1341 3896 nosti,
1364 3831 1462 3887 sed
1476 3847 1547 3889 ne
1570 3830 1776 3901 aliquis
1805 3830 1960 3898 igna-

364 3933 461 3977 rus
489 3919 906 3988 Scripturarum
935 3919 1103 3978 verba
1133 3937 1261 3979 mea
1285 3925 1462 3991 putet,
1482 3919 1781 3980 subsecuta
1798 3919 1959 3980 Pauli

365 4011 498 4064 sunt
525 4007 711 4070 verba,
742 4007 933 4066 omnia
957 4007 1067 4067 ista
1095 4009 1401 4079 apostolica
1428 4009 1598 4065 verba
1626 4014 1774 4074 sunt,
1807 4009 1960 4078 uige-

365 4093 652 4151 miscimus
681 4096 916 4162 gravati,
952 4099 1016 4152 in
1030 4113 1136 4163 quo
1176 4100 1436 4152 nolumus
1465 4099 1716 4164 spoliari,
1752 4099 1842 4150 sed
1870 4113 1960 4152 su-

357 4183 667 4249 pervestiri,
693 4189 751 4238 ut
771 4184 1127 4237 absorbeatur
1145 4187 1378 4238 mortale
1397 4200 1430 4236 a
1451 4186 1583 4248 rita,
1618 4183 1756 4244 bene
1777 4189 1954 4249 tenes,

365 4285 507 4340 quos
539 4268 673 4327 alibi
702 4269 840 4328 dicis
869 4271 938 4330 de
965 4271 1374 4330 resurrectione
1411 4271 1659 4341 corporis
1688 4272 1950 4342 loquens:

367 4359 581 4427 Oportet
611 4361 968 4428 corruptibite
996 4360 1094 4416 hoc
1120 4361 1350 4420 induere
1381 4363 1876 4429 incorruptionem,
1910 4367 1958 4414 el

2037 3213 2150 3272 tur,
2179 3207 2305 3267 ideo
2324 3205 2414 3262 hic
2433 3205 2618 3277 positi,
2655 3203 2752 3261 ubi
2771 3220 2884 3260 non
2919 3203 3158 3268 videtur,
3191 3203 3540 3275 peregrinari
3567 3203 3639 3259 ab

2038 3313 2102 3352 eo
2129 3295 2386 3355 dicimur.
2431 3294 2670 3359 Quando
2725 3293 2876 3350 enim
2920 3309 3034 3348 non
3061 3309 3192 3351 eum
3219 3292 3638 3358 videmus,licet

2036 3401 2282 3455 praesens
2308 3383 2399 3448 sit,
2424 3381 2682 3441 absentes
2713 3381 2782 3438 ab
2813 3397 2878 3435 eo
2906 3397 3120 3438 sumus.
3143 3383 3422 3440 Audemus
3454 3387 3642 3438 autem.

2036 3479 2083 3530 ct
2117 3475 2314 3530 bonam
2343 3475 2684 3526 voluntatem
2715 3471 2973 3524 habemus
3011 3473 3188 3538 magis
3221 3473 3582 3538 peregrinari
3605 3485 3640 3524 α

2037 3577 2276 3629 corpore,
2310 3566 2356 3614 et
2385 3565 2672 3628 praesentes
2719 3575 2826 3616 esse
2862 3561 2938 3612 ad
2977 3560 3295 3614 Dominum.
3336 3559 3508 3614 Recte
3537 3557 3636 3622 ait,

2035 3651 2320 3713 audemus,
2342 3647 2614 3704 habentes
2643 3647 2794 3702 enim
2817 3647 3080 3702 ﬁduciam
3110 3647 3494 3718 promissionis
3511 3647 3634 3704 Dei.

2035 3747 2094 3794 et
2119 3739 2358 3798 scientes
2381 3738 2621 3797 multum
2650 3737 2911 3807 expedire
2934 3736 3047 3792 illic
3067 3753 3204 3801 esse,
3245 3753 3416 3806 quam
3445 3737 3506 3794 in
3537 3751 3640 3791 saa-

2035 3828 2180 3894 culo,
2213 3827 2573 3884 consentiunt
2600 3831 2658 3882 et
2685 3831 2884 3896 optant
2912 3825 3180 3882 excedere
3207 3825 3276 3883 de
3304 3841 3556 3896 corpore,
3578 3831 3642 3882 ut

2037 3916 2392 3988 requiescant
2411 3931 2589 3986 usque
2612 3915 2684 3970 ad
2713 3915 2864 3970 diem
2897 3915 3324 3972 resurrectionis
3338 3913 3442 3970 sub
3465 3915 3642 3970 altare

2037 4005 2157 4064 Dei.
2191 4005 2258 4060 Et
2269 4007 2384 4059 ideo
2399 4006 2798 4066 contendimus,
2823 4006 2932 4058 sive
2943 4004 3203 4066 absentes,
3223 4007 3333 4058 sire
3350 4009 3642 4072 prasente;

2037 4098 2258 4162 placere
2275 4097 2384 4148 illi.
2405 4093 2467 4148 Id
2489 4093 2773 4162 agendum
2797 4091 2952 4157 dicit,
2967 4096 3025 4147 et
3044 4090 3206 4148 bonis
3232 4091 3492 4162 operibus
3513 4091 3646 4146 insi-

2039 4183 2320 4248 stendum,
2345 4187 2410 4236 ut
2435 4181 2549 4246 sive
2579 4181 2636 4234 in
2666 4181 2768 4234 hac
2795 4180 2978 4236 adhuc
2999 4181 3114 4236 vita
3143 4180 3330 4250 positi,
3360 4180 3474 4236 sive
3509 4186 3642 4236 ante

2038 4270 2284 4326 tribunal
2300 4269 2507 4324 Christi
2531 4275 2853 4339 praesentes,
2888 4269 3209 4339 placeamus
3223 4269 3292 4322 ei.
3314 4269 3472 4324 Unde
3485 4268 3532 4324 si
3555 4269 3639 4329 di-

2039 4359 2116 4414 sci
2122 4359 2274 4429 plina
2287 4364 2621 4425 servetur,et
2633 4357 2724 4414 hic
2737 4363 2795 4412 et
2807 4357 2921 4414 illic
2937 4357 2987 4412 ei
3007 4357 3372 4429 placebimus,
3395 4357 3528 4428 quia
3539 4358 3636 4427 qui

365 4451 596 4508 mortale
617 4449 714 4506 hoc
732 4450 962 4506 induere
975 4451 1474 4506 inmortalitatem.
1493 4449 1628 4504 Cum
1646 4455 1827 4506 autem
1847 4436 2022 4504 σον-Ι)
2039 4448 2130 4504 hic
2151 4448 2347 4518 placet,
2381 4447 2494 4503 illic
2517 4463 2629 4504 non
2650 4446 2982 4517 displicebit.
3006 4448 3200 4502 Omnes
3217 4449 3365 4500 enim
3397 4462 3495 4502 nos
3520 4462 3640 4503 nta-

366 4539 626 4604 ruptibite
647 4538 743 4594 hoc
765 4539 1013 4597 induerit
1037 4541 1528 4605 incorruptionem,
1544 4542 1592 4592 ct
1618 4541 1851 4592 mortale
1865 4539 1961 4594 hoc

367 4626 615 4684 induerit
638 4629 1133 4692 immortalitatem,
1163 4631 1298 4687 tunc
1311 4630 1400 4693 fiet
1415 4641 1591 4684 sermo
1603 4628 1702 4694 qui
1723 4630 1960 4695 scriptus

365 4717 469 4770 est:
503 4714 766 4781 Absorpta
796 4722 870 4770 cst
905 4733 1052 4774 mors
1085 4719 1146 4771 in
1171 4719 1404 4775 uictoria
1429 4716 1476 4780 (Ι
1505 4717 1627 4771 (lor.
1665 4715 1777 4784 xv).
1801 4715 1958 4780 Quod

365 4799 460 4859 illo
489 4801 610 4856 loco
635 4801 734 4866 ait,
767 4808 829 4860 ut
857 4805 1212 4863 absorbeatur
1232 4807 1462 4860 mortale
1492 4820 1526 4860 α
1556 4809 1688 4868 vita,
1729 4805 1832 4860 hoc
1853 4805 1959 4863 isto

365 4887 506 4954 loco,
537 4891 790 4959 absorpta
817 4898 891 4948 est
921 4909 1068 4948 mors
1099 4897 1161 4952 in
1191 4897 1442 4957 victoria,
1479 4909 1760 4963 nusquam
1805 4910 1958 4953 mors

366 4993 478 5038 non
507 4977 672 5046 infra,
695 4995 809 5038 non
825 4997 1013 5050 supra,
1029 4998 1140 5039 non
1167 4982 1336 5048 intra,
1365 4998 1476 5040 non
1506 4988 1681 5046 extra,
1697 4981 1959 5052 absorpta

367 5073 452 5124 est
479 5067 814 5127 enim'mors
851 5068 909 5127 in
941 5069 1186 5126 victoria.
1229 5070 1333 5128 Ubi
1375 5075 1460 5124 est
1499 5085 1649 5126 mors
1674 5071 1956 5128 contentio

365 5155 497 5217 tua?
531 5156 638 5223 Qui
663 5163 866 5222 autem,
916 5157 1116 5228 inquit,
1157 5161 1372 5226 per/icit
1405 5175 1499 5220 nos
1539 5163 1602 5212 in
1641 5159 1737 5214 hoc
1775 5163 1955 5228 ipsum

365 5245 524 5306 Deus,
543 5249 642 5313 qui
651 5248 797 5308 dedit
810 5247 964 5303 nobis
972 5249 1178 5314 pignus
1189 5244 1344 5314 Spiri
1349 5248 1521 5304 tum.J
1526 5263 1615 5302 am
1627 5263 1958 5318 responsum

366 5337 470 5396 est,
503 5348 630 5391 cum
659 5335 727 5393 de
767 5335 1038 5392 distantia
1067 5335 1356 5406 praesentis
1383 5341 1440 5390 et
1463 5335 1639 5392 futuri
1669 5336 1856 5392 saeculi
1881 5337 1958 5394 lo-

367 5419 480 5478 cuti
491 5436 688 5479 sumus
707 5441 718 5480 :
737 5423 826 5482 hic
841 5424 992 5483 enim
1013 5423 1314 5494 accipimus
1330 5439 1431 5494 per
1450 5423 1654 5496 pignus
1667 5425 1958 5494 Spiritum,

369 5513 427 5566 et
452 5510 704 5570 certandi
735 5518 792 5574 et
840 5513 1094 5572 vincendi
1130 5512 1292 5577 vires,
1325 5511 1403 5566 ibi
1433 5517 1624 5570 autem
1652 5513 1773 5568 sine
1801 5513 1960 5568 hoste

369 5596 483 5660 ulla
505 5603 733 5662 externo
747 5606 806 5660 et
823 5599 1066 5684 interno,
1099 5600 1366 5660 ineffabili
1379 5617 1443 5658 ac
1461 5601 1806 5672 sempiterna
1820 5618 1954 5672 pace

2042 4539 2302 4605 nifestari
2311 4541 2511 4604 oportet
2522 4541 2650 4590 ante
2665 4537 2916 4590 tribunal
2929 4535 3150 4600 Christi,
3173 4541 3235 4590 ut
3251 4537 3455 4602 referat
3469 4551 3642 4588 unus-

2041 4629 2267 4694 quisque
2273 4627 2506 4693 propria
2519 4627 2779 4693 corporis,
2791 4629 2958 4692 prout
2969 4627 3150 4691 gessit,
3167 4627 3278 4680 sive
3290 4625 3512 4686 bonum,
3531 4627 3640 4678 siue

2043 4718 2276 4770 malum.
2311 4713 2490 4783 Igitur
2505 4713 2554 4766 si
2568 4713 2856 4783 judicante
2872 4713 3114 4779 Christo,
3136 4711 3522 4782 unusquisque
3543 4727 3642 4767 no-

2041 4808 2223 4858 strum
2251 4802 2398 4857 facta
2423 4801 2672 4872 corporis
2701 4801 2952 4872 recipiet,
2985 4817 3098 4854 non
3127 4801 3324 4871 utique
3363 4800 3485 4862 sine
3515 4816 3638 4854 cor-

2041 4907 2175 4961 pore
2203 4889 2615 4961 adjudicabitur
2627 4889 2772 4946 bono
2799 4897 2898 4950 aut
2919 4891 3086 4948 male.
3113 4896 3170 4955 et
3199 4906 3310 4944 non
3327 4888 3468 4944 dixit
3488 4889 3638 4947 facta

2039 4980 2241 5046 carnis,
2279 4980 2412 5052 quia
2439 4979 2623 5036 carnis
2652 4979 2787 5036 vitia
2814 4978 3099 5050 punienda
3129 4995 3352 5048 semper
3365 4985 3516 5042 sunt,
3541 4979 3636 5032 sed

2038 5068 2184 5126 facta
2201 5069 2468 5140 corporis,
2493 5068 2627 5138 quia
2645 5067 2947 5138 aliquando
2968 5067 3318 5137 spiritaliter.
3337 5066 3639 5136 aliquando

2037 5159 2338 5216 carnaliter
2366 5163 2649 5228 operatur.
2684 5157 2868 5225 (Aug.)
2901 5157 3026 5213 Non
3053 5155 3228 5226 igitur
3243 5155 3370 5222 ista,
3395 5172 3517 5225 qua;
3539 5171 3639 5225 pro

2039 5247 2314 5302 defunctis
2325 5245 2784 5302 commendandis
2799 5245 3124 5316 frequenter
3141 5245 3396 5302 Ecclesiae
3411 5243 3492 5302 illi
3508 5260 3640 5314 apo-

2040 5336 2246 5392 stolicae
2285 5342 2417 5392 sunt
2452 5335 2684 5392 adversa
2721 5333 3034 5404 sententiae,
3089 5349 3202 5404 qua
3249 5333 3462 5391 dictum
3513 5341 3634 5388 est:

2047 5426 2240 5480 Omnes
2268 5429 2416 5482 eiiim
2435 5424 2704 5482 stabimus
2727 5427 2856 5476 ante
2883 5425 3137 5480 tribunal
3160 5423 3386 5488 Christi,
3412 5427 3474 5476 ut
3493 5423 3637 5487 [erat

2046 5517 2424 5582 unusquisque
2443 5513 2743 5570 secundum
2760 5527 2823 5566 ea
2839 5527 2958 5580 quae
2977 5527 3078 5580 per
3108 5527 3303 5580 corpus
3328 5513 3508 5579 gessit,
3529 5513 3640 5564 siue

2047 5603 2269 5663 bonum.
2311 5607 2419 5660 sive
2450 5605 2682 5659 malum.
2727 5599 2871 5669 Quia
2898 5599 3071 5656 etiam
3102 5600 3213 5694 hoq
3237 5599 3503 5661 meritum
3533 5598 3640 5659 sibi
