4034 6162
354 317 436 375 189

737 311 1317 371 ENARRATIONUH
1354 312 1433 369 IN
1471 312 1625 371 ΕΡΡ.
1666 311 1881 371 PAULI
1919 312 2056 371 LIB.
2097 314 2220 375 XII.
2266 345 2329 356 —
2371 316 2447 375 IN
2487 316 2708 375 EPIST.
2751 316 2803 375 ῙῙ
2840 318 2937 375 AD
2977 317 3137 373 COR.

3474 316 3575 377 190

350 444 544 514 quisque
574 456 694 497 cum
724 440 785 495 in
818 456 1049 511 corpore
1084 439 1295 494 viveret
1346 438 1706 511 comparavit,
1746 444 1803 493 et
1844 439 2159 502 eiAautem
2180 444 2383 497 resistit
2408 444 2543 510 (Jac.
2565 457 2672 510 Ivi;
2707 441 3074 515 superborum
3096 442 3247 499 enim
3271 459 3427 501 mens
3455 442 3572 499 fru-

348 538 536 603 possent
569 530 673 584 ista
698 529 984 599 prodesse,
1014 544 1123 585 non
1156 528 1308 584 enim
1351 527 1609 583 omnibus
1638 535 1889 600 prosunt.

348 620 496 684 Quare
521 634 624 674 non
650 618 912 675 omnibus
927 624 1163 689 prosunt
1186 616 1209 669 ?
1242 617 1350 673 nisi
1371 622 1601 691 prepter
1631 616 1893 671 differen-

344 709 454 765 tiam
478 707 607 771 vitae,
638 723 809 776 quam
839 706 1075 777 quisque
1104 706 1282 776 gessit
1314 706 1371 761 in
1398 722 1628 776 corpore
1658 724 1671 771 ;
1696 704 1895 761 facien-

343 798 449 851 dum
475 801 551 853 est
571 795 843 865 judicium
861 801 1030 866 atque
1037 795 1433 866 justitia,quod
1455 793 1612 851 nobis
1632 794 1810 866 prosit
1838 794 1895 849 in

343 884 833 956 posterum,quando
852 884 1050 955 recipit
1072 884 1308 955 quisque
1337 884 1642 939 secundum
1672 900 1737 941 ea
1773 900 1894 955 quae

342 990 420 1044 per
441 989 624 1043 corpus
647 972 842 1043 gessit,
858 972 979 1031 sibe
994 972 1219 1035 bonum,
1254 973 1371 1029 sive
1391 973 1622 1038 malum,
1647 988 1747 1046 per
1770 990 1894 1025 cor-

340 1079 423 1133 pus
441 1062 630 1132 quippe
649 1061 726 1117 ibi
758 1062 900 1118 dixit
915 1062 1233 1132 Apostolus,
1259 1078 1358 1133 per
1373 1068 1617 1131 tempus,
1638 1078 1746 1135 quo
1763 1061 1893 1117 vixit

340 1154 383 1209 in
408 1167 833 1222 corpore,neque
856 1151 1006 1207 enim
1030 1149 1214 1222 siquis
1238 1150 1486 1219 maligna
1500 1156 1688 1205 mente
1727 1157 1895 1222 atque

336 1240 820 1310 impiaeogitatione
832 1239 1198 1311 blasphemet,
1214 1255 1393 1309 neque
1410 1239 1465 1293 id
1487 1238 1614 1297 ullis
1633 1238 1898 1295 membris

335 1334 577 1399 operetur,
598 1329 727 1393 ideo
747 1345 861 1385 non
883 1329 993 1385 erit
1011 1345 1157 1395 reus;
1185 1328 1316 1401 quia
1346 1328 1400 1385 id
1432 1344 1544 1385 non
1582 1333 1737 1385 motu
1774 1345 1897 1385 cor-

333 1417 654 1488 porisgessit,
677 1434 805 1473 cum
836 1418 942 1472 hoc
962 1434 1061 1488 per
1086 1417 1225 1475 illud
1255 1424 1478 1491 tempus
1505 1416 1762 1491 gesserit,
1790 1434 1898 1487 quo

329 1506 477 1575 gessit
495 1514 544 1561 et
555 1522 778 1577 corpus.
794 1506 1009 1569 Intueri
1027 1506 1284 1563 convenit
1300 1506 1552 1576 Apostoli
1565 1504 1748 1573 verba,
1764 1505 1899 1578 quia

329 1610 422 1653 non
445 1595 571 1653 dixit
590 1595 804 1653 referre
823 1600 1083 1665 oportere
1118 1612 1247 1653 cum
1276 1594 1371 1667 qui
1401 1595 1707 1666 judicatur,
1730 1600 1898 1669 prout

323 1684 472 1752 gessit
489 1690 614 1739 ante
649 1700 887 1754 corpus;
920 1683 1278 1743 manifestum
1308 1689 1410 1751 est,
1450 1683 1581 1754 quia
1618 1699 1728 1741 non
1764 1689 1893 1739 ante

1975 536 2125 583 ctum
2157 547 2267 587 non
2286 531 2419 587 facit
2446 532 2513 587 de
2544 532 2657 589 Deo
2674 531 2927 603 dignum.

2048 618 2168 673 Sive
2204 636 2327 687 ergo
2361 627 2533 675 mente
2564 623 2887 689 excedimus,
2928 623 3032 675 Deo
3075 640 3089 673 :
3130 623 3239 673 sive
3271 622 3444 679 sobrii
3470 637 3574 673 su—

1978 724 2121 769 mus,
2162 708 2324 764 vobis.
2360 708 2474 763 Iloc
2506 708 2659 773 dicit,
2701 708 2833 783 quia
2851 708 2896 762 si
2924 709 3067 763 elate
3096 709 3180 763 vel
3208 707 3445 783 superbe
3468 724 3572 780 pu-

1976 801 2133 851 tatur
2149 797 2383 861 locutus,
2399 797 2529 867 quia
2548 798 2777 855 laudare
2792 814 2852 855 se
2872 797 3021 857 visus
3034 803 3136 867 est,
3158 782 3351 853 verum
3363 782 3571 863 dicens,

1978 885 2093 941 Deo
2113 885 2217 939 hoc
2237 886 2639 943 remittendum
2665 906 2676 955 ς
2709 886 2755 939 si
2787 892 2974 943 autem
3006 903 3117 943 non
3138 886 3375 959 superbe
3413 885 3575 943 intel-

1976 973 2189 1044 ligitur,
2214 975 2310 1029 sed
2342 975 2412 1029 ad
2439 976 2677 1045 gloriam
2708 976 3055 1033 audientium
3069 992 3187 1033 esse
3210 976 3445 1039 locutus,
3471 976 3548 1029 Co

1978 1062 2205 1119 rinthiis
2220 1065 2487 1137 prolicere
2515 1064 2666 1123 dicit,
2702 1072 2763 1121 ut
2784 1070 2915 1119 tunc
2946 1081 3143 1119 sanum
3159 1064 3451 1122 sitdictum
3478 1080 3572 1121 au-

1979 1151 2278 1213 dientibus,
2330 1152 2375 1207 si
2406 1153 2485 1209 ita
2534 1153 2882 1225 intelligatur
2918 1159 2982 1209 ut
3019 1153 3229 1209 dictum
3254 1158 3374 1218 est;
3401 1153 3445 1209 si
3479 1169 3573 1211 au-

1979 1247 2094 1295 tem
2114 1242 2395 1311 jactanter
2422 1246 2649 1313 putetur
2676 1242 2905 1309 dictum,
2940 1242 3088 1297 velut
3117 1241 3377 1298 insanum
3404 1258 3437 1297 a
3456 1241 3571 1295 Deo

1981 1328 2405 1387 dimittendum:
2435 1330 2777 1387 omnisenim
2795 1330 3055 1402 superbia
3068 1330 3453 1389 velutinsania
3479 1330 3573 1385 ha-

1984 1417 2339 1473 betur.Unde
2370 1419 2491 1491 ipsa
2509 1419 2727 1475 Veritas
2756 1419 2812 1472 in
2838 1418 3134 1489 Evangelia
3166 1419 3245 1473 ait
3278 1436 3287 1473 :
3326 1420 3575 1475 l’idebitis

1981 1510 2171 1563 eertum
2199 1514 2472 1575 apertum,
2498 1513 2543 1561 et
2564 1512 2782 1576 angelos
2805 1509 3146 1563 ascendentes
3176 1512 3221 1561 et
3252 1508 3573 1563 descenden-

1980 1602 2051 1649 tes
2080 1612 2249 1663 supra
2291 1598 2494 1651 Filium
2526 1597 2766 1651 hominis
2819 1599 2997 1661 (Joan.
3038 1598 3093 1664 ι).
3135 1594 3281 1649 Audi
3312 1612 3424 1652 uno
3452 1595 3571 1651 loco

1977 1683 2162 1757 ipsum
2188 1685 2517 1756 Apostolum
2549 1685 2941 1741 ascendentem
2972 1690 3029 1741 et
3056 1684 3484 1742 descendentem
3515 1684 3571 1741 in

324 1788 523 1842 corpora
539 1773 745 1829 anime
765 1772 1126 1831 exstiterunt:
1152 1771 1359 1827 sienim
1376 1778 1508 1841 ante
1528 1772 1890 1839 exstitissent,
1914 1764 1958 1823 Β
1977 1790 2089 1829 una
2110 1774 2392 1831 sententia
2417 1793 2428 1829 :
2452 1772 2573 1828 Sive
2603 1778 2771 1839 enim,
2797 1774 2998 1847 inquit,
3026 1780 3198 1831 mente
3228 1777 3568 1841 arcessimus,

320 1861 499 1919 diceret
520 1862 719 1933 utique
729 1862 1054 1932 Apostolus,
1071 1862 1216 1917 sicut
1234 1878 1333 1933 per
1348 1878 1567 1934 corpus,
1587 1862 1665 1915 ita
1686 1868 1742 1915 ct
1761 1868 1890 1917 ante

320 1966 508 2020 corpus.
526 1951 769 2009 Soientes
782 1967 910 2018 ergo
925 1954 1177 2004 timorem
1192 1952 1414 2009 Domini
1433 1951 1748 2004 hominibus
1768 1966 1892 2004 sua-

316 2041 498 2095 demus.
530 2042 636 2095 Deo
677 2046 863 2107 autem
905 2041 1191 2106 manifesti
1217 2055 1428 2093 sumus.
1472 2038 1709 2107 (Ambr.)
1749 2040 1891 2103 Quo-

1972 1864 2103 1921 Deo;
2130 1865 2238 1916 sive
2280 1869 2635 1931 (eniperantcs
2666 1880 2857 1917 sumus
2896 1865 3059 1921 vobis.
3096 1863 3239 1929 Quid
3272 1869 3356 1918 est
3383 1868 3570 1921 mente

1972 1951 2311 2007 excessimus
2334 1952 2440 2009 iut
2462 1951 2559 2006 illa
2586 1952 2874 2007 videamus
2896 1969 3017 2023 quae
3047 1968 3159 2011 non
3198 1952 3328 2007 licet
3358 1952 3571 2010 homini

1973 2040 2145 2113 loqui.
2172 2041 2315 2104 Quid
2338 2046 2423 2094 est
2441 2047 2820 2115 temperantes
2842 2058 3035 2096 sumus
3065 2040 3219 2097 vobis
3242 2042 3266 2095 ?
3303 2042 3574 2111 Nunquid

317 2128 447 2187 aiam
464 2145 591 2198 ergo
605 2128 888 2199 judicium
909 2127 1009 2183 Dei
1026 2127 1275 2185 futurum
1293 2134 1378 2183 est
1396 2144 1495 2199 per
1512 2127 1797 2183 Christum
1820 2127 1887 2183 ad
1962 2131 2221 2198 judicavi
2248 2147 2331 2183 me
2360 2132 2499 2187 scire
2529 2132 2748 2199 aliquid
2777 2133 2924 2189 inter
2942 2147 3029 2187 vos
3061 2133 3174 2185 nisi
3200 2133 3385 2187 Jesum
3417 2130 3573 2185 Chri—

313 2216 645 2286 singulorum
664 2217 1111 2277 discriminanda
1129 2233 1317 2289 Opera,
1348 2216 1552 2272 idcirco
1591 2216 1889 2291 Apostolus
1970 2224 2118 2272 stum
2138 2224 2185 2273 et
2215 2220 2362 2272 hunc
2391 2221 2717 2285 cruci/irim:
2743 2226 2766 2271 ?
2797 2219 2854 2289 (Ι
2881 2220 3002 2274 Cor.
3036 2222 3113 2285 ιι).
3150 2217 3209 2273 Si
3236 2217 3355 2289 ipse
3384 2218 3572 2275 Domi-

314 2305 519 2359 suadere
538 2324 601 2361 se
620 2306 760 2369 dicit
785 2307 856 2360 ad
878 2306 1087 2362 bonum
1106 2322 1333 2361 sensum
1353 2311 1411 2362 et
1437 2305 1707 2369 vitam,ut
1734 2305 1889 2361 audi-
1973 2323 2077 2363 nus
2102 2307 2371 2373 ascendit,
2404 2314 2459 2360 et
2493 2307 2798 2367 descendit,
2846 2306 3204 2363 manifestum
3240 2312 3325 2361 est
3356 2305 3487 2381 quia
3516 2314 3569 2361 et

312 2401 440 2453 tores
467 2397 585 2463 ejus
621 2396 803 2451 securi
832 2395 950 2450 sint
965 2395 1032 2449 de
1048 2411 1213 2465 poena
1241 2395 1446 2459 futura,
1472 2400 1528 2450 et
1544 2395 1661 2469 ipse
1681 2393 1887 2467 glorie-
1971 2396 2361 2471 praedicatores
2378 2396 2554 2468 ipsius
2582 2396 2891 2451 ascendunt
2919 2396 2976 2452 in
3017 2396 3444 2465 illuminatione,
3479 2394 3571 2447 de-

308 2485 451 2541 turin
468 2484 551 2543 his
568 2484 1586 2547 habensfructumlabiorumsuorum,
1606 2484 1739 2553 quia
1758 2500 1890 2559 quo-
1971 2485 2245 2544 scendunt
2300 2485 2709 2555 praedicatione.
2776 2484 3016 2541 Verbum
3056 2485 3259 2541 extasis
3292 2485 3566 2549 Graecum,

309 2573 541 2631 rumdam
573 2574 929 2644 praviloquio
960 2574 1078 2627 dies
1101 2573 1296 2643 judicii
1328 2573 1428 2628 Dei
1453 2573 1510 2626 in
1538 2572 1769 2629 dubium
1798 2572 1889 2627 de-
1972 2574 2167 2626 Latine
2189 2580 2463 2647 quantum
2497 2574 2664 2628 datur
2704 2574 2961 2647 intelligi,
3006 2572 3170 2628 verbo
3217 2590 3328 2629 uno
3370 2573 3569 2645 exponi

306 2661 540 2719 ducitur:
592 2664 979 2731 Corrumpunt
1017 2665 1169 2719 enim
1211 2678 1386 2715 mores
1425 2663 1582 2715 bonos
1620 2664 1885 2729 colloquia
1971 2669 2171 2737 potest,
2198 2663 2241 2715 si
2283 2663 2519 2729 dicatur,
2550 2679 2805 2719 excessus
2831 2681 2842 2727 ;
2866 2663 2922 2717 in
2954 2678 3179 2716 excessu
3214 2678 3343 2716 vero
3365 2662 3569 2719 mentis

305 2754 443 2809 mala
469 2751 521 2817 (Ι
547 2756 677 2809 σοι’.
714 2756 831 2819 xv).
862 2752 1193 2809 Hominibus
1221 2752 1535 2815 suademus,
1565 2750 1659 2811 ait,
1688 2757 1751 2807 ut
1772 2766 1887 2803 cre-
1969 2752 2080 2805 duo
2098 2751 2508 2821 intelliguntur,
2533 2758 2631 2807 aut
2644 2768 2831 2825 pavor,
2856 2750 3563 2823 autintentioadsuperna,

301 2839 422 2897 dant
439 2848 491 2896 et
518 2840 853 2911 provideant
884 2856 953 2892 ne
974 2836 1263 2919 incurrant
1287 2844 1345 2893 et
1380 2844 1514 2895 tunc
1556 2838 1882 2913 pmniteant,
1970 2848 2049 2894 ita
2086 2846 2149 2897 ut
2178 2841 2589 2919 quodammodo
2630 2840 2698 2897 de
2728 2840 3002 2897 memoria
3031 2838 3291 2897 labantur
3326 2840 3562 2895 inferna.

302 2929 502 2999 quando
532 2929 874 3000 paenitentia
900 2917 1142 2985 fructum
1180 2944 1291 2981 non
1332 2926 1517 2985 habet.
1570 2930 1673 2982 Deo
1699 2933 1881 2981 autem
1966 2924 2027 2989 In
2050 2929 2153 2989 hac
2189 2917 2365 2987 extasi
2398 2929 2629 2987 fuerunt
2662 2946 2855 2984 omnes
2895 2929 3092 2989 sancti.
3130 2928 3333 3003 quibus
3363 2945 3568 2987 arcana

300 3018 563 3084 manifesti
593 3034 811 3075 sumus.
848 3017 964 3073 Hoc
1002 3017 1152 3075 enim
1188 3015 1523 3087 prmdicabat
1550 3016 1698 3087 quod
1735 3016 1884 3071 Deus
1914 3081 1943 3087 _
1966 3018 2066 3071 Dei
2088 3018 2361 3074 mundum
2387 3018 2556 3078 istum
2581 3018 2907 3076 excellentia
2927 3018 3172 3073 revelata
3191 3022 3341 3075 sunt.
3368 3018 3445 3072 De
3466 3018 3569 3075 hoc

291 3081 535 3174 jusserat,
567 3112 634 3160 et
654 3106 760 3161 hoc
776 3106 919 3163 scire
936 3106 1141 3161 dicitur
1168 3081 1318 3163 Deus
1345 3105 1493 3176 quod
1520 3081 1731 3161 bonum
1774 3112 1875 3161 est.
1903 3081 1945 3141 Ο
1963 3107 2169 3163 mentis
2199 3124 2445 3167 excessu,
2479 3107 2533 3161 id
2570 3114 2672 3169 est,
2698 3106 2893 3175 extasi,
2930 3107 3137 3161 Paulus
3170 3123 3297 3163 cum
3317 3107 3568 3179 loquere-

294 3194 529 3266 Denique
578 3196 733 3253 male
776 3194 1072 3267 agentibus
1107 3194 1244 3251 dicit
1272 3212 1282 3245 :
1316 3194 1502 3251 Nescio
1536 3210 1625 3247 vos
1663 3195 1875 3259 (Matth.
1961 3200 2073 3261 tur,
2107 3213 2165 3249 se
2196 3196 2380 3267 ipsum
2399 3196 2692 3253 insinuans
2705 3195 2786 3253 ait
2819 3194 2975 3253 :Sire
2995 3199 3162 3259 enim,
3182 3195 3365 3269 inquit
3392 3201 3565 3251 mente

295 3292 432 3351 xxv).
1963 3288 2302 3349 excessimus,
2337 3287 2457 3349 [)eo,
2488 3287 2596 3339 sive
2630 3290 2983 3352 temperantes
3010 3300 3228 3348 sumus,
3253 3286 3418 3349 vobis,
3435 3285 3563 3341 cha-

353 3374 511 3442 Spero
530 3377 695 3431 enim
713 3380 762 3429 et
782 3376 844 3431 in
867 3374 1210 3431 conscientiis
1231 3375 1421 3429 vestris
1442 3374 1762 3439 manifestos
1786 3389 1880 3429 nos
1964 3377 2103 3429 ritas
2123 3376 2271 3427 enim
2299 3374 2505 3429 Christi
2541 3376 2809 3441 compellit
2842 3389 2937 3427 nos
2968 3393 2983 3426 :
3018 3373 3123 3431 hoc
3141 3378 3245 3439 est,
3276 3373 3325 3431 si
3346 3390 3413 3427 ea
3445 3378 3565 3431 tan-

289 3477 398 3515 ωε.
432 3462 737 3523 Manifesta
767 3469 889 3519 erat
920 3461 1136 3531 paritas
1166 3478 1361 3521 eorum
1391 3461 1714 3525 Corinthiis,
1749 3461 1884 3537 quia
1962 3468 2085 3519 tum
2113 3479 2279 3532 agere
2327 3462 2579 3529 velimus,
2613 3468 2669 3519 et
2695 3479 2762 3515 ea
2789 3467 3012 3521 tantum
3046 3462 3412 3533 contemplari
3443 3479 3565 3532 quae

290 3566 454 3621 neque
480 3552 794 3622 aliquando
822 3551 879 3607 in
917 3550 1239 3607 adulatione
1275 3550 1500 3607 fuerant
1526 3549 1878 3621 deprehensi,
1965 3551 2169 3604 mentis
2189 3568 2413 3605 excessu
2434 3551 2737 3614 intuemur,
2771 3550 3056 3605 vobiscum
3092 3567 3203 3609 non
3234 3568 3432 3615 essem,
3468 3550 3563 3605 sed

292 3656 454 3709 neque
492 3640 823 3712 praedicatio
858 3640 1080 3697 illorum
1121 3640 1484 3711 displicuerat
1525 3638 1750 3705 sanctis,
1786 3655 1886 3693 nec
1969 3657 2146 3694 essem
2178 3640 2232 3695 in
2284 3640 2558 3712 supernis.
2599 3646 2869 3710 tanquam
2918 3639 3254 3709 contemptis
3292 3639 3476 3695 vobis:
3510 3648 3565 3692 et

287 3728 348 3782 ab
372 3730 559 3801 aliquo
592 3731 822 3789 illorum
853 3729 1181 3799 quidquam.
1209 3736 1273 3789 ut
1292 3730 1517 3793 assolet,
1540 3728 1750 3785 oeculte
1791 3728 1886 3783 eli-

288 3834 398 3877 cere
424 3826 807 3884 tentaverant,
839 3826 904 3874 ut
921 3818 1057 3875 foris
1084 3818 1369 3889 simplices
1400 3817 1547 3888 apud
1567 3816 1778 3883 turbas,
1803 3817 1884 3875 in-

288 3914 366 3965 tus
396 3926 525 3965 vero
557 3911 899 3980 impostores
944 3915 1148 3965 essent.
1205 3907 1335 3969 Ideo
1363 3905 1729 3963 conscientias
1766 3905 1885 3963 illo-

286 4012 398 4052 rum
420 4000 633 4069 pulsat.
658 4004 721 4057 ut
751 3999 857 4069 ipsi
890 3997 1117 4055 sibimet
1134 4002 1305 4073 testes
1324 4000 1512 4051 essent
1544 3996 1613 4049 de
1651 3994 1883 4063 veritate

288 4085 515 4145 illorum.

346 4177 465 4233 Non
486 4181 708 4233 iterum
736 4193 833 4230 nos
851 4177 1310 4233 commendamus
1327 4173 1776 4241 vobis.Quoniam
1795 4189 1884 4227 su-

1969 3729 2190 3803 quando
2240 3744 2339 3781 nos
2375 3728 2445 3780 ad
2487 3728 2578 3781 illa
2631 3728 2922 3801 superiora
2957 3736 3012 3783 et
3048 3728 3315 3783 interiora
3354 3728 3561 3785 inﬁrmi

1967 3833 2133 3893 passu
2152 3815 2547 3888 sequeremini,
2571 3816 2677 3875 nisi
2707 3832 2900 3871 rursus
2921 3817 3289 3888 compellente
3309 3832 3410 3873 nos
3437 3816 3563 3871 cha—
3614 3814 3619 3819 ’

1968 3907 2134 3963 ritate
2153 3905 2379 3970 Christi,
2406 3908 2650 3973 quicum
2674 3908 2735 3960 in
2764 3906 2951 3975 [arma
2982 3906 3079 3961 Dei
3106 3910 3235 3963 esset
3266 3921 3375 3963 non
3406 3907 3560 3975 rapi-

1967 4011 2104 4055 nam
2132 3996 2440 4051 arbitratus
2462 4000 2534 4049 est
2567 4011 2673 4051 esse
2708 4010 2759 4047 se
2794 3997 3060 4061 aqualem
3098 3995 3222 4059 Deo,
3252 3995 3341 4051 sed
3367 3999 3561 4051 semet-

1964 4087 2150 4159 ipsum
2181 4086 2507 4147 eminanivit,
2541 4086 2791 4152 formam
2819 4086 2967 4137 servi
2995 4086 3265 4153 aneipiens
3296 4083 3457 4149 (Phil.
3481 4087 3559 4155 ιι).

1967 4174 2036 4231 Et
2070 4190 2170 4227 nos
2191 4173 2609 4231 consideremus
2630 4189 2731 4229 nos
2759 4188 2880 4227 esse
2901 4188 3107 4235 servos,
3141 4178 3198 4227 et
3225 4188 3336 4227 non
3357 4172 3562 4245 ingrati

285 4264 459 4333 peiius
476 4282 675 4325 veram
690 4264 1141 4335 praedicationem
1156 4280 1316 4319 suam
1338 4262 1884 4325 obtestans,laudare
1967 4263 2017 4314 ei
2038 4279 2196 4332 aquo
2226 4262 2539 4339 accepimus
2569 4262 2769 4325 altiora
2813 4267 3039 4333 prepter
3073 4278 3165 4317 eos
3203 4262 3297 4336 qui
3353 4261 3559 4319 inﬁrmi

284 4369 336 4407 se
360 4354 509 4413 visus
533 4360 644 4419 est,
685 4370 834 4412 nunc
862 4354 1059 4413 eadem
1098 4353 1395 4423 signiﬁcat,
1420 4368 1531 4409 non
1560 4352 1630 4405 ad
1661 4351 1882 4411 laudem
1900 4399 1948 4423 ἢ
1966 4356 2115 4416 sunt,
2139 4367 2251 4407 non
2294 4358 2780 4411 contemneremus
2818 4350 3101 4413 inferiora,
3138 4355 3193 4402 et
3226 4355 3562 4423 temperare-

285 4399 334 4407 --
370 4399 509 4413 -.ν-,ν
535 4399 644 4419 ...η
688 4399 833 4412 ...κ-ν
864 4399 1059 4413 ..μηη
1098 4399 1395 4423 μνη-ηπ,
1420 4399 1531 4409 ---η
1561 4399 1630 4405 -Ἰ-
1661 4399 1882 4411 ,πη--
1967 4399 2115 4416 -----,
2139 4399 2251 4407 -.η-
2298 4399 2778 4411 η------,.-η--η-.η
2818 4399 3101 4413 "eum",

285 4458 433 4499 suam
463 4444 573 4504 hoc
604 4443 787 4499 dicere
816 4460 897 4509 se,
929 4443 1026 4499 sed
1048 4442 1118 4497 ad
1150 4458 1343 4497 eorum
1379 4440 1637 4511 gloriam,
1668 4445 1732 4495 ut
1749 4399 1948 4513 δέω-Β
1967 4457 2091 4517 mus
2121 4456 2220 4497 nos
2258 4440 2339 4497 eis
2367 4439 2461 4517 qui
2502 4455 2615 4495 non
2660 4444 2895 4509 possunt
2930 4437 3219 4491 nobiscum
3251 4436 3437 4491 videre
3475 4453 3563 4491 su-

284 4531 443 4591 dcunt
466 4531 1293 4603 integramsepraedicationem
1316 4528 1770 4589 addidicisse,his
1788 4544 1884 4583 an-
1967 4528 2177 4583 blimia.
2215 4529 2331 4582 lloc
2367 4544 2500 4597 ergo
2539 4528 2637 4591 ait,
2674 4531 2781 4583 sive
2837 4531 3010 4581 mente
3058 4526 3376 4581 excessimus
3436 4526 3555 4589 Deo,

288 4622 693 4677 nuntiantibus.
727 4622 831 4676 Sed
862 4626 1197 4677 occasionem
1217 4621 1419 4675 damus
1439 4620 1581 4671 vobis
1600 4617 1884 4685 gloriandi
1966 4617 2060 4671 ille
2080 4617 2229 4675 enim
2248 4616 2397 4670 videt
2417 4615 2563 4691 quod
2608 4615 2859 4671 videmus
2879 4614 2936 4668 in
2960 4612 3164 4669 mentis
3193 4629 3438 4681 excessu,
3470 4613 3562 4669 ille

282 4711 606 4772 denobismt
621 4711 1099 4777 habeatisaliquid
1121 4711 1386 4778 ineosqui
1398 4711 1457 4761 in
1476 4710 1615 4777 facie
1635 4709 1882 4774 glorian-
1965 4707 2115 4759 solus
2152 4706 2360 4763 revelat
2408 4711 2621 4767 secreta
2656 4720 2777 4767 sua,
2811 4702 3016 4779 quippe
3048 4702 3140 4759 ille
3174 4701 3279 4759 hoc
3316 4702 3565 4775 loquitur

287 4804 389 4861 tur,
411 4805 459 4857 et
479 4802 675 4860 nonin
696 4800 870 4857 corde.
890 4798 1006 4853 Hoc
1026 4797 1177 4865 dicit,
1195 4797 1459 4868 quoniam
1475 4795 1635 4851 multi
1652 4811 1752 4867 per
1767 4795 1880 4848 ela-
1966 4794 2059 4865 qui
2080 4811 2139 4847 se
2164 4794 2298 4851 dicit
2324 4792 2620 4869 abreptum
2651 4809 2770 4846 esse
2793 4799 2850 4846 et
2870 4791 3119 4848 ablatum
3152 4807 3328 4862 usque
3357 4792 3427 4849 ad
3455 4798 3565 4849 ter-

281 4888 484 4942 tionem
507 4886 904 4958 gloriabantur
935 4888 991 4943 in
1013 4887 1152 4943 sede
1171 4886 1456 4957 apostolis,
1481 4886 1805 4955 proﬁtentes
1824 4899 1882 4938 se
1964 4884 2106 4941 tium
2137 4882 2358 4947 omium,
2389 4888 2446 4941 et
2464 4881 2696 4939 audisse
2729 4880 3030 4939 ineffabilia
3066 4880 3231 4936 verba
3281 4898 3404 4955 quae
3452 4897 3563 4943 non

283 4974 343 5029 ib
370 4976 460 5035 his
495 4977 713 5040 doctos.
769 4975 865 5047 qui
904 4992 1126 5046 semper
1170 4992 1297 5043 cum
1338 4974 1576 5031 Domino
1635 4972 1878 5031 fuerunt.
1967 4971 2096 5029 licet
2125 4971 2339 5029 homini
2364 4970 2535 5041 loqui.
2569 4971 2781 5027 Tantus
2802 4976 2991 5024 autem
3009 4969 3114 5025 fuit
3135 4970 3227 5026 ille
3251 4970 3454 5027 mentis
3476 4987 3565 5027 ex-

280 5062 512 5135 ideoque
535 5073 596 5123 et
614 5066 705 5127 hic
733 5064 871 5119 dicit
916 5065 1050 5119 dare
1077 5081 1136 5119 se
1166 5064 1252 5121 his
1274 5063 1570 5127 rationem,
1588 5078 1686 5134 per
1714 5048 1883 5133 quam
1966 5078 2154 5115 cessus
2184 5068 2246 5113 ut
2265 5060 2506 5112 diceret:
2529 5062 2637 5112 sive
2670 5063 2729 5112 in
2764 5076 3001 5133 corpore,
3027 5063 3135 5113 sive
3164 5064 3318 5113 extra
3347 5074 3558 5126 corpus,

280 5158 329 5207 et
353 5153 457 5222 ipsi
475 5154 865 5224 gloriarentur
878 5153 1141 5209 adversus
1151 5170 1265 5225 eos,
1286 5152 1419 5223 quia
1433 5151 1718 5224 apostolus
1738 5156 1877 5215 erat,

279 5255 308 5294 ιι
334 5257 444 5311 quo
475 5242 579 5299 isti
599 5243 929 5299 didicerant.
963 5242 1121 5296 Unde
1144 5242 1200 5296 in
1224 5240 1333 5295 alio
1350 5241 1470 5293 loco
1492 5239 1632 5294 dixit
1652 5240 1729 5305 (ΙΙ
1756 5242 1876 5294 Cor.

282 5344 360 5397 xu)
389 5350 399 5382 :
426 5332 594 5389 Nihil
622 5335 814 5389 minus
836 5334 941 5398 feci
964 5333 1031 5385 ab
1060 5332 1144 5385 his
1172 5333 1272 5399 qui
1300 5330 1455 5383 valde
1479 5334 1608 5383 sunt
1629 5329 1875 5396 apostoli,

280 5419 415 5487 quod
436 5419 669 5489 quidem
683 5424 911 5474 coactus
924 5418 1076 5483 dicit,
1097 5435 1167 5473 ne
1190 5416 1477 5472 silentium
1504 5418 1626 5487 ejus
1646 5415 1766 5470 istis
1786 5414 1877 5468 ob-

280 5518 435 5563 esset.
472 5508 590 5571 Qui
607 5508 758 5567 enim
779 5508 838 5563 in
867 5504 1335 5576 cordegloriatur,
1358 5505 1679 5575 superbiam
1698 5503 1876 5575 repri-

280 5596 393 5664 mit,
406 5598 600 5659 sciens
618 5598 750 5669 quia
764 5597 1076 5655 humilibus
1085 5598 1227 5653 Deus
1240 5597 1334 5651 dat
1346 5598 1615 5669 gratiam,
1629 5593 1876 5664 superbis

1969 5152 2162 5213 nescio,
2200 5151 2334 5203 Deus
2364 5151 2463 5201 scit
2500 5150 2577 5213 (II
2604 5149 2724 5202 Cor.
2762 5152 2876 5215 xn).

2038 5239 2292 5293 Charitas
2323 5240 2470 5291 enim
2505 5238 2713 5290 Christi
2745 5243 2897 5304 urget
2937 5253 3049 5300 nos,
3083 5238 3414 5297 aestimantes
3444 5237 3590 5302 hoc,‘

1964 5328 2229 5399 quoniam
2250 5328 2299 5383 si
2329 5342 2476 5379 unus
2496 5341 2597 5393 pro
2616 5327 2873 5381 omnibus
2892 5330 3147 5381 mortuus
3164 5330 3257 5379 est.
3284 5324 3560 5393 Quoniam

1963 5414 2220 5471 Christus
2233 5413 2471 5483 diligens
2489 5430 2666 5483 genus
2684 5414 3016 5479 humanum,
3041 5419 3104 5469 ut
3123 5431 3217 5471 eos
3238 5415 3557 5481 redimeret,

1961 5503 2128 5563 morti
2165 5520 2223 5557 se
2246 5502 2418 5567 dedit,
2457 5502 2581 5557 ideo
2611 5502 2870 5574 apostoli,
2914 5510 2977 5559 ut
3018 5503 3192 5563 vicem
3219 5505 3271 5563 ei
3299 5504 3555 5579 reddant,

1960 5592 2215 5653 homines
2231 5608 2297 5651 ex
2316 5591 2503 5669 aliqua
2534 5598 2694 5665 parte
2723 5591 3092 5655 exhortantur
3133 5593 3203 5653 ad
3250 5594 3371 5669 eius
3405 5591 3559 5651 obse-
