3966 6168
420 320 506 374 191

1007 325 1069 379 Β.
1111 323 1380 376 RABANI
1423 323 1654 380 MAURI
1694 326 2030 381 ARCHIEP.
2074 324 2399 379 MOGUNT.
2443 322 2737 377 OPERUM
2778 284 3096 376 PARSilll.

3607 315 3701 370 l9?

363 505 372 514 ,
413 447 626 520 quium,
650 455 784 503 etut
811 465 905 502 eos
943 447 1234 502 attrahant
1258 463 1484 501 necesse
1517 454 1606 503 est
1630 455 1695 503 ut
1719 466 1914 504 verum
1952 466 2011 503 se
2027 453 2075 510 Α
2091 448 2410 502 introducta
2430 447 2734 502 multorum
2760 445 2993 499 deorum
3005 443 3286 514 Opinione,
3313 441 3382 496 ab
3411 441 3576 495 unius
3600 440 3700 494 Dei

412 536 714 606 praedicare
725 542 1021 601 testentur,
1047 535 1173 588 aliis
1187 552 1358 605 prava
1369 536 1714 604 docentibus,
1732 555 1832 592 nec
1848 556 2009 593 suum

415 625 674 679 meritum
707 631 948 688 taceant,
969 631 1034 678 ut
1063 625 1338 678 malorum
1365 625 1655 680 doctorum
1675 644 1898 698 poenam
1915 629 2014 682 de-

333 713 345 720 ’
411 713 652 784 signent.
675 715 798 767 Non
819 730 952 784 ergo
969 713 1210 768 elatione
1241 713 1445 768 mentis
1478 714 1594 768 haec
1627 715 1886 786 agebant,
1919 717 2015 770 sed

413 808 476 855 ut
510 801 718 855 donum
765 801 972 856 Christi
1017 801 1430 872 intelligeretur
1469 803 1538 857 ab
1595 804 1936 872 hominibus,
1961 813 2018 860 et

411 890 651 943 ﬁdeliter
666 891 850 944 devoti
873 891 922 944 ei
944 891 1259 960 gratiarum
1280 891 1528 946 actiones
1555 893 1848 948 referrent.
1885 896 2017 949 Pro-

411 983 535 1049 pter
555 979 761 1032 Christi
779 997 912 1050 ergo
929 980 1264 1034 charitatem
1285 997 1406 1051 quae
1421 987 1478 1035 et
1499 988 1710 1052 quanta
1729 985 1851 1053 ejus
1871 984 2019 1038 dona

410 1067 558 1121 circa
585 1067 884 1138 diligentes
902 1085 1029 1122 eum
1054 1069 1169 1122 sint
1191 1085 1300 1122 non
1335 1075 1543 1138 tacent,
1581 1089 1691 1125 non
1731 1073 2016 1142 jactantize

410 1171 595 1222 causa,
628 1157 725 1210 sed
745 1163 809 1210 ut
829 1157 1067 1211 invitent
1087 1157 1380 1212 audientes
1401 1160 1468 1213 ad
1489 1161 1612 1230 ejus
1641 1161 2012 1229 devotionem,

414 1261 480 1297 ne
524 1261 674 1299 mors
705 1245 918 1299 Christi
947 1245 1294 1300 infructuosa
1320 1247 1622 1314 videretur,
1655 1266 1764 1303 non
1799 1256 1862 1304 ut
1891 1251 2014 1304 laus

409 1331 788 1403 apostblorum
802 1336 1258 1388 nosceretur.Per
1269 1353 1320 1388 m
1329 1337 1473 1391 eritu
1480 1354 1533 1390 m
1547 1337 1698 1391 enim
1711 1345 1767 1392 et
1774 1334 2012 1408 gloriam

409 1422 789 1492 apostolorum
813 1423 1136 1492 agnoscitur
1157 1424 1365 1478 Christi
1387 1427 1573 1496 gratia
1587 1432 1644 1480 et
1679 1426 2012 1482 beneﬁcium

407 1510 676 1578 Dei.Ergo
693 1528 878 1564 omnes
897 1515 1110 1566 mortui
1128 1519 1277 1576 sunt,
1297 1519 1344 1567 et
1363 1531 1466 1582 pro
1481 1517 1740 1570 omnibus
1753 1514 2013 1570 mortuus

410 1604 484 1652 est
505 1599 774 1666 Christus,
800 1605 929 1654 utet
953 1604 1054 1670 qui
1073 1604 1264 1655 vivunt
1277 1606 1404 1670 jam
1426 1619 1536 1656 non
1558 1605 1666 1658 sibi
1682 1608 2008 1674 ipsirivant,

409 1689 500 1740 sed
517 1690 568 1741 ei
579 1691 680 1756 qui
695 1705 795 1756 pro
817 1691 948 1758 ipsis
967 1696 1225 1743 mortuus
1241 1696 1315 1744 est
1335 1697 1382 1744 ct
1405 1694 1881 1758 resurre.rit.Quia
1898 1711 2012 1748 om-

2095 537 2209 592 veri
2241 538 2350 590 ﬁde
2378 536 2775 592 transduxerat
2789 550 2966 605 genus
2981 533 3314 598 humanum,
3346 535 3707 585 revertantur

2097 627 2288 680 omnia
2341 625 2412 680 ad
2449 623 2824 696 simplicitatis
2862 621 3284 694 professionem,
3315 635 3492 675 unum
3511 619 3690 673 Deum

2098 715 2392 768 adorantia
2415 713 2475 768 in
2501 712 2793 768 Trinitate.
2817 713 2942 779 Nos,
2971 709 3169 780 inquit,
3195 709 3388 764 amodo
3415 710 3691 761 neminem

2100 806 2351 859 novimus
2379 805 2680 857 secundum
2717 805 3014 864 earnem,et
3055 804 3103 852 si
3153 813 3478 853 noveramus
3508 811 3693 850 secun-

2099 894 2233 946 dum
2256 908 2479 946 carnem
2499 891 2908 954 Christum.,sed
2923 893 3050 958 jam
3082 875 3474 942 non‘norimus
3503 884 3688 956 (Anq)

2101 981 2264 1035 Certe
2287 983 2408 1052 jam
2427 997 2578 1034 nunc
2594 979 2768 1033 cuivis
2795 983 3046 1049 apparet,
3087 981 3314 1048 propter
3339 973 3692 1028 resurrectio-

2098 1086 2226 1124 nem
2255 1069 2462 1123 Christi
2491 1069 2596 1122 hoc
2623 1067 2827 1122 dixisse
2855 1067 3204 1137 Apostolum,
3243 1062 3690 1135 quandoquidem

2098 1159 2207 1212 ista
2234 1157 2403 1211 verba
2441 1158 2578 1211 illud
2608 1157 2909 1228 praecessit,
2959 1162 3022 1208 ut
3061 1154 3156 1225 qui
3191 1153 3385 1206 vivunt
3409 1153 3526 1221 jam
3581 1167 3688 1204 non

2097 1246 2202 1300 sibi
2231 1247 2437 1312 vivant,
2473 1247 2572 1301 sed
2597 1246 2648 1300 ei
2683 1245 2777 1316 qui
2821 1261 2922 1316 pro
2949 1244 3086 1314 ipsis
3124 1247 3380 1296 mortuus
3409 1247 3493 1294 est
3527 1247 3584 1293 et
3609 1257 3690 1293 re-

2097 1335 2356 1390 surrexit.
2379 1335 2521 1400 Quid
2547 1341 2632 1388 est
2651 1334 2800 1388 enim
2819 1333 2971 1387 aliud
2994 1349 3106 1387 non
3124 1333 3246 1395 sibi,
3263 1332 3354 1384 sed
3370 1333 3462 1384 illi
3479 1333 3684 1392 vivant,

2095 1425 2201 1478 nisi
2221 1441 2334 1478 non
2364 1424 2671 1479 secundum
2699 1439 2925 1476 carnem
2943 1422 3131 1476 vivant
3147 1421 3205 1474 in
3224 1436 3321 1491 spe
3340 1425 3690 1472 terrenorum

2095 1520 2152 1567 et
2169 1513 2615 1584 corruptibilium
2636 1511 2930 1575 bonorum,
2954 1510 3050 1564 sed
3090 1509 3396 1563 secundum
3420 1507 3692 1578 Spiritum

2093 1603 2152 1656 in
2197 1620 2295 1673 spe
2343 1601 2786 1667 resurrectionis,
2821 1617 2942 1672 quae
2966 1601 3086 1670 jam
3119 1616 3186 1654 ex
3207 1597 3342 1668 ipsis
3373 1597 3428 1650 in
3471 1595 3692 1649 Christo

2093 1691 2239 1744 facta
2258 1698 2360 1745 est.
2387 1693 2583 1773 Itaque
2628 1707 2820 1744 eorum
2874 1707 2975 1760 pro
3017 1687 3218 1759 quibus
3247 1685 3503 1740 Christus
3547 1700 3692 1738 mor—

410 1791 744 1830 nesnecesse
759 1777 1324 1832 estmoricausaAdm
1341 1797 1442 1850 pro
1459 1781 1717 1836 omnibus
1755 1771 2223 1837 inortuuthuus
2252 1785 2338 1834 est
2367 1785 2424 1834 et
2459 1771 2784 1844 resurrexit,
2833 1784 2890 1832 et
2918 1777 3010 1850 qui
3035 1778 3156 1846 jam
3185 1793 3298 1829 non
3328 1774 3452 1840 sibi,
3493 1773 3591 1828 sed
3609 1773 3690 1826 illi

409 1870 496 1918 est
523 1863 797 1931 Christus,
813 1871 876 1919 ut
891 1883 986 1920 eos
1011 1885 1045 1920 a
1072 1868 1318 1922 secunda
1336 1877 1516 1923 morte
1531 1869 1796 1925 liberaret
1819 1890 1830 1937 ;
1856 1872 2010 1926 ideo-
2091 1869 2366 1936 vivebant,
2398 1870 2684 1922 neminem
2703 1867 3010 1921 secundum
3029 1881 3254 1919 carnem
3271 1863 3570 1935 Apostolus
3588 1878 3688 1916 no-

410 1969 520 2024 que
548 1954 643 2024 qui
672 1954 938 2008 vivuntin
977 1972 1227 2026 corpore,
1261 1957 1499 2012 scientes
1521 1959 1806 2014 Christum
1859 1978 2012 2015 mor-
2091 1966 2265 2024 verat,
2299 1963 2528 2030 propter
2557 1975 2712 2028 spem
2733 1954 3412 2020 futurzeimmortalitatis,
3444 1953 3501 2006 in
3529 1953 3688 2021 cujus

409 2049 571 2097 tuum
618 2060 739 2097 esse
771 2061 870 2115 pro
913 2062 990 2110 se,
1016 2046 1130 2099 sint
1167 2047 1218 2099 ei
1251 2045 1459 2100 subditi
1491 2051 1817 2119 proﬁtentes
1864 2050 2012 2104 hunc
2093 2049 2503 2119 exspectatione
2555 2045 2959 2116 vivebant,qua—3
2997 2045 3055 2097 in
3105 2043 3327 2097 Christo
3363 2058 3474 2095 non
3514 2043 3683 2112 spes.

409 2131 745 2196 Dominum;
795 2133 928 2204 quia
968 2135 1118 2188 enim
1151 2137 1379 2206 prodest
1400 2153 1550 2191 mors
1578 2139 1718 2208 ejus,
1761 2139 2011 2192 testimo—
2093 2137 2190 2190 sed
2225 2155 2313 2190 res
2335 2143 2491 2190 erat:
2527 2153 2692 2206 quem
2714 2140 2771 2188 et
2797 2134 3103 2188 si-noverat
3130 2131 3436 2186 secundum
3464 2146 3684 2184 carnem

409 2219 568 2274 nium
605 2221 864 2291 perhibet
900 2224 1234 2278 resurrectio
1271 2226 1410 2294 ejus.
1438 2225 1618 2295 Igitur
1643 2227 1734 2280 hic
1763 2227 1868 2280 sibi
1898 2244 2012 2281 non
2093 2243 2220 2280 cum
2241 2227 2422 2280 adhuc
2449 2226 2756 2279 moriturus
2789 2229 2953 2289 esset,
2993 2224 3112 2292 jam
3148 2228 3343 2276 tamen
3379 2237 3490 2274 non
3527 2235 3687 2273 nove-

409 2308 543 2362 vivit
559 2310 655 2380 qui
684 2317 914 2381 paratus
945 2318 1030 2366 est
1053 2313 1267 2367 domini
1301 2314 1388 2368 sui
1433 2315 1614 2368 facere
1641 2317 2006 2370 voluntatem.
2092 2321 2199 2378 rat,
2222 2316 2356 2386 quia
2381 2331 2511 2368 eum
2530 2313 2899 2368 resurrexisse
2922 2317 3170 2376 noverat,
3195 2315 3252 2363 et
3279 2311 3429 2364 ultra
3455 2309 3506 2363 ei
3535 2325 3684 2361 mor-

411 2397 595 2466 (Aug.)
619 2398 893 2454 Omnibus
927 2400 1134 2454 bonum
1161 2407 1247 2456 est
1275 2403 1472 2456 audire
1500 2421 1690 2458 vocem
1729 2404 1854 2458 Filii
1885 2405 2005 2470 Dei,
2092 2411 2206 2458 tem
2238 2421 2350 2458 non
2379 2403 2816 2467 dominaturam,
2855 2407 2912 2455 et
2951 2400 3084 2472 quia
3121 2416 3315 2453 omnes
3355 2399 3412 2452 in
3446 2399 3540 2452 illo
3579 2398 3682 2450 etsi

409 2492 466 2540 et
483 2487 664 2540 vivere
679 2489 749 2542 ad
768 2489 940 2542 vitam
965 2490 1206 2561 pietatis,
1227 2509 1292 2544 ex
1313 2492 1618 2562 impietatis
1632 2501 1812 2548 morte
1830 2500 2011 2548 trans-
2095 2495 2344 2548 nondum
2375 2509 2454 2558 re,
2487 2495 2606 2563 jam
2629 2499 2818 2545 tamen
2840 2508 2957 2562 spe,
2989 2490 3094 2544 hoc
3113 2505 3327 2542 sumus.
3344 2487 3607 2558 Sequitur
3629 2490 3684 2538 et

409 2575 612 2640 eundo,
635 2576 704 2629 de
727 2593 836 2646 qua
857 2583 1038 2632 morte
1063 2579 1144 2632 ait
1160 2581 1444 2649 apostolus
1461 2581 1668 2634 Paulus
1694 2584 1869 2650 :Ergo
1898 2599 2011 2636 om-
2094 2583 2230 2636 dicit
2254 2601 2265 2635 :
2300 2583 2364 2638 Si
2391 2599 2498 2652 qua
2530 2585 2708 2649 igitur
2730 2583 2790 2634 in
2815 2582 3030 2637 Christo
3054 2595 3192 2632 nova
3215 2583 3490 2642 creatura,
3509 2581 3686 2630 vetera

412 2678 502 2716 nes
530 2667 743 2717 mortui
759 2671 892 2718 sunt
911 2671 960 2718 et
977 2683 1079 2734 pro
1093 2669 1348 2720 omnibus
1382 2675 1636 2722 mortuus
1654 2677 1744 2734 est,
1767 2676 1894 2724 utet
1911 2675 2012 2740 qui
2098 2675 2466 2736 transierunt,
2503 2677 2550 2724 et
2580 2687 2689 2722 ecce
2718 2672 2865 2736 faeta
2895 2673 3028 2722 sunt
3055 2683 3214 2721 nova.
3261 2665 3463 2720 Omnia
3501 2671 3686 2718 autem

410 2753 603 2805 rivunt
609 2755 736 2820 jam
761 2769 867 2806 non
883 2756 1308 2816 sibirirant,sed
1321 2761 1366 2810 ei
1386 2760 1485 2824 qui
1491 2773 1594 2825 pro
1607 2761 1739 2826 ipsis
1756 2765 2003 2814 mortuus

2090 2775 2154 2812 ex
2184 2760 2300 2812 Deo
2331 2759 2425 2828 qui
2448 2757 2825 2812 reconciliavit
2845 2773 2945 2810 nos
2965 2755 3071 2810 sibi
3099 2771 3200 2826 per
3218 2754 3523 2808 Christum.
3558 2752 3689 2807 Om-

407 2845 480 2892 est
494 2845 542 2893 et
560 2842 1724 2914 resurrexit.0mnesitaquemortuisuntin
1743 2848 2002 2918 peccatis,
2090 2849 2176 2902 nis
2224 2865 2357 2918 ergo
2398 2863 2543 2900 nova
2581 2853 2822 2912 creatur,
2853 2847 2910 2899 id
2952 2852 3054 2909 est,
3110 2845 3347 2915 populus
3393 2843 3688 2896 innovatus

406 2929 631 2982 nemine
659 2938 1146 3002 prorsusexcepto,
1167 2933 1280 2985 sive
1303 2935 1689 3004 originalibus,
1706 2937 1818 2990 sive
1833 2937 2005 2991 etiam
2087 2954 2189 3008 per
2243 2937 2432 3000 ﬁdem,
2467 2940 2532 2989 ut
2567 2935 2774 2988 habeat
2808 2935 3034 2988 interim
3066 2934 3122 2987 in
3159 2951 3274 3004 spe,
3335 2932 3481 3003 quod
3523 2931 3578 2984 in
3623 2948 3688 2984 re

405 3019 689 3072 voluntate
709 3019 934 3084 additis,
960 3021 1042 3073 vel
1073 3021 1402 3091 ignorando,
1419 3024 1503 3076 vel
1527 3024 1770 3088 sciendo,
1793 3043 1894 3080 nec
1921 3027 2003 3080 fa-
2032 3091 2067 3098 η
2087 3033 2284 3098 postea
2309 3025 2632 3096 perﬁciatur
2661 3024 2715 3078 in
2739 3024 2980 3088 Christo,
3015 3021 3184 3077 habet
3211 3024 3332 3091 jam
3367 3020 3514 3092 quod
3541 3021 3596 3072 in
3624 3037 3686 3072 se

405 3105 600 3159 ciendo
627 3107 774 3178 quod
789 3109 1008 3178 justum
1040 3115 1142 3174 est,
1168 3117 1225 3164 et
1253 3128 1352 3182 pro
1376 3112 1636 3166 omnibus
1675 3115 1909 3168 mortuis
1929 3115 2005 3168 vi-
2025 3091 2295 3186 C'sperat.
2339 3116 2533 3184 Itaque
2567 3129 2714 3168 nunc
2762 3119 2944 3167 vestra
2989 3111 3342 3166 transierunt
3380 3109 3684 3190 secqndum

405 3211 502 3248 vus
523 3201 780 3249 mortuus
801 3203 885 3250 est
901 3214 1064 3261 unus,
1089 3199 1146 3251 id
1171 3207 1274 3265 est,
1293 3201 1509 3254 nullum
1533 3203 1761 3257 omnino
1791 3203 2003 3258 habens
2087 3222 2264 3276 spem,
2290 3204 2422 3274 quia
2445 3205 2565 3273 jam
2588 3203 2754 3256 modo
2769 3219 2881 3256 non
2911 3207 2996 3255 est
3016 3207 3239 3272 tempus
3259 3199 3478 3254 Veteris
3497 3199 3688 3252 Testa-

404 3291 714 3353 peccatum,
765 3292 830 3338 ut
869 3287 964 3357 qui
998 3287 1326 3342 remissione
1385 3296 1740 3360 peccatorum
1788 3293 1996 3356 vivunt,

401 3373 521 3441 jam
551 3389 662 3426 non
683 3372 788 3426 sibi
813 3373 1018 3440 vivant,
1039 3376 1134 3430 sed
1154 3377 1204 3430 ei
1233 3379 1328 3448 qui
1345 3394 1446 3448 pro
1467 3379 1727 3434 omnibus
1751 3387 2002 3436 mortuus

403 3467 476 3514 est
503 3468 726 3530 propter
748 3470 967 3532 peccata
999 3471 1206 3532 nostra,
1239 3473 1284 3519 ct
1316 3471 1625 3521 resurrexit
1657 3477 1879 3537 propter
1900 3475 2002 3539 ju-

404 3553 789 3618 stiﬁeationem
824 3558 1096 3610 nostram.
1125 3555 1301 3623 (Rom.
1336 3559 1436 3624 1v.)

473 3642 660 3708 Itaque
700 3657 795 3694 nos
832 3657 895 3694 αι’
934 3642 1031 3695 hoc
1071 3645 1348 3698 neminem
1398 3649 1654 3700 norim-us
1700 3650 2004 3702 secundum

404 3744 652 3795 carnem,
701 3735 752 3784 et
788 3732 839 3783 si
867 3734 1218 3799 cognorimus
1247 3736 1546 3788 secundum
1587 3752 1814 3790 carnem
1851 3737 2006 3790 Chri-

403 3822 554 3870 stum
573 3834 726 3872 nunc
734 3821 861 3887 jam
883 3835 992 3872 non
1017 3824 1290 3876 novimus.
1309 3821 1742 3892 (Amb.)Verum
1769 3831 1854 3878 est
1874 3825 2006 3896 quia

401 3905 628 3960 Christo
647 3912 975 3976 resurgente
1007 3925 1041 3960 a
1069 3911 1325 3974 mortuis,
1353 3912 1474 3980 jam
1497 3918 1678 3966 cessat
1705 3913 1764 3966 in
1794 3930 1858 3966 eo
1890 3931 2006 3967 car-

403 3993 546 4047 nalis
567 3993 800 4060 nativas,
815 4002 996 4048 cessat
1013 3995 1312 4050 infirmitas
1331 4001 1597 4070 corporis,
1621 4008 1800 4055 cessat
1819 4003 2004 4072 passio

399 4080 617 4133 mortis.
643 4081 830 4150 Usque
857 4083 926 4134 ad
947 4100 1166 4136 crucem
1199 4085 1347 4138 enim
1367 4087 1609 4157 suspicio
1631 4088 1740 4142 fuit
1771 4089 2004 4142 inﬁrmi-

398 4168 534 4221 tatis
551 4169 610 4221 in
630 4169 873 4235 Christo,
898 4178 1023 4241 post
1050 4179 1239 4224 autem
1269 4176 1530 4244 apparuit
1559 4193 1678 4230 esse
1711 4178 1857 4248 quod
1890 4195 2002 4232 non

399 4256 748 4323 credebatur,
780 4258 923 4312 sicut
945 4267 1002 4313 et
1029 4259 1146 4330 ipse
1177 4261 1258 4314 ait
1295 4281 1306 4314 :
1343 4265 1479 4317 Cum
1513 4269 1886 4320 e.raltareritis
1919 4270 2001 4321 Fi-

401 4348 548 4398 lium
583 4347 847 4412 hominis,
890 4354 1024 4402 tunc
1067 4353 1387 4418 cognoscetis
1431 4356 1701 4421 quoniam
1745 4372 1836 4423 ego
1871 4373 1995 4409 sum

398 4433 579 4503 (Joan.
611 4438 745 4506 vm).
780 4437 897 4491 Hoc
915 4454 1049 4508 ergo
1070 4437 1274 4492 idcirco
1301 4441 1602 4510 Apostolus
1632 4451 1902 4498 memorat
1939 4452 2000 4500 ut

400 4525 654 4579 ostendat
673 4542 782 4596 qua
795 4526 1086 4582 devotione
1098 4527 1517 4600 obsequendum
1528 4539 1612 4586 est
1623 4532 1845 4587 Christo
1865 4553 1876 4587 :
1899 4552 1996 4604 pro

399 4613 576 4666 salute
593 4615 744 4667 enim
760 4615 1050 4670 hominum
1066 4633 1180 4670 non
1208 4619 1389 4672 solum
1424 4619 1711 4674 hominem
1756 4640 1814 4675 se
1843 4625 1996 4677 nasci

401 4716 513 4752 non
529 4701 864 4771 dedignatus
882 4709 986 4770 est,
1009 4705 1107 4757 sed
1127 4711 1184 4758 et
1203 4706 1428 4775 injuriis
1443 4709 1532 4777 agi
1555 4715 1612 4762 et
1631 4710 1774 4763 mori
1793 4711 1993 4776 voluit,

399 4793 463 4883 ut
480 4788 858 4858 intelligentes
879 4808 1047 4861 quam
1068 4795 1314 4863 pretiosa
1334 4797 1406 4850 sit
1426 4815 1574 4883 mprs
1597 4799 1736 4868 ejus,
1764 4817 1998 4870 pr0pen-

399 4876 516 4930 sius
544 4877 628 4931 illi
647 4877 910 4943 serviant,
936 4896 1048 4934 non
1069 4883 1229 4951 quasi
1258 4876 1662 4941 homini—'vicem
1679 4889 1992 4957 reddentes,

399 4965 497 5020 sed
515 4965 630 5020 Deo
656 4985 666 5019 :
693 4967 824 5038 quia
848 4968 1148 5039 unicuique
1167 4987 1268 5040 pro
1292 4991 1532 5042 persona
1561 4977 1682 5045 ejus
1704 4983 1761 5030 et
1778 4979 1995 5032 meritis

397 5054 745 5110 refundenda
782 5056 1050 5128 obsequia
1086 5066 1236 5112 sunt.
1279 5061 1342 5114 Si
1371 5079 1479 5131 qua
1517 5081 1642 5131 ergo
1680 5068 1739 5118 in
1779 5067 1994 5120 Christo

399 5160 536 5198 nova
576 5151 851 5210 creatura,
897 5153 1076 5200 vetera
1114 5152 1484 5213 transierunt,
1523 5170 1632 5206 ecce
1666 5156 1814 5220 facta
1863 5161 1994 5210 sunt

399 5247 555 5285 ηουίι.
589 5234 947 5290 Manifestum
978 5243 1081 5300 est,
1107 5237 1241 5307 quia
1279 5255 1380 5310 per
1413 5240 1700 5295 Christum
1734 5251 1996 5298 renovata

395 5323 748 5390 suntomnia,
773 5325 819 5378 si
840 5325 1634 5398 animadvertantdignitatem
1645 5332 1794 5402 ejus:
1823 5350 1998 5387 novus

396 5408 548 5463 enim
577 5412 642 5464 ﬁt
659 5411 746 5465 his
775 5412 976 5484 quibus
1015 5414 1170 5486 prius
1196 5415 1363 5469 homo
1391 5423 1611 5472 tantum
1643 5420 1992 5487 videbantur,

393 5514 521 5552 cum
539 5498 875 5570 intelligitur
894 5518 1015 5556 esse
1042 5503 1209 5566 Deus,
1233 5509 1295 5558 ut
1333 5507 1628 5562 recedente
1667 5509 1996 5565 inﬁrmitate

391 5594 728 5657 agnoscatur
767 5590 1045 5656 divinitas,
1072 5598 1130 5645 et
1156 5600 1410 5648 cessante
1440 5613 1628 5650 errore
1650 5604 1855 5658 vetere,
1899 5599 1992 5669 qui

2014 4406 2064 4466 D

2087 3294 2282 3356 menti,
2329 3310 2438 3363 quo
2474 3291 2786 3362 temporale
2828 3297 2996 3362 atque
3037 3291 3259 3344 carnale
3313 3305 3549 3358 regnum
3599 3304 3689 3340 ex-

2085 3389 2372 3454 spectetur
2395 3399 2434 3434 a
2462 3381 2597 3446 Deo,
2613 3387 2670 3433 et
2696 3381 2843 3434 facta
2853 3386 2985 3434 sunt
3012 3379 3203 3432 omnia
3223 3395 3366 3432 nova
3384 3377 3688 3432 secundum

2085 3487 2262 3542 spem,
2287 3475 2352 3524 ut
2379 3486 2616 3538 regnum
2647 3469 2934 3535 cmlorum,
2967 3467 3062 3520 ubi
3099 3467 3254 3520 nulla
3301 3465 3410 3519 erit
3438 3481 3587 3518 mors
3607 3471 3690 3517 at-

2086 3576 2192 3630 que
2237 3559 2538 3628 corruptio,
2588 3558 2926 3628 promissum
2979 3562 3292 3610 teneamus.
3343 3557 3406 3608 In
3449 3569 3696 3608 resurre-

2087 3648 2270 3702 ctione
2302 3653 2493 3701 autem
2513 3652 2867 3700 mortuorum
2897 3663 3009 3698 non
3033 3647 3152 3715 jam
3175 3643 3484 3698 secundum
3509 3659 3688 3712 spem,

2087 3737 2184 3791 sed
2213 3736 2524 3802 secundum
2555 3752 2694 3802 rem,
2729 3741 2786 3788 et
2824 3740 3018 3788 vetera
3046 3732 3385 3798 transibunt,
3419 3748 3542 3785 cum
3581 3733 3692 3785 ini-

2087 3829 2232 3880 mica
2263 3828 2560 3880 novissima
2589 3826 2905 3878 destruetur
2931 3839 3078 3877 mors
3108 3825 3168 3891 (Ι
3189 3824 3310 3879 Cor.
3337 3825 3452 3886 xv),
3475 3827 3531 3874 et
3552 3820 3691 3874 ﬁent

2088 3915 2277 3968 omnia
2306 3931 2468 3981 nova,
2493 3931 2620 3968 eum
2651 3914 3009 3982 corruptibile
3038 3913 3134 3965 hoc
3164 3913 3414 3964 induerit
3435 3913 3689 3963 incorru-

2083 4007 2346 4072 ptionem,
2365 4009 2414 4057 ct
2437 4005 2678 4074 mortale
2699 4003 2794 4055 hoe
2824 4003 3074 4054 induerit
3104 4001 3579 4053 imnwrtalitatem
3605 3997 3630 4064 (
3633 4001 3690 4051 11

2087 4094 2209 4148 Cor.
2245 4091 2339 4160 ιγ),
2375 4092 2522 4162 quod
2546 4092 2667 4160 jam
2695 4091 2903 4143 factum
2934 4094 3016 4142 est
3049 4089 3103 4142 in
3134 4088 3374 4153 Christo,
3401 4104 3566 4157 quem
3594 4105 3685 4140 se-

2083 4181 2327 4234 cundum
2373 4196 2492 4232 rem
2529 4181 2650 4250 jam
2683 4195 2794 4232 non
2854 4185 3085 4232 noverat
3122 4177 3332 4231 Paulus
3375 4176 3681 4230 secundum

2083 4285 2327 4330 carnem,
2353 4285 2546 4322 eorum
2581 4285 2709 4321 vero
2743 4284 2842 4338 pro
2873 4266 3074 4338 quibus
3103 4273 3358 4320 mortuus
3388 4271 3474 4318 est
3517 4271 3572 4317 et
3597 4281 3682 4316 re-

2083 4357 2342 4424 surrexit,
2381 4373 2494 4410 non
2541 4357 2847 4411 secundum
2882 4373 3021 4422 rem,
3057 4356 3155 4408 sed
3187 4355 3494 4408 secundum
3524 4369 3680 4424 spem

2084 4447 2370 4500 neminem
2419 4451 2651 4500 noverat
2686 4446 2993 4499 secundum
3039 4461 3284 4510 carnem,
3337 4443 3470 4514 quia
3532 4441 3685 4495 illius

2077 4535 2281 4605 gratia,
2323 4534 2470 4588 sicut
2495 4534 2644 4588 idem
2675 4533 2929 4604 Ephesiis
2955 4533 3108 4597 dicit,
3143 4549 3338 4586 sumus
3372 4530 3509 4585 salvi
3527 4530 3679 4584 facti.

2079 4625 2198 4679 Etsi
2213 4640 2558 4686 noveramus,
2583 4623 2784 4693 inquit,
2803 4623 3104 4676 secundum
3129 4637 3355 4675 carnem
3373 4621 3677 4683 Christum,

2079 4714 2168 4766 sed
2199 4729 2349 4766 nunc
2366 4716 2489 4780 jam
2513 4727 2625 4765 non
2649 4715 2828 4764 norim
2838 4728 2921 4775 us,
2942 4710 3112 4764 etiam
3137 4709 3312 4779 ipsam
3336 4709 3540 4780 quippe
3565 4724 3685 4760 car-

2081 4818 2208 4855 nem
2233 4801 2460 4867 Christi,
2493 4817 2606 4854 non
2637 4799 2945 4853 secundum
2974 4815 3200 4852 carnem
3229 4798 3401 4853 no’vit.
3425 4797 3518 4868 qui
3551 4797 3684 4850 Ver-

2079 4889 2213 4943 bum
2235 4906 2461 4942 carnem
2483 4889 2691 4943 factum
2722 4887 3052 4958 spiritaliter
3069 4887 3240 4941 novit.

2152 4980 2354 5032 Omnia
2382 4985 2564 5032 autem
2599 4996 2664 5032 es:
2691 4981 2815 5045 Dea
2837 4976 3074 5044 (Ambr.)
3121 4975 3386 5040 Quamvis
3424 4974 3686 5028 Christus

2077 5084 2178 5121 nos
2200 5067 2522 5132 redemerit,
2543 5067 2734 5120 omnia
2753 5072 2942 5120 tamen
2966 5083 3030 5118 ex
3050 5066 3184 5130 Deo,
3217 5065 3350 5136 quia
3367 5063 3439 5117 ab
3453 5063 3574 5134 ipso
3596 5069 3686 5116 est

2077 5156 2262 5210 omnis
2280 5156 2611 5226 paternitas,
2631 5156 2868 5226 ideoque
2883 5172 3106 5209 necesse
3127 5153 3472 5224 cstpraeferri
3494 5167 3688 5223 perso-

2080 5262 2212 5299 nam
2244 5245 2446 5299 Patris.
2481 5247 2589 5312 Qui
2618 5247 2995 5298 reconciliavit
3025 5261 3121 5296 nos
3147 5245 3255 5295 sibi
3269 5259 3368 5311 per
3397 5242 3682 5296 Christum

2079 5339 2129 5388 et
2149 5335 2296 5388 dedit
2322 5335 2474 5388 nobis
2502 5337 2879 5387 ministerium
2904 5334 3386 5387 reconcﬂiationis.
3405 5333 3682 5397 Quoniam

2081 5425 2300 5491 quidem
2319 5425 2459 5478 Deus
2481 5429 2600 5476 erat
2620 5426 2676 5476 in
2691 5423 3203 5488 Christo,mmzdum
3231 5421 3596 5474 reconcilians
3609 5421 3688 5470 si-

2079 5513 2152 5576 bi,
2171 5528 2282 5565 non
2305 5517 2570 5581 reputans
2587 5515 2702 5566 illis
2721 5513 2918 5566 delicta
2934 5514 3120 5579 ipsoru
3130 5510 3277 5563 m.Et
3290 5511 3475 5578 posuit
3499 5509 3560 5560 in
3587 5523 3689 5559 nn-

2079 5600 2159 5652 bis
2177 5601 2404 5654 verbum
2421 5601 3018 5654 reconciliationis.Pro
3034 5600 3250 5654 Christo
3266 5613 3391 5664 ergo
3410 5598 3691 5663 legatione
