4034 6162
339 278 421 333 I93
754 277 1329 333 ENARRATIONUM
1367 280 1444 333 IN
1492 280 1646 334 EPP.
1691 280 1905 335 PAULI
1945 283 2080 336 LIB.
2115 284 2238 337 XII.
2265 284 2425 337 -ΙΝ
2466 282 2686 362 EPIST.
2714 283 2762 336 Il
2802 283 2898 337 AD
2939 284 3099 339 COR.
3478 290 3569 345 194

329 404 882 469 fungimurtanquam
900 403 999 455 Deo
1028 402 1348 456 exhortante
1368 419 1465 471 per
1494 420 1608 457 nos.
1637 405 1890 459 Obsecra-
1909 407 1957 465 A
1976 405 2045 458 ad
2068 422 2262 476 pacem
2297 407 2397 460 Dei
2432 406 2612 475 rogati
2634 405 2942 460 veniamus.
2979 408 3284 465 Erubescat
3322 428 3455 481 ergo
3476 414 3574 467 hu-
3634 394 3641 403 ί

336 507 436 541 mus
454 506 551 557 pro
583 490 812 551 Christo,
846 493 1300 544 reconciliamini
1325 493 1463 545 Deo:
1498 509 1622 545 eum
1650 496 1749 560 qui
1778 510 1888 545 non.
1976 511 2144 547 mana
2190 495 2473 565 superbia,
2508 494 2885 548 confundatur
2932 497 3167 568 quisque
3190 500 3234 553 si
3269 518 3378 554 non
3412 502 3571 556 satis-

331 583 521 631 nererat
554 584 848 645 peccatum,
891 594 995 646 pro
1028 580 1179 633 nobis
1206 585 1488 659 pecgitmn
1517 583 1660 647 fecit,
1698 587 1758 633 ut
1793 599 1887 634 nos
1972 582 2139 636 faciat
2158 584 2314 654 prior
2328 584 2601 654 proximo,
2640 584 2863 654 quando
2888 592 3015 654 post
3052 588 3271 658 culpam
3297 596 3566 655 nostram,

326 668 632 732 efﬁcerentur
666 670 897 734 justitia
936 669 1034 720 Dei
1062 671 1121 720 in
1178 670 1310 736 ipso.
1345 669 1493 722 Deus
1530 670 1885 740 omnipotens
1971 677 2036 723 ut
2062 672 2113 724 ei
2149 672 2492 725 reconciliari
2512 671 2833 735 debeamus,
2862 680 2918 726 et
2946 673 3064 744 ipse
3088 676 3182 744 qui
3217 677 3459 732 offensus
3488 688 3569 732 est

322 754 519 823 genitor
533 754 757 815 Christi,
777 772 905 808 cum
931 755 1122 809 omnia
1142 773 1264 826 quae
1293 774 1393 827 per
1423 758 1711 812 Christum
1738 759 1883 812 fece-
1972 760 2170 827 legatis
2192 760 2691 814 intervenientibus
2710 760 2961 815 obsecrat
2981 763 3147 817 Deus.
3164 766 3301 819 Eum
3336 770 3437 835 qui
3460 785 3569 822 non

326 849 412 905 rat,
469 857 651 896 errore
680 844 889 897 caduca
937 843 1174 898 fuissent
1211 846 1423 911 effecta,
1472 848 1753 900 Creatoris
1798 848 1883 900 sui
1974 854 2195 901 noverat
2220 856 2498 916 peccatum
2532 866 2631 917 pro
2665 851 2816 901 nobis
2838 857 3119 918 peccatum
3149 855 3275 919 fecit
3326 855 3563 921 (Ambr.)

321 932 775 997 oblita,Christum
792 933 1099 987 Dominum
1114 940 1368 988 nostrum
1388 935 1639 989 desacris
1660 935 1885 989 sedibus
1971 936 2151 990 Deum
2190 937 2326 990 dicit
2349 938 2573 991 Patrem
2614 942 2903 1008 peccatum
2945 940 3139 994 fecisse
3170 942 3373 996 Filium
3399 962 3563 998 suum

318 1021 375 1073 ad
418 1030 631 1074 terrena
662 1021 889 1075 mittere
912 1022 1175 1091 dignatus
1212 1030 1314 1087 est,
1358 1024 1567 1078 factum
1616 1042 1781 1078 carne
1830 1025 1886 1077 in
1973 1024 2280 1089 Christum,
2314 1043 2441 1079 cum
2491 1026 2683 1096 utique
2724 1027 2818 1097 qui
2862 1036 3149 1097 peccatum
3179 1031 3477 1099 nesciebat,
3512 1033 3565 1087 id

316 1110 475 1180 specie
503 1110 765 1173 hominis,
809 1116 869 1163 ut
899 1111 1081 1164 forma
1109 1118 1258 1165 esset
1300 1112 1640 1179 hominibus,
1686 1130 1885 1185 quem—
1970 1120 2072 1177 est,
2107 1113 2202 1184 qui
2233 1132 2347 1168 non
2370 1121 2711 1189 peccaverat,
2728 1115 2860 1185 quia
2888 1117 3063 1171 factus
3084 1135 3212 1172 caro
3235 1136 3345 1174 non
3365 1121 3567 1176 immu-

315 1198 591 1252 admodum
621 1199 729 1253 sibi
750 1200 929 1254 Deum
961 1206 1271 1254 creatorem
1298 1218 1463 1255 suum
1486 1202 1779 1272 pacificum
1810 1204 1886 1255 fa—
1968 1204 2251 1265 tatus,sed
2276 1203 2600 1257 incarnatus
2622 1204 2799 1257 factus
2821 1212 2905 1257 est
2943 1213 3251 1275 peccatum.
3287 1208 3442 1263 Sicut
3468 1211 3561 1281 qui

315 1294 501 1342 cerent.
526 1288 678 1342 Deus
724 1298 857 1358 ergo
880 1295 1002 1342 erat
1021 1289 1077 1342 in
1102 1289 1344 1353 Christo,
1379 1292 1658 1361 quomodo
1678 1292 1701 1343 ‘t
1723 1292 1880 1361 quasi
1968 1292 2031 1343 fit
2048 1291 2340 1361 praefectus
2362 1309 2473 1346 non
2496 1292 2708 1346 amittit
2727 1294 2874 1363 quod
2904 1302 3043 1359 erat,
3081 1297 3175 1349 sed
3200 1298 3440 1353 assumit
3457 1300 3563 1353 uti-

312 1378 362 1430 in
387 1377 576 1430 vicario
598 1384 698 1431 aut
728 1379 932 1447 legato,
957 1378 1101 1432 sicut
1131 1378 1236 1432 fuit
1264 1378 1321 1432 in
1342 1380 1765 1449 prophetis,aut
1781 1381 1883 1433 ali-
1967 1396 2073 1449 que
2095 1381 2243 1450 quod
2273 1398 2383 1434 non
2409 1388 2545 1435 erat.
2582 1383 2762 1434 Homo
2811 1400 2942 1451 ergo
2984 1384 3160 1438 factus
3194 1392 3280 1439 est
3309 1387 3562 1441 Christus
3626 1422 3631 1431 ι

309 1466 415 1519 ter?
442 1482 546 1519 non
575 1467 723 1519 sicut
749 1467 858 1519 fuit
898 1467 956 1519 in
992 1467 1298 1537 prophetis,
1331 1469 1409 1521 sic
1438 1468 1673 1539 intelligi
1699 1474 1882 1539 potest
1964 1484 2133 1521 causa
2160 1470 2390 1539 peccati,
2414 1487 2577 1539 quem
2601 1487 2711 1523 non
2741 1471 3009 1539 tangebat
3023 1491 3161 1538 sors,
3182 1490 3364 1544 neque
3382 1475 3559 1546 digni-

307 1566 354 1607 et
378 1554 535 1608 fuisse
556 1555 617 1608 in
636 1555 815 1609 Filio?
838 1555 1011 1608 Filius
1033 1556 1183 1609 enim
1200 1557 1535 1611 naturaliter
1556 1558 1772 1627 legatus
1794 1564 1881 1611 est
1962 1561 2050 1609 tas
2078 1557 2228 1610 nasci
2258 1558 2541 1611 hominem
2564 1576 2574 1610 ε
2610 1565 2839 1629 prOpter
2869 1561 3017 1631 quod
3046 1561 3197 1615 enim
3220 1564 3402 1617 omnis
3432 1581 3560 1618 caro

305 1642 465 1696 Patris
492 1643 612 1699 Dei.
633 1644 783 1697 unde
800 1644 964 1697 dicit:
990 1645 1129 1710 Quia
1152 1648 1314 1699 Pater
1342 1649 1403 1699 in
1428 1663 1510 1699 me
1530 1652 1621 1709 est,
1646 1652 1693 1699 et
1707 1664 1797 1715 ego
1815 1650 1875 1701 in
1896 1719 1928 1723 _
1963 1644 2066 1697 sub
2099 1652 2323 1715 peccato
2353 1652 2455 1711 est,
2488 1646 2612 1700 ideo
2642 1648 2821 1701 factus
2850 1666 2999 1715 caro,
3046 1650 3224 1703 factus
3256 1657 3341 1705 est
3367 1670 3560 1723 pecca—

303 1733 443 1785 Patre
466 1732 653 1803 (Joan.
681 1736 821 1799 xxv).
843 1734 1011 1786 Pater
1026 1733 1176 1787 enim
1198 1733 1367 1803 perid
1391 1734 1727 1804 intelligitur
1756 1752 1875 1789 esse
1895 1719 1941 1779 B
1961 1740 2103 1799 tum,
2131 1740 2187 1787 et
2218 1735 2487 1805 quoniam
2519 1734 2738 1790 oblatus
2773 1743 2859 1790 est
2878 1755 2978 1808 pro
3008 1740 3273 1808 peccatis,
3316 1719 3427 1794 non
3459 1741 3561 1795 im-

300 1818 347 1871 in
368 1820 488 1881 lilio,
511 1821 665 1890 quod
688 1838 802 1875 una
831 1838 1027 1875 eorum
1047 1822 1122 1875 sit
1150 1821 1496 1876 substantia:
1522 1822 1598 1876 ibi
1617 1830 1703 1878 est
1723 1824 1874 1877 enim
1960 1822 2159 1875 merito
2182 1830 2469 1893 peccatum
2502 1824 2680 1878 factus
2708 1825 2932 1890 dicitur,
2968 1827 3101 1896 quia
3128 1828 3315 1883 hostia
3334 1829 3390 1883 in
3411 1831 3553 1900 lege,

296 1908 480 1974 unitas,
503 1908 600 1962 ubi
627 1910 785 1963 nulla
813 1918 897 1963 est
915 1910 1249 1975 diﬂ‘erentia,
1286 1928 1350 1964 ac
1379 1928 1479 1981 per
1501 1912 1607 1965 hoc
1636 1912 1873 1966 invicem
1958 1927 2080 1979 quae
2103 1928 2203 1981 pro
2234 1912 2473 1981 peccatis
2498 1914 2853 1979 offerebatur,
2878 1923 3167 1985 peccatum
3192 1918 3555 1989 nuncupaba—

296 2006 428 2062 sunt,
453 1998 584 2067 quia
615 2005 674 2052 et
702 2000 890 2069 imago
921 2006 978 2053 et
992 2000 1300 2053 similitudo
1328 2017 1525 2053 eorum
1541 2018 1655 2055 una
1674 2008 1777 2065 est,
1810 2006 1874 2055 ut
1956 2004 2068 2064 tur,
2090 2005 2153 2052 ut
2184 2017 2277 2054 nos
2307 2006 2778 2070 essemusjustitia
2808 2005 2906 2057 Dei
2922 2007 2983 2057 in
3008 2008 3119 2072 ipso
3149 2006 3242 2075 qui
3264 2013 3551 2077 peccatum

294 2086 466 2140 videns
513 2087 742 2153 Filium,
792 2089 998 2142 vidisse
1029 2089 1248 2143 dicatur
1289 2089 1516 2143 Patrem
1569 2108 1579 2142 :
1634 2091 1741 2156 Qui
1792 2108 1875 2144 me
1957 2087 2492 2155 nesciebat,dicente
2509 2091 2684 2144 Isaia:
2714 2094 2821 2157 Qui
2844 2098 3124 2159 peccatum
3153 2110 3261 2148 non
3292 2097 3436 2162 fecit,
3465 2113 3559 2150 nec

292 2177 432 2237 ridit,
466 2179 611 2231 cidit
641 2183 689 2231 et
708 2180 925 2232 Patrem
954 2180 1130 2244 (Joan.
1167 2179 1479 2239 x1v).Recte
1497 2196 1630 2248 ergo
1646 2179 1868 2234 dicitur:
1955 2178 2113 2230 dolus
2127 2180 2382 2231 inventus
2399 2185 2471 2231 est
2486 2182 2545 2232 in
2559 2196 2649 2233 ore
2662 2183 2779 2247 ejus
2803 2181 3036 2245 (Isa.1.m
3056 2199 3067 2247 ;
3088 2183 3117 2234 Ῑ
3139 2185 3282 2235 l’etr.
3302 2184 3553 2255 n),quasi

291 2266 413 2317 Deus
440 2272 559 2319 erat
592 2268 657 2319 in
681 2267 913 2331 Christo,
934 2267 1035 2320 hoc
1050 2268 1400 2331 est,Paterin
1421 2268 1873 2333 Filio,mundum
1956 2270 2215 2334 peccator
2254 2266 2466 2319 occisus
2511 2274 2613 2333 est,
2652 2274 2717 2321 ut
2757 2276 3075 2338 peccatores
3106 2271 3557 2339 justiﬁcarentur

287 2358 637 2409 rewncitians
670 2357 795 2418 sibi,
832 2372 946 2409 non
987 2363 1255 2426 reputans
1285 2356 1396 2409 illis
1418 2356 1623 2410 delicta
1652 2374 1868 2421 eorum,
1957 2354 2103 2424 apud
2116 2355 2294 2408 Deum
2317 2356 2371 2408 in
2388 2356 2828 2410 Christo.Zelum
2845 2358 2993 2411 enim
3008 2365 3303 2427 passusest
3318 2361 3554 2415 Satanas

284 2444 531 2511 quoniam
572 2449 840 2498 creatura
870 2444 1116 2515 peccavit
1149 2445 1204 2498 in
1236 2445 1435 2511 Deum,
1477 2463 1578 2499 nec
1611 2446 1874 2516 paenituit
1956 2442 2221 2496 adversus
2242 2444 2617 2510 'Salvatorem,
2664 2444 2855 2498 videns
2894 2463 3023 2500 eum
3069 2448 3268 2501 docere
3300 2449 3553 2505 homines

282 2537 334 2585 ut
358 2540 736 2587 reverteretur
757 2534 830 2587 ad
860 2551 1009 2587 eum.
1034 2535 1183 2588 Deus
1197 2552 1337 2606 opus
1358 2551 1524 2588 suum
1554 2535 1749 2589 nolens
1779 2552 1872 2605 pe-
1955 2531 2235 2600 quomodo
2251 2531 2933 2602 sibipropitiumtacerent
2948 2535 3553 2601 Deum,abrenuntian-

278 2620 395 2687 rire,
428 2622 590 2676 misit
610 2622 819 2676 Filium
853 2640 1037 2687 suum,
1082 2640 1182 2694 per
1220 2640 1407 2693 quem,
1450 2624 1749 2694 praedicata
1789 2625 1869 2677 eis
1952 2624 2039 2671 tes
2057 2618 2367 2685 diabolo,et
2397 2628 2625 2691 propter
2666 2622 2769 2675 hoc
2799 2623 2999 2677 occidit
3030 2641 3161 2677 eum
3191 2624 3443 2680 nesciens
3472 2627 3553 2681 fu-

276 2710 601 2764 remissione
642 2718 1021 2781 peccatorum,
1056 2712 1445 2765 reconciliaret
1491 2728 1585 2765 eos
1626 2712 1731 2765 sibi
1772 2729 1873 2783 per
1953 2712 2147 2762 turum
2168 2709 2435 2762 adversus
2476 2728 2556 2763 se.
2582 2711 2839 2765 Christus
2870 2712 3021 2765 enim
3054 2720 3181 2783 post
3211 2732 3432 2769 crucem
3462 2716 3554 2770 de-

274 2797 465 2868 ipsum,
497 2817 609 2870 per
638 2817 807 2870 quem
840 2817 942 2853 nos
975 2806 1279 2854 creaverat.
1334 2801 1459 2855 Sive
1499 2817 1632 2871 ergo
1661 2817 1761 2871 per
1787 2802 1871 2854 Fi-
1952 2797 2224 2851 scendens
2255 2798 2325 2851 ad
2349 2797 2575 2863 inferos,
2606 2799 2824 2854 devicta
2847 2808 3046 2867 morte,
3068 2802 3200 2872 quia
3232 2804 3326 2874 qui
3361 2820 3553 2874 pecca-

272 2887 417 2951 lium,
449 2890 567 2942 sive
587 2905 694 2959 per
715 2905 905 2942 servos
923 2890 1071 2943 Deus
1085 2890 1413 2943 exhortatur
1434 2890 1723 2960 populum,
1739 2889 1871 2960 quia
1952 2888 2074 2938 tum
2091 2886 2392 2951 nesciebat,
2412 2887 2591 2941 teneri
2609 2905 2642 2941 a
2664 2895 2843 2943 morte
2863 2907 2974 2943 non
2996 2897 3235 2961 poterat,
3255 2892 3387 2962 quia
3402 2910 3552 2947 mors

273 2976 333 3028 ad
361 2976 544 3047 ipsum
588 2977 777 3032 omnis
790 2994 1016 3031 summa
1038 2977 1329 3032 referenda
1365 2983 1468 3043 est,
1488 2978 1649 3047 cujus
1679 2979 1871 3032 volun-
1890 3036 1927 3051 ﬂ
1953 2990 2053 3042 per
2083 2980 2373 3043 peccatum
2433 2976 2736 3029 cxinanivit
2775 2977 3076 3045 infernum,
3131 2987 3196 3033 ut
3234 2998 3385 3035 mors
3408 2982 3549 3051 justi

272 3036 451 3118 tate-et
479 3066 846 3135 providentia
866 3067 1123 3121 Christus
1153 3036 1477 3121 incarnatus
1508 3036 1593 3119 est
1622 3067 1693 3120 ad
1717 3036 1928 3121 salu-C
1953 3036 2337 3132 peccatoribus
2366 3066 2679 3134 proﬁceret,
2710 3072 2773 3119 ut
2814 3066 2882 3119 de
2914 3074 3115 3121 caetero
3149 3086 3299 3122 mors
3330 3036 3429 3123 eos
3453 3070 3547 3140 qui

271 3159 374 3206 tem
403 3154 711 3208 hominum
741 3156 1148 3221 redimendam,
1190 3156 1285 3226 qui
1317 3173 1445 3209 cum
1472 3156 1675 3209 reverti
1706 3156 1872 3210 vellet
1952 3150 2178 3220 signum
2207 3152 2386 3205 crucis
2418 3153 2643 3218 habent,
2676 3160 2871 3208 tenere
2901 3172 3012 3209 non
3048 3156 3240 3226 possit.
3269 3160 3453 3227 (Aug)
3486 3159 3547 3213 In

268 3243 329 3295 ad
349 3244 607 3308 Patrem,
633 3244 1107 3314 dispensationem
1140 3251 1425 3314 acceptam
1460 3261 1495 3297 a
1524 3246 1689 3298 Patre
1718 3245 1873 3298 dedit
1954 3238 2157 3292 Vetere
2187 3240 2392 3311 quippe
2428 3242 2789 3297 Testamento
2829 3252 3057 3314 peccata
3096 3245 3436 3300 vocabantur
3464 3264 3549 3301 sa-

267 3331 572 3403 discipulis.
620 3334 850 3387 Orontes
878 3350 979 3401 pro
1002 3335 1215 3388 Christo
1242 3336 1598 3387 reconciliari
1624 3334 1748 3397 Deo,
1769 3334 1862 3388 hoc

1954 3326 2164 3381 criticia
2180 3346 2279 3398 pro
2301 3330 2560 3399 peccatis,
2583 3332 2731 3401 quod
2763 3349 2890 3385 vere
2926 3332 3029 3386 iste
3051 3334 3229 3387 factus
3249 3340 3351 3397 est,
3388 3337 3548 3407 cujus

264 3427 343 3473 est
360 3422 508 3491 quod
527 3420 674 3486 dixi,
701 3422 834 3491 quia
848 3438 949 3492 pro
971 3421 1195 3475 Christo
1224 3421 1459 3474 vicarios
1481 3420 1637 3474 dedit
1651 3427 1871 3492 aposto-
1955 3415 2167 3470 umbrae
2200 3424 2363 3471 erant
2391 3419 2487 3471 illa
2523 3437 2533 3470 :
2569 3419 2700 3473 hinc
2726 3421 3028 3490 Apostolus
3049 3439 3176 3476 cum
3194 3423 3445 3489 dixisset,
3464 3427 3549 3479 ob-

264 3508 356 3573 los,
379 3515 443 3564 ut
471 3526 583 3581 pro
619 3509 740 3580 ipso
762 3510 1129 3581 praedicarent
1155 3509 1502 3564 reconciliari
1525 3510 1658 3563 Deo.
1681 3509 1866 3580 (Aug,)
1949 3521 2227 3559 sec-ramus
2251 3523 2354 3575 pro
2372 3508 2585 3561 Christo
2612 3512 3102 3577 reconciliariDco,
3136 3512 3400 3567 continuo
3423 3513 3547 3568 sub-

262 3599 354 3651 Pro
370 3599 621 3663 Christo,
663 3598 865 3669 inquit,
914 3602 1181 3665 legatione
1228 3601 1545 3666 fungimur,
1596 3604 1866 3666 tanquam
1943 3593 2133 3661 junxit
2162 3600 2330 3665 atque
2360 3595 2454 3656 ait.
2482 3600 2720 3665 eumqui
2747 3614 2855 3651 non
2886 3606 3548 3671 noveratpeccatum,ch-

264 3688 355 3739 Deo
378 3690 717 3741 exhortante
740 3704 838 3756 per
872 3705 983 3751 nos,
1026 3689 1367 3741 obsecramus
1399 3703 1502 3755 pro
1541 3687 1775 3753 Christo,
1809 3687 1865 3741 id
1949 3687 2135 3735 catum
2156 3700 2259 3750 pro
2281 3686 2667 3751 nobis/‘ecit,ut
2689 3690 3199 3753 nossinmsjustitia
3216 3690 3312 3741 Dei
3328 3695 3389 3743 in
3410 3694 3541 3759 ipso.

258 3783 351 3840 est,
377 3782 667 3849 tanquam
684 3777 940 3830 Christus
953 3776 1206 3829 obsecret
1227 3793 1345 3841 nos,
1356 3778 1709 3830 reconciliari
1738 3778 1859 3830 Deo.

259 3865 311 3918 Si
332 3866 680 3920 exhortatur
709 3872 767 3918 et
812 3864 1067 3919 obsecrat
1111 3865 1431 3935 Apostolus,
1456 3870 1521 3918 ut
1549 3865 1865 3919 reconcilie—

257 3970 376 4008 mur
393 3955 538 4021 Deo,
581 3953 802 4007 inimici
832 3970 1056 4006 eramus
1086 3954 1232 4007 Deo:
1268 3970 1431 4007 nemo
1463 3953 1613 4006 enim
1626 3954 1866 4007 reconci-

257 4043 435 4109 liatur,
468 4043 591 4098 nisi
646 4060 713 4096 ex
745 4042 1074 4107 inimicitiis,
1118 4042 1376 4095 inimicos
1406 4047 1597 4095 autem
1627 4058 1729 4095 nos
1751 4060 1863 4096 non

254 4125 479 4195 natura,
508 4132 619 4186 sed
643 4136 872 4202 peccata
884 4130 1450 4195 fecerunt.Quomodo
1466 4136 1655 4183 autem
1674 4148 1864 4185 recon-

254 4221 511 4276 ciliamur
542 4219 656 4274 nisi
688 4221 935 4274 solvatur
965 4220 1112 4290 quod
1152 4220 1301 4274 inter
1330 4236 1432 4273 nos
1465 4225 1522 4273 et
1558 4218 1743 4289 ipsum
1772 4238 1862 4273 se-

252 4318 427 4381 parat,
482 4316 581 4363 est
630 4309 781 4363 enim
824 4309 1071 4362 medium
1116 4325 1402 4379 separans,
1437 4308 1533 4361 sed
1554 4314 1749 4362 contra
1778 4315 1863 4362 est

252 4400 534 4454 mediator
566 4398 963 4465 reconcilians;
1000 4398 1246 4451 medium
1269 4413 1537 4467 separans
1559 4402 1645 4450 est
1664 4386 1858 4467 pecca4

251 4495 387 4553 tum,
420 4488 720 4541 mediator
737 4487 1102 4541 reconcilians
1136 4491 1222 4539 est
1263 4486 1536 4539 Dominus
1568 4485 1859 4540 Christus:

253 4578 395 4629 Unus
417 4580 589 4630 enim
621 4578 780 4639 Deus,
816 4580 864 4628 et
888 4592 1031 4628 unus
1061 4577 1332 4628 mediator
1354 4575 1451 4628 Dei
1470 4580 1517 4627 et
1548 4575 1856 4638 hominum,

250 4666 401 4718 homo
426 4665 696 4719 Christus
750 4667 904 4719 Jesus
954 4664 1003 4729 (Ι
1063 4665 1202 4717 Tim.
1236 4656 1314 4731 ἡ).
1349 4664 1423 4717 Ut
1461 4679 1593 4732 ergo
1632 4664 1864 4717 tollatur

250 4753 495 4807 materia
512 4768 810 4824 separans,
840 4752 991 4822 quod
1013 4758 1100 4805 est
1126 4757 1436 4822 peccatum,
1472 4751 1622 4805 venit
1642 4751 1733 4805 ille
1753 4769 1866 4805 me-

250 4842 453 4907 diator,
496 4848 563 4896 et
592 4843 773 4896 factus
818 4841 1155 4897 sacrificium
1186 4841 1443 4895 sacerdos
1473 4839 1611 4910 ipse,
1648 4845 1705 4893 et
1733 4840 1865 4911 quia

250 4932 599 4986 sacriﬁcium
623 4931 803 4985 factus
831 4936 919 4983 est
961 4947 1062 5000 pro
1099 4935 1325 5000 peccato
1355 4929 1593 4983 offerens
1614 4929 1861 4999 seipsum

254 5020 303 5072 in
333 5021 745 5075 holocaustum
763 5019 820 5073 in
850 5035 1011 5072 cruce
1034 5018 1326 5089 passionis.
1344 5017 1613 5089 Sequitur
1630 5018 1863 5089 Aposto-

252 5108 330 5162 lus
359 5115 422 5163 et
458 5110 627 5173 dicit,
686 5125 812 5163 cum
865 5106 1112 5172 dixisset,
1149 5109 1489 5161 obsecramus
1510 5123 1613 5176 pro
1651 5107 1863 5164 Christo

256 5200 623 5252 reconciliari
638 5200 761 5262 [)eo,
794 5196 955 5268 quasi
983 5196 1314 5260 diceremus,
1350 5195 1628 5267 quomodo
1658 5195 1863 5265 poteri-

252 5302 373 5341 mus
400 5286 787 5351 reconciliari,
820 5284 1199 5353 obsecramus,
1240 5284 1443 5356 inquit,
1487 5301 1588 5355 pro
1639 5284 1861 5338 Christo

255 5374 708 5430 reconciliamini
738 5375 875 5428 Deo.
910 5375 1113 5443 (Greg.)
1149 5376 1286 5429 Ecce
1304 5375 1454 5428 inter
1474 5389 1575 5427 nos
1603 5378 1661 5427 et
1682 5373 1862 5427 Deum

255 5461 604 5519 discordiam
632 5462 914 5534 peccando
933 5461 1184 5528 fecimus,
1210 5468 1268 5517 et
1292 5461 1571 5516 tamenad
1592 5478 1693 5515 nos
1716 5462 1865 5515 Deus

256 5569 377 5605 suos
392 5554 625 5623 legatos
646 5553 800 5623 prior
822 5550 995 5611 misit,
1014 5557 1080 5604 ut
1106 5568 1207 5603 nos
1236 5550 1343 5621 ipsi
1364 5550 1457 5621 qui
1493 5549 1859 5619 peccavimus.

1948 3771 2071 3824 Non
2090 3772 2187 3835 ait,
2213 3776 2276 3824 ut
2295 3771 2352 3824 in
2370 3772 2707 3842 quibusdam
2722 3775 3005 3828 mendosis
3022 3776 3540 3848 codicibuslegitur,

1950 3862 1993 3912 is
2006 3863 2104 3927 qui
2132 3867 2477 3914 nonnoverat
2495 3868 2673 3929 peccat
2682 3879 2794 3929 um,
2812 3869 3091 3931 peccatum
3100 3880 3203 3932 pro
3222 3866 3372 3917 nobis
3390 3868 3533 3932 ﬁcit,

1946 3953 2217 4017 tanquam
2249 3965 2349 4018 pro
2379 3948 2540 4002 nobis
2580 3949 2835 4005 Christus
2887 3951 3004 4021 ipse
3068 3952 3399 4023 peccaverit;
3442 3956 3539 4008 sed

1947 4036 2044 4101 ait,
2076 4053 2196 4089 eum
2225 4040 2325 4105 qui
2354 4055 2463 4091 non
2496 4045 2716 4092 noverat
2730 4046 3032 4109 peccatum,
3057 4041 3113 4095 id
3130 4047 3215 4095 est
3230 4042 3537 4111 Christum,

1942 4140 2044 4193 pro
2066 4127 2218 4178 nobis
2245 4132 2525 4193 peccatum
2565 4130 2693 4195 fecit
2718 4130 2877 4195 Deus,
2909 4130 2999 4183 cui
3031 4131 3423 4186 reconciliandi
3446 4150 3540 4187 su-

1945 4230 2089 4279 mus,
2123 4206 2227 4268 hoc
2256 4222 2342 4269 est
2387 4215 2721 4270 sacriﬁcium
2769 4235 2869 4288 pro
2930 4220 3188 4289 peccatis,
3244 4238 3343 4291 per
3393 4222 3537 4293 quod

1950 4303 2295 4356 reconciliari
2318 4304 2633 4359 valeremus
2656 4324 2666 4359 :
2701 4306 2819 4377 ipse
2851 4325 2984 4376 ergo
3013 4314 3323 4379 peccatum,
3351 4316 3414 4363 ut
3440 4327 3540 4364 nos

1943 4390 2199 4459 justitia:
2235 4408 2337 4444 nec
2362 4398 2575 4457 nostra,
2611 4394 2707 4447 sed
2750 4394 2852 4448 Dei
2885 4413 2896 4446 :
2932 4411 3034 4447 nec
3055 4395 3111 4448 in
3142 4395 3321 4461 nobis,
3354 4397 3452 4450 sed
3481 4397 3539 4450 in

1946 4479 2097 4549 ipso:
2120 4479 2265 4534 sicut
2285 4480 2404 4551 ipse
2433 4488 2725 4551 peccatum
2758 4498 2870 4536 non
2902 4500 3087 4548 suum,
3115 4485 3212 4536 sed
3239 4490 3496 4537 nostrum
3525 4503 3535 4536 :

1946 4584 2048 4621 nec
2076 4568 2132 4622 in
2172 4586 2249 4633 se,
2295 4569 2394 4623 sed
2451 4570 2509 4623 in
2545 4570 2726 4635 nobis,
2756 4570 3125 4625 constitutum
3169 4571 3539 4626 similitudine

1944 4658 2128 4711 carnis
2150 4658 2361 4728 peccati
2385 4658 2443 4711 in
2466 4676 2578 4729 qua
2606 4659 2901 4712 cruciﬁxus
2932 4665 3019 4713 est
3037 4660 3459 4729 demonstravit,
3476 4668 3536 4715 ut

1950 4746 2215 4817 quoniam
2238 4752 2525 4817 peccatum
2551 4748 2602 4801 ei
2632 4764 2743 4801 non
2774 4747 2975 4813 inerat,
3018 4749 3099 4803 ita
3122 4750 3537 4820 quodammodo

1948 4841 2172 4905 peccato
2201 4841 2518 4889 moreretur
2549 4837 2681 4889 dum
2716 4837 2957 4891 moritur
2984 4839 3156 4897 carni.
3192 4840 3249 4893 in
3278 4857 3389 4910 qua
3417 4846 3535 4893 erat

1945 4924 2254 4978 similitudo
2283 4924 2511 4995 peccati.

2551 5014 2783 5070 CAPUT
2836 5016 2927 5071 VI.

1945 5122 2216 5175 Hortatur
2230 5121 2304 5173 ad
2318 5122 2515 5174 bonum
2531 5139 2653 5173 suos
2663 5120 2947 5190 Apostolus
2960 5128 3021 5177 in
3033 5127 3227 5191 futuro
3236 5127 3532 5191 agendum.

2013 5197 2283 5260 quantum
2297 5194 2368 5244 ad
2379 5196 2699 5246 exteriorem
2714 5199 3192 5259 conversationem,
3219 5199 3531 5251 interiorem

2016 5264 2365 5325 devotionem,
2400 5279 2465 5315 ac
2497 5264 2807 5329 inﬁdelium
2836 5267 3175 5319 vitationem.

2016 5370 2349 5437 Adjuvantes
2367 5373 2553 5420 autem
2582 5370 2957 5434 exhortamur,
2987 5387 3051 5424 ne
3064 5375 3127 5425 in
3153 5388 3389 5427 vacuum
3408 5388 3536 5441 gra-

1916 5456 2087 5513 'tiam
2124 5459 2223 5513 Dei
2250 5458 2549 5525 recipiatis.
2571 5456 2804 5525 (Ambr.)
2834 5457 3053 5529 Duplici
3084 5476 3290 5529 genere
3302 5462 3536 5531 Aposto-

1946 5548 2032 5601 lus
2061 5548 2319 5601 humanae
2346 5544 2547 5599 salutis
2573 5561 2763 5598 curam
2780 5544 3054 5615 subjicere.
3074 5548 3379 5611 contendit,
3399 5555 3463 5604 ut
3480 5560 3532 5605 et
