4034 6162
409 274 508 358 19έ)

1024 283 1086 351 Β.
1121 287 1393 351 ΗΑΒΑΝῘ
1424 287 1654 354 MAURI
1681 295 1984 354 ARCHIEF

2067 285 2372 354 dOGUNT.
2407 285 2704 353 OPERUM
2731 283 2914 352 PARS
2946 295 3043 352 ΠΙ.

3573 299 3596 354 i
3605 295 3674 356 96

404 414 504 480 Dei
533 399 892 498 providentize
911 423 1140 476 devotus
1171 421 1518 486 existeret,et
1533 417 1854 477 hominibus
1867 421 2000 478 cha-
2013 423 2061 487 Α
2083 421 2360 489 diebatur,
2375 424 2440 477 ut
2455 426 2582 492 post
2592 421 2906 492 correption
2913 437 3003 475 em
3015 421 3127 474 leni
3147 407 3536 476 exhortatione
3545 437 3674 476 con-

404 511 588 568 ritatis
607 511 850 566 ofﬁcium
871 506 1176 565 exhiberet.
1201 505 1298 565 Ait
1326 513 1476 564 enim
1511 524 1521 562 :
1567 507 1816 590 Tempore
1847 527 1988 566 acce-

396 607 486 671 pto
518 603 778 656 eraudivi
791 607 852 662 te,
879 597 1005 652 etin
1035 597 1123 652 die
1153 601 1356 652 salutis
1383 601 1582 667 adjuci
1609 599 1674 654 te.
1715 596 1832 655 Hoc
1863 597 1994 654 scri-

404 693 559 762 ptum
582 693 670 743 est
687 689 745 742 in
763 686 910 742 Isaia
924 685 1214 758 prOpheia,
1231 685 1683 758 praedestinatam
1701 687 1994 759 docetgra—

403 777 540 833 tiam
571 774 669 832 Dei
687 777 744 830 in
758 783 1011 846 tempore
1034 773 1270 830 Christi:
1287 773 1367 830 sic
1387 773 1536 830 enim
1561 773 1821 832 discrevit
1843 778 1992 833 Deus

403 866 632 922 affluere
669 863 1110 920 misericordiam
1145 882 1326 930 suam,
1353 871 1416 920 ut
1445 866 1501 920 in
1534 861 1761 920 nomine
1783 867 1992 922 Christi

402 955 756 1028 poscentibus
789 949 1061 1008 auxilium
1090 945 1408 1024 largiretur.
1444 944 1570 1008 Eme
1603 966 1754 1008 nunc
1785 961 1992 1024 tempus

399 1045 672 1114 acceptabi
674 1041 736 1108 te,
746 1060 854 1098 ecce
867 1059 1018 1096 nunc
1030 1043 1142 1096 dies
1153 1045 1598 1107 salutismemini
1609 1037 1800 1098 dantes
1814 1047 1993 1098 ultam

401 1131 834 1201 oﬂ‘ensione-mmt
849 1149 958 1186 non
970 1135 1313 1200 vituperetur
1323 1134 1406 1184 mi
1408 1134 1704 1186 historiam
1719 1138 1990 1190 nostrum.

398 1219 642 1294 Tempus
673 1222 867 1276 adesse
911 1221 1063 1286 dicit,
1098 1229 1206 1291 q’uo
1228 1221 1444 1290 possint
1464 1213 1534 1274 ad
1581 1216 1991 1291 indulgentiam

399 1310 670 1382 proiicere
690 1315 1008 1382 peccatores
1033 1327 1043 1361 :
1063 1313 1284 1380 tempus
1303 1305 1500 1362 adesse
1527 1307 1680 1376 dicit,
1709 1323 1816 1380 quo
1837 1321 1991 1364 mor—

401 1395 485 1453 bis
507 1393 838 1453 mortalibus
875 1397 1150 1452 medicina
1187 1395 1366 1469 possit
1405 1390 1642 1463 inihndi,
1677 1405 1735 1452 et
1767 1397 1893 1453 ideo
1933 1415 1992 1454 se

399 1487 698 1542 sollicitum
719 1505 840 1542 esse
865 1487 1009 1540 circa
1037 1499 1316 1556 aegrorum
1347 1485 1607 1553 salutem,
1633 1503 1705 1540 ne
1727 1485 1870 1542 forte
1899 1499 1993 1541 ne-

396 1567 669 1648 gligentia
708 1575 897 1647 aliqua
933 1572 1224 1630 medicinae
1271 1576 1457 1646 gratia
1521 1569 1719 1630 effectu
1777 1584 1994 1632 careret

397 1667 555 1720 bona:
577 1661 879 1719 Voluntatis
899 1680 1032 1718 suae.
1058 1661 1193 1718 Fide
1215 1678 1347 1734 ergo
1369 1666 1426 1718 et
1445 1663 1736 1734 vigilantia
1757 1679 1861 1719 sua
1876 1681 1992 1720 om-

2077 509 2372 566 solaretur.
2405 510 2474 566 In
2492 510 2711 579 Spiritu
2741 513 2945 564 sancto.
2992 509 3236 580 Spiritus
3264 516 3492 564 sanctus
3529 512 3672 566 ell'u-

2073 599 2157 670 git
2186 602 2380 654 ﬁctum
2413 618 2424 652 :
2455 599 2718 670 quoniam
2735 614 2868 670 ergo
2891 598 3186 652 sinceriter
3205 599 3456 664 docebat,
3472 601 3530 653 in
3550 601 3673 670 Spi-

2074 684 2188 743 ritu
2220 693 2414 742 sancto
2445 687 2547 743 Dei
2582 688 2794 742 donum
2821 687 3098 742 tradebat.
3151 691 3218 743 In
3263 689 3532 742 maritate
3560 703 3673 742 non

2075 781 2218 845 ﬁcta.
2253 775 2530 832 Simulata
2547 777 2790 831 charitas
2805 777 2863 830 in
2898 777 2986 830 his
3014 780 3099 830 est
3118 777 3216 848 qui
3243 777 3302 830 in
3337 775 3673 832 necessitate

2076 861 2344 920 deserunt
2368 865 2604 930 fratres;
2639 866 2787 919 unde
2814 865 2904 919 hic
2937 877 3160 936 semper
3178 866 3540 919 necessitates
3564 867 3674 919 fra-

2077 961 2227 1008 trum
2260 967 2389 1009 suas
2418 955 2648 1022 faciens,
2685 955 2921 1024 simplex
2949 955 3144 1008 eratin
3179 954 3482 1018 charitate;
3516 969 3670 1008 com-

2075 1039 2396 1113 patiebatur
2443 1041 2592 1096 enim
2622 1042 2902 1104 omnibus,
2952 1043 3098 1096 sicut
3135 1041 3246 1096 alio
3275 1043 3396 1096 loco
3421 1041 3559 1096 dicit
3597 1044 3679 1109 (Η

2077 1132 2197 1188 Cor.
2233 1135 2308 1200 xx)
2335 1149 2346 1185 :
2371 1131 2505 1199 Quis
2540 1133 2977 1196 scandalizatur,
3008 1135 3057 1184 et
3077 1147 3169 1199 ego
3199 1141 3312 1184 non
3337 1138 3514 1184 uror!
3539 1127 3672 1185 Hac

2076 1216 2226 1274 enim
2243 1233 2375 1275 vera
2385 1219 2628 1274 Charitas
2646 1223 2750 1286 est,
2770 1219 2816 1273 si
2833 1231 2935 1273 sua
2950 1219 3195 1273 utilitate
3212 1216 3534 1290 contempta
3543 1220 3668 1290 ejus

2075 1321 2266 1363 curam
2278 1304 2464 1370 habet,
2490 1323 2658 1380 quem
2677 1308 2910 1378 diligere
2925 1322 2985 1362 se
3014 1309 3328 1378 proﬁtetur,
3347 1308 3496 1378 quod
3514 1321 3669 1362 same

2075 1413 2176 1468 per
2191 1395 2649 1470 fecitApostolus.
2670 1401 2735 1452 In
2763 1399 2921 1450 verbo
2944 1401 3216 1450 veritatis.
3244 1395 3493 1450 Verbum
3525 1398 3669 1450 veri-

2073 1487 2206 1541 tatis
2237 1491 2361 1541 erat
2387 1487 2445 1541 in
2479 1487 2602 1556 ejus
2633 1487 2906 1550 doctrina,
2939 1486 3070 1556 quia
3099 1497 3210 1538 non
3230 1485 3383 1540 aliud
3413 1484 3673 1540 tradebat

2075 1585 2244 1646 quam
2265 1591 2300 1630 a
2323 1573 2562 1630 Domino
2602 1579 2911 1646 acceperat.
2941 1577 3008 1629 In
3027 1578 3232 1628 virtute
3250 1575 3367 1628 Dei.
3391 1571 3586 1628 Virtus
3614 1574 3675 1628 in

2075 1681 2140 1718 eo
2167 1661 2419 1730 Deierat,
2437 1681 2560 1735 quae
2589 1681 2690 1736 per
2715 1665 2877 1735 signa
2906 1667 3076 1734 atque
3112 1663 3370 1734 prodigia
3393 1663 3494 1717 Dei
3523 1659 3676 1718 hunc

398 1772 527 1809 nem
549 1749 913 1810 oll‘ensionem
942 1749 1356 1824 negligentibus
1389 1759 1666 1825 amputat,
1697 1769 1768 1808 ne
1788 1745 2053 1809 horumB
2073 1753 2339 1808 idoneum
2371 1751 2696 1808 ministrum
2725 1753 3016 1825 probabat.
3048 1751 3150 1807 Per
3177 1764 3340 1806 arma
3370 1753 3610 1820 justiti;
3637 1765 3676 1806 α

395 1844 538 1898 forte
565 1841 808 1914 segnitia
827 1843 1176 1897 occasionem
1205 1841 1527 1896 oil‘ensionis
1572 1848 1796 1914 pareret
1832 1841 1993 1897 disci-

396 1931 633 2004 pulis,ac
650 1949 750 2003 per
781 1931 885 1985 hoc
907 1931 1114 1985 liberos
1131 1943 1191 1984 se
1222 1929 1562 2000 significant,
1587 1931 1720 2002 quia
1738 1931 1886 2003 quod
1909 1945 1992 1986 sa-

397 2022 578 2075 lutare
627 2027 714 2075 est
746 2017 1078 2092 simpliciter
1124 2019 1278 2073 omni
1333 2019 1603 2074 instantia
1651 2020 1985 2091 praedicant:

332 2178 341 2187 ί
395 2109 544 2164 unde
572 2109 827 2179 subjecit,
848 2127 912 2163 ne
936 2111 1279 2177 vituperetur
1307 2111 1685 2162 ministerium
1707 2115 1987 2164 nostrum:

397 2199 810 2269 vituperaretur
845 2193 996 2251 enim
1039 2197 1418 2251 ministerium
1437 2197 1688 2268 ipsorum
1704 2197 1752 2251 si
1771 2211 1840 2252 ea
1868 2214 1990 2269 quae

395 2283 578 2340 verbis
603 2283 896 2351 docebant,
943 2285 1204 2356 operibus
1248 2285 1364 2339 suis
1401 2293 1466 2340 ut
1494 2287 1712 2352 ﬂerent,
1737 2287 1991 2358 exempla

396 2392 508 2429 non
536 2373 866 2428 darent.Sed
893 2376 954 2427 in
993 2376 1248 2428 omnibus
1269 2371 1617 2428 exhibeamus
1645 2379 1990 2445 nosmetipsos

393 2466 532 2518 sicut
555 2461 654 2517 Dei
673 2457 1087 2517 ministrosDei
1110 2463 1355 2517 ministri
1378 2463 1497 2516 sine
1526 2462 1850 2518 adulatione
1888 2463 1990 2518 do-

398 2551 544 2619 cent,
568 2556 634 2607 ut
657 2551 707 2606 ei
733 2553 892 2622 cujus
929 2549 1176 2606 ministri
1198 2557 1348 2618 sunt,
1372 2549 1662 2623 placeant:
1696 2566 1810 2606 non
1847 2553 1992 2608 sicut

395 2639 842 2712 pseudoapostoli
865 2641 1104 2694 scientes
1121 2657 1230 2694 non
1247 2654 1306 2694 se
1325 2651 1360 2694 a
1375 2637 1490 2695 Deo
1505 2642 1989 2712 missos.pr2esenti

395 2723 626 2784 utilitati
647 2727 966 2784 studebant.
986 2729 1049 2782 In
1072 2731 1252 2783 multa
1271 2732 1560 2797 patientia.
1586 2723 1866 2784 Patientia
1881 2739 1984 2796 est,

394 2835 516 2890 quae
536 2819 714 2872 salvat
725 2817 1001 2880 homines,
1019 2817 1125 2870 nisi
1137 2817 1288 2870 enim
1299 2815 1573 2888 patientia
1593 2813 1800 2873 abusus
1819 2826 1984 2886 esset,

395 2899 674 2978 quomodo
711 2903 980 2961 salvasset
1013 2903 1352 2971 Corinthios,
1397 2920 1534 2978 quos
1579 2912 1707 2977 post
1727 2909 1989 2978 praedica-

391 2994 604 3049 tionem
621 3012 780 3049 suam
803 2993 976 3049 tantis
1002 2991 1153 3048 vitiis
1183 3009 1404 3048 morum
1427 2997 1484 3048 et
1499 2991 1783 3050 erroribus
1813 2991 1989 3051 diver-

2074 1838 2282 1896 ἀρωγαῖς
2305 1847 2355 1896 et
2381 1843 2649 1896 sinistris.
2688 1841 2892 1910 (Cass)
2916 1843 3025 1896 Per
3051 1853 3213 1895 arma
3233 1839 3469 1910 justitiae
3496 1851 3620 1912 quae
3641 1852 3679 1895 a

2073 1926 2283 1984 dextris
2313 1929 2445 1985 sunt
2473 1935 2531 1984 et
2559 1945 2593 1984 a
2620 1930 2864 1984 sinistris
2897 1935 3048 1984 recto
3069 1923 3455 1983 moderamine
3485 1936 3679 1984 trans-

2075 2013 2322 2074 eundum
2354 2025 2458 2084 est,
2489 2021 2546 2073 et
2574 2019 2654 2073 ita
2681 2019 3117 2089 interutrasque
3129 2017 3451 2072 nimietates
3466 2018 3681 2073 dicere.

2073 2108 2228 2162 tione
2248 2109 2578 2162 moderante
2591 2108 2987 2178 gradiendum,
3019 2113 3085 2162 ut
3113 2115 3216 2160 nec
3243 2119 3278 2160 a
3303 2102 3513 2162 tradito
3536 2120 3674 2162 con-

2072 2195 2326 2251 tinentiae
2343 2197 2571 2252 tramite
2592 2211 2696 2251 nos
2727 2197 3148 2267 acquiescamus
3177 2192 3397 2261 abduci,
3423 2211 3526 2253 nec
3553 2209 3676 2250 rur-

2073 2301 2198 2339 sum
2213 2285 2544 2340 remissione
2558 2286 2724 2340 noxia
2742 2286 2800 2339 in
2821 2287 2966 2356 gula:
2985 2285 3308 2356 ventrlsque
3330 2285 3676 2340 desiderium

2072 2371 2447 2430 concidamus.
2473 2373 2699 2430 Libram
2718 2389 2779 2428 se
2808 2375 3090 2445 signiﬁcat
3115 2373 3289 2428 fuisse
3310 2380 3368 2429 et
3390 2372 3674 2432 ﬁdelibus.

2073 2460 2486 2531 etinildelibus,
2515 2467 2573 2518 et
2591 2463 2914 2526 incredulis,
2949 2474 3108 2517 arma
3132 2462 3368 2532 justitiie
3393 2462 3543 2516 enim
3572 2476 3679 2533 pe-

2075 2549 2287 2606 t‘imunt
2299 2553 2677 2623 iniquitatem.
2703 2550 2910 2621 (Greg.)
2935 2553 3061 2607 Non
3093 2553 3240 2606 hunc
3270 2552 3505 2606 adversa
3526 2552 3680 2606 fran-

2070 2637 2296 2710 gebant,
2321 2657 2433 2696 non
2447 2655 2716 2712 prospera
2731 2643 2787 2694 in
2807 2641 3015 2695 mentis
3031 2641 3236 2696 timore
3255 2633 3624 2694 sublevabant
3661 2659 3672 2694 :

2071 2727 2202 2784 hinc
2221 2733 2278 2784 et
2305 2729 2436 2784 inde
2476 2745 2609 2800 ergo
2635 2730 2896 2800 gestabat
2933 2731 3193 2800 palmam,
3227 2730 3363 2800 quia
3381 2736 3439 2784 et
3477 2730 3536 2782 in
3569 2730 3675 2784 ad-

2071 2817 2333 2872 versitate
2353 2817 2532 2884 fortis,
2558 2821 2615 2872 et
2635 2819 2692 2872 in
2713 2819 3087 2890 prosperitate
3119 2818 3348 2873 humilis
3369 2816 3690 2889 permane-'

2070 2906 2184 2962 bat.
2208 2907 2472 2978 Quisquis
2493 2907 2645 2962 enim
2672 2908 2742 2962 de
2764 2907 3048 2980 prosperis
3071 2908 3360 2962 extollitur
3377 2907 3585 2962 habere
3605 2908 3667 2962 in

2070 2997 2228 3066 parte
2249 2996 2446 3050 dextra
2467 2998 2711 3068 palmam
2733 2997 2912 3050 nescit
2931 3015 2943 3050 :
2961 2997 3214 3068 q‘uisquis
3236 2997 3295 3050 in
3316 2997 3670 3051 adversitati-

391 3095 582 3138 sarum
603 3089 883 3138 sectarum
915 3081 1202 3137 invenerat
1219 3079 1515 3149 involutos,
1551 3097 1690 3155 quos
1711 3077 1984 3156 patientia
2005 3091 2047 3150 C
2070 3084 2173 3138 bus
2201 3083 2732 3156 ﬁ'a.ngitur,portare
2753 3087 2998 3158 palmam
3021 3103 3054 3140 a
3073 3085 3301 3140 sinistro
3316 3086 3494 3139 latere
3507 3085 3668 3155 igno-

391 3191 494 3228 sua
511 3172 784 3244 paulatim
813 3170 883 3224 ad
903 3189 1091 3226 veram
1117 3171 1426 3226 doctrinam
1445 3175 1664 3227 revocat
1682 3171 1706 3226 ?
1722 3177 1790 3228 In
1811 3177 1986 3228 tribu-

393 3257 1020 3316 tationibus.Pressuras
1032 3258 1283 3331 pertulit,
1312 3261 1492 3316 'sciens
1522 3259 1707 3332 quida
1726 3261 1842 3317 Deo
1883 3275 1984 3334 pro

389 3347 477 3404 his
496 3351 571 3404 sit
590 3349 947 3421 promissum.
979 3353 1044 3404 In.
1074 3351 1501 3404 necessitatibus.
1519 3347 1835 3405 Necessitas
1863 3360 1985 3406 erat

390 3439 558 3494 etiam
581 3439 640 3493 in
675 3455 936 3510 pressura
964 3437 1209 3510 positum
1242 3431 1459 3504 docere,
1499 3439 1630 3509 quia
1671 3451 1704 3493 a
1743 3439 1982 3496 Domino

389 3531 511 3582 erat
530 3526 827 3582 missuan
847 3529 1144 3595 angustiis.
1171 3525 1280 3597 Spe
1293 3525 1468 3582 futuri
1485 3529 1839 3596 angustiatus
1860 3545 1982 3600 per-

388 3617 628 3671 ﬁdorum
657 3611 1100 3687 oppositionibus
1121 3632 1232 3669 non
1253 3617 1438 3670 cessit.
1480 3618 1546 3670 In
1577 3615 1779 3686 plagis.
1804 3617 1853 3672 A
1880 3613 1979 3672 Ju-

389 3706 522 3760 dmis
543 3711 600 3760 et
612 3704 916 3776 gentilibus
943 3718 1116 3758 caesus
1139 3703 1484 3776 frequenter,
1521 3721 1633 3760 non
1662 3707 1842 3760 tacuit
1855 3722 1980 3778 gra-

386 3793 525 3849 tiam
543 3791 770 3849 Christi.
787 3793 855 3848 In
880 3793 1209 3848 carceribus.
1226 3791 1455 3866 Saepein
1474 3807 1753 3850 carcerem
1775 3796 1980 3850 missus

385 3889 708 3954 contempta
733 3881 912 3937 salute
944 3899 1066 3950 sua,
1117 3881 1287 3936 etiam
1323 3883 1436 3938 illic
1470 3883 1680 3939 donum
1711 3883 1813 3939 Dei
1843 3901 1980 3956 prie-

385 3972 606 4026 dicavit.
623 3971 689 4026 In
710 3969 1088 4024 seditionibus.
1113 3971 1177 4025 In
1191 3975 1413 4026 tantum
1435 3966 1550 4026 Deo
1571 3969 1804 4028 devotus
1833 3979 1974 4036 erat,

385 4063 450 4114 ut
477 4077 578 4114 nec
597 4053 944 4130 perturbatio
975 4058 1237 4112 ﬁduciam
1269 4077 1437 4129 quam
1469 4059 1529 4114 in
1573 4062 1686 4116 Deo
1714 4061 1974 4128 habebat,

385 4145 686 4202 minueret.
721 4145 788 4202 In
813 4147 1111 4200 laboribus.
1155 4145 1436 4202 Laborare
1465 4163 1579 4203 non
1609 4149 1827 4204 destitit
1855 4167 1976 4204 ma-

384 4232 548 4290 nibus
577 4231 713 4302 suis,
761 4252 834 4289 ne
885 4233 974 4289 cui
1022 4235 1209 4305 gravis
1268 4243 1432 4302 esset,
1483 4243 1687 4304 certus,
1738 4237 1844 4293 hoc
1871 4235 1976 4294 sibi

381 4325 652 4398 proﬁcere
701 4319 851 4396 apud
899 4321 1100 4378 Deum.
1137 4325 1206 4378 In
1243 4323 1470 4394 vigiliis.
1519 4325 1656 4380 Tam
1706 4323 1977 4382 sollicitus

2067 3175 2173 3226 rat.
2199 3170 2272 3228 Ut
2301 3190 2434 3245 ergo
2464 3173 2594 3229 hinc
2628 3176 2685 3228 et
2722 3175 2852 3228 inde
2880 3175 3069 3245 palma
3083 3179 3355 3244 gestetur,
3392 3175 3450 3228 in
3479 3174 3666 3228 fronte

2066 3257 2260 3316 adesse
2281 3277 2502 3334 semper
2522 3264 2730 3318 nostris
2759 3263 3042 3318 mentibus
3070 3263 3320 3330 debet,et
3337 3263 3396 3316 in
3412 3263 3663 3318 adversis

2065 3348 2286 3414 fiducia,
2349 3355 2407 3406 et
2453 3352 2513 3406 in
2553 3353 2836 3424 prosperis
2874 3351 3062 3418 timor,
3114 3363 3184 3406 ne
3213 3357 3312 3406 aut
3339 3353 3574 3406 adversa
3600 3353 3664 3406 in

2065 3439 2512 3511 desperationem
2541 3442 2890 3513 pertrahant,
2914 3447 3014 3496 aut
3042 3452 3312 3512 prospera
3324 3441 3578 3494 animum
3598 3441 3659 3495 in

2065 3527 2150 3582 sui
2179 3529 2385 3584 fiducia
2413 3529 2701 3585 extollant.
2737 3531 2897 3596 Item,
2922 3545 3049 3584 cum
3097 3531 3168 3584 ad
3197 3531 3318 3584 sola
3362 3543 3485 3600 quae
3517 3530 3660 3584 inte-

2063 3615 2215 3671 riora
2233 3625 2365 3672 sunt
2392 3619 2609 3682 nititur,
2635 3619 2692 3673 in
2725 3619 2878 3673 nullo
2909 3619 3224 3672 dilectionis
3245 3618 3451 3672 intimae
3482 3615 3659 3672 latere

2063 3702 2340 3774 flectatur,
2361 3722 2432 3761 ne
2462 3703 2609 3762 hunc
2622 3721 2888 3779 prospera
2905 3709 3259 3773 elevent,non
3281 3707 3515 3761 adversa
3533 3723 3658 3778 per—

2063 3793 2309 3862 turbent,
2343 3811 2455 3850 non
2483 3793 2688 3851 blanda
2723 3811 2904 3867 usque
2951 3797 3022 3850 ad
3072 3796 3416 3850 voluntatem
3445 3796 3660 3850 demul-

2061 3885 2242 3950 ceant,
2266 3899 2378 3939 non
2411 3897 2610 3956 aspera
2666 3886 2737 3940 ad
2791 3886 3240 3956 desperationem
3273 3891 3551 3956 premant,
3593 3893 3660 3938 ut

2061 3972 2196 4027 dum
2250 3969 2418 4029 nullis
2466 3973 2819 4046 passionibus
2874 3974 3246 4028 intentionem
3301 3974 3507 4028 mentis
3557 3974 3660 4028 hu-

2062 4055 2260 4128 miliat,
2295 4069 2506 4134 quanta
2533 4064 2592 4117 in
2621 4069 2860 4134 utroque
2911 4063 3146 4118 humero
3177 4061 3658 4134 supernumeralis

2061 4149 2474 4220 pulchritudine
2503 4157 2730 4222 tegatur
2742 4152 3176 4222 ostendat,quod
3189 4159 3338 4206 recte
3369 4153 3540 4206 etiam
3563 4163 3656 4206 su-

2059 4235 2466 4310 perhumeralis
2497 4251 2564 4294 ex
2590 4255 2728 4295 auro
2757 4241 3078 4313 hyacintho,
3114 4254 3364 4312 purpura
3391 4241 3655 4295 distincto

2059 4343 2218 4383 cocco
2249 4335 2304 4383 et
2325 4329 2476 4384 torta
2501 4330 2623 4383 ﬁeri
2662 4328 2811 4384 bisso
2840 4331 3181 4401 praecipitur,
3213 4335 3279 4384 ut
3315 4336 3530 4400 quanta
3557 4343 3650 4384 sa-

381 4419 503 4469 erat
530 4409 676 4468 circa
731 4410 976 4468 ofﬁcium
1031 4413 1350 4483 delegatum
1407 4411 1532 4480 sibi,
1579 4420 1643 4469 ut
1680 4427 1782 4470 nec
1813 4419 1975 4470 nocte
1995 4399 2250 4472 Dcerdos
2278 4415 2584 4474 claresCere
2630 4399 2902 4473 virtutum
2952 4399 3278 4474 diversitate
3304 4399 3523 4483 debeat,
3556 4419 3651 4472 do-

379 4507 640 4559 cessaret.
690 4505 758 4558 In
792 4505 1052 4572 jejuniis.
1123 4501 1440 4574 Aliquando
1486 4499 1821 4570 voluntaria,
1869 4505 1973 4559 ali-

381 4591 604 4664 quando
635 4591 982 4648 necessitatis
1007 4591 1229 4663 jejunia
1247 4587 1480 4662 pertulit
1507 4607 1675 4646 causa
1703 4594 1969 4664 penuriae,

381 4684 438 4736 et
464 4677 800 4751 Deogratias
815 4682 930 4751 egit
950 4679 1282 4752 spiritaliter
1307 4699 1368 4736 se
1399 4682 1666 4752 pascenti,
1684 4683 1816 4754 quia
1845 4679 1969 4739 ideo

379 4773 676 4824 contentus
707 4775 846 4833 erat,
863 4787 932 4822 ne
947 4767 1156 4824 ventris
1177 4788 1348 4824 causa
1371 4769 1757 4826 inclinaretur.
1793 4773 1860 4828 In
1887 4791 1971 4827 ca-

377 4861 580 4912 stitate.
608 4857 936 4912 Castitatcm
961 4857 1075 4910 sive
1103 4860 1369 4928 corporis,
1393 4860 1507 4913 sive
1534 4857 1820 4931 Evangelii
1846 4863 1968 4916 vin-

377 4947 588 5011 dicens,
608 4963 720 5001 non
731 4961 937 5017 paucos
951 4944 1082 5000 fecit
1092 4947 1368 5002 inimicos.
1382 4951 1449 5002 In
1476 4953 1556 5004 sci
1557 4953 1724 5004 entia.
1742 4947 1906 5020 Legis
1915 4955 1972 5004 et

379 5035 658 5106 Evangelii
670 5034 1101 5100 scientiam,non
1131 5034 1188 5088 in
1210 5037 1492 5106 sapientia
1509 5038 1759 5092 humana
1789 5057 1969 5110 neque

2057 4511 2418 4562 monstretur.
2443 4503 2601 4580 Smpe
2629 4507 2780 4562 enim
2797 4509 2918 4562 laus
2933 4505 3072 4562 bene
3093 4508 3314 4578 agentis
3325 4507 3651 4562 auribusin-

2056 4593 2302 4651 scienter
2329 4597 2556 4652 admota
2584 4593 2716 4651 dum
2759 4597 2908 4651 foras
2937 4596 3290 4652 sermonibus
3325 4597 3645 4668 perstrepit,

2055 4677 2206 4738 intus
2237 4683 2538 4755 quamdam
2567 4685 2744 4740 menti
2774 4690 3104 4756 per-tacitam
3151 4684 3412 4739 elationis
3439 4689 3651 4755 tempe-

2053 4777 2256 4827 statem
2284 4767 2470 4844 gignit
2499 4792 2512 4840 ;
2544 4771 2719 4845 fitque
2747 4780 2813 4828 ut
2843 4773 2964 4838 hoc,
2977 4787 3088 4845 quo
3108 4773 3332 4830 animus
3360 4773 3433 4828 de
3453 4767 3650 4828 imma-

2054 4859 2142 4916 nis
2163 4860 2440 4916 iavoribus
2450 4861 2796 4933 gaudet,non
2821 4863 2978 4916 facile
2989 4863 3236 4917 exterius
3246 4863 3524 4928 ostendat,-
3547 4860 3649 4916 sed

2054 4951 2242 5004 tamen
2262 4947 2636 5022 corruptionis
2650 4951 2760 5005 vim
2777 4963 2889 5005 non
2907 4951 3157 5005 tenuiter
3169 4952 3407 5006 interius
3417 4951 3644 5006 sentiat.

2056 5041 2242 5108 (Pass)
2279 5041 2475 5110 Itaque
2505 5040 2592 5094 via
2611 5039 2768 5110 regia
2797 5041 3072 5094 volentem
3093 5041 3350 5094 incedere
3379 5053 3647 5112 per-arma

375 5121 1276 5186 insimulationeasserens,Deose
1291 5125 1967 5197 fidelemdispensatorem
2047 5125 2300 5198 justitize,
2337 5145 2457 5200 quae
2489 5143 2524 5182 τι.
2549 5127 2758 5184 dextris
2787 5135 2920 5183 sunt
2964 5133 3022 5183 et
3051 5147 3084 5182 a
3122 5127 3366 5183 sinistris
3425 5135 3647 5200 oportet

375 5211 582 5267 Christi
631 5211 902 5267 exhibuit.
947 5212 1013 5266 In
1044 5215 1484 5278 longanimitate.
1517 5215 1759 5270 Grandis
1789 5217 1964 5270 animi
2049 5217 2352 5288 apostolica
2371 5215 2668 5289 disciplina
2693 5219 2936 5271 transite
2959 5231 3058 5289 per
3083 5218 3322 5287 gloriam
3343 5225 3401 5272 et
3431 5216 3646 5287 ignobi-

373 5308 496 5355 erat
524 5301 582 5355 in
613 5301 932 5372 bajulandis
952 5300 1374 5356 infirmitatibus
1400 5302 1732 5370 fratrum,et
1751 5305 1810 5360 in
1840 5323 1966 5361 con-
2049 5305 2284 5374 litatem,
2317 5321 2418 5377 per
2463 5306 2754 5361 infaimam
2795 5311 2850 5361 et
2888 5307 3093 5361 bonam
3131 5309 3359 5372 tamam,
3394 5313 3452 5360 et
3479 5313 3642 5360 tanta

371 5393 591 5461 temptu
619 5390 816 5443 mundi
843 5391 1032 5460 hujus,
1065 5389 1214 5443 unde
1235 5389 1344 5444 alio
1369 5390 1491 5446 loco
1513 5391 1647 5446 dicit
1681 5393 1820 5460 (Gal.
1855 5399 1924 5467 γι)
1949 5413 1959 5448 :
2046 5395 2324 5461 cautione,
2344 5410 2415 5450 ne
2445 5396 2788 5451 intumentes
2799 5393 3178 5450 tentationum
3195 5397 3414 5459 ﬂuctus,
3437 5395 3640 5466 guber-

371 5475 511 5532 Mihi
537 5473 780 5532 mundus
793 5479 1088 5546 cruci/Ltus
1107 5481 1200 5543 est,
1216 5483 1266 5532 et
1283 5496 1374 5548 ego
1395 5480 1620 5535 mundo.
1634 5481 1702 5537 In
1715 5484 1962 5552 benigni-
2043 5491 2214 5540 nante
2242 5479 2596 5552 discretione,
2629 5491 2685 5540 et
2703 5487 2874 5540 ﬂante
2888 5482 3046 5540 nobis
3063 5485 3278 5556 Spiritu
3293 5485 3516 5539 Domini
3528 5484 3640 5538 iter

372 5569 497 5634 tate,
527 5563 804 5638 benignus
837 5569 976 5632 erat,
1001 5565 1136 5638 quia
1151 5564 1297 5624 sicut
1321 5565 1614 5640 arguebat,
1643 5569 1728 5626 ita
1741 5571 1960 5628 etblan-
2041 5573 2284 5646 dirigere
2310 5572 2552 5642 virtutis,
2575 5577 2643 5630 ut
2657 5574 2854 5630 dextra
2873 5574 3122 5648 laevaque
3147 5571 3195 5630 si
3213 5573 3506 5646 pullulum
3536 5573 3636 5628 de-
