4034 6162
343 256 440 312 199

933 255 994 307 Β.
1039 253 1308 316 ΒΑΒΑΝΙ
1349 253 1580 308 MAURI
1620 253 1932 312 ARCHIEP

2021 251 2323 306 llOGUNT.
2365 249 2662 305 OPERUM
2699 249 2884 304 PARS
2924 251 3020 304 ΙΙΙ.

3512 253 3616 310 200

416 383 700 448 Tanquam
729 382 862 446 filiis
893 380 1012 432 dico
1045 397 1060 430 :
1091 378 1431 430 Dilatamini
1468 382 1516 430 et
1540 393 1642 441 vos,
1669 381 1716 430 el
1765 377 2164 436 noliteAsunt.
2207 377 2296 429 Vos
2316 377 2466 430 enim
2487 377 2612 428 estis
2641 378 2910 444 templum
2929 375 3028 429 Dei
3044 378 3174 429 vivi.
3203 375 3614 443 (Ambr.)Nihil

328 473 532 538 jugum
588 470 784 522 dueere
822 483 948 519 cum
990 467 1328 532 inﬁdelibus.
1374 466 1576 532 (:lmb.)
1606 465 1692 518 Ad
1733 463 1937 518 bonam

338 557 816 613 conversationem
845 561 904 608 ct
925 569 1086 625 spem
1111 570 1204 607 eos
1233 554 1513 618 hortatur,
1537 561 1602 607 ut
1621 553 1858 606 ﬁdentes
1883 558 1940 606 et

339 652 644 718 purgantes
672 643 1040 699 conscientias
1085 659 1232 708 suas,
1264 643 1481 713 possint
1521 642 1578 696 in
1621 641 1938 712 semetipsis

337 736 603 805 gaudere,
636 733 909 787 habentes
937 731 1202 785 ﬁduciam
1245 749 1400 802 purae
1448 731 1672 796 mentis,
1706 731 1851 784 sicut
1881 736 1938 783 et

341 841 534 879 eorum
565 821 840 892 magistri,
874 829 1200 891 separantes
1227 838 1286 874 se
1317 819 1388 872 ab
1421 820 1732 874 inﬁdelium
1769 819 1939 873 socie-

340 918 454 966 tate
484 912 542 966 in
563 910 822 983 operibus
855 910 1050 976 malis;
1085 915 1141 963 et
1179 909 1319 963 bene
1351 926 1484 979 ergo
1515 909 1732 980 agendo
1760 915 1818 961 ct
1855 908 1939 962 fu-

340 1008 470 1056 tura
497 1001 774 1072 sperando
803 999 1028 1052 dilatari
1058 999 1173 1052 vult
1197 997 1323 1052 illos
1351 997 1559 1062 animo,
1577 998 1671 1068 qui
1693 999 1844 1052 enim
1863 998 1940 1050 la-

341 1090 502 1144 borat
531 1095 589 1144 et
605 1090 798 1144 futura
822 1105 934 1142 non
964 1087 1160 1148 credit,
1195 1087 1342 1140 sicut
1379 1086 1622 1140 inﬁdelis
1657 1085 1940 1157 angustia-

340 1185 434 1233 tur
473 1178 862 1250 desperatione
911 1175 1103 1230 futuri.
1151 1177 1336 1243 (.llug.)
1376 1175 1638 1230 Latitudo
1689 1175 1940 1228 mandati

340 1268 584 1322 charitas
614 1275 718 1330 est,
753 1267 884 1337 quia
911 1265 1006 1319 ubi
1032 1263 1295 1330 charitas,
1329 1281 1441 1318 non
1470 1271 1603 1318 sunt
1645 1265 1936 1334 angustia).

341 1359 406 1411 In
435 1357 555 1428 ipsa
586 1355 884 1410 latitudine
915 1359 1038 1407 erat
1066 1354 1386 1424 Apostolus,
1419 1370 1547 1406 cum
1583 1353 1794 1406 diceret
1825 1371 1836 1404 ε
1874 1354 1938 1407 0s

343 1451 592 1500 nostrum
620 1450 767 1513 patet
801 1446 873 1496 ad
898 1460 1006 1508 vos,
1029 1459 1058 1495 ο
1080 1443 1378 1506 Corinthii,
1401 1458 1492 1494 cor
1518 1447 1772 1496 nostrum
1790 1443 1937 1496 dila-

343 1540 524 1588 tatum
536 1539 630 1598 est,
652 1550 760 1586 non
778 1534 1194 1600 angustiam-ini
1213 1534 1274 1583 in
1291 1531 1452 1594 vobis,
1468 1531 1593 1584 ideo
1611 1530 1938 1600 ergolatum

2017 470 2136 518 tam
2165 463 2456 518 inimicum
2486 463 2720 528 homini,
2753 479 2923 534 quam
2961 463 3130 529 idola,
3164 465 3298 534 quia
3336 465 3406 519 ab
3448 466 3616 521 unius

2019 553 2120 607 Dei
2151 553 2258 607 ﬁde
2281 557 2488 623 cogunt
2519 551 2795 606 recedere.

2091 643 2245 696 Sicut
2271 643 2408 695 dicit
2434 643 2575 694 Deus
2609 659 2620 692 :
2657 641 2928 706 Quoniam
2967 643 3285 696 inhabitabo
3314 647 3378 698 in
3407 647 3540 710 illis,
3569 653 3616 699 et

2019 731 2378 790 inambulabo
2417 733 2566 784 inter
2603 747 2702 794 eos,
2738 736 2785 783 ct
2829 746 2919 783 ero
2957 733 3190 801 illorum
3235 733 3393 798 Deus,
3425 739 3474 787 et
3511 738 3620 805 ipsi

2018 825 2183 873 erunt
2206 820 2350 872 mihi
2373 822 2631 887 populus.
2657 820 2886 886 Propter
2913 821 3056 888 quod
3082 824 3222 874 emite
3248 822 3313 874 de
3333 824 3510 876 medio
3539 841 3621 878 co-

2021 925 2168 970 rum,
2188 913 2236 961 et
2253 910 2616 976 separamini,
2639 909 2774 960 dicit
2794 909 3080 974 Dominus,
3101 914 3149 962 ct
3170 912 3526 964 immundum
3556 928 3620 966 ne

2024 999 2324 1064 tetigeritis,
2346 1002 2394 1050 et
2422 1012 2514 1064 ego
2533 999 2800 1064 recipiam
2824 1012 2930 1062 vos,
2951 1002 3000 1050 et
3023 1013 3114 1050 ero
3133 998 3280 1052 vobis
3299 1001 3361 1052 in
3378 1005 3616 1068 patrem.

2021 1091 2072 1138 et
2098 1101 2184 1138 vos
2205 1087 2362 1138 eritis
2390 1086 2534 1138 mihi
2553 1087 2616 1137 in
2637 1086 2778 1152 ﬁlios
2799 1090 2847 1138 et
2870 1087 3037 1151 ﬁlias,
3062 1087 3198 1139 dicit
3219 1087 3490 1140 Dominus
3510 1105 3622 1142 om-

2024 1177 2288 1242 nipotens.
2322 1173 2554 1228 Interim
2573 1171 2770 1244 prima:
2789 1188 2969 1227 causa:
3001 1190 3228 1228 sensum
3257 1175 3616 1246 explicemus,

2022 1269 2086 1316 ut
2121 1263 2282 1333 cujus
2319 1277 2570 1332 personae
2597 1261 2766 1315 verba
2791 1261 2905 1316 sint
2939 1262 3288 1318 declaremus
3330 1265 3578 1322 dicentes
3605 1285 3615 1318 :

2025 1352 2296 1417 Quoniam
2313 1351 2631 1404 inhabitabo
2653 1353 2715 1404 in
2743 1353 2858 1404 illis
2884 1356 2933 1404 et
2958 1353 3107 1404 inter
3127 1369 3208 1405 eos
3229 1355 3542 1419 ambulabo,
3566 1361 3614 1408 et

2021 1455 2111 1492 ero
2141 1442 2372 1492 illorum
2417 1441 2557 1493 Deus
2586 1445 2634 1492 et
2667 1441 2774 1508 ipsi
2811 1446 2978 1493 erunt
3017 1442 3165 1494 mihi
3197 1445 3454 1510 populus.
3490 1444 3618 1497 Haec

2020 1526 2190 1580 verba
2215 1527 2422 1581 Christi
2451 1533 2600 1593 sunt,
2629 1527 2734 1582 hoc
2762 1535 2848 1582 est
2883 1528 3036 1582 enim
3066 1530 3214 1600 quod
3244 1537 3302 1584 et
3336 1531 3485 1585 inter
3510 1549 3616 1586 caa-

341 1622 670 1677 mandatum
689 1626 853 1675 tuum
872 1620 1052 1674 valde.
1079 1620 1236 1683 Quod
1259 1625 1345 1672 est
1361 1620 1538 1673 latum
1571 1619 1940 1672 mandatum?
2019 1621 2143 1669 tera
2185 1616 2457 1669 Jeremias
2499 1621 2738 1670 testatus
2775 1622 2879 1682 est,
2925 1617 3114 1671 dicens
3154 1635 3166 1669 :
3225 1620 3346 1672 Post
3393 1620 3502 1674 haec
3557 1623 3615 1674 in

341 1713 673 1765 Mandatum
693 1725 894 1763 novum
913 1710 980 1762 do
997 1709 1160 1773 vobis,
1185 1713 1247 1761 ut
1273 1725 1360 1761 vos
1381 1710 1614 1762 invicem
1645 1710 1894 1776 diligatis
1917 1726 1932 1771 ;
1957 1699 2003 1758 B
2023 1707 2186 1758 terris
2213 1708 2361 1758 visus
2390 1710 2484 1771 est,
2517 1710 2564 1758 et
2597 1708 2746 1759 inter
2769 1707 3013 1760 homines
3035 1713 3380 1762 conversatus
3409 1708 3618 1779 estmil-

340 1799 584 1854 charitas
614 1816 747 1868 ergo
778 1815 889 1851 non
919 1803 1272 1867 angustatur.
1307 1796 1404 1850 Vis
1433 1813 1545 1850 non
1575 1797 1863 1867 angustari
1881 1797 1939 1850 in
2021 1795 2161 1848 ruch
2183 1793 2274 1865 In).
2299 1793 2403 1848 Hic
2439 1793 2590 1847 enim
2624 1792 2896 1848 habitavit
2927 1794 2983 1848 in
3019 1794 3197 1861 nobis,
3233 1796 3453 1851 dicente
3479 1813 3616 1868 apo-

343 1888 535 1943 terra?
566 1887 623 1942 in
668 1887 782 1941 lato
830 1885 1021 1940 habita
1051 1883 1068 1938 ;”
1098 1885 1369 1957 quidquid
1409 1885 1558 1939 enim
1599 1885 1702 1938 tibi
1746 1885 1940 1939 fecerit
2020 1883 2162 1962 stole
2192 1883 2406 1936 Joanne
2439 1900 2449 1934 :
2483 1883 2552 1936 Et
2593 1884 2817 1936 Verbum
2845 1898 2974 1937 caro
3001 1885 3216 1952 factum
3250 1891 3344 1950 cst,
3378 1891 3428 1939 et
3457 1887 3614 1940 habi-

342 1979 531 2043 homo,
555 1993 667 2030 non
692 1981 748 2030 te
777 1981 1060 2045 angustat,
1094 1974 1227 2046 quia
1255 1974 1393 2028 illud
1428 1974 1615 2044 diligis
1647 1975 1748 2028 Dei
1790 1975 1937 2044 quod
2023 1973 2159 2024 tavit
2182 1973 2246 2024 in
2275 1972 2427 2024 nobis
2457 1970 2637 2040 (Joan.
2669 1973 2728 2039 ι).
2758 1971 2827 2025 Et
2853 1971 2982 2041 quia
3003 1973 3153 2026 Deus
3183 1979 3374 2028 noster
3400 1981 3502 2041 est,
3537 1975 3618 2028 di-

345 2083 458 2120 nou
486 2071 667 2132 nocet,
693 2065 861 2118 homo
891 2065 1072 2118 Deum
1101 2063 1308 2133 diligis,
1353 2063 1769 2118 fraternitatem
1815 2063 1934 2116 dilir
2020 2059 2097 2113 cit
2122 2059 2332 2113 iterum
2369 2059 2642 2113 Jeremias
2671 2077 2682 2112 :
2728 2063 2832 2114 [lic
2861 2065 2934 2114 est
2977 2063 3119 2115 Deus
3162 2068 3359 2128 noster,
3399 2068 3458 2118 et
3487 2065 3618 2136 quia

341 2155 448 2226 gis,
482 2155 664 2225 legem
687 2154 787 2208 Dei
811 2152 1016 2223 diligis,
1039 2151 1340 2206 Ecclesium
1360 2151 1462 2206 Dei
1489 2151 1708 2222 diligis;
1736 2151 1940 2223 sempi-
2022 2148 2260 2220 populus
2279 2149 2401 2219 ejus
2425 2165 2638 2216 sumus,
2663 2148 2898 2204 dubium
2927 2165 3040 2203 non
3068 2156 3170 2216 est,
3203 2151 3444 2207 Ecclesia
3465 2153 3614 2208 enim

342 2250 507 2299 terna
531 2243 658 2308 erit,
683 2241 904 2296 laboras
947 2241 1006 2294 in
1035 2245 1206 2306 terra,
1238 2241 1335 2294 sed
1384 2240 1674 2311 pervenies
1720 2241 1789 2294 ad
1829 2239 1941 2294 fru-
2023 2237 2231 2291 Christi
2259 2243 2373 2304 est;
2399 2237 2636 2309 ideoque
2665 2239 2913 2309 separari
2946 2256 3047 2293 nos
3066 2241 3185 2294 vult
3210 2239 3280 2294 ab
3309 2242 3462 2296 omni
3490 2259 3617 2297 con-

344 2339 497 2388 ctum
529 2331 888 2402 promissum,
923 2329 1049 2400 quis
1077 2329 1180 2383 tibi
1207 2329 1355 2384 tollit
1381 2330 1529 2400 quod
1557 2329 1782 2399 diligis?
2023 2326 2410 2393 taminatione,
2441 2334 2506 2380 ut
2541 2327 2808 2398 suscipiat
2843 2345 2944 2382 nos
2982 2327 3041 2382 in
3071 2329 3234 2396 ﬁlios,
3266 2329 3412 2384 sicut
3437 2331 3572 2386 dicit
3601 2351 3612 2384 :

415 2423 542 2489 Quae
557 2423 708 2475 enim
721 2421 1326 2490 participaliojustitiw
1343 2435 1466 2472 cum
1485 2421 1781 2487 iniquitate
1794 2424 1818 2472 Ρ
1839 2424 1942 2473 aut
2023 2416 2226 2478 Filioli,
2248 2417 2430 2469 adhuc
2454 2417 2735 2470 modicum
2758 2423 2966 2486 tempus
2992 2419 3266 2472 vobiscum
3285 2436 3410 2472 sum
3433 2421 3609 2490 (Joan.

342 2527 460 2580 qua:
486 2513 710 2564 societas
733 2511 848 2562 luci
867 2525 990 2561 cum
1016 2506 1288 2561 tenebris?
1306 2523 1424 2576 quae
1451 2513 1634 2561 autem
1661 2510 1940 2562 conventio
2024 2502 2157 2576 xm),
2189 2511 2248 2558 et
2275 2505 2410 2574 quia
2439 2505 2792 2576 omnipotens
2821 2511 2924 2572 est,
2957 2513 3092 2576 puto
3122 2506 3332 2578 ambigi
3363 2525 3474 2562 non
3515 2510 3614 2563 de-

345 2599 552 2652 Christi
567 2614 696 2650 cum
717 2599 889 2651 Belial
913 2602 937 2649 ν
955 2601 1057 2649 aut
1083 2613 1200 2664 quae
1215 2612 1350 2664 pars
1366 2597 1520 2662 ﬁdeli
1535 2614 1656 2650 cum
1684 2598 1899 2663 inﬁdele
1917 2603 1941 2650 Ρ
2021 2592 2151 2646 bere
2176 2612 2188 2660 ;
2212 2593 2259 2646 si
2287 2594 2437 2647 enim
2465 2594 2612 2648 sicut
2638 2593 2758 2665 ipse
2785 2595 2922 2648 dicit
2946 2613 2956 2646 :
2995 2595 3333 2666 Quaecunque
3351 2600 3490 2664 facit
3517 2601 3616 2653 Pa-

343 2689 441 2756 qui
469 2691 654 2739 autem
685 2701 979 2738 consensus
1011 2687 1205 2752 templo
1233 2686 1332 2738 Dei
1369 2701 1494 2738 cum
1537 2686 1700 2737 idolis
1735 2686 1937 2750 (Δηώ.)
2021 2687 2119 2746 ter,
2155 2685 2339 2736 eadem
2366 2688 2413 2736 et
2443 2684 2618 2736 Filius
2642 2685 2779 2750 facit
2805 2686 3072 2737 similiter
3093 2685 3272 2750 (Joan.
3301 2689 3378 2753 v),
3400 2685 3504 2741 hoc
3531 2697 3614 2742 est

343 2773 701 2828 Manifestum
731 2779 818 2826 est
843 2773 962 2826 haec
985 2789 1108 2843 quae
1137 2779 1432 2826 enumerat
1467 2789 1588 2826 esse
1634 2773 1933 2838 contraria,
2020 2771 2224 2829 Filium
2261 2771 2454 2825 omnia
2493 2787 2654 2842 posse
2693 2789 2816 2843 quae
2858 2777 3044 2843 potest
3081 2778 3139 2826 et
3171 2773 3356 2828 Pater.
3391 2775 3450 2830 Si
3480 2777 3612 2848 quid

342 2879 406 2917 ac
433 2879 534 2934 per
559 2863 663 2916 hoc
691 2861 1019 2931 fugiendum
1049 2859 1119 2914 ab
1150 2861 1238 2914 his
1258 2861 1420 2915 docet
1438 2861 1573 2931 quia
1590 2861 1726 2914 dicit
1751 2862 1938 2916 Domi-
2020 2877 2130 2914 non
2159 2866 2343 2932 potest
2372 2861 2558 2926 Pater,
2587 2877 2700 2914 non
2729 2866 2914 2931 potest
2942 2867 3000 2914 et
3026 2861 3220 2930 Filius,
3250 2863 3348 2918 sed
3379 2864 3614 2920 idoneus

323 2953 666 3006 InuszNe-mo
681 2955 849 3018 potest
873 2951 1080 3003 duobus
1101 2951 1351 3004 Dominis
1372 2953 1594 3014 servire,
1621 2950 1706 3004 lex
1727 2950 1936 3004 etenim
2021 2956 2105 3003 est
2141 2949 2316 3003 Filius
2355 2949 2452 3019 qui
2480 2949 2616 3003 dicit
2652 2949 2722 3003 de
2765 2951 2931 3004 Patre
2965 2969 2976 3003 :
3013 2951 3172 3020 Apud
3207 2954 3386 3007 Deum
3423 2960 3614 3009 autem

339 3039 618 3109 justitiam
661 3037 944 3110 praedicat,
982 3044 1046 3092 ut
1085 3037 1336 3108 fugiatur
1382 3038 1668 3109 iniquitas.
1720 3040 1936 3093 Lumen
1957 3025 2000 3085 Ο
2020 3041 2212 3091 omnia
2235 3040 2521 3107 possibilia
2541 3038 2886 3105 sunlUlIatth
2908 3044 3022 3108 xix)
3048 3059 3060 3107 ;
3087 3040 3190 3094 hoc
3209 3041 3530 3096 testimonio
3558 3049 3614 3096 et

345 3129 608 3193 ostendit,
641 3127 790 3199 quod
808 3132 893 3180 est
920 3127 1144 3193 veritas,
1168 3133 1233 3180 ut
1251 3126 1322 3181 ab
1351 3127 1688 3197 ignorantia,
1717 3144 1840 3198 quae
1861 3134 1940 3182 te-
2021 3143 2122 3180 nos
2143 3127 2214 3180 ad
2235 3144 2434 3197 puram
2453 3127 2625 3181 vitam
2645 3128 2971 3182 exhortatus
2989 3134 3092 3193 est,
3119 3134 3176 3182 et
3194 3129 3496 3184 Dominum
3517 3147 3612 3184 no-

343 3215 528 3271 nebrze
567 3221 715 3283 sunt,
747 3215 1058 3269 recedatur.
1093 3215 1380 3269 Christum
1428 3216 1486 3268 in
1529 3217 1629 3270 Dei
1669 3217 1938 3288 mysterio
2021 3221 2199 3270 strum
2227 3218 2438 3282 Jesum,
2457 3217 2578 3287 jam
2605 3217 2740 3271 olim
2761 3217 2938 3271 Deum
2961 3222 3216 3272 nostrum
3245 3224 3302 3273 et
3329 3224 3612 3290 susceptu-

343 3305 660 3370 annuntiat,
683 3311 747 3358 ut
785 3322 820 3358 a
846 3303 1084 3370 diabolo,
1105 3305 1199 3375 qui
1225 3317 1284 3358 se
1311 3306 1491 3358 Deum
1535 3305 1761 3358 mentiri
1797 3306 1933 3370 vult,
2021 3322 2146 3358 rum
2193 3322 2294 3359 nos
2335 3305 2391 3358 in
2430 3305 2630 3360 alfectu
2672 3305 2959 3361 charitatis
2997 3323 3112 3360 suae
3154 3307 3608 3376 praedestinatum

342 3393 710 3460 abscedatur;
742 3391 1098 3447 credentibus
1125 3393 1298 3446 vitam
1329 3393 1624 3463 pollicetur
1644 3400 1934 3460 aeternam,
2021 3395 2282 3448 ostendit.

343 3489 407 3537 ut
437 3483 673 3554 perﬁdia
717 3481 887 3548 exuti,
922 3481 991 3536 ab
1040 3483 1193 3536 omni
1241 3482 1566 3536 inﬁdelium
1595 3499 1784 3537 errore
1825 3484 1940 3537 sint

343 3571 532 3626 alieni.
566 3571 722 3627 Idola
749 3570 1038 3642 prohibuit
1077 3571 1200 3636 coli,
1236 3571 1370 3641 quia
1414 3571 1624 3642 templo
1663 3571 1764 3626 Dei
1806 3580 1940 3627 sunt

2623 3484 2855 3538 CAPUT
2877 3484 2997 3538 VII.

2019 3573 2249 3626 Monitio
2277 3575 2436 3626 utilis
2463 3574 2706 3640 Apostoli
2728 3575 3114 3641 praemittitur,
3139 3579 3300 3643 atque
3332 3577 3612 3632 Corinthii

342 3659 592 3715 inimica.
647 3661 835 3730 (Cass.)
891 3659 1073 3713 liabet
1125 3659 1566 3731 unumquodque
1627 3660 1823 3714 vitium
1877 3661 1936 3716 in
2264 3645 2328 3697 de
2357 3647 2654 3712 Ρναῗίθνίίίδ
2693 3643 2846 3697 bonis
2883 3647 3360 3700 εολητηεηάαηίιιν·

340 3749 507 3804 corde
534 3756 727 3804 nostro
757 3749 1041 3820 propriam
1069 3749 1391 3815 stationem,
1421 3766 1590 3820 quam
1618 3748 1723 3803 sibi
1749 3751 1938 3804 vendi—
2088 3753 2198 3805 llas
2216 3751 2660 3818 igiturhabentcs
2673 3752 3080 3819 promissioncs,
3098 3751 3610 3819 charissimi,mun-

339 3855 472 3893 cans
504 3837 562 3892 in
590 3838 794 3894 animae
813 3843 1018 3892 nostrae
1039 3854 1261 3892 recessu
1287 3838 1625 3892 exterminat
1646 3839 1930 3906 Israelem,
2016 3841 2204 3894 demus
2235 3855 2330 3893 nos
2362 3841 2432 3893 ab
2451 3842 2606 3893 omni
2629 3841 3055 3908 inquinamento
3079 3843 3266 3894 carnis
3285 3846 3334 3894 et
3353 3844 3604 3910 spiritus,

339 3911 396 3980 id
427 3933 531 3990 est,
555 3927 1088 3998 contemplationem
1129 3943 1320 3980 rerum
1367 3943 1718 3982 summarum
1763 3934 1932 4000 atque
2007 3931 2346 3996 perﬁcientes
2373 3930 2862 3994 sanctiﬁcationem
2885 3930 2950 3982 in
2984 3930 3181 3982 timore
3209 3930 3325 3982 Dei.
3367 3928 3606 3996 (Ambr.)

339 4021 682 4082 sanctarum,
715 4015 908 4084 eisque
939 4031 1164 4085 semper
1193 4016 1474 4069 adversari
1514 4033 1624 4070 non
1665 4017 1886 4071 desinet
1915 4037 1926 4071 :
2015 4015 2308 4070 Manifesta
2343 4021 2478 4070 sunt
2517 4032 2639 4086 qua}
2667 4016 2804 4070 dicit
2837 4035 2848 4068 :
2881 4015 3373 4086 inquinamentum
3417 4024 3608 4074 tamen

339 4119 451 4158 non
474 4103 625 4156 enim
646 4109 883 4174 possunt
904 4102 1138 4156 virtutes
1159 4120 1288 4157 cum
1305 4103 1453 4157 vitiis
1473 4105 1686 4175 pariter
1700 4106 1927 4160 morari.
2014 4105 2198 4159 carnis
2215 4104 2522 4159 multifaria
2543 4104 2970 4175 intelligendum
2986 4111 3090 4160 est.
3118 4105 3248 4160 Ideo
3267 4107 3476 4162 etenim
3497 4124 3608 4162 non

339 4191 473 4255 Quae
501 4191 652 4245 enim
681 4190 1036 4262 participatio
1059 4191 1294 4261 justitiee
1327 4208 1454 4246 cum
1482 4193 1800 4263 iniquitate,
1834 4197 1935 4248 aut
2014 4193 2172 4260 dixit,
2191 4193 2262 4247 ab
2281 4193 2710 4264 inquinamento
2730 4194 2932 4259 carnis,
2957 4195 3054 4248 sed
3069 4195 3138 4248 ab
3159 4199 3319 4250 omni
3345 4199 3608 4265 inquina-

340 4297 462 4351 quae
490 4279 726 4334 societas
753 4279 863 4333 luci
893 4297 1020 4334 cum
1049 4279 1336 4334 tenebris?
1355 4281 1452 4334 sed
1482 4299 1608 4336 cum
1650 4282 1720 4335 ab
1751 4283 1931 4337 Israe-
2017 4289 2214 4348 mento,
2245 4289 2311 4337 ut
2337 4288 2459 4336 tota
2481 4282 2616 4336 vitia
2642 4283 2888 4337 carnalia
2913 4283 3214 4354 fugiamus.
3247 4284 3426 4340 Omne
3455 4285 3606 4340 enim

338 4369 407 4424 lis
435 4371 660 4442 populo,
694 4369 750 4423 id
780 4375 883 4434 est,
916 4367 1266 4423 avirtutibus
1300 4376 1496 4424 contra
1527 4387 1586 4424 se
1617 4355 1996 4426 dimicanti-D
2017 4371 2163 4442 quod
2193 4372 2279 4424 lex
2317 4373 2575 4442 prohibet
2611 4372 2848 4426 carnale
2863 4378 2966 4439 est,
3001 4379 3062 4426 ut
3095 4376 3454 4442 perﬁciamus
3482 4391 3607 4429 san-

338 4458 441 4513 bus
469 4459 678 4514 fuerint
699 4457 833 4512 vitia
859 4463 1140 4530 superata,
1163 4458 1347 4512 locum
1368 4475 1535 4529 quem
1557 4459 1663 4513 sibi
1685 4459 1744 4514 in
1766 4462 1932 4516 corde
2013 4464 2254 4514 clitalcm
2274 4459 2521 4530 Spiritus
2541 4464 2603 4514 in
2625 4465 2824 4515 timore
2840 4463 2956 4515 Dei.
2987 4461 3353 4516 Sanctitatem
3375 4461 3452 4516 sic
3484 4479 3606 4534 per-

337 4553 528 4602 nostro
558 4547 1018 4618 concupiscentiae
1045 4547 1132 4600 vel
1168 4547 1548 4602 fornicationis
1577 4549 1820 4618 Spiritus
1848 4567 1932 4604 re-
2013 4549 2232 4604 ﬁcimus
2249 4549 2507 4619 Spiritus,
2529 4549 2655 4603 siin
2677 4549 2880 4604 timore
2899 4550 3002 4604 Dei
3028 4557 3180 4604 recta
3199 4565 3519 4622 sequamur,
3543 4558 3606 4607 ut

336 4635 567 4702 tinebat,
615 4635 878 4706 deinceps
924 4637 1152 4690 castitas
1195 4636 1520 4702 continebit,
1559 4655 1728 4708 quem
1775 4637 1932 4692 furor

335 4729 577 4793 ceperat,
615 4723 887 4793 patientia
936 4725 1267 4792 vendieabit,
1307 4743 1473 4797 quem
1506 4727 1740 4782 tristitia
1777 4745 1928 4781 mor-

333 4818 448 4864 tem
477 4827 716 4882 operans
746 4819 1128 4882 occupaverat,
1155 4816 1420 4870 salutaris
1437 4819 1493 4870 et
1511 4816 1679 4886 plena
1697 4817 1922 4886 gaudio,

330 4900 564 4955 tristitia
590 4900 914 4971 possidebit,
947 4917 1114 4970 quem
1143 4904 1338 4958 acedia
1373 4905 1647 4971 vastabat,
1696 4905 1927 4976 incipiet

329 4990 511 5044 colere
540 4989 828 5052 fortitudo,
862 5004 1028 5059 quem
1055 4991 1318 5060 superbia
1343 4993 1718 5060 conculcabat,
1743 4993 1925 5048 humi-

329 5079 456 5133 litas
485 5077 821 5144 honestabit,
843 5083 900 5131 et
929 5077 1009 5131 ita
1031 5077 1270 5148 singulis
1283 5081 1432 5135 vitiis
1453 5083 1698 5154 expulsis
1726 5099 1924 5138 eorum

326 5169 464 5233 loca,
497 5167 553 5222 id
575 5174 679 5233 est,
710 5167 938 5221 elfectus
966 5166 1201 5221 virtutes
1221 5171 1514 5226 contrariae
1533 5171 1914 5242 possidebunt,

324 5273 448 5328 quae
477 5255 576 5310 ﬁlii
603 5256 796 5322 Israel,
826 5255 884 5310 id
913 5260 1017 5322 est,
1051 5255 1252 5311 animae
1282 5257 1532 5314 videntes
1572 5261 1772 5328 Deum,
1805 5278 1918 5319 non

321 5344 606 5399 immerito
649 5350 1066 5414 nuncupantur,
1099 5345 1195 5415 qui
1238 5362 1366 5400 cum
1403 5348 1692 5405 universas
1734 5351 1917 5406 cordis

319 5433 636 5506 expulerint
661 5431 972 5504 passiones,
1007 5449 1119 5488 non
1140 5438 1258 5488 tam
1295 5435 1509 5491 alienas
1538 5439 1913 5510 possessiones

2014 4637 2116 4692 sub
2141 4638 2367 4692 nomine
2395 4638 2602 4693 Christi
2633 4656 2668 4693 a
2694 4639 2934 4710 peccatis
2953 4655 3055 4694 nos
3069 4638 3412 4694 abstinentes
3427 4642 3604 4695 sancti

2013 4726 2220 4794 simus;
2244 4727 2339 4798 qui
2362 4728 2514 4782 enim
2541 4727 2662 4782 sine
2688 4728 3054 4800 promissione
3082 4728 3288 4783 Christi
3317 4746 3352 4782 a
3378 4725 3526 4784 vitiis
3545 4747 3603 4784 se

2009 4815 2269 4870 cohibere
2298 4815 2574 4881 videntur,
2597 4817 2928 4872 sanctiﬁcati
2955 4823 3088 4872 sunt
3110 4818 3274 4887 juxta
3307 4818 3600 4883 mundum,

2008 4921 2120 4959 non
2149 4906 2456 4960 secundum
2485 4905 2588 4960 Dei
2609 4905 2900 4978 Spiritum,
2936 4905 3069 4978 quia
3093 4906 3402 4961 secundum
3421 4907 3601 4962 Deum

2005 4995 2064 5048 hi
2092 4995 2286 5048 mundi
2317 5001 2466 5060 sunt,
2499 4995 2595 5067 qui
2622 4995 2812 5048 ﬁdeles
2841 5001 2991 5061 sunt,
3013 4994 3200 5050 caeteri
3226 5011 3358 5049 vero
3386 4995 3601 5066 quales-

2003 5083 2086 5138 vis
2107 5083 2237 5151 sint,
2262 5085 2541 5139 immundi
2568 5089 2730 5138 sunt:
2757 5083 3030 5154 quidquid
3050 5083 3201 5138 enim
3228 5084 3350 5138 sine
3377 5083 3600 5138 Christo

2003 5178 2107 5238 est,
2136 5172 2493 5228 immundum
2512 5177 2616 5236 est,
2637 5171 2784 5226 sicut
2808 5171 2945 5226 dicit
2971 5172 3043 5226 ad
3067 5172 3290 5228 Titum:
3315 5176 3449 5243 quia
3473 5175 3600 5240 inﬁ—

2001 5263 2210 5315 delibus
2231 5262 2376 5316 nihil
2397 5262 2673 5316 mundum
2697 5265 2790 5326 est,
2815 5262 3118 5328 inquinata
3139 5267 3215 5314 est
3233 5263 3383 5315 enim
3403 5276 3598 5316 eorum

2001 5365 2154 5404 mens
2183 5355 2234 5404 ct
2261 5352 2594 5404 conscientia
2630 5350 2758 5416 (Tit.
2795 5347 2856 5418 ι).

2069 5439 2255 5508 Capite
2285 5455 2400 5494 nos.
2432 5439 2720 5493 Neminem
2751 5441 3009 5503 basi-mus,
3044 5442 3325 5494 neminem
3345 5443 3596 5509 corrupi-

319 5523 644 5594 pervasisse,
699 5537 866 5592 quam
928 5521 1185 5592 proprias
1236 5541 1595 5596 recuperasse
1649 5527 1908 5582 credendi
1995 5544 2139 5587 mus,
2155 5530 2433 5584 neminem
2451 5530 2936 5581 circumvenimus.
2953 5527 3453 5585 Considerarevult
3465 5527 3590 5583 illos
