4034 6162
317 333 390 390 20]
691 325 1268 382 ENARRATIONUM
1305 325 1382 380 IN
1420 325 1572 380 EPP.
1615 323 1829 380 PAULI
1867 325 2004 380 LIB.
2046 326 2168 380 XII.
2205 355 2270 365 —
2317 327 2392 380 IN
2432 325 2652 382 EPIST.
2696 329 2746 383 ΙΙ
2785 330 2880 384 AD
2915 332 3084 386 COR.

3417 336 3524 393 20-2
3575 311 3593 324 ’

316 472 410 527 qua
428 453 557 514 dicit,
588 457 652 506 ut
679 451 919 522 receptis
945 451 1034 504 his
1053 451 1112 504 in
1142 449 1416 515 animum,
1445 449 1734 504 conferant
1761 468 1850 504 se-
1866 448 2038 509 Asibi
2061 449 2194 519 quid
2219 450 2339 518 jam
2351 448 2594 516 timeret,
2619 450 2712 520 qui
2732 451 3066 522 patiebatur,
3089 463 3379 526 praeterea,
3399 475 3527 514 cum

313 561 409 599 cum
434 558 547 596 vera
570 557 689 594 esse
721 557 846 610 quae
861 539 1128 611 loquitur,
1161 545 1219 594 et
1237 544 1564 609 spernentes
1591 539 1693 592 hos
1713 555 1852 609 quos

311 631 468 701 tangit,
495 645 715 683 omnem
739 627 992 682 animum
1013 627 1355 681 transferant
1381 627 1452 680 ad
1481 643 1576 680 eos
1602 643 1742 698 quos
1768 627 1851 680 vi-

310 721 415 774 dent
435 734 546 772 vero
577 717 778 770 aﬁectu
815 734 876 769 se
913 716 1164 785 diligere.
1209 715 1669 786 Pseudoapostoli
1699 716 1850 770 enim

309 813 448 873 erant,
476 806 562 877 qui
599 813 657 859 et
701 803 976 858 nocebant
1009 804 1120 858 illis
1156 809 1579 874 corrumpentes
1623 820 1851 859 sensum

309 897 504 958 illorum,
553 900 611 948 et
646 892 961 964 gravabant
986 893 1247 952 sacculos
1285 909 1480 946 eorum
1515 893 1855 947 circumven-

306 985 426 1039 tione
463 982 790 1054 serpentium
817 982 1057 1036 astutiae.
1098 983 1218 1036 Non
1247 984 1321 1035 ad
1347 983 1850 1035 condemnationem

306 1075 412 1126 dico.
441 1073 546 1126 Hoc
573 1075 676 1134 est,
709 1087 822 1124 non
853 1087 951 1124 vos
971 1069 1190 1140 abjicio,
1214 1070 1312 1124 sed
1339 1075 1405 1124 ut
1429 1069 1722 1140 corrigatis
1738 1087 1853 1124 mo-

304 1179 410 1224 neo;
439 1160 523 1230 qui
547 1160 700 1214 enim
717 1159 966 1231 aliquem
981 1164 1320 1223 contemnet,
1351 1175 1464 1212 non
1492 1159 1574 1216 illi
1591 1158 1846 1213 dimittit.

304 1251 622 1304 Przdin'mus
650 1252 801 1302 enim
833 1250 980 1317 quod
1003 1247 1067 1301 in
1093 1249 1348 1301 cordibus
1397 1250 1600 1301 nostris
1629 1249 1754 1301 estis
1781 1248 1854 1300 ad

302 1338 748 1400 commoriendum,
767 1341 816 1390 et
829 1338 904 1390 ad
915 1337 1330 1390 connivendum.
1346 1336 1424 1390 Ex
1439 1335 1716 1406 praedictis
1733 1335 1853 1389 vult

301 1425 400 1479 illos
423 1441 761 1494 cognoscere,
785 1441 897 1496 quo
927 1424 1116 1478 animo
1142 1425 1408 1495 loquatur
1437 1425 1508 1478 ad
1541 1441 1636 1478 eos
1668 1441 1679 1476 :
1715 1441 1853 1495 quos

296 1512 418 1567 enim
442 1514 734 1584 participes
746 1513 868 1567 vult
895 1511 1119 1578 habere,
1144 1519 1202 1566 et
1215 1512 1289 1566 ad
1315 1519 1618 1584 praesentes
1637 1513 1852 1584 passio-

297 1619 376 1655 nes
398 1619 485 1672 pro
514 1602 758 1668 Christo,
781 1609 840 1656 et
869 1601 941 1656 ad
969 1601 1218 1656 futuram
1243 1601 1416 1655 vitam
1433 1618 1546 1654 non
1571 1601 1766 1671 utique
1791 1599 1856 1653 il-

1933 537 2082 590 dicat
2110 537 2167 590 in
2205 538 2358 592 Actis
2389 539 2768 608 apostolorum
2799 540 2939 607 (Act.
2965 546 3080 612 xxx)
3113 561 3225 599 non
3256 547 3437 602 solum
3457 549 3530 603 li-

1931 625 2052 695 gari
2086 626 2181 680 sed
2211 631 2268 678 et
2286 626 2428 680 mori
2447 632 2708 697 paratum
2729 645 2786 681 se
2803 645 2904 700 pro
2918 631 3148 710 nomine
3160 633 3382 690 Domini
3396 637 3536 693 Jesu.

1935 714 2182 768 Christi?
2207 715 2446 768 Videtur
2473 731 2606 785 ergo
2635 721 2818 771 totum
2847 718 3132 774 hominem
3173 722 3445 780 afflictum
3472 726 3533 781 in

1934 819 2100 856 carne
2126 801 2490 872 signiﬁcasse,
2518 809 2582 857 ut
2617 820 2683 858 ex
2713 811 2872 875 parte
2901 806 3144 877 Spiritus
3182 811 3278 880 qui
3317 813 3530 868 homini

1934 891 2119 955 datur,
2137 897 2202 945 ut
2214 891 2599 962 maneat,quia
2612 897 2697 946 est
2711 893 2788 946 im
2792 894 3270 968 passibilis,afﬁigi
3282 902 3533 970 potuisse

1938 979 2170 1034 minime
2210 979 2577 1049 intelligatur,
2603 982 2726 1034 ~sed
2767 989 2832 1036 ut
2869 983 3036 1038 homo
3071 991 3224 1040 totus
3263 1005 3328 1042 ex
3370 997 3533 1060 parte

1935 1069 2182 1139 corporis
2210 1074 2266 1122 et
2291 1069 2494 1122 animae
2509 1069 2749 1123 afﬂictus
2763 1070 2822 1124 in
2837 1088 3004 1126 carne
3019 1073 3240 1129 dicatur
3257 1093 3268 1128 :
3292 1093 3357 1130 ex
3371 1084 3533 1149 parte

1933 1173 2063 1210 vero
2092 1157 2336 1228 Spiritus
2363 1155 2742 1228 impassibilis.
2771 1159 2961 1214 Potest
2989 1167 3046 1215 et
3074 1162 3155 1216 sic
3182 1163 3439 1238 intelligi,
3470 1173 3536 1224 ut

1935 1244 2069 1299 foris
2098 1262 2317 1316 pugnae,
2334 1245 2393 1299 id
2413 1251 2516 1312 est,
2537 1246 2596 1300 in
2621 1246 2841 1317 publico
2862 1265 2897 1302 a
2925 1251 3152 1320 perﬁdis
3179 1253 3380 1309 ﬁerent
3403 1272 3531 1310 con-

1933 1339 2024 1388 tra
2053 1333 2211 1400 ﬁdos,
2245 1334 2381 1388 dum
2409 1334 2598 1388 furore
2626 1335 2777 1406 pleni
2806 1337 3143 1394 resistebant
3159 1341 3402 1410 veritati,
3433 1361 3531 1399 cu-

1929 1423 2024 1492 jus
2061 1422 2144 1476 rei
2182 1423 2416 1477 nuntius
2461 1423 2614 1478 intus
2649 1423 2882 1478 timores
2917 1427 3244 1496 generabat,
3279 1430 3374 1486 ubi
3411 1440 3535 1488 erat

1935 1512 2252 1582 Apostolus.
2294 1512 2494 1580 (Greg.)
2523 1512 2660 1576 Quis
2689 1513 2840 1568 enim
2868 1513 3038 1569 homo
3066 1533 3178 1571 non
3204 1524 3410 1574 timeat
3437 1538 3534 1576 an-

1934 1597 2167 1668 gustias,
2189 1599 2286 1653 sed
2304 1599 2504 1670 quiain
2524 1601 2622 1654 Dei
2645 1601 2810 1656 rebus
2833 1605 3164 1674 propensior
3187 1613 3327 1674 erat,
3361 1609 3532 1664 timo-

295 1690 362 1744 los
384 1691 574 1760 abjicit,
609 1691 709 1744 sed
739 1695 805 1744 ut
840 1689 1269 1761 participatione
1309 1689 1510 1759 dignos
1539 1706 1599 1744 se
1626 1689 1850 1755 faciant,
1935 1703 2058 1741 rem
2085 1688 2234 1742 hunc
2262 1705 2360 1759 spe
2387 1687 2705 1759 superabat.
2742 1689 2930 1744 Sancti
2960 1692 3064 1746 viri
3102 1689 3532 1752 tribulationum

291 1779 596 1833 exhortatur.
624 1781 802 1833 Multa
839 1779 984 1832 mihi
1012 1779 1216 1846 ﬁducia
1251 1783 1326 1831 est
1354 1779 1504 1846 apud
1538 1795 1646 1844 vos,
1668 1781 1848 1832 multa
1870 1761 2078 1829 Bbello
2107 1776 2458 1847 deprehensi,
2490 1794 2618 1831 cum
2637 1794 2750 1832 uno
2779 1779 3088 1852 eodemque
3106 1789 3360 1855 tempore
3392 1786 3532 1840 alios

292 1868 408 1920 mihi
428 1870 684 1935 gloriatio
717 1883 819 1936 pro
851 1867 1017 1932 vobis,
1050 1870 1286 1936 repletus
1310 1883 1436 1920 sum
1465 1869 1847 1932 consolatione,

286 1957 638 2024 superabundo
655 1957 862 2024 gaudio
888 1958 954 2009 in
975 1958 1130 2008 omni
1157 1956 1516 2009 tribulatione
1545 1955 1852 2009 nostra.Fi-

288 2043 425 2098 ducis
441 2045 551 2098 haec
581 2044 654 2098 de
682 2044 879 2115 primae
909 2043 1167 2114 Epistolas
1195 2043 1546 2114 correptione
1563 2048 1664 2109 est,
1682 2060 1851 2115 quam

287 2133 399 2203 quia
420 2149 522 2187 non
550 2149 752 2204 aspere
781 2137 1147 2204 susceperunt
1169 2133 1432 2186 ﬁduciam
1459 2133 1736 2186 dederunt
1760 2133 1854 2186 ad-

287 2221 516 2276 monendi
545 2239 630 2274 se.
665 2221 784 2275 Visi
804 2225 937 2275 sunt
960 2221 1112 2274 enim
1135 2221 1274 2275 velle
1295 2221 1577 2291 corrigere
1603 2238 1682 2286 se,
1705 2221 1853 2279 unde

279 2309 523 2378 gloriatur
547 2328 560 2362 :
601 2327 705 2380 pro
730 2309 819 2363 his
838 2309 1091 2364 animum
1118 2309 1290 2363 etiam
1319 2326 1485 2364 suum
1505 2311 1852 2364 consolatum

283 2414 336 2450 ex
358 2399 453 2453 hac
472 2405 636 2469 parte
655 2399 1002 2470 pronuntiat,
1027 2399 1085 2451 in
1097 2404 1342 2462 tantum,
1365 2403 1430 2452 ut
1449 2399 1509 2453 in
1535 2399 1685 2453 omni
1703 2416 1854 2471 pres-

279 2502 392 2540 sura
416 2487 874 2558 superabundare
901 2504 962 2541 se
999 2487 1206 2558 gaudio
1247 2491 1608 2559 protestetur.
1641 2487 1850 2542 Videns

279 2575 408 2628 enim
433 2592 551 2630 esse
581 2593 743 2646 spem
771 2575 831 2630 in
851 2575 940 2629 his
961 2592 1061 2646 pro
1073 2575 1295 2646 quibus
1323 2577 1614 2646 angustias
1642 2577 1855 2648 patitur

272 2664 474 2731 gaudet,
515 2681 651 2719 cum
681 2664 1109 2728 contribulatur,
1149 2671 1334 2718 certus
1369 2666 1684 2720 mercedem
1723 2682 1784 2718 se
1820 2681 1854 2718 a

1934 1863 2214 1931 ferientes,
2249 1871 2418 1936 atque
2447 1865 2586 1920 alios
2625 1867 2924 1922 suadentes
2955 1869 3181 1937 feriunt,
3215 1873 3326 1927 illis
3359 1891 3534 1946 oppo-

1935 1959 2078 2007 nunt
2103 1959 2324 2008 scutum
2348 1953 2651 2025 patientia),
2697 1955 2819 2010 istis
2843 1958 3034 2028 jacula
3067 1959 3395 2033 intorquent
3427 1964 3528 2018 do-

1936 2042 2128 2097 ctrina:
2152 2049 2320 2114 atque
2350 2043 2421 2096 ad
2450 2048 2754 2114 utrumque
2791 2047 3080 2116 pugnandi
3123 2049 3270 2104 mira
3310 2051 3534 2108 virtutis

1936 2135 2058 2184 arte
2085 2148 2145 2185 se
2170 2131 2412 2201 erigunt,
2437 2137 2713 2202 quatenus
2733 2137 2790 2186 et
2809 2132 3070 2204 perversa
3083 2136 3235 2192 intus
3251 2139 3536 2212 sapienter

1937 2218 2191 2284 doceant,
2221 2226 2277 2274 et
2305 2220 2452 2274 foras
2483 2219 2704 2274 fortiter
2731 2221 2964 2276 adversa
2991 2230 3355 2282 contemnant
3383 2247 3394 2281 :
3431 2230 3534 2285 hos

1936 2307 2199 2362 docentes
2227 2307 2528 2377 corrigant,
2563 2307 2689 2362 illos
2715 2309 3022 2365 tolerantes
3049 2321 3328 2382 premant.
3349 2317 3536 2372 Insur-

1934 2401 2130 2466 gentes
2144 2413 2388 2467 namque
2402 2397 2590 2450 hostes
2599 2397 2862 2466 patiendo
2881 2399 3220 2470 despiciunt;
3238 2403 3533 2460 inﬁrman-

1933 2491 2021 2540 tes
2047 2502 2177 2539 vero
2208 2485 2353 2538 cives
2403 2485 2792 2556 compatiendo
2833 2486 2904 2540 ad
2949 2488 3188 2543 salutem
3235 2492 3529 2562 reducunt,

1935 2573 2046 2628 illis
2073 2573 2364 2640 resistunt,
2396 2589 2466 2628 ne
2495 2579 2553 2627 et
2571 2573 2710 2628 alios
2740 2573 3093 2643 subtrahant,
3120 2577 3244 2634 istis
3273 2585 3536 2638 metuunt

1936 2678 2008 2716 ne
2036 2663 2209 2717 vitam
2247 2661 2600 2716 rectitudinis
2631 2661 2885 2718 funditus
2925 2665 3182 2740 perdant.
3229 2669 3534 2726 Videamus

275 2751 373 2806 Deo
395 2761 755 2825 accepturum
795 2746 1080 2823 acquisita:
1134 2754 1332 2807 salutis
1382 2770 1597 2808 eorum.
1634 2755 1854 2808 Etenim

271 2856 378 2894 cum
397 2846 731 2897 venissemus
749 2843 1145 2906 Macedoniam,
1160 2845 1380 2896 nullam
1400 2845 1644 2910 requiem
1661 2843 1855 2896 habuit

272 2945 384 2984 caro
410 2936 626 2984 nostra.
647 2931 948 2984 Pressuras
987 2935 1044 2984 et
1069 2930 1245 2984 caedes
1277 2935 1554 2984 memorat
1581 2947 1720 3002 quas
1749 2947 1853 3002 pa-
1937 2945 2060 2999 qua:
2081 2929 2425 2983 extrinsecus
2438 2927 2645 2982 tolerat
2663 2929 2852 2983 dicens
2877 2947 2889 2982 :
2915 2933 3185 2988 Periculis
3202 2938 3530 3005 ﬂuminum,

270 3016 532 3072 tiebantur
561 3035 740 3074 causa
765 3018 1136 3082 credentium,
1159 3023 1226 3073 ut
1253 3018 1432 3088 magis
1470 3024 1730 3090 provocet
1759 3036 1853 3074 eos
1876 3079 1916 3092 η
1930 3021 2198 3087 periculis
2228 3020 2534 3084 latronum,
2553 3021 2818 3086 periculis
2847 3035 2912 3072 ea:
2936 3036 3148 3088 genere,
3174 3026 3442 3092 periculis
3469 3043 3534 3080 ea:

268 3106 331 3160 ad
347 3107 704 3162 charitatem.
741 3108 993 3172 Nullam,
1023 3079 1224 3177 inquit,
1249 3079 1494 3176 requiem
1513 3108 1706 3162 habuit
1725 3125 1853 3162 caro
1873 3079 2202 3175 Cpentibus,
2221 3107 2486 3176 periculis
2591 3109 2828 3170 civitate,
2847 3079 3114 3175 periculis
3211 3115 3528 3180 solitudine,

267 3201 455 3248 nostra.
487 3197 565 3250 Ut
596 3200 1060 3266 compaterentur
1089 3195 1188 3261 eis,
1209 3195 1366 3261 certi,
1395 3195 1529 3266 quia
1541 3211 1643 3266 pro
1671 3197 1852 3250 salute
1928 3197 2197 3264 periculis
2216 3197 2280 3249 in
2301 3197 2468 3260 mari,
2484 3197 2752 3263 periculis
2770 3197 2830 3248 in
2842 3197 3002 3262 falsis
3017 3198 3294 3264 fratribus
3311 3203 3392 3261 (ΙΙ
3406 3204 3529 3258 Cor.

262 3283 496 3338 ﬁdelium
516 3283 746 3339 animas
771 3301 902 3338 suas
928 3285 1220 3338 traderent
1245 3299 1426 3354 usque
1473 3284 1544 3338 ad
1585 3290 1846 3339 mortem.
1934 3283 2360 3352 x1).Pensemus
2385 3299 2538 3353 ergo,
2563 3284 2723 3353 cujus
2751 3281 2958 3338 laboris
2981 3283 3058 3338 sit
3085 3301 3198 3341 uno
3221 3288 3533 3363 eodemque

262 3371 566 3442 Antequam
599 3371 753 3426 enim
779 3373 1132 3443 digereretur
1150 3371 1439 3426 tribulatio
1472 3378 1529 3426 et
1547 3373 1850 3444 corporalis
1933 3377 2186 3443 tempore
2217 3371 2350 3426 foris
2380 3371 2613 3426 adversa
2628 3372 2888 3437 tolerare,
2917 3373 3070 3428 intus
3097 3375 3326 3432 inﬁrma
3349 3385 3534 3450 prote-

263 3457 472 3529 injuria,
492 3461 1041 3528 alteraveniebat,ut
1061 3461 1284 3533 requies
1302 3460 1540 3532 patienti
1559 3473 1671 3516 non
1683 3467 1847 3516 esset.
1933 3477 2092 3532 gere:
2109 3461 2245 3516 foris
2259 3477 2476 3532 pugnas
2487 3460 2720 3531 patitur,
2743 3461 2876 3531 quia
2895 3461 3217 3519 verberibus
3241 3466 3530 3538 scinditur,

264 3546 390 3601 Nam
417 3556 472 3602 et
499 3549 781 3620 quoniam
810 3566 978 3604 sensu
1005 3549 1173 3604 bruta
1202 3556 1288 3604 est
1324 3550 1508 3604 omnis
1537 3567 1685 3616 caro,
1723 3552 1852 3605 nul—
1935 3549 2394 3619 catenisligatur;
2413 3549 2566 3603 intus
2587 3553 2800 3602 metum
2817 3550 3041 3617 tolerat,
3068 3553 3202 3622 quia
3216 3555 3533 3624 passionem

261 3635 358 3690 lam
380 3638 646 3708 requiem
668 3637 812 3692 hanc
831 3638 1098 3693 habuisse
1133 3639 1220 3692 vel
1260 3637 1469 3692 habere
1497 3639 1557 3692 in
1597 3639 1853 3710 passione
1936 3655 2096 3693 suam
2122 3655 2234 3692 non
2256 3637 2382 3704 sibi,
2410 3637 2507 3692 sed
2531 3637 2820 3708 discipulis
2840 3637 3034 3693 obesse
3065 3640 3349 3697 formidat.
3372 3645 3533 3701 Unde

261 3723 524 3794 signiﬁcat
565 3745 580 3779 :
621 3727 873 3781 animam
902 3732 1112 3794 autem,
1157 3743 1484 3798 quanquam
1513 3727 1638 3798 ipsa
1673 3729 1854 3798 patie-
1937 3731 1994 3780 et
2021 3725 2234 3778 eisdem
2264 3724 2486 3794 scripsit
2513 3723 2699 3778 dicens
2715 3725 2769 3791 (Ι
2789 3725 2961 3779 Thess.
2993 3729 3070 3795 ιιι)
3097 3745 3109 3779 :
3133 3728 3300 3782 Nemo
3322 3747 3531 3786 movea-

260 3811 408 3870 batur
434 3817 494 3870 in
526 3832 789 3886 corpore,
824 3833 891 3870 ex
919 3816 1022 3870 hac
1052 3821 1245 3870 tamen
1276 3821 1436 3886 parte
1466 3816 1719 3886 requiem
1749 3817 1853 3870 ha-
1939 3819 2032 3867 tur
2061 3817 2126 3867 in
2156 3813 2610 3867 tribulationibus
2638 3815 2777 3877 istis,
2801 3815 2910 3881 ipsi
2935 3816 3086 3867 enim
3113 3817 3265 3870 scitis
3295 3821 3439 3886 quod
3468 3823 3532 3874 in

260 3901 392 3968 bere,
437 3923 548 3975 qua
596 3911 789 3976 sperat
820 3922 922 3976 pro
963 3903 1418 3959 tribulationibus
1452 3904 1561 3969 his,
1598 3921 1720 3976 quas
1750 3921 1851 3976 pro
1935 3903 2030 3955 hoc
2053 3903 2224 3970 positi
2257 3916 2483 3964 sumus;
2515 3899 2752 3953 aliorum
2783 3900 2988 3972 quippe
3025 3890 3186 3956 casus
3215 3903 3272 3958 in
3304 3908 3534 3979 propria

255 3991 352 4046 ﬁde
375 3993 716 4064 irrogantur
754 4010 790 4046 a
827 3993 1075 4064 perﬁdis,
1111 3993 1377 4048 daturum
1419 3994 1598 4047 Deum
1638 4009 1851 4048 merce-
1935 3989 2192 4061 passione
2221 3987 2527 4054 metuebat,
2547 3987 2958 4060 nedumipsum
2986 3990 3243 4063 discipuli
3257 3993 3530 4051 afﬂictum

254 4079 369 4134 dem
402 4101 415 4134 :
439 4083 699 4153 denique
727 4083 786 4136 in
814 4083 936 4154 ipsa
965 4099 1228 4154 pressura
1262 4082 1378 4136 Deo
1417 4083 1655 4154 hymnos
1684 4099 1852 4137 cane-
1934 4095 2035 4150 pro
2065 4079 2174 4133 ﬁde
2193 4077 2516 4134 verberibus
2543 4084 2929 4148 agnoscerent,
2961 4079 3155 4134 ﬁdeles
3191 4099 3252 4136 se
3282 4085 3531 4155 proﬁteri

256 4166 392 4224 bant.
425 4171 534 4226 ,ςεά
566 4187 790 4226 omnem
821 4173 1238 4226 tribulationem
1263 4174 1432 4240 passi.
1466 4172 1633 4226 Juxta
1673 4171 1850 4226 histo-
1933 4173 2276 4222 recusarent.
2311 4167 2356 4222 Ο
2388 4167 2666 4221 immensa
2695 4167 2987 4222 charitatis
3012 4168 3260 4225 viscera?
3297 4173 3534 4246 despicit

252 4258 381 4312 riam
413 4260 670 4315 Domino
699 4266 930 4315 vocante
972 4260 1326 4314 intraverunt
1354 4260 1758 4326 Macedoniam,
1795 4267 1852 4314 et
1935 4257 2084 4328 quod
2113 4257 2231 4328 ipse
2251 4257 2482 4328 patitur,
2515 4261 2573 4310 et
2599 4261 2761 4310 curat
2789 4273 2860 4311 ne
2899 4257 3033 4328 quid
3073 4275 3255 4329 pravae
3298 4279 3533 4333 persua-

252 4361 365 4401 cum
395 4365 512 4404 non
533 4349 706 4421 pauci
721 4349 1092 4404 credidissent
1113 4349 1568 4419 invenissentque
1589 4348 1850 4403 solatium
1867 4394 1916 4421 η
1933 4345 2108 4400 sionis
2131 4345 2389 4417 discipuli
2414 4345 2474 4400 in
2503 4345 2668 4400 corde
2699 4345 3014 4416 patiantur;
3047 4347 3104 4400 in
3135 4365 3194 4402 se
3223 4354 3534 4408 contemnit

250 4435 426 4505 Lydiae
436 4438 726 4504 mulieris,
748 4455 872 4508 quae
886 4455 1014 4493 cum
1034 4437 1296 4492 omnibus
1311 4437 1427 4492 suis
1445 4437 1699 4502 credidit,
1715 4444 1851 4492 tunc
1869 4434 1916 4452 "
1933 4436 2166 4490 vulnera
2191 4434 2441 4506 corporis
2462 4439 2518 4488 et
2537 4434 2594 4488 in
2625 4434 2750 4488 aliis
2776 4435 3010 4488 vulnera
3036 4436 3298 4491 medetur
3325 4441 3527 4494 cordis.

251 4522 448 4580 factum
479 4534 600 4588 est,
629 4531 694 4580 ut
715 4526 987 4598 Spiritum
1006 4527 1332 4598 pythonem,
1359 4527 1415 4580 id
1437 4531 1538 4591 est,
1573 4525 1846 4592 divinum,
1933 4523 2157 4578 Habent
2187 4523 2392 4595 quippe
2406 4523 2510 4577 hoc
2515 4523 2654 4593 justi
2666 4523 2976 4593 proprium,
2993 4523 3126 4577 utin
3146 4524 3337 4579 dolore
3362 4528 3530 4598 positi

248 4611 762 4684 fugaretdeancilla
775 4615 1851 4686 quorumdam,quividentesperdidisse
1931 4612 2312 4667 tribulationis
2368 4629 2500 4674 suae,
2561 4627 2754 4665 curam
2793 4627 2907 4664 non
2953 4611 3215 4666 deserant
3264 4615 3529 4672 utilitatis

249 4717 318 4765 se,
351 4719 465 4756 non
495 4703 809 4758 minimum
839 4710 1134 4774 quaestum,
1167 4720 1336 4774 quem
1362 4704 1548 4775 puella
1579 4703 1854 4758 referebat
1934 4701 2148 4768 alienm,
2181 4707 2237 4756 et
2265 4717 2392 4755 cum
2416 4701 2484 4753 de
2505 4717 2564 4752 se
2593 4699 2825 4753 adversa
2852 4699 3130 4770 patientes
3160 4702 3371 4770 dolent,
3405 4705 3531 4760 aliis

245 4790 568 4861 divinando,
595 4792 1546 4847 concitaveruntseditionemPaulo
1565 4793 1853 4859 etSilae,et
1933 4790 2250 4845 necessaria
2283 4789 2545 4843 docentes
2593 4787 2915 4858 praivident,
2959 4794 3017 4844 et
3069 4791 3230 4861 quasi
3281 4796 3529 4864 percussi

249 4885 540 4936 traxerunt
570 4898 668 4936 eos
699 4882 768 4936 ad
795 4881 981 4936 forum
1011 4882 1082 4936 ad
1111 4881 1494 4952 magistratus,
1516 4882 1612 4953 qui
1641 4883 1850 4936 multas
1934 4880 2164 4952 quidam
2191 4877 2380 4948 magni
2413 4875 2616 4930 medici
2645 4883 2936 4946 mgrotant,
2967 4877 3075 4950 ipsi
3111 4880 3356 4937 tolerant
3391 4885 3529 4940 scis-

245 4968 316 5022 eis
325 4970 530 5042 plagas
547 4971 908 5042 imponentes
923 4971 1201 5026 miserunt
1216 4971 1378 5024 eosin
1395 4970 1573 5024 imum
1590 4971 1846 5036 carceris,
1935 4984 2094 5022 suras
2121 4967 2386 5030 vulneris,
2411 4971 2469 5020 et
2493 4965 2620 5020 aliis
2639 4965 2932 5036 proferunt
2956 4968 3368 5027 medicamenta
3385 4974 3532 5028 sani-

247 5055 314 5111 ita
339 5066 404 5114 ut
430 5066 494 5114 et
535 5059 715 5132 pedes
746 5076 942 5114 eorum
981 5059 1040 5114 in
1069 5075 1238 5114 nervo
1267 5059 1678 5113 concluderent.
1723 5060 1852 5114 Haec
1934 5057 2086 5112 tatis.

244 5153 317 5201 est
339 5165 627 5220 pressura
647 5165 819 5220 quam
849 5149 998 5220 passi
1023 5153 1157 5204 sunt
1177 5147 1236 5202 in
1263 5148 1606 5213 Macedonia,
1639 5153 1696 5202 et
1721 5147 1850 5202 hinc
2003 5145 2106 5201 Sed
2117 5147 2216 5214 qui
2228 5148 2544 5200 consolatur
2555 5145 2808 5208 humiles,
2819 5149 3124 5200 consolatus
3137 5153 3271 5202 estet
3285 5165 3380 5204 nos
3393 5152 3528 5208 Deus

248 5242 320 5288 est
337 5239 496 5292 unde
528 5237 706 5291 dicit:
736 5237 968 5292 Nullam
995 5240 1241 5306 requiem
1270 5237 1463 5291 habuit
1491 5252 1620 5290 caro
1636 5241 1844 5290 nostra.
1931 5237 1995 5290 in
2013 5236 2254 5289 adventu
2282 5235 2410 5288 Titi.
2438 5232 2674 5303 (Ambr.)
2701 5225 2979 5298 Quoniam
2995 5234 3144 5288 Deus
3171 5251 3401 5294 suorum
3416 5244 3530 5298 n'on

247 5321 388 5379 For-is
397 5327 800 5394 pugnajntus
815 5325 1270 5395 timores.Pugnaa
1289 5329 1452 5379 erant
1470 5323 1688 5396 corpori
1713 5324 1848 5378 dum
1933 5329 2020 5380 est
2029 5323 2342 5389 immemor,
2359 5339 2581 5393 semper
2589 5323 2688 5376 dat
2703 5322 2850 5376 eisin
2865 5321 3226 5380 tribulatione
3239 5327 3525 5400 solatium,

248 5413 590 5478 cedebatur,
623 5413 814 5468 animo
837 5413 1069 5468 timores
1101 5432 1112 5466 :
1146 5413 1261 5468 illic
1287 5413 1439 5467 enim
1467 5413 1640 5467 timor
1657 5418 1744 5467 est
1755 5412 1850 5466 ubi
1935 5412 2260 5467 acceleravit
2288 5413 2591 5466 adventum
2615 5411 2748 5478 Titi,
2774 5415 2837 5464 ut
2857 5410 3148 5482 refrigerio
3168 5421 3315 5470 esset
3331 5419 3530 5488 positis

249 5507 298 5554 et
314 5501 654 5558 intellectus
666 5507 780 5566 est;
801 5502 902 5556 sed
919 5502 1092 5558 timor
1110 5503 1203 5557 hic
1226 5507 1456 5573 propter
1473 5518 1568 5555 eos
1587 5508 1728 5567 erat,
1755 5501 1852 5572 qui
1934 5501 1994 5556 in
2021 5503 2234 5556 fervore
2269 5519 2280 5553 :
2311 5517 2520 5572 magna
2547 5499 2698 5554 enim
2717 5499 3023 5554 consolatio
3053 5506 3140 5556 est
3166 5503 3448 5574 patientis,
3481 5507 3527 5563 si

249 5591 634 5656 crediderant,
646 5607 716 5646 ne
729 5590 990 5664 passione
1009 5592 1132 5664 ejus
1153 5590 1696 5658 scandalizarentur;
1720 5607 1852 5645 nam
1935 5606 2124 5646 secum
2140 5589 2345 5646 habeat
2357 5589 2758 5646 consolantem.
2784 5589 2907 5644 Non
2923 5592 3102 5644 solum
3121 5596 3306 5647 autem
3335 5597 3399 5649 in
3425 5598 3527 5650 ad-

663 5691 930 5754 ΡΑτιιοι..
960 5691 1116 5753 CXII

3173 5686 3210 5744 7

1937 2757 2249 2806 castrorum
2269 2751 2509 2804 militem
2530 2751 2650 2816 Dei,
2670 2757 2866 2806 contra
2885 2759 3125 2826 utraque
3147 2757 3496 2828 praeliantem
3509 2760 3536 2813 Τ

1937 2839 2033 2894 Ait
2059 2839 2210 2894 enim
2231 2842 2370 2907 foris
2382 2855 2602 2908 pugna,
2619 2842 2772 2894 intus
2793 2844 3032 2909 timores,
3061 2843 3361 2902 innumera
3388 2847 3537 2903 bella
