3966 6168
373 279 475 336 207

960 279 1022 333 Β.
1062 278 1333 333 RABANI
1370 277 1604 333 MAURI
1646 277 1982 335 ARCHIEP.
2025 279 2350 336 MOGUNT.
2392 279 2691 335 OPERUM
2729 279 2916 335 PARS
2954 280 3053 336 IlI.

3538 279 3643 338 208

370 407 539 476 capit,
565 407 647 459 ita
687 410 735 458 et
755 407 1008 473 perficiat
1029 405 1090 457 in
1115 402 1262 456 vobis
1290 404 1463 456 etiam
1496 404 1745 470 gratiam
1770 403 1958 456 istam.
1982 408 2108 471 Αυι
2135 405 2270 458 aliis
2285 405 2358 457 sit
2372 405 2643 470 remissio,
2663 403 2818 457 nobis
2828 404 3141 458 tribulatio.
3162 403 3491 470 Verumest,
3511 403 3645 476 quia

369 494 652 560 Quoniam
676 492 790 547 Titi
810 492 1073 547 alfectum
1090 490 1374 545 sincerum
1394 489 1607 544 sciebat
1625 489 1778 547 circa
1804 489 1960 556 istos,

368 601 473 640 nec
498 599 611 639 non
640 583 744 637 hos
763 580 1087 636 obedientes
1113 578 1186 644 ei,
1218 578 1424 634 idcirco
1445 595 1548 650 per
1574 578 1760 650 ipsum
1789 579 1964 634 etiam

367 674 441 729 ad
471 673 576 728 hoc
601 687 742 742 opus
762 667 1046 724 exhortari
1076 667 1202 722 illos
1226 666 1446 723 facilius
1474 683 1638 738 posse
1660 667 1959 738 signiﬁcat,

365 768 431 817 ut
457 760 737 835 quomodo
762 757 823 812 in
849 755 1066 812 caeteris
1086 755 1253 810 rebus
1287 755 1692 811 exhortationis
1721 772 1836 811 suae
1868 756 1964 810 ha-

367 850 492 906 buit
509 849 753 904 fructum
780 846 841 901 in
870 846 970 914 eis,
1005 844 1240 900 haberet
1268 845 1441 899 etiam
1470 844 1532 899 in
1558 845 1664 900 hac
1697 844 1884 916 gratia
1902 849 1968 899 ut

366 939 441 994 ad
460 936 838 993 ministerium
859 939 1186 990 sanctorum
1214 939 1506 1006 promptos
1525 950 1622 988 eos
1651 932 1878 1000 faceret,
1901 939 1968 988 ut

366 1027 502 1100 quia
514 1027 637 1099 jam
651 1025 792 1080 vitia
807 1022 1200 1090 emendabant,
1213 1023 1384 1093 hujus
1414 1021 1694 1094 largitatis
1720 1021 1965 1077 fructum

367 1115 659 1173 haberent.
677 1114 786 1180 Qui
817 1113 968 1169 enim
988 1112 1061 1168 ad
1090 1112 1195 1167 hoc
1223 1111 1378 1179 dant,
1396 1127 1468 1167 ne
1487 1115 1818 1182 arguantur,
1842 1110 1966 1165 nul-

366 1208 484 1262 lum
510 1206 757 1261 fructmn
791 1202 963 1274 hujus
987 1200 1069 1256 rei
1099 1199 1405 1256 habebunt.
1453 1200 1559 1256 Sed
1583 1203 1725 1255 sicut
1753 1202 1818 1254 in
1845 1216 1964 1254 om-

365 1297 531 1352 nibus
556 1293 857 1350 abundatis
884 1292 989 1359 ﬁde
1007 1295 1057 1345 et
1081 1305 1347 1356 sermone,
1381 1293 1431 1344 et
1457 1291 1708 1355 scientia,
1737 1293 1788 1343 et
1807 1290 1966 1343 omni

364 1383 758 1449 sollicitudine,
772 1385 823 1436 et
841 1380 1002 1436 chari
1004 1383 1109 1433 tate
1124 1383 1307 1434 vestra
1325 1380 1390 1433 in
1410 1393 1534 1432 nos:
1554 1383 1620 1432 ut
1630 1380 1696 1432 in
1709 1377 1814 1432 hac
1827 1392 1962 1446 gra-

367 1476 449 1529 tia
472 1473 783 1528 abundetis.
815 1468 1157 1523 Exhortatur
1190 1467 1337 1534 illos,
1385 1470 1452 1522 ut
1474 1465 1752 1536 glorietur
1776 1466 1847 1520 de
1874 1465 1964 1520 his

363 1561 514 1634 apud
560 1563 791 1615 caeteras
845 1555 1125 1625 ecclesias.
1187 1555 1318 1610 Haec
1370 1559 1458 1609 est
1509 1553 1659 1609 enim
1705 1551 1962 1625 probatio

364 1645 774 1706 emendationis
793 1661 1006 1712 eorum,
1022 1643 1071 1699 si
1090 1642 1335 1716 prompti
1357 1643 1474 1698 sint
1493 1643 1566 1698 ad
1583 1641 1964 1699 ministerium

2046 491 2125 545 sic
2154 491 2403 547 dandum
2433 496 2535 558 est,
2560 497 2626 545 ut
2646 507 2761 545 non
2783 496 3093 561 egestatem
3114 495 3343 563 prestet
3360 492 3643 547 dantibus.

2044 581 2152 636 Sed
2177 597 2242 634 ea:
2260 582 2573 649 aequalitate
2602 583 2668 634 in
2688 580 2787 634 hoc
2816 585 3054 650 tempore
3074 583 3354 650 praesenti.
3369 581 3489 636 Hoc
3514 581 3651 636 dicit

2046 675 2111 723 ut
2140 673 2415 740 quantum
2445 667 2616 722 habet
2644 668 2716 723 ad
2749 673 2973 740 tempus
3010 667 3226 723 dividat
3268 669 3495 737 sanctis,
3527 686 3641 724 non

2046 757 2199 813 enim
2218 757 2345 829 plus
2367 757 2628 828 exigitur,
2651 773 2824 828 quam
2840 756 2949 811 sibi
2970 755 3140 813 debet
3156 746 3647 828 retinere.'(Greg.)

2049 845 2197 910 Quia
2223 847 2438 915 diliges,
2469 845 2675 917 inquit,
2696 849 3023 915 proximum
3055 851 3217 900 tuum
3243 849 3387 901 sicut
3412 849 3649 916 teipsum

2046 933 2262 1005 (Matth.
2305 935 2446 1007 XIX).
2478 935 2637 990 Unde
2677 935 2938 989 Zachseus
2976 953 2990 988 :
3044 935 3172 989 Ecce
3199 936 3525 1001 dimidium,
3558 935 3649 989 in-

2047 1023 2190 1094 quit,
2221 1024 2494 1078 bonorum
2513 1039 2765 1078 meorum
2783 1025 2850 1078 do
2869 1023 3215 1092 pauperibus
3233 1022 3386 1094 (Luc.
3410 1026 3526 1091 xxx)
3547 1043 3561 1092 ;
3584 1031 3652 1079 ut

2043 1111 2304 1166 videlicet
2340 1111 2575 1167 sollicite
2620 1111 3052 1184 perpendamus,
3087 1111 3222 1182 quia
3259 1117 3319 1166 et
3356 1128 3470 1179 eos,
3507 1128 3649 1184 quos

2045 1215 2196 1255 nunc
2224 1199 2419 1272 inopes
2448 1199 2749 1267 cernimus,
2769 1199 3120 1255 abundantes
3139 1200 3477 1272 quandoque
3491 1201 3647 1255 vide-

2045 1287 2247 1355 bimus,
2263 1295 2322 1344 et
2352 1289 2448 1360 qui
2475 1289 2827 1344 abundantes
2847 1288 3169 1360 aspicimur,
3188 1287 3237 1343 si
3257 1288 3451 1360 largiri
3465 1290 3650 1361 negli-

2043 1377 2247 1448 gimus,
2272 1377 2610 1450 quandoque
2637 1379 2834 1450 inopes
2861 1377 3091 1432 erimus.
3126 1377 3235 1443 Qui
3265 1377 3456 1449 itaque
3494 1395 3647 1433 nunc

2043 1467 2351 1538 temporale
2371 1466 2683 1521 subsidium
2701 1466 2937 1539 pauperi
2966 1465 3184 1534 tribuit,
3209 1465 3279 1520 ab
3298 1484 3366 1521 eo
3394 1472 3644 1538 postmo-

2042 1554 2178 1610 dum
2205 1561 2480 1628 perpetua
2515 1561 2866 1628 recepturus,
2904 1561 2971 1610 ut
2997 1555 3080 1613 ita
3112 1555 3314 1623 dicam,
3364 1555 3525 1627 quasi
3571 1557 3646 1611 ad

2042 1644 2263 1715 frugem
2288 1649 2500 1700 terram
2521 1645 2742 1710 excolit,
2769 1661 2893 1716 quae
2913 1645 3066 1717 quod
3091 1643 3388 1716 acceperit,
3414 1643 3646 1701 uberius

364 1743 707 1795 sanctorum.
729 1735 855 1792 Non
869 1735 1032 1804 quasi
1044 1735 1326 1803 imperans
1339 1733 1479 1798 dico,
1499 1733 1592 1786 sed
1601 1747 1704 1802 per
1714 1734 1963 1787 aliorum
1981 1727 2031 1787 Β
2044 1733 2246 1788 reddit.
2260 1734 2458 1790 Restat
2474 1751 2629 1806 ergo,
2645 1740 2711 1788 ut
2728 1749 3020 1805 nunquam
3034 1733 3203 1788 elatio
3219 1737 3415 1804 surgat
3427 1749 3496 1788 ex
3514 1749 3646 1789 mu-

363 1826 815 1890 sollicitudinem,
847 1825 1015 1878 etiam
1033 1827 1220 1877 vestrae
1236 1821 1526 1877 charitatis
1559 1823 1852 1891 ingenium
1870 1820 1962 1874 bo-

365 1933 507 1973 num
533 1913 907 1984 comprobem.
924 1909 1285 1967 Manifestum
1304 1915 1408 1977 est,
1433 1909 1569 1981 quia
1585 1926 1699 1964 non
1719 1909 1964 1980 imperat

363 2005 463 2061 sed
490 2003 819 2059 exhortatur
836 2005 902 2056 ut
919 1999 1169 2073 penuriae
1197 1998 1543 2072 patientibus
1561 1998 1793 2053 mittant
1811 2013 1962 2053 sum-

363 2100 512 2167 ptus,
526 2099 586 2148 et
612 2092 861 2146 relevant
873 2088 1307 2145 sollicitudinem
1322 2088 1569 2144 illorum.
1596 2088 1817 2143 Bonum
1843 2086 1962 2142 ani-

363 2199 521 2239 mum
538 2197 705 2238 suum
723 2181 841 2235 Deo
856 2184 915 2234 et
940 2177 1260 2233 hominibus
1278 2178 1639 2233 ostendentes
1655 2192 1759 2248 pro
1775 2191 1887 2248 qua
1900 2190 1963 2229 re

361 2273 486 2329 sine
504 2269 675 2326 dubio
691 2267 1009 2324 mercedem
1031 2267 1322 2339 accipient.
1349 2265 1514 2322 Scitis
1540 2269 1691 2321 enim
1714 2267 1960 2335 gratiam

361 2361 591 2418 Domini
600 2360 779 2414 nostri
785 2359 913 2413 Jesu
927 2356 1137 2412 Christi
1145 2359 1412 2426 quoniam
1417 2360 1644 2425 propter
1658 2369 1756 2409 nos
1765 2369 1964 2422 egenus

360 2452 542 2521 factus
565 2453 661 2516 est,
684 2462 812 2502 cum
835 2451 967 2501 esset
982 2447 1150 2513 dives,
1174 2449 1240 2499 ut
1258 2447 1418 2499 illius
1438 2445 1629 2513 inopia
1648 2459 1741 2500 vos
1768 2443 1963 2497 divites

358 2542 556 2595 essetis.
579 2538 892 2608 Pauperem
922 2533 1210 2588 Christum
1236 2532 1374 2588 dicit
1393 2532 1624 2598 factum,
1645 2530 1780 2602 quia
1807 2530 1962 2585 Deus

360 2626 515 2683 nasci
549 2625 812 2696 dignatus
849 2627 937 2678 est
972 2621 1160 2689 homo,
1194 2620 1462 2676 virtutem
1505 2618 1802 2692 potestatis
1845 2635 1961 2672 suae

359 2714 682 2780 humilians,
712 2716 778 2767 ut
803 2709 1123 2766 hominibus
1149 2706 1458 2764 divinitatis
1493 2707 1719 2763 divitias
1764 2706 1958 2778 acqui-

360 2809 531 2871 reret,
561 2807 628 2858 ut
641 2799 789 2857 sicut
804 2799 941 2855 dicit
972 2799 1176 2854 Petrus
1210 2797 1498 2870 apostolus
1529 2796 1727 2851 divina:-
1774 2799 1961 2850 essent

359 2896 647 2950 consortes
664 2893 900 2946 naturis.
914 2887 1095 2943 Homo
1115 2903 1248 2957 ergo
1264 2886 1445 2941 factus
1464 2892 1568 2952 est,
1590 2891 1656 2940 ut
1674 2883 1961 2939 hominem

359 2983 421 3039 in
447 2982 632 3046 Deum
659 2981 989 3043 assumeret,
1025 2975 1170 3031 sicut
1203 2975 1477 3047 scriptum
1505 2980 1629 3031 est:
1662 2975 1772 3043 Ego
1789 2975 1912 3029 diri
1941 2990 1958 3027 :

2043 1838 2197 1890 nere,
2231 1822 2457 1895 quando
2485 1822 2744 1878 videlicet
2788 1822 2942 1877 dives
2984 1839 3051 1876 ex
3097 1838 3164 1876 eo
3213 1821 3363 1894 quod
3409 1823 3647 1894 pauperi

2041 1911 2258 1977 tribuit,
2280 1911 2417 1984 agit,
2451 1916 2516 1967 ut
2536 1911 2597 1966 in
2623 1916 2960 1984 perpetuum
2980 1927 3196 1983 pauper
3214 1926 3327 1965 non
3342 1910 3433 1964 sit.
3460 1912 3643 1966 Vestra

2040 2001 2394 2056 abundantia
2413 2003 2647 2056 illorum
2669 2002 2920 2071 inopiam
2948 2003 3217 2070 suppleat,
3250 2004 3314 2055 ut
3332 2004 3382 2054 et
3408 2003 3646 2056 illorum

2041 2090 2395 2144 abundantia
2411 2095 2600 2144 vestrae
2618 2091 2817 2160 inopia:
2833 2093 2907 2144 sit
2925 2092 3386 2159 supplementum.
3401 2087 3645 2159 (Ambr.)

2042 2177 2163 2232 Hoc
2216 2183 2321 2244 est,
2356 2178 2505 2250 quod
2545 2177 2700 2246 dicit,
2735 2182 2800 2233 ut
2846 2177 2981 2249 quia
3008 2178 3172 2248 juxta
3207 2182 3430 2249 tempus
3456 2177 3639 2233 sancti

2043 2266 2292 2338 inopiam
2322 2267 2635 2338 patiuntur,
2653 2267 2977 2322 deserentes
2989 2266 3182 2323 omnia
3193 2265 3408 2331 mundi,
3430 2271 3490 2320 et
3506 2283 3567 2321 se
3582 2266 3644 2321 in

2044 2354 2245 2410 divinis
2273 2354 2406 2410 solis
2426 2354 2689 2427 operibus
2717 2354 3141 2414 constituentes.
3168 2360 3233 2410 ut
3260 2354 3526 2410 doctrinae
3553 2359 3645 2409 at-

2044 2460 2154 2516 que
2175 2444 2417 2500 orationi
2444 2444 2788 2512 insisterent,
2821 2444 2891 2499 ad
2912 2443 3223 2516 profectum
3252 2444 3560 2499 multorum
3580 2444 3643 2498 hi

2044 2533 2141 2605 qui
2169 2533 2425 2600 credunt,
2467 2533 2675 2606 quique
2694 2531 2910 2589 artibus
2936 2537 3038 2589 aut
3075 2532 3315 2604 negotiis
3351 2532 3641 2599 insistunt,

2042 2627 2144 2676 aut
2157 2628 2310 2677 certe
2325 2622 2622 2677 facultates
2642 2628 2906 2694 paternas
2921 2621 3150 2688 habent,
3173 2621 3494 2677 ministrent
3509 2639 3645 2677 san-

2040 2715 2260 2766 ctorum
2278 2710 2507 2783 inopiis:
2533 2716 2600 2765 ut
2615 2711 2823 2766 iterum
2840 2711 3020 2766 sancti
3037 2711 3149 2766 illis
3166 2710 3262 2767 ubi
3273 2711 3472 2768 divites
3484 2717 3640 2777 sunt,

2042 2800 2201 2855 etisti
2213 2800 2409 2872 inopes
2420 2800 2835 2856 communicent
2847 2800 2947 2867 eis,
2962 2799 3121 2872 quasi
3136 2799 3253 2855 vice
3271 2800 3647 2873 rependentes

2042 2889 2354 2944 ministerio
2376 2889 2623 2957 illorum,
2641 2889 2789 2944 sicut
2809 2888 2947 2945 dicit
2964 2889 3238 2945 Dominus
3261 2908 3274 2943 :
3292 2891 3552 2958 Quandiu
3562 2891 3642 2958 fe—

2041 2980 2193 3035 cistis
2216 2981 2326 3034 uni
2345 2995 2410 3033 ea:
2426 2981 2680 3033 minimis
2698 2981 2836 3043 istis,
2857 2979 3002 3033 mihi
3025 2980 3230 3046 fecistis
3243 2979 3456 3047 (Matth.
3478 2982 3638 3047 xxv).

358 3073 458 3128 Dei
501 3044 628 3126 estis
657 3070 820 3138 (Psat.
858 3065 1069 3135 LXXXI).
1090 3064 1210 3120 Hoc
1232 3044 1401 3120 modo
1417 3063 1745 3133 exhortatur
1769 3067 1836 3117 ut
1851 3044 2018 3116 lar-CI
2113 3067 2177 3122 Ut
2203 3068 2301 3136 ﬁat
2319 3070 2605 3137 aquatitas
2623 3069 2766 3122 sicut
2791 3044 3064 3136 scriptum
3076 3072 3170 3121 est.
3197 3044 3329 3122 Haec
3343 3071 3429 3121 est
3454 3044 3644 3138 mqua-

356 3158 562 3231 giendo
592 3155 756 3229 quasi
774 3171 1049 3228 pauperes
1078 3154 1236 3220 ﬁant,
1268 3158 1335 3208 ut
1354 3152 1533 3225 prosit
1546 3156 1848 3225 paupertas
1863 3167 1954 3205 eo-

254 3242 268 3258 ⁶
359 3265 506 3315 rum,
537 3247 684 3302 sicut
707 3243 916 3300 Christi
942 3248 1245 3316 paupertas
1273 3241 1484 3314 profuit
1510 3240 1690 3308 nobis,
1714 3245 1772 3295 et
1790 3239 1953 3295 Chri-

358 3343 480 3392 stus
508 3334 735 3408 quidem
753 3331 934 3388 nostri
962 3348 1077 3387 non
1107 3331 1195 3386 sui
1214 3346 1387 3386 causa
1404 3346 1620 3402 pauper
1636 3329 1818 3384 factus
1847 3333 1949 3395 est,

358 3440 462 3481 nos
489 3427 682 3480 autem
705 3424 773 3476 ut
798 3419 959 3476 nobis
975 3420 1251 3492 proﬁciat.

427 3514 499 3570 Et
524 3513 821 3568 consilium
849 3512 914 3565 in
940 3510 1040 3565 hoc
1063 3511 1150 3575 do,
1187 3510 1286 3564 hoc
1319 3509 1468 3564 vobis
1509 3510 1662 3563 enim
1691 3510 1827 3563 utile
1855 3511 1950 3573 est,

358 3605 459 3674 qui
485 3617 599 3657 non
622 3603 804 3656 solum
831 3600 1010 3668 facere
1046 3599 1138 3653 sed
1167 3603 1217 3652 et
1258 3601 1394 3653 velle
1431 3598 1664 3666 cmpistis
1703 3596 1772 3651 ab
1799 3610 1952 3650 anno

352 3693 560 3763 priore.
591 3689 754 3745 Nune
781 3702 908 3743 vero
935 3692 986 3743 et
1013 3689 1158 3756 facto
1178 3689 1444 3757 perﬁcite.
1492 3686 1556 3741 Ut
1596 3685 1950 3755 quemadmo-

356 3782 494 3836 dum
510 3781 802 3850 promptus
828 3781 905 3831 est
930 3779 1159 3831 animus
1189 3777 1511 3834 voluntatis.
1545 3777 1626 3829 ita
1645 3777 1718 3829 sit
1746 3779 1794 3828 et
1818 3788 1948 3842 per-

357 3869 580 3938 ﬁciendi
615 3883 681 3922 ea:
712 3881 770 3920 eo
806 3865 951 3936 quod
983 3865 1212 3920 habetis.
1254 3864 1374 3919 Hoc
1401 3862 1554 3929 dicit,
1590 3867 1654 3918 ut
1693 3862 1952 3918 voluntas

2032 3155 2181 3223 litas,
2195 3160 2261 3210 ut
2280 3155 2416 3227 quia
2439 3156 2532 3210 isti
2561 3156 2620 3210 in
2649 3156 2757 3211 hoc
2774 3161 3028 3228 tempore
3056 3155 3383 3210 ministrant
3403 3155 3634 3219 sanctis,

2035 3244 2345 3300 reddantur
2364 3244 2474 3299 illis
2493 3244 2640 3300 vices
2668 3245 2727 3300 in
2746 3245 2936 3300 futuro
2969 3261 2981 3298 :
3027 3243 3308 3300 debitores
3345 3244 3495 3299 enim
3526 3243 3636 3299 sibi

2036 3332 2250 3388 faciunt
2276 3338 2516 3397 sanctos,
2552 3334 2658 3401 Qui
2684 3337 2929 3390 multum
2943 3334 3120 3399 habet,
3142 3349 3255 3389 non
3282 3335 3593 3388 abundabit
3617 3352 3636 3388 :

2034 3428 2084 3478 et
2109 3425 2211 3492 qui
2238 3424 2535 3488 modicum,
2572 3439 2686 3477 non
2716 3423 3024 3478 minorabit
3045 3423 3236 3490 (Exod.
3269 3429 3403 3482 xvn.
3427 3423 3549 3477 Hoc
3576 3421 3637 3477 in

2036 3510 2225 3566 Exodo
2243 3511 2469 3582 legitur,
2486 3511 2612 3584 plus
2643 3510 2796 3566 enim
2821 3510 3034 3566 habent
3059 3510 3237 3567 sancti
3252 3511 3425 3584 inspe
3453 3510 3633 3565 futuri

2033 3598 2241 3666 sazculi,
2255 3604 2314 3654 et
2330 3599 2512 3672 magis
2527 3615 2698 3671 quam
2712 3598 2773 3655 hi
2786 3599 2885 3671 qui
2897 3599 2957 3654 in
2975 3600 3080 3656 hoc
3099 3604 3354 3673 tempore
3371 3599 3638 3654 videntur

2031 3687 2248 3755 divites,
2272 3694 2331 3742 et
2358 3693 2550 3743 tamen
2569 3687 2946 3760 aequabuntur
2972 3688 3086 3744 illic
3114 3688 3358 3761 utrique,
3387 3694 3453 3743 ut
3480 3688 3640 3744 sicut

2029 3776 2300 3831 beneﬁcio
2314 3777 2517 3832 horum
2533 3782 2856 3832 sanctorum
2876 3777 3067 3850 inopia
3083 3781 3450 3844 sustentatur,
3474 3775 3558 3832 ita
3577 3783 3639 3831 et

2031 3863 2299 3920 beneﬁcio
2327 3871 2652 3921 sanctorum
2697 3866 2904 3922 divites
2948 3867 3092 3921 ﬁant
3118 3866 3177 3920 hi
3215 3866 3277 3921 in
3311 3866 3502 3921 futuro
3528 3883 3635 3921 sa:-

354 3955 833 4027 illoruminopere
844 3952 1186 4024 appareat,si
1194 3969 1328 4008 vera
1336 3957 1440 4020 est,
1455 3951 1762 4008 secundum
1781 3950 1946 4016 vires,
2031 3955 2157 4010 culo
2172 3954 2233 4009 in
2251 3971 2360 4025 quo
2378 3954 2638 4010 videntur
2659 3971 2962 4027 pauperes:
2983 3971 3097 4011 non
3113 3954 3268 4010 enim
3282 3959 3432 4010 totos
3449 3971 3512 4010 se
3527 3955 3632 4010 de-

355 4051 424 4102 ut
446 4049 673 4100 tantum
699 4042 815 4107 det,
849 4045 1125 4112 quantum
1150 4046 1338 4112 potest
1372 4047 1430 4096 et
1455 4041 1576 4095 vult
1613 4039 1853 4105 animus,
1885 4045 1952 4093 ut
2030 4043 2236 4098 derunt
2265 4045 2400 4103 Deo.
2425 4048 2490 4099 ut
2514 4043 2606 4099 hic
2636 4060 2932 4116 pauperes,
2954 4043 3071 4099 illic
3099 4048 3290 4099 essent
3301 4043 3635 4110 divites,sed

357 4132 572 4189 munda
597 4131 699 4185 ﬁat
722 4129 1085 4197 conscientia,
1102 4145 1216 4184 non
1236 4128 1295 4184 in
1313 4129 1670 4184 simulatione
1690 4133 1756 4183 ut
1772 4126 1950 4183 homi-
2030 4148 2098 4186 ex
2129 4133 2241 4187 hac
2279 4137 2440 4205 parte
2491 4133 2627 4204 quia
2655 4131 2747 4187 hic
2777 4133 2978 4188 divites
3003 4137 3155 4200 sunt,
3190 4132 3305 4187 illic
3331 4148 3629 4205 pauperes,

355 4220 521 4279 nibus
546 4219 784 4292 placeat,
814 4221 874 4272 et
900 4217 1215 4272 mercedem
1231 4217 1381 4289 apud
1401 4217 1704 4294 Dominum
1720 4233 1837 4293 non
1850 4217 1948 4271 ha-
2027 4227 2350 4277 sanctorum
2372 4221 2658 4293 suffragio,
2691 4221 2788 4294 qui
2820 4221 2911 4276 hic
2947 4219 3115 4293 positi
3139 4222 3263 4293 jam
3289 4220 3405 4276 illic
3441 4227 3632 4277 mente

354 4309 504 4365 beat.
525 4308 591 4366 Si
603 4310 756 4364 enim
767 4309 1022 4362 voluntas
1035 4311 1292 4376 prompta
1303 4311 1398 4373 est,
1411 4292 1716 4362 secundum
1735 4307 1797 4361 id
1804 4292 1949 4376 quod
1961 4363 2010 4382 ᾗ
2028 4315 2179 4376 sunt,
2210 4309 2542 4365 ditabuntur
2560 4292 2584 4364 γε
2618 4292 2732 4365 non
2759 4310 2912 4365 enim
2945 4292 3333 4382 qualecunque
3363 4309 3630 4365 meritum

355 4363 510 4455 uel
526 4363 775 4467 Ῑαοοερια
820 4400 916 4462 est,
965 4363 1083 4450 non
1107 4363 1409 4451 secundum
1450 4397 1596 4465 quod
1629 4411 1741 4450 non
1767 4363 1942 4450 habet.
1961 4363 2012 4423 Ῑ)
2030 4363 3323 4470 εειείοδιιειίζίᾷδδιείδιιε”ηέιὲιὶίέιιοέέεέὦὲῖίὲζ
3353 4363 3462 4464 Qui
3480 4363 3630 4455 sui;

253 4484 261 4492 ’
354 4485 633 4554 Quoniam
646 4483 923 4542 Corinthii
937 4483 1010 4538 ad
1036 4483 1143 4539 hoc
1161 4499 1303 4556 opus
1320 4482 1620 4539 ministerii
1641 4500 1948 4556 provocan-
2028 4492 2172 4555 tum,
2195 4487 2398 4559 inquit,
2428 4487 2645 4556 habuit,
2676 4503 2790 4543 non
2817 4487 3144 4555 abundabit,
3174 4488 3307 4560 quia
3326 4487 3476 4560 quod
3503 4487 3631 4559 plus

353 4582 451 4633 tur
477 4576 586 4632 hoc
619 4575 702 4630 eis
740 4571 1026 4640 indicitur,
1058 4577 1123 4628 ut
1157 4588 1272 4627 non
1317 4573 1444 4644 plus
1489 4572 1743 4629 tribuant
1779 4589 1951 4645 quam

355 4665 590 4738 possint,
613 4680 684 4718 ne
703 4662 832 4735 plus
848 4661 994 4717 forte
1009 4661 1310 4718 offerentes
1337 4662 1536 4730 coacti,
1560 4679 1674 4718 non
1691 4662 1950 4718 volunta-

2030 4575 2274 4632 habebat
2290 4576 2446 4631 dedit
2457 4576 2750 4648 indigenti.
2766 4577 2836 4632 Et
2862 4577 2959 4650 qui
2979 4577 3280 4644 modicum,
3299 4592 3412 4631 non
3442 4575 3629 4631 mino-

2032 4664 2181 4720 rabit
2206 4664 2305 4719 ille
2329 4665 2428 4736 qui
2448 4665 2667 4738 accepit
2699 4664 2770 4721 ab
2799 4665 2897 4720 illo
2935 4665 3032 4738 qui
3062 4665 3386 4731 abundavit,
3418 4670 3483 4720 ut
3510 4665 3632 4729 ﬁat,

355 4753 445 4820 rii,
473 4751 691 4824 gravati
709 4750 1033 4806 viderentur
1050 4750 1172 4806 sine
1192 4751 1449 4807 mercede
1475 4751 1670 4819 ﬁtturi,
1695 4751 1830 4824 quia
1854 4751 1952 4823 qui
2032 4753 2235 4825 inquit,
2265 4753 2576 4825 aequalitas.
2611 4755 2813 4824 (Greg.)
2835 4755 3078 4813 Multum
3105 4771 3237 4809 vero
3265 4754 3338 4809 ad
3359 4753 3632 4809 edoman-

356 4847 584 4898 coactus
610 4838 823 4911 aliquid
849 4838 985 4894 fecit
1008 4840 1326 4896 mercedem
1346 4857 1460 4896 non
1486 4840 1674 4896 habet.
1692 4840 1950 4896 Ecclesiae
2031 4843 2163 4898 dam
2190 4842 2377 4897 dantis
2396 4841 2718 4915 superbiam
2738 4843 2904 4912 valet,
2935 4843 2984 4898 si
3010 4859 3140 4897 cum
3160 4848 3391 4899 terrena
3408 4840 3630 4901 tribuit.

356 4931 510 4986 enim
537 4926 876 5001 Macedoniae
904 4927 1054 4984 ultro
1074 4927 1400 4985 obtulerunt
1425 4946 1554 4985 cum
1583 4928 1861 5002 precibus.
1876 4929 1952 4985 Ut
2029 4930 2202 4985 verba
2225 4930 2464 4986 sollicite
2480 4931 2740 5004 magistri
2757 4931 2998 4987 caelestis
3025 4937 3242 5003 penset,
3266 4930 3364 5003 qui
3392 4929 3506 4986 ait:
3533 4931 3636 4986 Fa-

356 5018 662 5093 probarent
680 5021 798 5073 tota
828 5017 1192 5073 sevoluntate
1210 5018 1317 5073 hoc
1333 5017 1537 5086 facere,
1552 5023 1619 5074 ut
1643 5018 1770 5090 plus
1789 5017 1950 5072 otl‘er-
2030 5023 2132 5075 cite
2159 5021 2308 5074 vobis
2337 5022 2540 5075 amicos
2567 5022 2633 5076 de
2660 5035 2985 5076 mammona
3022 5022 3366 5090 iniquitatis,
3399 5024 3464 5073 ut
3502 5034 3635 5073 cum

358 5114 487 5166 rent
497 5124 668 5182 quam
686 5110 966 5179 poterant,
979 5106 1218 5178 ideoque
1232 5106 1575 5179 acceptabile
1594 5106 1948 5172 fuit.Quamo
2031 5110 2353 5177 defeceritis,
2376 5111 2649 5178 recipiant
2667 5125 2758 5165 vos
2774 5111 2838 5164 in
2859 5114 3067 5164 aterna
3098 5110 3464 5165 tabernacula
3479 5107 3630 5176 (Luc.

357 5199 513 5254 enim
537 5195 779 5269 amplius
794 5194 1138 5259 obtulerunt,
1151 5199 1311 5250 tanto
1331 5195 1459 5266 plus
1476 5195 1760 5266 accepturi
1775 5201 1944 5250 sunt:
2031 5201 2168 5267 xvx).
2193 5197 2253 5252 Si
2281 5197 2432 5254 enim
2480 5214 2678 5253 eorum
2717 5196 2979 5253 amicitiis
3017 5202 3231 5254 aeterna
3269 5196 3638 5252 tabernacula

283 5328 287 5333 .
358 5305 490 5344 nam
518 5286 567 5343 si
594 5291 817 5341 tantum
848 5283 974 5356 quis
1003 5283 1102 5338 det
1130 5288 1407 5354 quantum
1440 5284 1575 5347 vult,
1607 5289 1709 5339 aut
1741 5289 1945 5356 potest,
2031 5285 2392 5357 acquirimus,
2425 5286 2625 5342 dantes
2643 5287 2840 5358 procul
2867 5284 3039 5341 dubio
3072 5302 3311 5358 pansam
3336 5284 3626 5347 debemus,

358 5381 650 5448 acceptum
678 5378 765 5430 est
795 5390 806 5426 :
835 5371 1048 5442 judicio
1067 5370 1218 5426 enim
1250 5370 1470 5426 videtur
1505 5372 1610 5427 hoc
1653 5372 1853 5440 facere,
1886 5390 1952 5428 ac
2036 5374 2170 5445 quia
2186 5374 2440 5446 patronis
2456 5375 2643 5446 potius
2665 5390 2904 5430 munera
2921 5373 3225 5442 oderimus,
3243 5390 3413 5447 quam
3431 5373 3627 5444 egenis

362 5482 465 5541 per
482 5467 588 5520 hoc
615 5456 838 5518 tantum
865 5461 979 5526 det,
1000 5466 1273 5532 quantum
1294 5465 1479 5531 potest
1498 5466 1556 5516 et
1570 5461 1689 5517 vult
1706 5461 1944 5526 animus,
2032 5463 2182 5518 dona
2209 5463 2498 5535 largimur.
2542 5463 2709 5543 Huic.
2725 5480 2827 5536 per
2861 5464 3099 5519 Paulum
3145 5463 3350 5518 dicitur
3383 5479 3396 5516 :
3444 5462 3626 5516 Vestra

360 5561 428 5613 ut
460 5554 546 5611 rei
590 5551 760 5622 hujus
802 5549 984 5622 possit
1023 5547 1229 5604 habere
1266 5549 1601 5604 mercedem.
1643 5551 1766 5605 Non
1796 5553 1947 5606 enim
2029 5552 2380 5607 abundantia
2406 5555 2635 5607 illorum
2662 5554 2909 5623 inopiam
2928 5556 3194 5625 suppleat,
3226 5557 3289 5607 ut
3315 5556 3364 5607 et
3392 5553 3625 5606 illorum
