4034 6162
357 287 441 342 ἳ13
750 281 1326 338 ENARRATIONUN
1362 283 1438 338 IN
1479 283 1630 338 EPP.
1667 284 1884 339 PAULI
1925 285 2060 339 LIB.
2103 285 2252 340 XIII.
2291 313 2355 326 --
2389 287 2462 340 ΙΝ
2504 286 2726 342 EPIST.
2770 289 2822 343 Il
2861 290 2956 345 AD
2996 292 3159 346 COR.
3484 293 3586 350 214

355 411 662 472 dictionibus,
681 411 746 463 dc
767 409 1228 463 benedictionibus
1241 413 1292 461 et
1310 413 1483 462 metet.
1499 408 1709 476 (Greg.)
1730 408 1906 462 Hicin
1925 411 1974 468 Α
1992 425 2209 478 perum,
2225 416 2289 463 ut
2310 411 2367 464 in
2387 411 2539 464 omni
2560 427 2730 482 opere
2744 411 2890 466 bono
2910 413 3216 470 abundent.
3231 418 3294 471 Si
3315 419 3468 472 enim
3487 419 3589 473 hu-

355 498 698 553 benedictione
725 497 989 558 seminat,
1022 497 1118 566 qui
1155 495 1305 552 bona
1331 497 1642 563 voluntate,
1677 497 1783 550 sub
1811 515 1910 568 spe
1988 498 2082 567 jus
2095 498 2190 568 qui
2203 499 2540 568 pauperibus
2553 501 3588 572 largiturjustitiamanetinmternum,

350 589 521 642 tum
551 584 940 640 retributionis
979 585 1080 637 hoc
1119 583 1255 653 agit.
1289 584 1448 637 Unde
1488 591 1545 638 et
1581 585 1912 655 praedicator
1993 592 2204 654 quanto
2241 586 2422 656 magis
2450 588 2573 655 ejus
2600 588 2697 658 qui
2727 589 3013 643 ministrat
3037 591 3285 646 sanctis?
3315 609 3590 664 pauperes

349 675 589 747 egregius,
620 677 686 729 ut
729 674 802 729 ad
839 672 1122 743 largitatis
1164 673 1411 742 gratiam
1445 673 1662 728 viscera
1704 678 1910 727 nostris
1991 674 2144 729 enim
2179 679 2414 744 possunt
2447 675 2574 736 dici,
2607 675 2704 746 qui
2746 676 2964 746 publice
3004 680 3168 748 egeni
3195 687 3366 750 sunt;
3410 683 3593 739 salicti

347 762 716 835 compessiOuis
741 761 1091 827 accenderet,
1115 760 1258 815 dixit
1285 779 1296 813 :
1332 763 1560 830 Propter
1589 777 1687 816 nos
1713 778 1910 829 egenus
1993 762 2144 817 enim
2179 763 2587 826 discernuntur.
2609 763 2682 818 ab
2712 764 2818 830 his,
2851 767 2985 836 quia
3025 767 3082 821 hi
3123 769 3270 824 servi
3301 771 3404 824 Dei
3433 775 3588 837 sunt,

347 857 496 920 factm
517 858 592 906 est
618 867 746 905 cum
773 851 920 905 dices
949 857 1098 915 esset,
1131 850 1228 920 qui
1255 849 1303 902 si
1321 849 1494 904 etiam
1519 849 1675 914 dicit,
1709 866 1823 905 non
1849 855 1910 903 ut
1995 851 2316 906 insistentes
2329 851 2676 908 orationibus
2689 858 2750 907 et
2757 855 3008 924 jejuniis,
3023 872 3224 926 puram
3239 858 3411 915 vitam
3423 873 3594 930 agen-

346 945 458 996 eliis
489 942 557 994 sit
577 943 846 1002 "missio,
869 940 1023 993 nobis
1041 941 1228 992 autem
1252 939 1560 1003 tribulatio,
1584 939 1702 994 haec
1719 939 1912 1009 procul
1997 944 2102 994 tes.
2140 941 2296 995 Sicut
2334 945 2392 994 et
2417 943 2584 996 Anna
2612 943 2966 1012 prophetissa
2991 961 3117 1014 que:
3153 962 3268 1006 non
3293 949 3594 1003 discedebat

343 1029 486 1084 dubio
500 1028 992 1084 conducendendo
1009 1027 1248 1081 inﬁrmis
1270 1027 1480 1088 intulit,
1509 1027 1775 1098 quoniam
1795 1027 1916 1097 qui-
1997 1029 2062 1082 de
2077 1032 2292 1097 tempto,
2304 1032 2542 1098 ieiuniis
2562 1035 2610 1084 et
2628 1033 2975 1086 orationibus
2995 1037 3236 1090 serviens
3250 1037 3342 1090 die
3353 1049 3424 1090 ac
3439 1044 3594 1091 nocte

345 1118 544 1173 busdam
582 1118 834 1188 inopiam
875 1115 1022 1170 ferre
1057 1131 1171 1170 non
1220 1115 1533 1170 valentibus
1566 1115 1913 1170 tolerabilius
2001 1119 2148 1184 (Luc.
2173 1120 2250 1184 η),
2284 1131 2507 1173 omnem
2539 1119 2733 1173 mundi
2763 1135 2956 1175 curam
2987 1128 3346 1194 postponens.
3371 1125 3589 1179 mseri-

343 1214 414 1260 est
432 1207 610 1260 minus
636 1205 908 1270 tribuere,
939 1220 1109 1274 quam
1147 1210 1277 1275 post
1303 1203 1623 1274 largitatem
1654 1221 1816 1258 suam
1845 1221 1910 1257 ex
1994 1205 2186 1260 cordia
2229 1222 2363 1276 ergo
2399 1207 2515 1261 haec
2545 1208 2828 1278 appellata
2867 1215 2952 1264 est
2973 1211 3213 1279 justitia,
3247 1213 3382 1283 quia
3412 1213 3592 1269 sciens

343 1296 515 1365 inopia
530 1293 797 1364 angustia
824 1305 1198 1347 murmurare.
1223 1293 1370 1347 Nam
1388 1299 1453 1346 ut
1471 1293 1542 1348 ad
1572 1289 1778 1363 magna
1805 1292 1913 1346 lar-
1995 1295 2091 1365 qui
2107 1295 2348 1365 largitur
2363 1296 2554 1350 omnia
2569 1297 2748 1352 Deum
2765 1299 3141 1356 communiter
3157 1300 3418 1356 omnibus
3431 1303 3588 1369 dare,

340 1383 502 1454 gandi
529 1381 1098 1440 studiaaudientium
1126 1387 1345 1436 mentes
1376 1382 1720 1445 accenderet,
1745 1379 1912 1452 paulo
1995 1384 2129 1454 quia
2153 1385 2236 1438 sol
2266 1385 2390 1453 ejus
2419 1384 2677 1440 omnibus
2715 1385 2923 1452 oritur,
2951 1393 3011 1441 et
3047 1389 3191 1458 pluit
3227 1389 3504 1455 erunibus,
3534 1399 3594 1446 et

342 1479 448 1544 post
469 1471 659 1526 intulit
683 1471 878 1524 dicens
909 1491 919 1524 :
953 1469 1069 1524 Hoc
1107 1475 1295 1524 autem
1328 1472 1466 1534 dico,
1513 1473 1613 1538 qui
1635 1486 1799 1539 parce
1836 1485 1913 1523 sc-
1993 1477 2207 1526 terram
2234 1472 2494 1528 omnibus
2520 1474 2692 1539 dedit,
2725 1473 2932 1529 idcirco
2969 1475 3168 1531 dividit
3195 1494 3324 1532 cum
3355 1478 3462 1545 his,
3495 1480 3592 1550 qui

340 1565 512 1626 sanat,
527 1575 694 1630 parce
711 1565 762 1614 et
782 1564 941 1613 metet
966 1577 982 1612 :
1009 1558 1135 1629 plus
1153 1563 1344 1612 autem
1366 1573 1772 1628 nonnunquam
1791 1573 1912 1612 esse
1993 1561 2213 1642 copiam
2239 1567 2405 1616 tenue
2434 1578 2548 1618 non
2576 1563 2804 1628 habent,
2839 1580 2912 1619 ne
2946 1563 3234 1621 beneﬁciis
3260 1567 3362 1621 Dei
3390 1568 3593 1638 privati

340 1649 567 1714 dicimus,
607 1647 852 1720 compati
881 1663 948 1701 ex
975 1647 1160 1710 corde,
1192 1663 1364 1718 quam
1399 1647 1561 1714 dare;
1604 1647 1738 1717 quia
1765 1645 1914 1717 quis-
1993 1651 2306 1704 videantur.
2327 1651 2522 1705 Justus
2542 1667 2676 1722 ergo
2699 1658 2802 1715 est,
2827 1652 2924 1724 qui
2951 1653 3058 1708 sibi
3078 1654 3182 1709 soli
3209 1671 3322 1710 non
3353 1656 3586 1722 detinet,

229 1787 236 1794 .
341 1739 447 1809 quis
479 1737 722 1808 perfecte
758 1736 1032 1806 indigenti
1067 1736 1425 1806 compatitur,
1457 1736 1644 1790 minus
1670 1735 1914 1790 aestimat
1929 1723 1978 1784 Β
1995 1739 2144 1809 quod
2166 1739 2273 1794 scit
2290 1739 2549 1794 omnibus
2567 1741 2782 1806 datum,
2803 1746 2864 1796 et
2876 1743 3065 1812 justus
3083 1759 3197 1798 non
3213 1745 3399 1799 solum
3418 1760 3586 1810 nunc,

339 1843 482 1882 omne
496 1827 646 1897 quod
661 1826 778 1892 dat,
797 1825 908 1879 nisi
927 1825 1081 1879 enim
1097 1825 1286 1878 dantis
1309 1840 1541 1879 manum
1559 1824 1708 1878 bona
1725 1825 1917 1878 volun-
1995 1827 2094 1882 sed
2114 1833 2174 1882 et
2191 1828 2249 1882 in
2267 1834 2558 1894 aeternum,
2585 1829 2721 1900 quia
2739 1830 2798 1884 in
2815 1830 3007 1886 futuro
3027 1833 3232 1888 saeculo
3252 1833 3396 1888 hanc
3423 1833 3593 1888 habe-

336 1923 412 1970 tis
427 1915 687 1980 vinceret,
705 1915 858 1968 idem
874 1913 1205 1984 praedicator
1217 1913 1479 1983 egregius
1496 1912 1784 1983 discipulis
1801 1929 1914 1968 non
1996 1916 2079 1970 bit
2104 1931 2298 1972 secum
2325 1917 2383 1972 in
2413 1923 2767 1990 perpetuum.

335 2004 562 2069 dixisset,
585 2007 688 2072 qui
705 2017 818 2056 non
845 2006 1023 2056 solum
1045 2004 1242 2070 facere,
1262 2003 1354 2056 sed
1372 2007 1421 2056 et
1441 2005 1574 2059 velte
1593 2004 1820 2070 coepistis
1845 2003 1915 2056 ab
2067 2007 2177 2073 Qui
2194 2011 2382 2060 autem
2396 2009 2764 2062 administrat
2777 2024 2960 2062 semen
2977 2013 3302 2076 scminanti,
3325 2017 3374 2065 et
3389 2027 3590 2080 panem

331 2108 465 2147 anno
485 2097 698 2162 priore.
739 2091 923 2146 Facile
958 2091 1167 2162 quippe
1204 2095 1291 2144 est
1316 2090 1376 2144 in
1405 2089 1552 2145 bono
1580 2106 1750 2160 Opere
1777 2089 1910 2144 obe-
1996 2095 2070 2147 ad
2100 2096 2556 2148 manducandum
2581 2097 2882 2162 prostabit,
2918 2102 2968 2150 et
2993 2099 3387 2167 multipticubit
3411 2115 3593 2154 somn

328 2181 435 2236 dire
447 2182 619 2236 etiam
635 2181 942 2246 nolentem,
955 2179 1182 2234 sedhmc
1200 2193 1406 2248 magna
1419 2179 1479 2233 in
1499 2178 1785 2249 discipulis
1806 2177 1912 2232 vir—
1993 2189 2310 2248 vestrum,et
2321 2185 2538 2251 augebit
2550 2187 2890 2240 incrementa
2901 2185 3132 2252 frugum
3137 2189 3374 2253 justitiae
3386 2194 3588 2250 vestrae,

325 2278 406 2325 tus
430 2271 742 2334 exstiterat,
765 2286 862 2323 eos
881 2269 1108 2334 bonum,
1134 2268 1284 2338 quod
1311 2269 1424 2322 illis
1441 2273 1782 2338 pmceptum
1803 2273 1906 2331 est,
1994 2273 2138 2324 utin
2155 2273 2410 2326 omnibus
2432 2275 2746 2340 locupletati
2764 2274 3051 2326 abundetis
3069 2277 3129 2328 in
3146 2291 3362 2330 omnem
3379 2279 3592 2346 simpli-

325 2367 373 2412 ει
397 2367 521 2414 ante
546 2359 816 2414 voluisse.
845 2358 1226 2426 Unusquisque
1249 2362 1416 2424 prout
1437 2359 1735 2414 destinauit
1753 2357 1912 2410 corde
1993 2361 2234 2413 citatcm.
2250 2359 2456 2414 Omnia
2473 2359 2574 2414 Dei
2589 2366 2742 2422 sunt,
2761 2367 2820 2414 et
2839 2361 3076 2426 semina,
3102 2368 3160 2416 et
3179 2363 3467 2416 nascentia
3490 2364 3590 2418 Dei

319 2463 423 2514 suo,
437 2463 546 2503 non
567 2465 640 2501 ea
656 2449 914 2510 tristitia,
935 2451 1037 2500 aut
1053 2462 1118 2498 es:
1138 2447 1447 2499 necessitate
1467 2447 1739 2498 :hitarem
1759 2447 1907 2498 enim
1993 2452 2134 2502 nutu
2158 2453 2438 2514 crescunt,
2464 2453 2522 2502 et
2549 2447 2995 2519 multiplicantur
3022 2449 3092 2504 ad
3113 2466 3248 2504 usus
3275 2451 3584 2507 hominum.

320 2539 548 2591 datorem
559 2539 758 2604 diligit
774 2537 932 2590 Deus.
949 2532 1158 2602 (Amb.)
1171 2534 1349 2588 Docet
1362 2533 1487 2588 illos
1500 2538 1635 2587 tunc
1645 2533 1908 2602 prodesse
1991 2535 2142 2590 Deus
2157 2552 2290 2606 ergo
2310 2537 2407 2607 qui
2430 2537 2548 2591 haec
2563 2537 2682 2602 dat,
2699 2537 2818 2609 ipse
2837 2542 2898 2590 et
2909 2537 3072 2607 jubet
3086 2538 3159 2592 de
3177 2538 3266 2594 his
3283 2541 3590 2595 communi-

319 2625 410 2680 boc
435 2626 490 2680 in
512 2625 794 2688 ﬁsturum,
817 2624 866 2677 si
895 2624 1021 2677 laeto
1047 2622 1235 2676 animo
1253 2623 1389 2676 ﬁat:
1417 2637 1484 2675 ex
1516 2622 1604 2675 his
1634 2622 1782 2675 enim
1812 2621 1906 2691 qui
1991 2625 2106 2678 cari
2127 2625 2208 2679 eis
2229 2625 2324 2695 qui
2353 2625 2625 2695 indigent,
2646 2642 2712 2680 ac
2742 2643 2845 2696 per
2873 2627 2978 2680 hoc
3007 2643 3122 2681 non
3141 2626 3349 2697 poterit
3373 2628 3472 2699 qui
3489 2629 3590 2683 tri-

317 2713 570 2779 inl’erunt,
607 2713 759 2767 hunc
777 2712 949 2782 elegit
977 2711 1126 2766 Deus
1151 2711 1242 2764 cui
1273 2710 1570 2777 retribuat,
1593 2711 1688 2780 qui
1707 2711 1907 2764 devoto
1989 2713 2112 2768 buit
2114 2716 2276 2784 juxta
2295 2714 2396 2768 Dei
2405 2714 2770 2781 voluntatem,
2785 2715 2886 2770 Dei
2899 2722 3044 2770 nutu
3063 2731 3178 2770 non
3191 2717 3387 2786 augeri
3406 2717 3588 2772 incre-

312 2804 460 2857 eorde
477 2809 772 2874 operatur,
796 2801 956 2872 quasi
977 2799 1367 2854 thesaurisans
1386 2799 1494 2852 sibi
1512 2799 1662 2869 apud
1683 2799 1864 2853 Deum
1889 2817 1898 2850 :
1984 2802 2190 2856 mentis
2200 2802 3585 2874 hujusmodiadampliﬁcandumfrnctumjusﬁtie,

309 2892 429 2962 quis
454 2892 551 2963 qui
585 2891 799 2945 invitus
827 2889 978 2954 facit,
1001 2895 1231 2959 propter
1259 2893 1595 2959 praesentem
1634 2887 1904 2957 pudorem
1985 2891 2144 2946 danti
2169 2892 2321 2946 enim
2349 2891 2524 2956 addit,
2547 2897 2613 2947 ut
2639 2909 2706 2946 eo
2725 2893 2965 2964 amplius
2995 2892 3218 2960 habeat,
3239 2894 3392 2950 unde
3413 2895 3584 2965 largi-

311 2994 372 3033 ne
401 2981 525 3034 aliis
565 2977 944 3033 inferentibus
983 2977 1166 3048 turpis
1208 2976 1544 3042 inveniatur,
1585 2977 1902 3029 mercedem
1926 2987 2162 3053 “retur.
2199 2981 2327 3035 Hec
2353 2986 2443 3034 est
2464 2980 2704 3050 justitia,
2737 2987 2804 3036 ut
2829 2981 2964 3053 quia
2981 2982 3132 3037 Deus
3157 2983 3277 3048 dat,
3309 2982 3589 3038 retrilmat

310 3084 411 3122 non
439 3069 636 3123 habet.
667 3071 860 3121 Potens
895 3073 977 3136 est
1010 3035 1195 3119 autem
1235 3066 1375 3118 Deus
1397 3035 1614 3118 omnem
1655 3067 1899 3130 gratiam
1923 3035 2053 3124 Cex
2081 3086 2148 3124 eo
2173 3075 2233 3123 et
2254 3069 2422 3124 homo
2447 3035 2520 3133 ἐξ,
2658 3035 2968 3136 ξιιο,
3301 3035 3352 3125 ω’
3346 3035 3561 3128 1h};
3571 3035 3584 3038 ⁷

305 3159 581 3211 abundare
613 3157 790 3224 facere
815 3158 882 3209 in
908 3155 1074 3208 vobis.
1109 3154 1210 3208 Dei
1247 3153 1561 3224 potentiam
1589 3153 1660 3207 ad
1689 3168 1811 3209 esse
1839 3152 1901 3206 il-
1981 3174 2105 3212 esse
2146 3175 2361 3224 eorum,
2394 3159 2488 3229 qui
2530 3159 2751 3230 potiora
2779 3159 3048 3230 eligentes
3077 3159 3268 3230 copias
3298 3161 3588 3230 presenﬁs

305 3246 364 3299 lis
395 3250 650 3317 exoptat,
695 3249 760 3298 ut
795 3244 941 3298 icut
983 3241 1044 3296 in
1073 3242 1441 3296 emendandis
1483 3241 1652 3308 vitiis,
1693 3249 1754 3295 et
1797 3241 1899 3296 do-
1981 3247 2251 3318 temporis
2261 3253 2717 3318 spernunt,totos
2737 3264 2796 3302 se
2809 3248 2910 3303 Dei
2923 3247 3092 3304 rebus
3107 3248 3442 3320 obligentu.
3455 3249 3588 3304 Uni-

303 3334 483 3388 αἰτίαν
498 3334 746 3388 veritate
760 3331 1269 3402 compungitmrda
1291 3331 1533 3397 illorum,
1550 3333 1632 3385 ita
1651 3335 1711 3384 et
1727 3326 1902 3385 inhoo
1981 3335 2184 3407 cuique
2199 3335 2348 3390 enim
2366 3335 2674 3392 secundum
2697 3336 2905 3392 bonam
2922 3338 3270 3392 voluntatem
3288 3339 3438 3393 Deus
3451 3353 3590 3409 pre-

303 3423 470 3477 faveat
485 3422 698 3494 emptis
715 3421 960 3486 illorum,
984 3424 1049 3474 ut
1071 3419 1362 3474 abundent
1377 3419 1437 3473 in
1458 3419 1613 3473 omni
1635 3418 1781 3474 bono
1803 3431 1905 3490 per
1983 3431 2100 3480 stat
2125 3425 2412 3480 auxilium,
2445 3425 2635 3481 sancti
2665 3426 2814 3480 enim
2847 3426 2942 3497 qui
2972 3425 3111 3480 nihil
3138 3428 3336 3481 mlunt
3350 3427 3443 3482 hic
3457 3444 3588 3498 ρο.-

302 3513 534 3581 gratiam
561 3510 694 3566 Dei.
722 3511 786 3565 Ut
807 3513 869 3564 in
890 3510 1146 3563 omnibus
1165 3523 1376 3577 semper
1395 3524 1612 3562 omnem
1628 3511 1905 3576 sufﬁcien—
1984 3513 2185 3579 sidere,
2219 3513 2325 3568 nisi
2353 3513 2560 3568 victum
2589 3513 2796 3568 habere
2819 3519 2879 3568 et
2896 3515 3181 3581 vestitum,
3210 3516 3312 3570 hoe
3345 3517 3441 3587 qui
3469 3517 3588 3571 hoc

303 3600 430 3655 tiam
449 3601 718 3655 habentes
735 3600 1027 3653 abundctis
1049 3600 1113 3651 in
1131 3613 1292 3651 omne
1312 3613 1446 3665 opus
1465 3598 1672 3651 bonum
1695 3597 1902 3666 (Δηώ.)
1986 3602 2193 3656 habere
2210 3603 2406 3657 volunt
2419 3599 2638 3657 tutores
2657 3603 2881 3657 illorum
2903 3605 3053 3658 Deus
3069 3620 3194 3658 esse
3213 3603 3508 3675 disposuit,
3519 3611 3587 3659 ut

305 3689 410 3744 Hoc
445 3690 596 3744 dicit
625 3694 684 3742 et
708 3693 887 3759 optat,
919 3691 984 3742 ut
1020 3687 1084 3741 in
1110 3685 1266 3740 omni
1303 3701 1526 3756 semper
1563 3685 1905 3742 sufﬁcientes
1985 3692 2082 3761 qui
2102 3690 2244 3745 bene
2257 3697 2318 3745 et
2329 3691 2658 3762 simpliciter
2673 3692 2756 3746 eis
2775 3692 3194 3758 ministraverit,
3213 3693 3588 3762 ampliﬁcatur

301 3777 398 3832 sibi
415 3779 536 3834 sint
551 3777 665 3834 Dei
685 3783 849 3842 num,
869 3792 972 3830 nec
1007 3775 1298 3846 indigeant
1317 3774 1404 3828 his
1423 3790 1548 3844 quae
1566 3774 1638 3828 ad
1665 3775 1905 3830 salutem
1987 3779 2089 3834 Dei
2099 3783 2262 3844 nutu,
2275 3783 2342 3832 ut
2355 3779 2561 3833 habeat
2571 3780 2722 3834 unde
2737 3795 2963 3850 semper
2977 3779 3270 3849 largiatur,
3283 3786 3342 3832 et
3354 3780 3427 3833 ad
3448 3795 3586 3850 prn-

304 3868 620 3923 neeessaria
640 3871 791 3920 sunt.
817 3866 878 3920 Si
897 3880 1032 3936 ergo
1051 3863 1447 3918 sufﬁcientiam
1476 3863 1584 3917 sibi
1603 3863 1787 3917 solam
1806 3863 1905 3919 eli-
1983 3883 2116 3921 sena
2145 3867 2534 3937 locupletatus,
2558 3874 2618 3922 et
2644 3867 2703 3922 in
2735 3867 3012 3922 futurum.
3036 3867 3226 3922 Semel
3241 3867 3397 3921 enim
3413 3869 3585 3922 semi-

299 3962 445 4024 gnnt,
477 3960 761 4027 poterunt
785 3953 846 4007 in
877 3952 980 4008 Dei
1007 3968 1177 4023 opem
1204 3951 1494 4006 abundare
1531 3970 1544 4005 :
1577 3951 1716 4006 illud
1753 3952 1904 4008 enim
1984 3973 2128 4011 nens
2146 3955 2231 4010 bis
2248 3961 2441 4020 metet,
2467 3955 2547 4012 ita
2567 3961 2633 4010 ut
2649 3956 2697 4010 si
2715 3956 2921 4010 fumris
2939 3955 3144 4027 spebus
3162 3956 3422 4023 conslllit,
3444 3957 3586 4014 nolit

301 4043 396 4096 sibi
435 4041 747 4097 manendo
791 4042 942 4112 quod
984 4039 1210 4105 sufﬁcit,
1249 4046 1455 4095 cetera
1500 4039 1560 4094 in
1597 4055 1734 4094 usus
1773 4051 1901 4096 san:
1984 4062 2081 4100 eos
2104 4043 2388 4115 subjectos
2408 4044 2632 4111 habere,
2656 4045 2758 4100 sed
2783 4045 3044 4115 mugisse
3067 4045 3418 4110 eisinclinet,
3449 4045 3585 4116 quia

299 4137 532 4192 ciorum.
553 4131 649 4184 vel
671 4146 983 4202 pauperum
1003 4129 1334 4200 impendant
1348 4145 1575 4183 necesse
1597 4135 1701 4194 est,
1725 4134 1784 4184 et
1800 4129 1905 4184 hoc
1984 4151 2020 4189 a
2032 4135 2146 4188 Deo
2161 4134 2330 4204 hujus
2341 4134 2425 4188 rei
2435 4134 2673 4205 accipiet
2683 4133 3330 4191 mercedem.Sienimad
3342 4150 3585 4206 prie-ens

299 4222 402 4275 erit
419 4221 722 4276 abundare
741 4219 801 4273 in
823 4217 978 4272 omni
997 4233 1167 4288 opem
1191 4217 1334 4272 bono
1358 4237 1372 4284 ;
1395 4218 1528 4272 licet
1545 4217 1696 4272 enim
1718 4218 1903 4287 exigui
1985 4222 2268 4277 humiliari
2293 4239 2392 4276 eos
2415 4222 2524 4277 sibi
2551 4223 2812 4288 voluerit,
2834 4239 2992 4294 spem
3023 4222 3200 4278 futuri
3479 4224 3586 4278 Hic

301 4310 540 4364 hominis
551 4309 887 4407 sitim-vum
900 4307 1052 4378 quod
1069 4305 1288 4412 tribuit,
1303 4305 1554 4404 abundat
1572 4312 1762 4361 tamen
1770 4323 1906 4376 quia
1923 4353 1970 4412 D
1983 4313 2137 4366 enim
2167 4311 2383 4382 accepit
2412 4313 2729 4366 mercedem
2760 4313 2944 4384 operis
2969 4313 3079 4378 sui,
3116 4329 3230 4366 non
3261 4312 3588 4381 simpliciter

301 4404 444 4453 lecto
467 4397 695 4468 judicio
721 4398 805 4461 ﬁt,
841 4401 898 4450 et
925 4411 1039 4449 non
1080 4395 1266 4448 solum
1303 4393 1574 4464 quaeritur
1605 4399 1901 4464 quantum,
1924 4393 1969 4412 υ
1986 4400 2091 4454 hoc
2118 4415 2310 4469 agens,
2353 4399 2500 4455 sicut
2525 4399 2672 4454 dicit
2707 4401 2977 4455 Dominus
3017 4419 3026 4452 :
3065 4402 3240 4454 Amen
3268 4402 3388 4452 dico
3413 4401 3580 4458 nobis,

301 4488 392 4541 sed
411 4493 473 4542 et
497 4487 579 4541 de
610 4492 844 4556 quanto,
873 4489 934 4538 et
960 4499 1072 4554 quo
1101 4483 1289 4539 animo
1317 4483 1501 4538 detur.
1527 4483 1782 4553 Denique
1809 4483 1907 4537 illa
1985 4495 2340 4556 psi-ceparum
2367 4491 2659 4542 imp-cedem
2693 4506 2872 4542 suam.
2908 4488 3122 4552 (Matth.
3159 4491 3256 4552 γι.)

300 4576 459 4631 vidua
477 4577 544 4630 in
557 4574 864 4644 Evangelia
879 4573 949 4628 de
963 4584 1134 4644 parvo
1152 4572 1400 4637 laudata,
1413 4577 1518 4632 est.
1534 4577 1596 4627 et
1614 4572 1712 4642 qui
1728 4572 1907 4626 multa
2059 4578 2188 4643 Qua
2225 4583 2486 4644 operatur
2521 4593 2620 4644 per
2662 4593 2758 4630 nos
2795 4579 3117 4643 gratiarum
3153 4577 3427 4629 actionem.
3453 4577 3579 4634 Dee.

302 4665 608 4719 mittebant
625 4663 840 4718 laudati
859 4679 972 4717 non
989 4668 1142 4728 sunt,
1157 4661 1312 4716 illius
1325 4661 1482 4716 enim
1505 4673 1738 4731 parvum
1757 4661 1906 4716 mul-
1989 4667 2251 4733 quoniam
2285 4667 2663 4718 ministerium
2691 4666 2859 4731 hujus
2885 4665 3080 4731 ofﬁcii,
3116 4679 3230 4718 non
3247 4666 3430 4717 solum
3447 4677 3584 4731 sup-

299 4761 416 4807 tum
435 4759 552 4816 est,
586 4752 724 4823 quia
749 4752 876 4822 plus
902 4750 1059 4804 misit
1075 4765 1248 4820 quam
1278 4755 1500 4820 poterat
1532 4768 1542 4802 :
1572 4749 1776 4805 divites
1805 4767 1906 4804 au-
1986 4757 2093 4821 plet
2119 4769 2184 4806 ea
2211 4769 2331 4821 quae
2363 4754 2562 4807 desunt
2599 4754 2824 4818 sanctis,
2857 4755 2950 4806 sed
2987 4755 3156 4806 etiam
3197 4753 3452 4806 abundat
3485 4769 3584 4821 per

301 4849 412 4896 tem
441 4843 642 4896 minus
671 4840 967 4905 m'uerunt,
997 4855 1128 4894 cum
1157 4839 1283 4910 plus
1311 4845 1560 4909 poscat,
1589 4852 1657 4892 ac
1675 4854 1776 4909 per
1805 4838 1907 4892 hoc
1991 4844 2196 4894 multas
2217 4843 2539 4908 gratiarum
2564 4844 2804 4895 actiones
2832 4845 2897 4896 in
2925 4844 3288 4910 Iiominomsr
3308 4842 3585 4910 probatio-

301 4930 590 4986 Inodicum
612 4930 784 4994 illius,
806 4928 942 5000 quia
960 4928 1114 4985 alim
1141 4928 1287 4982 vires
1307 4941 1439 4982 suas
1467 4927 1640 4992 misit,
1674 4927 1798 4998 plus
1825 4927 1908 4982 in-
1990 4947 2115 4984 nem
2145 4931 2454 4984 ministerii
2470 4931 2656 4999 hujus,
2678 4933 3046 4998 gloriﬁcantes
3069 4933 3242 4986 Deum
3256 4933 3321 4984 in
3337 4931 3586 4984 obedien-

301 5026 529 5074 ventnm
548 5025 642 5072 est
668 5034 841 5088 quam
870 5017 1106 5072 divitum
1133 5017 1397 5081 multum,
1419 5015 1555 5086 quia
1579 5015 1651 5070 de
1671 5031 1739 5070 eo
1760 5015 1906 5085 quod
1989 5021 2124 5072 tiam
2138 5020 2490 5085 confessionis
2505 5023 2708 5082 rastra,
2721 5021 2786 5072 in
2801 5019 3439 5086 Evangeliamﬂhristist
3451 5021 3584 5073 sim-

296 5105 634 5162 ebundabat
651 5107 735 5161 eis
751 5107 1050 5173 miserunt,
1067 5107 1166 5177 qui
1187 5122 1325 5175 ergo
1342 5110 1567 5160 tantum
1587 5104 1706 5171 dat,
1731 5119 1908 5174 quen-
1986 5109 2230 5175 pli'citate
2260 5110 2782 5163 communicationis
2813 5111 2874 5161 in
2906 5111 3104 5171 ittes,et
3131 5109 3199 5160 in
3213 5122 3424 5171 omnes,
3451 5111 3501 5160 et
3517 5109 3580 5160 in

301 5203 417 5250 tum
451 5203 668 5268 potest.
689 5201 842 5250 recte
868 5195 1018 5261 facit,
1041 5195 1267 5250 viduam
1292 5201 1486 5249 tanien
1511 5194 1669 5248 illam
1685 5199 1820 5249 ante
1847 5211 1907 5247 se
1991 5197 3585 5265 ipsorumobsecretiomproeobis,dcsidcnantiummpre-

303 5284 489 5352 bebet,
515 5285 659 5356 quis
685 5286 806 5339 hac
825 5301 995 5338 omne
1029 5284 1178 5354 quod
1197 5283 1396 5338 habuit
1422 5283 1578 5338 misit
1599 5284 1745 5350 (Luc.
1768 5281 1906 5351 XXI).
1988 5289 2109 5352 pter
2134 5286 2466 5337 (intuentem
2483 5288 2732 5351 gratiam
2751 5287 2848 5339 Dei
2865 5288 2930 5339 in
2947 5285 3112 5338 vobis.
3131 5283 3358 5340 Gratias
3371 5284 3476 5338 Deo
3492 5300 3586 5342 su-

307 5375 457 5428 Siast
489 5377 770 5442 scriptum
799 5379 875 5427 est
900 5393 915 5427 :
938 5375 1234 5441 Dispersit,
1249 5374 1395 5426 dedit
1411 5373 1748 5440 pauperibus
1775 5391 1794 5426 :
1817 5375 1911 5440 ju-
1993 5389 2089 5440 per
2109 5373 2644 5428 t'vwnarrabilidono
2661 5378 2797 5442 ejus.
2818 5374 2935 5426 Hoc
2958 5373 3095 5426 dicit
3112 5372 3249 5442 quia
3263 5371 3584 5443 quiaque

307 5465 458 5516 stitia
489 5466 618 5531 ejus
650 5469 833 5517 nonet
861 5466 925 5515 iu
955 5465 1214 5516 sumtum
1243 5464 1448 5515 seculi.
1474 5461 1591 5515 Hoc
1609 5460 1666 5514 in
1689 5461 1913 5514 Pssimo
1993 5466 2260 5532 (meretur
2288 5477 2390 5530 per
2413 5461 2828 5532 dispensatores
2855 5461 2984 5515 doni
3012 5461 3114 5516 Dei
3143 5461 3248 5516 hoc
3263 5477 3408 5532 opus
3432 5461 3585 5516 unde

309 5553 593 5622 emptum
609 5559 833 5608 esten:
853 5568 956 5622 per
965 5551 1283 5620 exemplum
1301 5549 1458 5604 addit
1477 5549 1544 5604 ad
1567 5565 1759 5604 diram
1780 5565 1915 5620 pau-
1989 5549 2190 5620 gratim
2209 5554 2452 5618 agantur
2483 5552 2614 5604 Deo.
2639 5551 2709 5604 ab
2731 5550 2816 5602 his
2841 5549 2937 5620 qui
2966 5549 3312 5604 necessarios
3328 5554 3588 5620 sumptus
