4034 6162
342 227 445 284 215
726 276 736 284 .
927 230 988 283 Β.
1031 228 1300 284 ΒΑΒΑΝῘ
1338 229 1570 284 MAURI
1617 227 1932 284 ARCHIEP

2006 227 2316 283 HOGUNT.
2358 226 2656 282 OPERUM
2691 225 2875 280 PARS
2912 225 3010 280 III.
3493 227 3599 283 216

339 355 621 428 accipiunt
638 357 740 411 sub
759 355 983 412 nomine
1004 353 1229 418 Christi,
1251 368 1366 406 non
1385 353 1730 407 mendicitati
1747 351 1868 422 subj
1877 369 1930 404 e-
1944 355 1992 412 A
2007 352 2103 422 qui
2131 353 2346 422 spernit
2379 351 2672 422 spiritalia,
2702 355 2867 422 putat
2901 350 3000 404 illa
3027 351 3294 406 carnalia.
3335 353 3405 406 In
3432 367 3601 406 carne

336 444 431 510 cti,
454 445 552 499 sed
578 445 714 511 Deo,
738 446 808 498 de
837 445 996 512 cujus
1023 441 1183 495 bonis
1204 441 1278 494 ali
1309 459 1368 493 se
1397 447 1622 507 norunt,
1657 457 1768 495 non
1799 447 1926 494 tan-
2008 444 2158 494 enim
2176 441 2543 506 ambulantes,
2567 455 2678 493 non
2691 441 2994 493 secundum
3014 455 3239 494 carnem
3260 442 3594 494 militamus.

332 535 457 586 tum
477 533 547 586 ab
566 533 648 587 eis
671 532 867 604 gratiae
889 531 998 584 illis
1019 531 1358 596 referuntur,
1381 530 1477 584 sed
1501 547 1536 584 a
1563 529 1794 602 reliquis
1812 529 1926 582 fra-
2009 529 2128 582 Hoc
2147 533 2251 594 est,
2267 527 2325 582 in
2345 545 2576 599 corpore
2595 527 2782 598 positi,
2798 527 3128 598 spiritaliter
3143 527 3379 583 vivimus
3405 546 3418 581 :
3441 529 3604 600 spiri-

333 619 532 686 tribus,
556 621 654 692 qui
673 637 774 692 pro
795 619 880 673 his
893 617 1106 690 gratias
1126 624 1296 689 agent
1313 618 1449 682 Deo,
1472 619 1926 672 commendantes
2007 617 2199 671 taliter
2215 617 2366 670 enim
2380 615 2529 682 vivit,
2553 615 2648 687 qui
2675 615 2808 670 facit
2826 616 2974 686 quod
2989 617 3174 687 placet
3191 617 3327 683 Deo,
3351 616 3442 671 hic
3466 634 3601 688 ergo

333 707 544 762 factum
563 709 812 780 ipsorum
829 708 1087 772 Domino,
1111 713 1175 761 ut
1191 707 1382 778 paucis
1401 707 1712 762 tribuentes
1732 725 1767 761 a
1785 707 1928 761 mul-
2009 706 2314 760 secundum
2329 721 2554 759 carnem
2571 704 2795 771 militat,
2811 704 2906 776 qui
2921 705 3212 760 desideriis
3227 705 3597 777 obtemperat.

334 800 522 851 torum
536 796 1012 852 obsecrationibus
1031 797 1496 850 commendentur
1513 796 1628 850 Deo
1655 815 1666 850 :
1689 795 1926 868 proban-
2009 793 2205 848 Omnis
2236 793 2389 847 enim
2417 809 2575 846 error
2593 809 2722 846 caro
2752 791 2959 846 dicitur
2985 811 2996 846 :
3023 793 3246 847 Christo
3269 797 3462 848 autem
3481 795 3602 866 ipse

330 888 420 938 tes
433 885 582 940 enim
601 890 846 940 mentem
865 901 1060 940 eorum
1084 885 1142 938 in
1161 885 1268 938 hoc
1280 901 1468 956 opere,
1488 884 1850 955 magniﬁcam
1866 883 1924 938 in
2008 883 2230 947 militat,
2247 883 2342 953 qui
2357 881 2587 936 obaudit
2596 881 2796 936 eumin
2811 882 2920 936 ﬁde
2935 887 2992 935 et
3001 882 3313 953 disciplina.
3330 883 3481 938 Nam
3501 899 3600 936 ar-

334 973 415 1026 eis
431 973 755 1042 Dominum,
771 976 932 1044 cujus
959 991 1058 1045 spe
1079 973 1306 1038 ﬁrmati,
1333 973 1602 1028 obediunt
1629 973 1924 1044 Evangelio
2006 989 2100 1025 ma
2113 974 2330 1026 militia
2347 976 2544 1025 nostra:
2555 987 2666 1024 non
2679 974 2956 1037 carnalia,
2971 973 3060 1025 sed
3071 975 3318 1040 potentia
3330 973 3452 1026 Dea.
3466 971 3600 1026 Ideo

333 1060 540 1116 Christi
571 1063 629 1117 in
654 1061 999 1134 subjectione
1027 1062 1250 1128 mentis,
1273 1078 1344 1115 ne
1365 1062 1538 1115 velint
1565 1077 1660 1116 eos
1691 1061 1795 1115 sibi
1817 1062 1924 1115 hu-
2004 1060 2172 1114 fortia
2189 1060 2323 1131 quia
2338 1060 2678 1131 incorrupta,
2698 1059 2887 1112 omnia
2901 1059 3050 1113 enim
3069 1059 3319 1114 carnalia
3336 1066 3601 1132 corrupta

331 1149 556 1217 miliari,
578 1158 644 1206 ut
671 1152 957 1224 praebeant
975 1168 1098 1222 quae
1125 1150 1441 1205 necessaria
1456 1155 1590 1204 sunt
1607 1149 1845 1216 sanctis;
1869 1155 1926 1204 et
2005 1154 2154 1214 sunt,
2187 1165 2347 1202 arma
2373 1165 2506 1218 ergo
2528 1148 2673 1214 ideo,
2693 1147 2826 1218 quia
2844 1155 3162 1218 repugnant
3181 1148 3348 1214 vitiis,
3371 1149 3597 1219 signum

333 1238 438 1292 hoc
448 1240 555 1294 erit
564 1240 622 1294 in
638 1240 994 1312 simplicitate
1003 1255 1170 1310 agere
1180 1239 1391 1310 gratias
1403 1239 1922 1293 communicationis
2003 1237 2272 1291 habentia
2282 1237 2644 1308 imperatoris
2663 1237 2752 1290 sui
2773 1236 2999 1302 Christi,
3026 1237 3120 1308 qui
3141 1237 3318 1292 hostis
3337 1243 3424 1292 est
3437 1238 3597 1291 vitio-

331 1327 574 1395 illorum,
610 1331 1067 1383 commendantes
1106 1345 1166 1382 se
1207 1327 1552 1382 orationibus
1587 1328 1835 1399 ipsorum
1867 1332 1923 1382 et
2003 1343 2150 1380 rum.
2170 1325 2326 1380 Sicut
2345 1325 2496 1380 enim
2509 1325 2816 1397 imperator
2831 1325 3152 1396 permilites
3168 1325 3414 1380 vindicat
3429 1342 3594 1380 suum

329 1415 620 1472 desideriis
639 1434 852 1473 eorum.
877 1417 1013 1482 Quis
1031 1417 1180 1471 enim
1202 1433 1315 1470 non
1334 1416 1524 1488 cupiat
1539 1416 1715 1470 oculis
1734 1415 1921 1470 videre
2002 1431 2259 1484 regnum,
2283 1414 2364 1468 ita
2383 1419 2440 1468 et
2458 1414 2712 1468 Salvator
2727 1431 2830 1485 per
2847 1431 2949 1468 nos
2977 1431 3166 1469 servos
3186 1431 3317 1469 suos
3348 1415 3598 1468 defendit

329 1506 754 1562 necessitatibus
774 1507 888 1561 suis
909 1511 1138 1578 propter
1151 1506 1252 1560 Dei
1266 1522 1472 1559 nomen
1491 1504 1804 1575 subjectos?
1819 1505 1923 1558 De-
2003 1502 2168 1558 unius
2188 1503 2291 1556 Dei
2309 1503 2708 1574 professionem
2729 1508 2788 1556 et
2804 1503 3265 1574 disciplinam.Ad
3277 1505 3596 1557 destructio~

330 1593 500 1664 nique
528 1595 632 1648 Dei
674 1596 822 1648 dona
858 1599 1128 1649 vocantur
1159 1613 1170 1648 ε
1208 1593 1330 1648 Deo’
1365 1594 1515 1648 enim
1551 1593 1666 1660 dat,
1699 1593 1794 1668 qui
1834 1593 1920 1647 his
1944 1654 1983 1668 η
2004 1608 2129 1645 nem
2157 1595 2541 1646 munitionum
2571 1595 2801 1646 consilia
2829 1593 3242 1657 destruentes,et
3275 1608 3490 1645 omnem.
3512 1595 3594 1646 al-

329 1654 629 1751 ministrat,
662 1684 796 1754 quia
823 1685 919 1754 qui
941 1683 1106 1754 jubet
1133 1683 1274 1747 ﬁeri,
1298 1682 1402 1754 ipsi
1423 1654 1752 1753 imputatur,
1771 1657 1918 1752 quod
1942 1654 1984 1712 Β
2005 1681 2299 1734 titudinem
2319 1683 2672 1734 extollentum
2689 1697 2742 1733 se
2760 1682 3024 1734 adversus
3046 1654 3335 1734 scientiam
3355 1681 3471 1734 Dei.
3494 1681 3596 1734 Ar-

327 1769 513 1826 datur.
549 1773 774 1828 Gratias
803 1779 993 1828 autem
1021 1773 1138 1826 Deo
1167 1771 1226 1825 in
1262 1771 1349 1824 his
1384 1777 1634 1842 agentes,
1667 1777 1725 1825 et
1753 1787 1920 1842 super
2003 1784 2098 1822 ma
2113 1767 2386 1839 spiritalia
2408 1769 2546 1822 ﬁdes
2568 1773 2654 1822 est
2680 1769 3015 1839 incorruptae
3042 1769 3472 1840 praedicationis,
3495 1785 3596 1840 per

324 1859 592 1915 ineffabili
607 1861 752 1916 dono
773 1862 923 1930 ejus;
945 1861 1156 1915 donum
1175 1861 1326 1914 enim
1338 1861 1438 1915 Dei
1459 1865 1546 1914 est
1563 1860 1712 1930 quod
1724 1859 1922 1913 incitat
2003 1857 2118 1911 haec
2149 1857 2296 1911 Deus
2333 1857 2505 1910 vincit
2539 1857 2820 1928 principes
2850 1863 2907 1910 et
2933 1861 3257 1928 potestates,
3294 1873 3432 1928 quos
3459 1873 3592 1912 con-

327 1947 536 2004 bonum
566 1967 706 2022 opus
735 1949 1008 2016 homines,
1041 1966 1168 2022 spes
1197 1949 1346 2004 enim
1386 1949 1664 2021 promissa
1697 1949 1921 2004 lacessit
2003 1950 2117 1999 stat
2143 1950 2208 1998 ut
2234 1944 2340 1998 sibi
2370 1950 2646 2016 usurpent
2669 1943 2969 2017 imperium
2989 1945 3178 1999 extolli
3201 1950 3400 1998 contra
3424 1946 3595 2000 ﬁdem

327 2037 398 2091 ad
427 2038 800 2094 ministerium
839 2038 1241 2109 supradictum.
2003 2032 2229 2100 Christi,
2263 2033 2693 2104 cogitationibus
2735 2051 2796 2087 se
2833 2033 3126 2088 hominum
3164 2034 3493 2100 inserentes,
3531 2041 3597 2088 ut

950 2145 1184 2199 CAPUT
1219 2145 1288 2198 Χ,
2003 2126 2234 2176 avocent
2263 2138 2358 2176 eos
2400 2139 2434 2176 a
2474 2122 2575 2176 Dei
2612 2122 2882 2188 dominio,
2915 2138 3054 2194 quas
3091 2123 3458 2192 cogitationes
3495 2124 3595 2177 de-

362 2233 601 2287 Eacusat
625 2249 679 2287 se
711 2235 918 2288 Paulus
944 2233 1008 2287 de
1033 2235 1142 2286 sibi
1165 2235 1302 2299 false
1330 2235 1602 2301 impositis
1625 2248 1724 2300 per
1749 2234 1886 2300 facti
2004 2211 2174 2264 Struit
2200 2211 2405 2264 Veritas
2436 2211 2585 2301 ﬁdei;
2611 2211 3104 2301 Μυηίίίοηθενθτεο
3125 2212 3406 2283 Ρτίηείρθε
3431 2211 3586 2278 die“,

556 2305 904 2368 evidentiam,
935 2320 1034 2372 per
1062 2307 1336 2358 rationem
1365 2299 1425 2357 et
1443 2299 1704 2372 exempla.
1750 2299 1756 2300 ⁷
2004 2305 2062 2353 et
2078 2304 2402 2370 potestates,
2428 2305 2486 2353 et
2503 2299 2779 2370 spiritalia
2797 2300 3082 2371 nequitiae,
3107 2301 3202 2371 qui
3223 2317 3283 2354 se
3303 2301 3592 2366 extollunt,

401 2395 516 2461 Ipse
533 2398 721 2447 autem
741 2409 832 2460 ego
852 2395 1080 2457 Paulus,
1095 2394 1306 2446 obsecro
1324 2408 1414 2446 vos
1427 2407 1530 2460 per
1544 2393 1922 2445 mansuetudi-
2003 2393 2062 2442 et
2101 2394 2328 2442 armant
2372 2387 2686 2443 inﬁdelium
2733 2387 2952 2442 animos
2991 2389 3064 2442 ad
3099 2389 3594 2443 contradicendum

327 2497 454 2536 nem
481 2487 531 2534 et
556 2483 876 2536 modestiam
894 2482 1117 2545 Christi,
1143 2485 1242 2550 qui
1263 2484 1325 2534 in
1341 2483 1483 2548 facie
1501 2481 1720 2548 quidem
1739 2481 1923 2533 humi-
2005 2476 2247 2543 Christo,
2267 2483 2460 2530 contra
2481 2493 2620 2547 quos
2639 2481 2854 2548 pugnat
2871 2477 2972 2532 Dei
2990 2478 3098 2544 lex,
3112 2478 3390 2548 dissipans
3411 2478 3596 2531 consi-

326 2571 396 2623 lis
424 2571 574 2623 inter
591 2584 706 2634 vos,
733 2569 924 2622 absens
959 2574 1142 2622 autem
1174 2569 1382 2636 conﬁdo
1407 2571 1472 2622 in
1485 2569 1648 2622 vobis.
1675 2567 1918 2639 (Ambr.)
2003 2565 2080 2618 lia
2107 2581 2322 2618 eorum.
2355 2565 2421 2620 Et
2450 2569 2513 2620 in
2533 2569 2904 2634 captivitatem
2933 2567 3235 2635 redigentes
3262 2582 3480 2620 omnem
3502 2569 3595 2620 in-

327 2657 446 2710 Hoc
475 2662 562 2710 est
589 2657 739 2726 quod
765 2656 902 2709 dicit
927 2673 1094 2720 nunc,
1121 2656 1253 2726 quia
1271 2655 1400 2710 talis
1429 2662 1516 2710 est
1541 2655 1760 2721 absens,
1787 2672 1920 2727 qua—
2005 2657 2273 2706 tellectum
2293 2656 2356 2707 in
2377 2654 2695 2721 obsequium
2717 2655 2942 2709 Christi.
2967 2654 3226 2724 Captivat
3249 2653 3593 2708 intellectum

324 2745 394 2798 lis
413 2749 471 2798 et
491 2759 754 2816 praesens,
775 2761 878 2798 nec
897 2745 1050 2798 enim
1072 2744 1299 2799 humilis
1321 2750 1443 2798 erat
1463 2745 1534 2798 ad
1562 2744 1760 2799 faciem
1787 2745 1921 2798 adu-
2002 2741 2136 2794 dum
2174 2741 2650 2796 contradicentem
2680 2742 2956 2796 rationem
2997 2743 3187 2808 vincit,
3219 2747 3278 2796 et
3317 2743 3387 2796 ad
3424 2743 3593 2796 ﬁdem

218 2865 224 2870 ν
323 2833 552 2900 latione,
585 2839 685 2887 aut
723 2833 1068 2904 subjectione
1113 2833 1350 2904 alicujus
1389 2834 1490 2899 rei,
1526 2833 1622 2904 qui
1658 2838 1920 2888 constan-
2003 2829 2230 2894 Christi,
2253 2831 2342 2884 cui
2363 2830 2517 2900 prius
2529 2837 2958 2902 repugnaverat,
2978 2831 3249 2886 humilem
3267 2835 3324 2884 et
3337 2847 3594 2886 mansue-

324 2923 464 2976 tiam
485 2938 646 2976 suam
667 2921 746 2975 sic
765 2921 1068 2988 zelabatur,
1091 2927 1156 2976 ut
1175 2921 1476 2993 aliquando
1495 2923 1667 2976 etiam
1695 2939 1730 2976 a
1757 2923 1921 2977 licitis
1940 2969 1984 3030 Ο
2001 2922 2124 2972 tum
2149 2918 2383 2985 inducit,
2401 2925 2459 2973 et
2471 2925 2651 2990 parat.
2667 2920 2734 2974 Et
2752 2924 2816 2974 in
2835 2925 3096 2989 promptu
3127 2921 3379 2974 habentes
3400 2924 3596 2976 ulcisci

322 3015 667 3083 temperaret
694 3027 766 3064 ne
791 3011 1190 3078 inclinaretur;
1225 3011 1373 3065 unde
1403 3011 1537 3065 dicit
1565 3011 1622 3064 in
1653 3011 1766 3066 alia
1789 3011 1918 3082 Epi-
1941 3009 1984 3030 υ
2002 3024 2218 3061 omnem
2241 3009 2686 3074 inobedientiam,
2702 3025 2827 3062 cum
2845 3012 3071 3077 impleta
3089 3011 3264 3077 fuerit
3284 3015 3464 3063 restra
3483 3011 3597 3064 obe-

325 3100 471 3154 stola
496 3099 554 3169 (1
577 3101 699 3154 Cor.
735 3101 810 3168 vx)
841 3117 852 3152 ε
891 3099 1093 3154 Omnia
1131 3101 1275 3154 mihi
1315 3103 1498 3166 licent,
1547 3102 1640 3154 sed
1685 3117 1777 3169 ego
1819 3102 1918 3154 sub
2001 3095 2596 3151 dientia.Manifestum
2609 3103 2711 3162 est,
2729 3097 3115 3168 quiavindicat
3132 3097 3590 3164 inobedientiam,

323 3190 544 3242 nullius
571 3189 796 3255 redigar
825 3193 1082 3256 potestate
1105 3207 1120 3242 :
1146 3204 1263 3242 esca
1286 3193 1466 3242 ventri
1488 3193 1537 3242 et
1555 3194 1746 3246 center
1764 3192 1912 3254 est-is,
2001 3201 2129 3238 cum
2158 3184 2312 3238 illam
2348 3185 2682 3240 condemnat
2722 3202 2824 3257 per
2851 3184 3246 3254 obedientiam,
3276 3191 3411 3241 tunc
3440 3187 3594 3241 illam

324 3281 374 3330 et
393 3276 544 3330 hunc
557 3282 606 3330 et
627 3276 772 3330 hanc
789 3277 929 3331 Deus
955 3277 1214 3330 dest-ruet.
1234 3277 1364 3330 Ideo
1387 3292 1522 3346 ergo
1541 3276 1744 3331 absens
1763 3276 1918 3331 obse-
2000 3273 2313 3340 destruens,
2346 3275 2566 3345 quando
2598 3292 2692 3329 eos
2715 3275 2809 3346 qui
2838 3275 3110 3330 resistunt
3134 3275 3391 3346 perducit
3420 3277 3493 3330 ad
3527 3278 3593 3330 ﬁ-

323 3369 534 3430 cratur,
558 3369 617 3418 et
635 3364 967 3418 modestiam
997 3365 1204 3418 Christi
1225 3365 1550 3436 interponit,
1575 3382 1646 3419 ne
1673 3382 1918 3437 praesens
2000 3362 2149 3428 dem,
2174 3368 2238 3416 ut
2255 3363 2492 3434 perﬁdia
2520 3363 2590 3417 ab
2619 3365 2726 3432 his,
2761 3364 2961 3436 quibus
2989 3364 3410 3430 defendebatur,
3436 3365 3590 3419 dam-

322 3453 518 3508 durior
542 3453 879 3517 inveniatur,
903 3469 1073 3507 causa
1099 3453 1360 3507 vitiorum
1391 3470 1607 3521 eorum,
1631 3471 1801 3525 quam
1832 3461 1918 3508 est
1999 3457 2182 3505 netur.
2209 3451 2334 3518 Quae
2357 3455 2657 3506 secundum
2685 3454 2885 3520 faciem
2911 3459 3062 3520 sunt,
3086 3454 3450 3508 videte.Nunc
3475 3455 3594 3508 vult

321 3542 380 3596 in
399 3540 664 3612 Epistola,
687 3547 752 3596 ut
770 3547 1168 3613 componentes
1185 3558 1246 3596 se
1271 3542 1365 3613 qui
1391 3542 1576 3596 adhuc
1598 3559 1712 3596 non
1732 3560 1918 3598 emen-
1999 3556 2094 3594 eos
2122 3557 2245 3610 quae
2273 3542 2458 3611 palam
2480 3546 2614 3594 sunt
2632 3541 3006 3608 considerare,
3030 3541 3087 3594 id
3115 3548 3217 3609 est,
3243 3558 3311 3596 ea
3328 3559 3451 3612 quae
3472 3543 3590 3596 edi-

322 3631 611 3698 daverant,
625 3629 1021 3685 mollirentsibi
1036 3630 1281 3702 rigorem
1295 3631 1566 3703 Apostoli,
1583 3637 1647 3686 ut
1666 3632 1918 3686 modera-
1999 3634 2190 3683 cturus
2221 3619 2324 3694 est,
2347 3629 2482 3700 quia
2509 3633 2642 3683 sunt
2667 3635 2864 3700 aperta
2891 3629 3222 3700 dijudicare.
3246 3631 3394 3685 Dicit
3422 3648 3584 3702 ergo:

319 3725 408 3774 tos
428 3735 522 3774 eos
550 3719 838 3774 inveniens
864 3735 1058 3791 pressa
1084 3720 1379 3775 severitate
1409 3721 1694 3775 [saturetur
1719 3721 1777 3775 in
1807 3721 1903 3774 eis.
1998 3718 2063 3774 Si
2088 3721 2212 3787 quis
2233 3720 2457 3786 conﬁdit
2474 3719 2583 3772 sibi
2605 3719 2812 3774 Christi
2829 3736 2882 3774 se
2902 3737 3026 3785 esse,
3047 3721 3156 3783 hoc
3175 3724 3364 3790 cogitet
3381 3723 3588 3775 iterum

323 3808 734 3863 Conﬁdentiam
748 3808 939 3880 itaque
959 3809 1220 3862 ﬁduciam
1235 3809 1550 3864 severitatis
1563 3809 1912 3880 signiﬁcavit,
1998 3808 2148 3876 apud
2165 3823 2235 3871 se,
2265 3810 2402 3876 quia
2427 3804 2570 3862 sicut
2590 3811 2705 3876 ipse
2725 3807 2934 3862 Christi
2952 3814 3043 3872 est,
3069 3811 3150 3862 ita
3171 3815 3220 3862 et
3245 3825 3360 3863 nos.
3385 3809 3488 3864 His
3505 3809 3590 3864 lo-

323 3913 492 3968 quam
505 3897 650 3950 forte
668 3897 728 3950 in
740 3897 988 3968 Epistola
1001 3903 1223 3952 tantum
1244 3897 1452 3952 habere
1465 3897 1788 3968 putabatur,
1804 3915 1916 3952 non
1999 3895 2193 3966 quitur
2221 3911 2459 3966 quorum
2487 3895 2672 3963 tangit
2697 3895 3037 3968 superbiam,
3063 3897 3159 3968 qui
3188 3897 3257 3951 de
3286 3914 3346 3951 se
3375 3915 3589 3968 praesu-

320 3989 511 4039 tamen
531 4001 776 4054 praesens
792 3985 932 4038 facie
961 3985 1094 4056 quia
1112 3986 1170 4039 in
1189 3986 1373 4056 prima
1403 3987 1650 4056 Epistola
1667 4003 1911 4054 severus,
1997 3989 2217 4038 mentes
2230 3985 2519 4038 inﬂatione
2534 3986 2728 4046 animi,
2743 3986 2927 4039 minus
2945 4002 3114 4056 quam
3131 3975 3362 4056 dignum
3383 3993 3506 4041 erat
3521 3988 3592 4042 de

323 4078 382 4127 et
395 4072 564 4126 nimis
580 4073 794 4144 rigidus
810 4072 1056 4140 videtur,
1073 4079 1130 4126 et
1143 4073 1270 4127 ideo
1289 4079 1610 4128 commonet
1632 4091 1703 4128 ne
1719 4075 1916 4129 eadem
1995 4073 2262 4142 Apostolo
2301 4073 2635 4140 sentiebant,
2672 4075 2832 4144 quasi
2871 4091 2983 4128 non
3025 4081 3257 4144 egerent
3297 4077 3591 4147 praeceptis

318 4161 616 4215 severitate
632 4177 874 4231 praesens
901 4166 1113 4226 utatur,
1136 4162 1282 4216 sicut
1303 4179 1414 4216 non
1435 4163 1756 4234 sperabant.
1776 4165 1915 4232 Rogo
1998 4161 2153 4231 ejus;
2187 4178 2326 4232 quos
2346 4168 2682 4229 commonet,
2707 4167 2772 4216 ut
2799 4163 2846 4216 si
2875 4163 2946 4216 de
2973 4180 3033 4217 se
3061 4165 3426 4230 conﬁderent,
3459 4165 3592 4236 quia
3633 4157 3644 4168 ”

317 4255 507 4304 autem
536 4266 602 4304 ne
615 4265 862 4318 praesens
874 4250 1110 4304 audeam
1123 4266 1225 4318 per
1238 4267 1358 4304 eam
1381 4253 1788 4318 conﬁdentiam,
1805 4269 1914 4321 qua
1927 4287 1977 4346 Β
1995 4256 2159 4304 erant
2179 4250 2323 4304 servi
2345 4251 2571 4318 Christi,
2595 4268 2707 4305 non
2727 4256 2923 4322 utique
2949 4252 3219 4306 deberent
3237 4253 3306 4307 de
3325 4255 3590 4324 Apostolo

318 4341 604 4402 existimor
629 4339 834 4393 audere
863 4342 926 4393 in
953 4340 1236 4406 quosdam,
1265 4342 1365 4408 qui
1391 4341 1756 4394 arbitrantur
1792 4357 1908 4407 nos,
1932 4339 1970 4346 ⁷
1996 4339 2253 4394 dubitare
2288 4358 2298 4392 :
2333 4341 2432 4393 sed
2463 4346 2521 4394 et
2554 4341 2623 4394 de
2663 4357 2729 4394 eo
2759 4341 3014 4412 quamvis
3051 4341 3234 4412 impar
3262 4342 3354 4408 sit,
3388 4343 3474 4396 vel
3511 4344 3588 4396 si-

320 4433 590 4497 tanquam
609 4427 910 4482 secundum
923 4443 1148 4481 carnem
1159 4429 1526 4482 ambulemus.
1543 4429 1699 4483 Idem
1716 4446 1914 4484 sensus
1995 4428 2206 4482 militer
2221 4429 2450 4494 sentire,
2469 4446 2596 4483 cum
2613 4430 2808 4502 utique
2821 4430 3002 4500 magis
3023 4430 3282 4502 praeferre
3301 4431 3406 4485 sibi
3426 4431 3590 4485 debe-

319 4521 422 4580 est,
457 4532 624 4586 quem
653 4520 718 4570 ut
745 4515 1043 4580 delucidet,
1075 4515 1314 4586 repetit:
1348 4519 1473 4570 orat
1500 4517 1648 4570 enim
1681 4523 1748 4572 ut
1772 4518 1914 4572 tales
1994 4523 2122 4571 rent
2147 4517 2480 4588 magistrum
2508 4518 2790 4588 gentium;
2816 4519 2912 4572 sed
2933 4520 3024 4572 hic
3054 4519 3433 4574 humilitatem
3463 4521 3589 4574 illos

319 4604 444 4658 illos
480 4604 746 4671 inveniat,
781 4619 852 4658 ne
891 4609 1125 4674 cogatur
1160 4603 1344 4670 irasci,
1379 4605 1478 4658 sed
1506 4611 1571 4659 ut
1597 4606 1914 4678 requiescat
1993 4606 2051 4660 in
2079 4623 2139 4659 se
2159 4607 2322 4660 docet
2338 4623 2565 4678 mquans
2593 4624 2654 4661 se
2678 4607 2807 4673 illis,
2833 4625 2962 4662 cum
2991 4613 3138 4662 esset
3163 4625 3260 4662 vas
3279 4609 3585 4675 electionis,

317 4708 447 4746 cum
476 4691 576 4745 eis.
617 4691 720 4746 Hic
750 4708 882 4762 ergo
913 4692 1135 4763 aperuit
1169 4693 1316 4764 quod
1354 4711 1527 4764 supra
1556 4695 1908 4766 signiﬁcavit,
1995 4700 2053 4748 et
2084 4695 2354 4766 magister
2379 4695 2636 4765 gentium
2677 4697 2735 4750 in
2765 4697 2874 4750 ﬁde
2918 4703 2976 4750 et
3017 4699 3271 4752 veritate.
3307 4698 3422 4752 Hoc
3453 4715 3586 4768 ergo

318 4786 377 4834 et
403 4780 587 4833 adhuc
615 4779 676 4834 in
701 4779 968 4850 subjectis
997 4781 1214 4852 plenius
1242 4781 1582 4850 manifestat,
1615 4784 1761 4838 hanc
1791 4801 1912 4839 esse
1994 4785 2114 4838 vult
2130 4784 2254 4838 illos
2274 4785 2648 4852 considerare,
2664 4785 2812 4856 quod
2831 4786 3025 4856 utique
3045 4787 3198 4840 clara
3210 4788 3334 4842 luce
3347 4787 3584 4847 videtur,

317 4867 734 4934 conﬁdentiam,
760 4884 929 4940 quam
951 4869 1038 4923 hic
1060 4870 1323 4924 ﬁduciam
1344 4871 1501 4936 dixit,
1519 4872 1664 4926 datae
1685 4873 1788 4926 sibi
1811 4889 1912 4944 po-
1995 4873 2128 4944 quia
2157 4873 2226 4926 de
2253 4873 2519 4944 Apostolo
2550 4890 2716 4927 nemo
2753 4874 3102 4928 credentium
3133 4891 3247 4928 non
3285 4875 3408 4948 plus
3437 4875 3588 4929 aesti-

311 4957 537 5012 testatis
565 4974 596 5010 a
626 4955 868 5024 Christo,
901 4959 1060 5028 cujus
1086 4959 1326 5012 vicarius
1356 4966 1460 5026 est,
1494 4965 1558 5014 ut
1584 4961 1826 5015 vindicet
1853 4962 1912 5015 in
1994 4966 2128 5028 met,
2163 4978 2331 5032 quam
2353 4963 2422 5016 de
2452 4979 2530 5027 se,
2566 4969 2775 5033 quanto
2801 4963 2980 5034 magis
3002 4981 3166 5017 nemo
3187 4964 3392 5030 minus,
3419 4981 3586 5035 quam

317 5063 413 5101 eos
447 5046 543 5116 qui
579 5045 684 5101 sub
713 5046 940 5100 nomine
971 5047 1176 5100 Christi
1213 5053 1444 5116 agentes
1470 5066 1584 5102 non
1604 5049 1914 5105 obaudiunt
1994 5051 2064 5103 de
2091 5067 2150 5104 se
2179 5049 2380 5104 debeat
2407 5051 2722 5104 aestimare?
2741 5051 2844 5106 hos
2863 5069 2996 5122 ergo
3026 5057 3374 5106 contestatur
3401 5070 3468 5106 ac
3493 5053 3589 5106 do-

199 5151 212 5159 ·
318 5141 384 5189 ut
409 5135 713 5206 corrigant,
744 5135 804 5190 in
835 5134 1036 5206 quibus
1065 5135 1568 5206 reprehenduntur.
1611 5139 1726 5193 Hos
1755 5139 1908 5206 dicit,
1993 5144 2084 5192 cet
2096 5156 2166 5193 ne
2177 5140 2417 5194 elatione
2434 5140 2657 5208 mentis,
2672 5140 2830 5196 bonae
2841 5141 2967 5196 vitae
2983 5142 3251 5196 meritum
3265 5143 3584 5213 perderent,

319 5223 415 5294 qui
446 5239 559 5278 non
589 5224 908 5296 recipiendo
937 5223 1212 5294 spiritalia
1231 5241 1352 5294 qua:
1383 5225 1452 5280 ab
1480 5227 1747 5298 Apostolo
1766 5227 1912 5282 dice-
1995 5229 2088 5299 qui
2112 5229 2260 5282 enim
2283 5229 2389 5282 scit
2407 5246 2466 5282 se
2486 5229 2695 5300 aliquid
2717 5247 2858 5296 esse,
2892 5231 3155 5285 humiliat
3179 5248 3239 5285 se
3261 5237 3326 5285 ut
3349 5231 3588 5302 amplior

315 5311 541 5379 bantur,
565 5313 645 5368 sic
673 5330 802 5368 eum
832 5311 1243 5378 existimabant,
1269 5315 1428 5384 quasi
1456 5317 1706 5369 carnalia
1726 5317 1914 5388 loque—
1995 5318 2112 5371 ﬁat.
2140 5319 2283 5372 Nam
2315 5323 2365 5372 et
2403 5321 2454 5371 si
2488 5321 2734 5386 amplius
2773 5322 2993 5388 aliquid
3016 5316 3292 5387 gloriatus
3329 5323 3488 5388 fuero
3521 5323 3586 5374 de

317 5407 492 5468 retur,
526 5417 649 5472 quae
689 5401 1008 5472 recipienda
1031 5416 1143 5452 non
1178 5409 1383 5455 essent.
1428 5404 1559 5458 Ideo
1591 5405 1763 5464 dicit:
1804 5406 1911 5472 Qui
1985 5411 2238 5474 potestate
2279 5411 2482 5471 nostra,
2523 5423 2694 5475 quam
2730 5408 2878 5461 dedit
2912 5409 3200 5474 Dominus,
3244 5413 3308 5464 in
3341 5409 3582 5480 adiﬁca-

316 5505 414 5544 nos
441 5491 802 5544 arbitrantur
835 5489 1135 5542 secundum
1171 5505 1390 5544 carnem
1434 5495 1744 5558 ambulare,
1777 5493 1909 5564 quia
1992 5497 2212 5554 tionem,
2231 5501 2412 5549 etnon
2433 5497 2496 5548 in
2515 5497 2942 5549 destructionem
2961 5503 3218 5564 vestram,
3244 5514 3353 5552 non
3387 5498 3580 5552 erube-
