4034 6162
313 281 402 337 217

311 422 454 461 suam.
483 407 634 460 Nunc
660 405 944 477 signiﬁcat
980 407 1114 477 quia
1151 409 1410 478 superius
1436 425 1496 461 se
1529 406 1863 473 humiliavit,
1883 405 2084 466 Adicit
2111 412 2405 478 potestate,
2435 413 2646 478 quanta
2662 423 2927 462 concessa
2944 413 3031 462 est
3055 408 3126 463 ab
3151 414 3401 476 auctore,
3433 407 3536 464 nec
3626 425 3634 434 ·

311 495 426 566 ipsis
453 512 508 550 se
537 496 929 566 comparando,
948 512 1076 548 cum
1107 496 1155 549 si
1185 513 1244 549 se
1283 496 1480 566 erigat,
1520 514 1634 550 non
1662 496 1861 550 erube-

307 589 408 638 scat
434 585 557 654 quia
577 600 608 637 a
635 583 876 638 Domino
905 584 1118 655 accepit
1145 589 1480 656 potestatem
1502 585 1857 656 praedicandi,

305 679 358 725 ut
380 673 558 738 salvet,
585 689 698 726 non
721 679 786 726 ut
815 673 1014 744 perdat
1053 672 1438 728 obaudientes.
1467 675 1526 728 Si
1571 691 1703 744 ergo
1748 673 1856 740 hic,

303 761 383 831 qui
407 777 436 814 a
456 761 687 815 Domino
709 761 914 816 missus
941 767 1044 828 est,
1067 761 1303 817 inclinat
1323 780 1382 817 se
1416 770 1474 818 et
1489 769 1780 834 comparat
1800 780 1860 816 se

301 849 642 917 inferioribus,
701 857 914 922 quanto
948 851 1127 922 magis
1183 852 1242 904 hi
1290 853 1386 924 qui
1433 852 1644 906 nullius
1701 859 1862 906 erant

300 939 594 1006 testimonii,
625 955 952 1010 comparare
972 957 1032 993 se
1070 956 1184 994 non
1221 940 1510 1008 deberent,
1533 957 1646 995 non
1675 941 1858 995 dicam

302 1029 529 1096 prteferre
545 1027 888 1098 majoribus?
903 1029 963 1082 Ut
977 1035 1160 1083 autem
1174 1045 1285 1084 non
1295 1034 1576 1084 existimer
1591 1036 1858 1100 tanquam

299 1123 476 1173 terrere
502 1133 588 1169 vos
609 1133 710 1186 per
761 1121 1032 1186 epistolas.
1085 1119 1187 1173 Ille
1215 1124 1401 1189 potest
1441 1119 1616 1173 videri
1644 1125 1858 1174 terrere

299 1221 383 1275 per
393 1205 666 1276 epistolas,
687 1207 783 1278 qui
813 1224 995 1278 neque
1015 1207 1364 1262 auctoritatis
1383 1209 1621 1280 alicujus
1640 1215 1743 1274 est,
1766 1223 1862 1262 ne-

297 1311 388 1364 que
413 1311 649 1366 praesens
669 1296 930 1350 ﬁduciam
951 1296 1120 1351 habet
1136 1298 1428 1368 arguendi,
1452 1297 1652 1352 absens
1671 1303 1861 1352 autem

295 1383 402 1436 ideo
428 1384 752 1456 audet,quia
780 1403 1024 1456 praesens
1059 1387 1240 1440 timet.
1265 1387 1534 1456 Epistolis,
1568 1391 1856 1456 inquiunt,

293 1488 459 1538 grares
470 1479 663 1527 suntet
671 1477 858 1541 fortes,
872 1479 1163 1544 praesentia
1175 1481 1360 1530 autem
1373 1479 1614 1544 corporis
1627 1479 1858 1542 inﬁrma

293 1568 334 1612 et
357 1578 517 1614 sermo
538 1565 983 1632 coritemptibilis,
1017 1566 1114 1618 hoc
1133 1567 1320 1631 cogitet
1339 1567 1440 1632 qui
1466 1567 1735 1633 ejusmodi
1761 1571 1851 1630 est,

290 1652 404 1718 quia
423 1654 608 1719 quales
637 1667 833 1704 sumus
853 1653 1012 1706 verba
1033 1669 1133 1720 per
1152 1655 1403 1720 epistolas
1430 1654 1692 1717 absentes,
1727 1658 1857 1707 tales

724 279 1302 336 ENARRATIONUM
1338 283 1417 338 IN
1452 283 1607 338 EPP.
1649 282 1862 338 PAULI
1900 282 2036 336 LIB.
2078 283 2394 339 XIII.—IN
2433 283 2653 339 EPIST.
2694 283 2746 339 II
2784 283 2880 338 AD
2919 283 3081 338 COR.

3431 283 3538 340 218

1945 513 2267 549 mensuram
2279 497 2469 564 egredi
2493 497 2637 562 vult;
2661 497 2867 550 idcirco
2895 514 3008 551 non
3038 497 3295 568 superba,
3328 498 3530 568 inquit,

1944 585 2052 638 erit
2076 585 2258 654 gloria
2287 590 2498 651 nostra,
2533 586 2756 656 quando
2785 602 2898 639 non
2919 585 3205 656 egreditur
3231 587 3536 642 terminum

1941 673 2086 727 datae
2114 674 2424 744 potestatis.
2452 674 2700 728 Gloriam
2731 691 2832 745 pro
2847 674 3180 728 auctoritate
3195 675 3400 746 posuit,
3426 693 3538 746 qua

1941 763 2206 817 utebatur
2252 763 2312 817 in
2357 762 2800 834 correptionibus
2841 769 3218 834 peccatorum,
3257 769 3322 818 ut
3356 764 3536 818 salvos

1941 870 2036 907 eos
2054 853 2282 918 faceret,
2305 868 2407 906 nec
2426 857 2618 906 tamen
2646 868 2704 904 se
2758 851 2987 922 gloriari
3018 851 3154 906 dicit
3182 852 3240 906 in
3264 852 3536 908 extollen-

1942 941 2021 995 tia
2041 940 2353 1012 potestatis,
2376 942 2474 994 sed
2505 941 2578 994 ad
2597 941 3022 995 aediﬁcationem
3043 940 3267 995 illorum
3300 960 3311 994 :
3347 947 3534 1002 osten-

1941 1031 2024 1084 dit
2055 1031 2204 1084 enim
2233 1035 2588 1100 potestatem,
2621 1030 2691 1083 de
2720 1046 2832 1100 qua
2878 1029 2924 1082 si
2953 1029 3182 1099 gloriari
3205 1030 3390 1096 vellet,
3423 1047 3536 1084 non

1940 1121 2098 1174 illum
2145 1119 2400 1190 puderet,
2443 1119 2576 1189 quia
2623 1119 2758 1172 data
2803 1123 2888 1172 est
2924 1119 3005 1172 illi
3049 1136 3083 1172 a
3125 1119 3381 1174 Domino.
3427 1119 3536 1174 Sed

1943 1209 2032 1263 hic
2060 1209 2138 1262 sic
2168 1208 2264 1262 illa
2289 1207 2486 1272 utitur,
2522 1215 2586 1262 ut
2616 1224 2728 1261 non
2756 1207 3032 1278 glorietur
3061 1208 3168 1262 nisi
3196 1208 3256 1262 in
3283 1208 3534 1278 profectu

1941 1298 2308 1360 credentium,
2339 1297 2644 1368 corripiens
2653 1301 2976 1350 constanter
2986 1297 3228 1360 vitiosos,
3245 1305 3312 1351 ut
3333 1297 3535 1367 glorie-

1941 1393 2036 1440 tur
2055 1387 2111 1440 in
2123 1387 2303 1440 salute
2321 1386 2568 1451 illorum,
2583 1392 2647 1440 ut
2661 1391 2908 1456 potestas
2919 1385 3052 1439 data
3067 1385 3234 1440 saluti
3255 1385 3529 1457 proﬁciat,

1941 1492 2054 1530 non
2081 1475 2328 1529 elationi.
2354 1474 2571 1545 Duplici
2585 1474 2759 1544 igitur
2773 1491 2979 1544 genere
3009 1491 3121 1528 non
3149 1491 3208 1528 se
3223 1474 3280 1528 in
3301 1475 3534 1530 immen-

1939 1581 2066 1619 sum
2093 1563 2323 1634 gloriari
2351 1569 2612 1630 testatur,
2635 1568 2693 1616 et
2721 1564 2855 1634 quia
2884 1563 3190 1617 secundum
3219 1563 3410 1617 datam
3439 1580 3534 1634 po-

1938 1658 2221 1718 testatem,
2235 1653 2380 1706 sicut
2389 1652 2527 1706 dixit
2538 1658 2595 1706 et
2606 1653 2739 1722 quia
2748 1669 2860 1706 non
2875 1653 3022 1707 ultra
3035 1669 3202 1724 quam
3215 1652 3534 1724 praedicatio

287 1743 325 1790 et
341 1745 617 1806 prssentes
647 1743 712 1794 in
740 1742 903 1808 facto.
941 1741 1070 1796 Ideo
1100 1758 1212 1796 non
1241 1758 1302 1796 se
1323 1741 1496 1796 alium
1515 1757 1637 1795 esse
1660 1741 1855 1796 absen-
1875 1723 1922 1783 Β
1940 1744 2062 1812 ejus
2098 1741 2451 1813 personabat,
2487 1741 2802 1795 vindicabat
2839 1741 2942 1794 sibi
2985 1723 3394 1796 auctoritatem.
3454 1741 3533 1796 De

284 1832 380 1880 tem
407 1844 567 1898 quam
615 1845 863 1900 praesens
892 1834 994 1894 est,
1018 1829 1235 1900 probat,
1271 1832 1402 1901 quia
1431 1847 1546 1885 non
1575 1836 1698 1885 erat
1719 1848 1855 1902 prse-

281 1924 523 1987 sumptor,
541 1935 576 1971 a
611 1917 851 1972 Domino
869 1917 1021 1972 enim
1039 1927 1330 1990 acceperat
1357 1925 1689 1990 potestatem
1717 1939 1728 1973 :
1765 1922 1852 1975 cui

277 2006 404 2058 enim
433 2023 539 2060 non
598 2013 686 2061 est
715 2007 851 2062 data
897 2013 1143 2078 potestas
1171 2007 1372 2062 absens
1409 2015 1595 2080 potest
1621 2009 1849 2078 audere,

278 2111 492 2164 presens
509 2101 710 2150 autem
723 2097 992 2167 pudorem
1011 2098 1244 2168 patitur.
1268 2098 1399 2152 Ideo
1419 2098 1719 2168 Apostolus
1737 2115 1850 2153 non

278 2183 528 2238 erubescit
552 2185 695 2238 dum
723 2185 973 2256 corripit,
1006 2186 1140 2256 quia
1177 2185 1382 2240 ﬁducia
1421 2187 1716 2256 potestatis
1747 2186 1851 2242 hoc

277 2273 392 2341 agit.
413 2274 536 2328 Haec
555 2279 795 2345 propter
815 2273 918 2327 hos
935 2274 1188 2345 loquitur
1213 2274 1307 2344 qui
1329 2290 1442 2328 non
1470 2275 1626 2329 missi
1657 2276 1852 2346 praedi-

278 2361 453 2415 cabant
463 2363 766 2416 adulantes
789 2363 922 2432 quia
934 2363 1145 2434 seipsos
1162 2363 1553 2417 commendare
1573 2363 1846 2418 velebant.

279 2451 455 2519 (ϐπ-θα.)
479 2451 585 2505 Sed
599 2451 938 2522 plerumque
953 2451 1344 2522 praedicatores
1358 2453 1537 2506 sancti
1557 2453 1850 2506 ostendere

280 2540 602 2610 semetipsos,
628 2545 697 2594 ut
717 2541 952 2610 prosint,
983 2541 1236 2611 cupiunt,
1271 2557 1374 2595 nec
1386 2547 1577 2594 tamen
1595 2548 1847 2611 possunt,

277 2627 576 2699 plerumque
607 2634 681 2682 ut
701 2629 877 2699 quieti
907 2629 1020 2682 sint
1039 2635 1331 2700 appetunt,
1364 2646 1466 2683 nec
1492 2635 1684 2684 tamen
1721 2647 1851 2700 per-

277 2716 572 2772 mittuntur.
609 2719 795 2771 Nemo
827 2718 1002 2788 igitur
1029 2717 1134 2772 scit
1161 2718 1383 2788 quando
1403 2719 1586 2772 lucem
1617 2717 1851 2772 nubium

273 2805 446 2875 pluviae
473 2806 804 2872 ostendant,
827 2806 960 2876 quia
988 2823 1152 2860 nemo
1174 2807 1609 2878 comprehendet
1628 2808 1850 2878 quando

271 2892 398 2947 Deus
415 2895 688 2949 virtutem
725 2895 1137 2964 praedicationis
1165 2895 1280 2961 dat,
1323 2902 1387 2950 ut
1427 2895 1851 2966 praedicantium

271 2982 428 3052 gloria
465 2984 763 3038 clarescat.
806 2984 966 3038 Unde
995 2983 1266 3038 Dominus
1298 2984 1370 3038 ad
1397 2983 1502 3038 Job
1540 2984 1623 3038 ait
1650 3003 1660 3037 :
1696 2985 1851 3039 Nun-

271 3073 388 3138 quid
403 3076 502 3126 scis
530 3075 764 3142 quando
769 3076 1085 3142 praceperit
1096 3075 1238 3127 Deus
1263 3076 1488 3142 pluviis,
1519 3080 1584 3127 ut
1613 3075 1850 3128 ostende-

270 3166 374 3212 rent
402 3164 572 3214 lucem
609 3163 854 3215 nubium
884 3164 1002 3230 ejus
1033 3168 1056 3215 ?
1086 3162 1220 3229 (Job.
1247 3165 1442 3231 xxxrr.)
1472 3163 1553 3216 Ac
1577 3162 1625 3216 si
1655 3168 1848 3232 aperte

267 3246 412 3310 dicat,
446 3250 710 3321 nunquid
741 3250 789 3303 si
815 3255 1080 3304 venturos
1127 3251 1184 3304 in
1215 3251 1423 3304 mundo
1453 3251 1846 3322 praedicatores

261 3336 363 3404 jam
389 3339 686 3410 conspicis,
702 3339 924 3409 quando
935 3355 1030 3392 eos
1049 3339 1120 3392 ad
1139 3339 1554 3409 praedicandum
1575 3340 1846 3394 Dominus

265 3426 549 3496 repletione
568 3427 813 3498 spiritus
843 3427 1111 3498 impellat,
1147 3427 1415 3498 quibusve
1443 3427 1625 3482 modis
1653 3444 1845 3482 eorum

265 3513 372 3568 vitis
388 3515 708 3570 claritatem
729 3516 893 3570 modo
913 3515 1248 3580 innotescat,
1267 3516 1644 3587 apprehendis
1659 3517 1846 3571 ?unde

268 3602 427 3658 adhuc
455 3612 586 3676 apte
619 3604 1021 3675 subjungitur:
1049 3606 1319 3674 Nunquid
1340 3610 1485 3660 nosti
1503 3609 1723 3659 semitas
1746 3623 1848 3660 nu-

268 3690 401 3744 bium
419 3709 684 3761 magnas,
717 3699 768 3746 et
787 3695 1054 3762 perfectas
1081 3696 1337 3747 scientias
1366 3699 1390 3746 ?
1409 3695 1593 3763 (Ibid)
1626 3693 1850 3749 Habent

267 3779 368 3835 ista!
385 3781 559 3837 nubes
575 3781 816 3837 semitas
831 3781 1244 3849 subtilissimas,
1257 3781 1470 3836 scilicet
1485 3787 1690 3836 sanctae
1712 3799 1848 3853 prai-

265 3867 535 3925 dicationis
563 3871 711 3936 vias,
745 3877 986 3942 augusta
1006 3871 1210 3942 quippe
1239 3875 1403 3941 porta
1429 3875 1517 3924 est
1535 3886 1657 3941 qua:
1694 3871 1849 3926 ducit

264 3958 320 4010 ad
340 3959 521 4014 vitam.
549 3961 666 4015 Eos
711 3976 844 4029 ergo
873 3977 973 4031 per
1004 3960 1232 4014 semitas
1263 3959 1602 4028 astringunt,
1637 3960 1731 4030 qui
1775 3959 1846 4014 ab

263 4045 570 4102 intentionis
589 4065 792 4102 eorum
820 4049 1047 4102 tramite
1077 4065 1177 4120 per
1207 4043 1323 4102 lata
1349 4049 1544 4102 mundi
1566 4048 1845 4103 desideria

263 4138 524 4206 evagando
547 4154 669 4192 non
699 4145 906 4192 exeunt
938 4156 949 4190 :
971 4144 1126 4191 arcta
1146 4137 1296 4190 enim
1313 4136 1455 4190 bene
1473 4137 1690 4190 vivendi
1720 4155 1844 4192 cen-

263 4239 377 4278 sura
393 4243 502 4280 non
515 4233 605 4280 est
620 4227 811 4297 ampla
822 4227 928 4292 via,
943 4226 1041 4280 sed
1058 4226 1278 4292 semita,
1301 4226 1360 4279 in
1383 4242 1494 4296 qua
1513 4226 1844 4296 praedicator

1935 1831 2023 1886 his
2051 1831 2200 1884 enim
2251 1830 2564 1884 conﬁdebat
2617 1847 2757 1901 quos
2795 1829 2912 1902 ipse
2957 1831 3289 1885 fundaverat
3327 1831 3386 1884 in
3424 1831 3532 1884 ﬁde.

1939 1921 2174 1987 Christi;
2207 1919 2478 1990 partitum
2509 1919 2658 1973 enim
2679 1919 2814 1972 dicit
2841 1919 3142 1990 unicuique
3179 1919 3250 1973 ad
3295 1935 3434 1990 quos
3474 1920 3530 1974 in

1937 2009 2331 2081 praedicatione
2359 2007 2715 2078 diligeretur,
2730 2014 2795 2062 ut
2822 2007 3027 2078 singuli
3046 2007 3262 2078 aliquas
3281 2008 3532 2062 civitates
3633 2003 3645 2010 ’

1935 2098 2192 2170 proprias
2209 2097 2500 2162 haberent,
2534 2097 2604 2150 de
2627 2113 2867 2168 quorum
2888 2097 2998 2150 ﬁde
3016 2097 3414 2168 gloriarentur.
3431 2098 3529 2150 Dei

1937 2187 2086 2241 enim
2114 2193 2255 2240 nutu
2277 2185 2672 2240 Macedonibus
2701 2185 3004 2256 praedicare
3023 2185 3324 2239 advocatus
3343 2189 3429 2238 est
3443 2184 3531 2238 hic

1934 2277 2252 2347 Apostolus,
2277 2281 2334 2329 et
2365 2280 2428 2328 ut
2458 2274 2762 2328 Corinthiis
2793 2274 3200 2344 evangelizaret
3231 2291 3266 2327 a
3292 2273 3529 2327 Domino

1936 2364 2183 2419 monitus
2214 2371 2316 2417 est.
2342 2363 2442 2417 His
2462 2380 2596 2432 ergo
2632 2363 2906 2416 audenter
2932 2363 3200 2432 loquitur,
3235 2379 3373 2434 quos
3411 2361 3528 2432 ipse

1933 2452 2204 2519 fundavit,
2227 2458 2286 2506 et
2313 2453 2382 2506 ad
2409 2468 2548 2522 quos
2577 2451 2676 2505 Dei
2700 2458 2841 2504 nutu
2860 2450 3113 2522 pervenit
3145 2469 3156 2502 :
3181 2450 3396 2504 ceteris
3417 2466 3527 2504 non

1933 2541 2032 2596 tali
2060 2539 2282 2605 ﬁducia,
2317 2540 2449 2611 quia
2476 2541 2534 2594 in
2563 2539 2746 2594 aliena
2783 2539 2982 2609 regula
3008 2544 3188 2600 erant,
3224 2539 3327 2592 hoc
3357 2546 3442 2592 est
3470 2539 3526 2592 in

1934 2637 2092 2702 parte
2103 2630 2338 2684 alterius
2350 2628 2704 2698 evangelistae
2713 2673 2724 2685 .
2733 2630 2852 2683 Non
2864 2631 3014 2682 enim
3026 2631 3188 2697 quasi
3199 2644 3311 2682 non
3315 2631 3464 2696 perti
3468 2645 3528 2681 n-

1933 2725 2112 2787 gentes
2126 2721 2198 2772 ad
2217 2735 2306 2772 vos
2317 2719 2823 2786 supereatendimus
2835 2735 2950 2771 nos.
2971 2717 3088 2771 Hoc
3108 2723 3212 2782 est,
3242 2733 3353 2770 non
3370 2717 3530 2788 quasi
3591 2787 3598 2796 ι

1933 2825 2046 2862 non
2061 2809 2216 2861 missi
2229 2807 2583 2878 pervenimus
2594 2807 2665 2860 ad
2679 2823 2777 2861 vos
2797 2807 2855 2860 in
2875 2805 3289 2877 praedicatione,
3301 2807 3398 2860 sed
3412 2807 3533 2859 des-

1931 2897 2096 2950 tinati
2107 2897 2222 2951 Deo
2250 2896 2509 2949 mittente
2539 2912 2642 2949 nos
2672 2895 2742 2949 ad
2771 2912 2886 2949 vos.
2910 2895 3316 2966 Superextendi
3338 2901 3528 2948 autem

1933 2991 2019 3039 est
2044 2985 2194 3038 ultra
2224 2985 2466 3049 extendi,
2507 3001 2678 3055 quam
2708 2985 3051 3050 conceditur,
3082 2983 3179 3037 sed
3213 3000 3326 3036 non
3358 2983 3526 3048 ultra,

1931 3074 2065 3144 quia
2092 3089 2416 3126 mensuram
2435 3073 2591 3127 dedit
2605 3074 2774 3137 Deus,
2800 3089 2969 3143 quam
2989 3078 3280 3129 servarent
3296 3089 3530 3142 evange-

1931 3163 2071 3217 listae
2085 3163 2226 3232 ejus,
2249 3178 2416 3230 quam
2431 3161 2520 3214 hic
2541 3178 2600 3215 se
2620 3161 2928 3216 custodisse
2939 3166 3200 3216 testatur.
3225 3161 3356 3216 Ideo
3376 3161 3526 3215 enim

1928 3252 2034 3306 hoc
2065 3251 2326 3318 ostendit,
2351 3257 2416 3304 ut
2442 3249 2623 3304 sciant
2650 3251 2912 3322 quoniam
2943 3269 2978 3304 a
3006 3251 3122 3304 Deo
3151 3251 3222 3304 ad
3256 3251 3360 3304 hos
3385 3249 3529 3304 dire—

1928 3347 2051 3395 ctus
2097 3345 2200 3406 est,
2245 3356 2310 3393 ac
2339 3356 2441 3410 per
2467 3339 2572 3393 hoc
2611 3338 2878 3393 obaudire
2920 3339 3044 3393 illos
3073 3339 3277 3394 debere
3313 3339 3528 3394 monita

1928 3431 2070 3499 ejus,
2104 3446 2175 3483 ne
2195 3434 2617 3482 contemnentes
2632 3429 2748 3482 Deo
2761 3446 2796 3482 a
2823 3445 2933 3499 quo
2948 3429 3152 3483 missus
3167 3434 3253 3483 est
3265 3429 3526 3483 resistere

1927 3518 2269 3571 viderentur.
2309 3519 2477 3586 Usque
2505 3519 2580 3570 ad
2605 3533 2695 3570 vos
2713 3521 2863 3570 enim.
2877 3521 3233 3585 pervenimus
3264 3521 3325 3571 in
3343 3519 3526 3572 Evan-

1927 3610 2067 3676 gelia
2087 3609 2310 3669 Christi,
2331 3609 2517 3658 nonin
2546 3608 2881 3658 immensum
2909 3609 3210 3673 gloriantes
3240 3609 3304 3658 in
3320 3609 3524 3660 alienis

1929 3695 2228 3750 laboribus.
2253 3694 2356 3747 Hic
2387 3691 2737 3746 manifestius
2765 3699 3000 3763 apparet
3029 3693 3179 3763 quod
3208 3692 3360 3757 dicit,
3393 3692 3525 3762 quia

1928 3784 2046 3854 ipse
2077 3782 2202 3836 illos
2218 3781 2568 3848 fundaverat,
2591 3781 2717 3834 ideo
2737 3787 2899 3834 tanta
2917 3780 3123 3834 ﬁducia
3135 3781 3205 3834 ad
3219 3781 3320 3834 hos
3349 3781 3525 3850 loqui-

1927 3878 2057 3926 tur:
2090 3887 2192 3924 nec
2221 3871 2370 3924 enim
2416 3869 2606 3924 labore
2647 3869 2879 3924 alterius
2916 3868 3173 3940 acquisiti
3201 3868 3427 3922 fuerant
3452 3869 3522 3922 ad

1927 3962 2116 4025 ﬁdem,
2149 3960 2296 4014 sicut
2322 3959 2382 4013 in
2402 3958 2514 4012 alia
2543 3959 2792 4030 Epistola
2819 3959 2901 4014 ait
2929 3959 2981 4025 (Ῑ
2995 3960 3118 4014 θον.
3145 3961 3221 4027 iv)
3241 3977 3258 4012 :
3285 3959 3346 4010 In
3370 3957 3524 4011 Chri-

1925 4057 2006 4104 sto
2018 4051 2167 4103 enim.
2179 4064 2278 4117 per
2301 4049 2662 4115 Evangelium
2683 4065 2774 4115 ego
2789 4065 2878 4101 vos
2887 4051 3072 4116 genui.
3081 4048 3208 4101 Non
3221 4063 3354 4118 ergo
3367 4052 3524 4101 extra

1926 4136 2248 4192 mensuram
2281 4137 2574 4206 gloriatur,
2619 4137 2715 4207 qui
2758 4136 2814 4190 in
2862 4135 3051 4190 labore
3080 4153 3182 4190 suo
3223 4135 3518 4205 gloriatur.

1927 4227 2086 4296 Spem
2119 4232 2306 4280 autem
2334 4227 2586 4280 habentes
2617 4229 2900 4284 crescentis
2922 4227 3050 4294 ﬁdei
3069 4231 3256 4282 castra:
3283 4227 3346 4278 in
3375 4226 3522 4277 vobis

265 4313 450 4384 quique
473 4315 733 4370 studiose
753 4315 1174 4384 constringitur,
1195 4315 1290 4386 qui
1320 4331 1381 4368 se
1396 4313 1500 4368 sub
1542 4321 1906 4412 praecepto-D
1926 4318 2300 4384 niagniﬁcari.
2333 4314 2480 4378 Quia
2515 4314 2760 4368 fructum
2791 4314 2997 4368 laboris
3039 4319 3229 4384 sperat
3274 4313 3519 4382 quaesita:

263 4416 370 4454 rum
397 4403 659 4458 custodia
686 4403 924 4458 sollicite
955 4409 1376 4474 coangustetur.

321 4489 600 4545 Nonem'm
615 4493 887 4545 audemus
898 4495 1261 4555 inserere,aut
1271 4506 1591 4558 comparare
1607 4506 1703 4544 nos
1713 4493 1841 4560 qui-

265 4575 490 4645 busdam,
503 4583 609 4648 qui
621 4583 817 4648 seipsos
835 4581 1236 4634 commendant.
1260 4579 1495 4646 (Ambr.l
1513 4579 1584 4632 Hi
1601 4578 1841 4649 suntqui

266 4657 574 4739 semetipsos
597 4669 1012 4735 commendant,
1040 4669 1136 4740 qui
1167 4685 1279 4722 non
1309 4673 1537 4739 accepta
1563 4673 1840 4739 potestate

263 4753 518 4810 dominari
546 4757 765 4822 volunt,
797 4758 1012 4811 nomini
1043 4774 1144 4812 suo
1169 4757 1514 4811 vindicantes
1542 4757 1840 4811 auctorita-

263 4847 383 4910 tem;
409 4847 503 4916 qui
515 4846 671 4900 enim
693 4846 939 4900 mittitur
956 4862 1068 4900 non
1081 4845 1208 4912 sibi,
1231 4847 1328 4900 sed
1349 4845 1398 4899 ei
1411 4863 1446 4899 a
1465 4862 1575 4916 quo
1592 4845 1838 4899 mittitur

261 4931 481 4988 vindicat
509 4939 873 5006 potestatem,
910 4951 1012 5006 per
1039 4935 1185 5006 quod
1215 4935 1387 4989 etiam
1435 4933 1678 4988 ostendit
1715 4951 1775 4988 se
1803 4952 1838 4988 a

266 5017 476 5076 Domino
492 5024 942 5094 dispensatorem
959 5025 1215 5078 electum.
1237 5025 1327 5078 Sic
1348 5039 1480 5093 ergo
1494 5040 1609 5076 non
1629 5039 1688 5077 se
1708 5039 1835 5076 con-

260 5107 440 5180 iungit,
465 5118 569 5166 aut
599 5118 888 5184 comparat
925 5113 1013 5166 his
1044 5113 1138 5183 qui
1176 5129 1288 5166 non
1317 5111 1474 5166 missi
1505 5111 1829 5182 praedicant,

261 5195 372 5251 dum
407 5201 549 5254 nihil
581 5201 733 5255 ultra
781 5217 1105 5256 concessum
1159 5201 1465 5272 praesumit.
1499 5201 1604 5256 Sed
1633 5203 1741 5269 ipsi
1769 5204 1830 5254 in

263 5285 394 5340 nobis
414 5293 765 5359 nosmetipsos
797 5294 1090 5357 metientes,
1117 5296 1166 5344 et
1196 5295 1572 5358 comparantes
1603 5295 1832 5343 nosmet-

264 5374 378 5438 ipsos
392 5379 566 5432 nobis.
584 5379 687 5433 Nos
695 5396 770 5433 au
779 5386 882 5432 tem
903 5383 966 5432 in
977 5395 1309 5432 immensum
1321 5378 1713 5447 gloriabimur,
1739 5380 1830 5433 sed

263 5467 536 5520 naiadum
553 5483 875 5522 mensuram
897 5471 1116 5536 regulae,
1139 5483 1308 5536 quam
1341 5483 1560 5521 mensus
1581 5473 1658 5520 est
1675 5469 1828 5521 nobis

1924 4405 2054 4458 ﬁdei
2096 4420 2312 4468 eorum,
2345 4403 2551 4457 idcirco
2581 4420 2693 4457 non
2737 4403 3085 4472 negligenter
3113 4402 3216 4454 hoc
3262 4417 3432 4470 agere
3459 4417 3518 4453 se

1923 4495 2222 4564 proﬁtetur
2251 4509 2322 4546 ne
2351 4491 2532 4546 tmdiis
2565 4497 2623 4546 et
2659 4491 2929 4546 molestiis
2958 4491 3200 4552 cederet,
3233 4489 3364 4559 quia
3401 4505 3517 4542 ma-

1920 4581 2176 4652 gniﬁcari
2195 4598 2253 4635 se
2282 4579 2460 4633 credit
2487 4580 2635 4650 apud
2668 4581 2867 4643 Deum,
2900 4578 2945 4631 si
2977 4583 3292 4648 augeantur
3317 4577 3376 4630 in
3406 4576 3514 4630 ﬁde

1923 4671 2207 4725 auditores
2235 4671 2376 4738 ejus,
2399 4668 2542 4721 sicut
2567 4667 2704 4720 dicit
2719 4667 2990 4720 Dominus
3021 4685 3032 4720 :
3053 4669 3230 4732 Pater,
3249 4669 3392 4720 sicut
3412 4668 3514 4718 mi-

1920 4763 2044 4814 sisti
2064 4776 2148 4813 me
2177 4762 2239 4812 in
2271 4759 2419 4810 hunc
2449 4758 2746 4820 mundum,
2781 4762 2830 4808 et
2867 4772 2958 4824 ego
2988 4759 3118 4809 misi
3153 4772 3236 4809 eos
3273 4758 3336 4809 in
3365 4756 3514 4809 hunc

1921 4850 2218 4911 mundum,
2233 4853 2281 4900 et
2287 4862 2392 4916 pro
2413 4851 2489 4900 eis
2509 4849 2787 4912 sanctiﬁco
2806 4848 3076 4914 meipsum
3111 4844 3290 4910 (Joan.
3324 4847 3474 4912 xvm)
3494 4862 3518 4900 :.

1919 4937 2023 4990 hoc
2040 4936 2192 5000 dicit,
2229 4937 2361 5006 quia
2389 4934 2771 4990 testimonium
2794 4933 3047 5004 magistri
3066 4939 3124 4987 et
3141 4933 3199 4986 in
3227 4931 3510 5002 discipulis

1877 5056 1882 5060 -
1916 5023 2364 5080 obaudientibus.
2390 5026 2547 5079 Unde
2568 5023 2676 5077 ait:
2696 5027 2763 5078 In
2781 5025 2924 5076 vobis
2943 5024 3509 5091 magnificari,secun-

1915 5116 2052 5168 dum
2078 5117 2328 5180 regulam
2353 5119 2602 5168 nostram
2615 5117 2679 5167 in
2695 5113 3122 5174 abundantiam,
3145 5113 3312 5164 etiam
3326 5112 3388 5162 in
3403 5111 3506 5163 illa

1915 5219 2032 5271 qua:
2059 5205 2212 5255 ultra
2241 5218 2330 5255 ros
2357 5209 2487 5256 sunt
2511 5202 2917 5269 euangelizare.‘
2965 5201 3168 5254 Laetior
3186 5199 3255 5253 de
3285 5197 3395 5252 ﬁde
3415 5214 3506 5252 eo-

1913 5290 2216 5355 rum,ultra
2225 5307 2321 5344 eos
2334 5290 2767 5360 prmdicaturum
2779 5305 2838 5342 se
2853 5288 3165 5342 necessario
3185 5288 3501 5359 proﬁtetur,

1911 5380 1982 5434 ad
2013 5395 2294 5448 augenam
2322 5379 2561 5448 gloriam
2588 5377 3015 5449 praedicationis,
3039 5375 3135 5430 ubi
3167 5393 3278 5430 non
3319 5377 3502 5430 adhuc

1909 5468 2096 5523 fuerat
2114 5467 2495 5539 praedicatum.
2529 5469 2646 5521 Non
2676 5470 2740 5520 in
2767 5469 2953 5520 aliena
2964 5468 3158 5533 regula
3184 5466 3358 5529 inhis,
3384 5482 3501 5532 quae
3569 5507 3578 5514 .

263 5549 395 5617 Dm,
407 5571 727 5610 mensuram
735 5559 1092 5625 pertingendi
1102 5573 1272 5626 usque
1281 5557 1356 5611 ad
1372 5556 1666 5611 vos.Tanta
1673 5572 1734 5610 se
1744 5557 1829 5610 uti
1905 5562 2221 5626 praeparata
2234 5561 2366 5610 sunt
2375 5559 2632 5623 gloriari.
2657 5553 3013 5609 Manifestum
3031 5560 3117 5608 est
3130 5553 3264 5624 quia
3275 5552 3360 5605 vir
3371 5569 3498 5620 pru-
