3966 6168
487 277 591 335 219
1082 282 1144 334 Β.
1191 280 1460 336 MBAN!
1501 281 1733 338 MHR]
1771 281 2106 338 ARCHIEP.
2149 283 2472 340 MOGUNT.
2517 285 2814 342 OPBRUM
2851 286 3034 354 PARS
3073 287 3172 344 ΙΙΙ.
3652 287 3756 344 πο

487 419 644 486 dens,
662 433 779 485 non
798 421 854 474 in
874 421 962 473 his
976 419 1222 486 conﬁdit,
1255 429 1439 490 neque
1456 420 1697 490 gloriam
1726 427 1934 492 sperat,
1959 431 2082 492 quae

2170 411 2235 459 ut
2263 417 2328 460 ex
2347 407 2484 478 ipsis
2510 407 2818 478 virginibus
2829 415 3047 465 constet
3067 427 3155 478 ea,
3172 425 3297 483 quo)
3315 411 3522 468 dicitur
3530 427 3754 483 spanos.

487 509 544 562 in
567 509 806 562 aliorum
827 508 1401 562 laboribusconstant.
1427 510 1557 562 Ideo
1580 514 1638 562 et
1650 511 1950 580 Apostolus
1973 524 2084 564 non
2165 500 2436 565 tanquam
2477 496 2523 550 si
2550 497 2808 552 omnibus
2847 499 3178 554 Christianis
3211 501 3269 554 in
3306 502 3609 556 Εωιθείαπη
3629 512 3759 556 con-

487 599 658 652 audet
683 599 739 651 in
789 598 889 650 hos
936 597 1032 667 qui
1061 596 1184 650 aliis
1225 598 1654 668 praedicantibus
1697 581 2078 666 crediderunt,
2166 584 2540 651 currentibus.
2573 585 2674 640 ﬁlii
2701 587 2772 640 ad
2818 594 3059 644 matrem
3106 603 3438 645 Concurrere
3476 589 3754 656 dicunt“,

485 697 556 741 ne
603 687 661 740 in
681 685 877 739 alienis
907 680 1192 740 laboribus
1213 687 1444 756 gloriari
1490 683 1774 742 videretur
1804 705 1814 740 ε
1840 689 1939 741 sed
1977 689 2083 741 hoc
2163 685 2292 726 cum
2329 689 2396 727 ex
2435 673 2569 744 ipsis
2597 675 2726 730 ﬁliis
2766 683 2983 737 constet
3011 690 3098 746 ea.
3142 696 3266 751 qum
3297 679 3506 734 dicitur
3535 683 3754 746 metu;

485 775 701 838 nititur,
725 779 788 827 ut
821 773 902 826 eis
931 773 1195 844 praedicet
1225 767 1425 845 quibus
1455 787 1566 828 non
1623 781 1747 829 emt
1779 777 2081 830 annuntio-

2170 777 2316 816 nuno
2343 762 2495 818 enim
2529 765 2866 835 desponsata
2891 771 2979 822 est
3007 767 3254 822 Ecclesia
3289 774 3348 822 et
3388 767 3544 839 virgo
3571 775 3658 823 est
3684 768 3758 822 ad

485 867 624 920 tum.
650 867 714 914 ut
730 861 966 931 gloriam
999 862 1188 916 labore
1223 878 1325 917 suo
1357 867 1591 934 quaerat.
1627 867 1735 930 (lui
1759 871 1946 918 autem
1971 869 2083 933 gto—
2165 851 2390 921 nuptias
2418 853 2792 922 Ρθνάυοθηάαν
2829 855 2886 909 id
2913 861 3018 923 θοις
3041 871 3170 913 cum
3207 874 3268 912 ιθ
3294 858 3545 912 continet
3579 873 3615 911 α
3639 869 3762 911 ων-

485 953 675 1004 ruitur
706 954 772 1020 in
811 952 1040 1004 Domino
1077 951 1368 1018 glorietur.
1405 952 1520 1006 Hoc
1549 952 1698 1006 dicto
1746 952 2083 1023 signiﬁcavit

2170 940 2424 1010 raptione
2455 943 2737 1008 saeculari;
2775 943 2870 998 illo
2917 951 3109 1000 autem
3135 951 3390 1018 tempore
3424 945 3616 1011 nubet,
3647 961 3760 1016 quo

486 1040 664 1110 ipsam
694 1039 1110 1102 conﬁdentiam,
1130 1040 1433 1108 etglorium
1452 1041 1688 1094 Domino
1703 1042 1966 1105 dandam,
1993 1055 2085 1096 cu-

479 1131 575 1199 jus
591 1129 778 1198 gratia
788 1133 890 1192 est,
911 1133 975 1182 ut
995 1129 1091 1199 qui
1105 1127 1161 1182 in
1193 1133 1468 1199 potestate
1485 1130 1804 1200 eVangelica
1832 1128 2082 1198 confidit,

485 1217 602 1272 Deo
629 1223 856 1272 auctore
885 1218 1148 1284 conﬁdat,
1183 1224 1247 1270 ut
1275 1223 1519 1288 quaestus
1548 1220 1730 1272 omnis
1761 1219 1967 1288 negotii
2008 1219 2087 1273 di-

488 1307 600 1360 vini
639 1307 876 1383 Domino
905 1307 960 1359 in
991 1307 1207 1360 lucrum
1257 1308 1462 1360 veniat.
1508 1308 1614 1361 Sed
1649 1309 1742 1378 qui
1783 1321 1896 1362 non
1923 1321 2084 1362 acce-

486 1396 570 1468 pit
594 1399 928 1466 potestatem
949 1409 984 1448 a
1011 1397 1126 1449 Deo
1139 1409 1250 1450 non
1279 1401 1464 1466 potest
1490 1397 1548 1450 in
1570 1397 1806 1451 Domino
1832 1397 2082 1466 gloriari,

487 1485 621 1555 quia
637 1497 799 1539 suam
827 1485 1066 1554 gloriam
1111 1485 1330 1554 quaerit.
1371 1479 1494 1539 Non
1523 1488 1674 1538 enim
1711 1487 1812 1554 qui
1845 1489 2086 1554 seipsum

487 1575 844 1630 commendat.
880 1577 974 1626 ille
1015 1575 1280 1641 probatus
1321 1580 1415 1635 est,
1457 1574 1549 1627 sed
1575 1586 1732 1642 quem
1771 1576 1908 1628 Deus
1945 1589 2086 1628 com-

487 1663 732 1716 mmdat.
752 1662 962 1715 Verum
973 1663 1078 1728 est,
1095 1661 1229 1732 quia
1245 1656 1404 1716 illum
1415 1659 1684 1716 Dominus
1705 1663 2080 1729 commendat,

2168 1029 2429 1083 universa
2457 1031 2800 1087 mortalitate
2831 1040 3205 1104 praetereunte
3232 1035 3538 1090 immortali
3568 1047 3762 1088 conce-

2169 1117 2358 1188 ptione
2380 1119 2587 1175 fetatur
2619 1139 2629 1172 :
2662 1123 3012 1191 Desponsavi,
3027 1124 3230 1194 inquit,
3253 1140 3341 1178 vos
3371 1127 3477 1178 uni
3494 1127 3614 1177 viro
3637 1127 3762 1178 cir-

2167 1209 2352 1272 ginem
2383 1213 2588 1262 costam
2633 1211 2876 1265 eahibero
2923 1213 3154 1266 Christo.
3194 1213 3322 1278 Vos,
3361 1213 3564 1283 inquit,
3593 1213 3763 1282 virgi-

2169 1310 2298 1350 nem
2318 1313 2352 1350 a
2379 1297 2582 1367 plurali
2610 1299 2682 1352 ad
2721 1299 3065 1370 singularem
3111 1302 3448 1356 concludens
3480 1319 3492 1354 :
3531 1301 3656 1356 ideo
3702 1308 3764 1354 et

2170 1384 2412 1454 virgines
2444 1385 2551 1440 dici
2581 1394 2897 1456 possunt,et
2918 1389 3092 1459 virgo.
3116 1392 3293 1446 Timeo
3313 1396 3500 1446 autem
3522 1406 3588 1444 ne
3616 1393 3762 1443 sicut

2166 1489 2383 1541 serpens
2412 1475 2582 1529 Evam
2609 1479 2826 1532 sedth
2843 1481 3053 1534 astutia
3064 1495 3183 1542 sua,
3211 1483 3292 1533 ita
3317 1484 3764 1548 corrumpantur

2165 1577 2353 1615 sensus
2384 1567 2566 1630 vestri,
2599 1570 2646 1618 et
2676 1567 2930 1620 excidant
2958 1583 2994 1620 a
3039 1571 3360 1636 simplicate,
3395 1584 3514 1635 qua
3567 1573 3642 1622 est
3694 1569 3764 1620 in

2167 1650 2380 1704 Christo
2441 1651 2680 1722 (Ambr.)
2732 1653 2991 1712 Ostendit
3020 1671 3133 1726 qua
3167 1672 3337 1710 causa
3371 1655 3590 1726 cogitur
3627 1671 3764 1709 vera

488 1757 545 1804 et
571 1750 665 1804 ille
694 1749 962 1821 probatus
992 1725 1094 1813 est,
1112 1725 1298 1821 onem
1329 1747 1562 1821 dignum
1599 1751 1784 1818 habet,
1817 1766 1882 1806 ac
1911 1725 2085 1806 mittit
2104 1725 2150 1784 Β
2169 1737 2238 1792 de
2259 1755 2319 1793 θθ
2355 1742 2672 1810 Ρνοίθθωνίς
2706 1743 2778 1796 δά
2828 1745 2934 1798 hoc
2961 1725 3111 1798 enim
3156 1745 3394 1815 gloriam
3424 1725 3529 1798 sibi
3567 1744 3763 1798 “tam

487 1842 552 1893 ut
571 1839 835 1910 praedicet
875 1832 1082 1893 donum
1116 1841 1256 1909 ejus.
1291 1840 1469 1904 Quem
1505 1845 1696 1894 autem
1737 1855 1845 1895 non
1890 1840 2080 1905 mittit,

489 1939 602 1982 non
631 1928 788 1982 illum
820 1929 1176 1982 commendat
1211 1947 1220 1980 :
1248 1921 1367 1999 ipse
1397 1935 1586 1982 autem
1633 1944 1694 1983 se
1729 1930 2088 1984 commendat

490 2018 584 2088 qui
618 2029 728 2070 non
766 2018 968 2071 missus
999 2017 1282 2087 praedicat.
1333 2031 1397 2070 ac
1428 2031 1530 2087 per
1557 2018 1660 2072 hoc
1701 2019 1934 2072 idoneus
1974 2035 2085 2073 non

493 2111 596 2162 est.
621 2107 716 2159 sed
741 2107 1112 2176 prmeumptor
1141 2112 1196 2159 et
1224 2105 1513 2176 reprobus.
1767 2111 1769 2113 '

1106 2293 1340 2356 CAPUT
1377 2297 1472 2356 XI.

493 2427 880 2495 Pra'niittcndo
913 2429 1184 2479 rationem.
1215 2443 1374 2479 suam
1387 2432 1544 2495 ponit
1566 2429 2089 2482 commendationem

591 2489 892 2563 Apostolus,
927 2513 990 2547 cm
1015 2499 1130 2549 suis
1161 2489 1429 2565 operitur},
1453 2502 1500 2550 et
1533 2495 1696 2550 malis
1721 2501 1998 2566 perpessis.

571 2637 790 2689 Utinam
801 2639 1146 2689 .mstinerrtis
1159 2638 1284 2689 mod
1289 2640 1430 2689 tcum
1451 2638 1586 2704 quid
1598 2641 1930 2704 insipientis
1941 2655 2086 2703 more,

494 2724 655 2776 sedet
697 2725 1014 2791 supportatc
1067 2736 1166 2777 me.
1231 2723 1469 2792 (Ambr.)
1501 2722 1776 2795 Incipiens
1835 2741 1966 2778 vera
2021 2726 2090 2780 de

494 2813 794 2882 semetipso
841 2821 1092 2876 narrare,
1145 2803 1500 2882 insipientem
1540 2829 1599 2867 se
1635 2813 1790 2874 dicit,
1835 2815 1968 2884 quia
2022 2815 2091 2868 ad

493 2901 717 2954 laudem
744 2901 868 2970 ejus
897 2901 1117 2954 videtur
1133 2901 1434 2971 pertinere.
1461 2901 1698 2972 Propter
1718 2903 1866 2972 quod
1881 2903 2092 2957 dictum

416 3041 420 3045 .
491 2993 594 3052 est,
623 3001 774 3043 «non
803 2995 860 3043 te
881 2989 1112 3044 laudent
1140 2989 1285 3044 labia
1301 2995 1420 3058 tua,
1437 2991 1782 3061 sedproximi
1801 2991 1915 3045 tui:
1941 3013 1966 3043 ι)
1991 2993 2090 3046 sed

494 3079 582 3132 hic
611 3079 802 3133 dolore
822 3079 1176 3148 compellitur
1203 3083 1432 3150 propter
1478 3080 1598 3146 hos,
1649 3080 1746 3150 qui
1774 3097 1902 3134 cum
1923 3081 1992 3134 de
2023 3097 2088 3134 eo

491 3179 606 3240 prie
637 3167 852 3222 ueteris
872 3165 1014 3221 bene
1044 3164 1252 3222 sentire
1281 3167 1569 3234 deberent,
1608 3169 1836 3239 indigne
1880 3169 2089 3224 sentie-

491 3257 647 3311 bant.
681 3257 930 3310 :Enmtor
968 3259 1118 3310 enim
1144 3265 1232 3310 vos
1266 3258 1362 3310 Dei
1398 3260 1746 3312 aemulatione
1789 3260 2090 3326 :dcspondi

492 3349 643 3399 enim
673 3357 762 3398 vos
780 3347 886 3397 uni
906 3347 1310 3413 virovirginem
1346 3351 1554 3399 castam
1575 3347 1822 3400 solabere
1853 3347 2084 3401 Christo.

492 3433 627 3498 Quae
647 3434 935 3487 locuturus
965 3439 1051 3486 est
1079 3448 1271 3487 amore
1297 3447 1493 3488 eorum
1515 3433 1798 3488 dicturum
1825 3451 1886 3488 se
1908 3440 2090 3488 osten-

2167 1830 2481 1900 proﬁtetur,
2515 1846 2626 1886 non
2655 1837 2720 1886 ut
2748 1850 2806 1887 se
2843 1833 3051 1898 laudet,
3084 1835 3183 1888 sed
3213 1839 3281 1889 ut
3321 1835 3448 1888 illos
3485 1832 3766 1888 deformet

2169 1919 2264 1989 qui
2295 1919 2398 1973 sub
2417 1920 2642 1974 nomine
2674 1921 2882 1977 Christi
2919 1927 3117 1978 contra
3155 1923 3443 1978 Christum
3497 1922 3766 1993 pandicu-

2169 2007 2322 2073 bant,
2357 2025 2392 2061 a
2421 2009 2624 2079 quibus
2667 2011 2939 2064 Corinthii
2993 2011 3424 2078 soduocbantur,
3465 2017 3522 2066 et
3557 2011 3769 2066 veritas

2171 2097 2286 2150 haec
2314 2097 2402 2152 his
2431 2099 2610 2168 magis
2652 2112 2821 2169 quam
2852 2099 2903 2152 ei
2933 2102 3248 2170 proliceret.
3281 2102 3398 2156 Hoc
3433 2100 3587 2156 enim
3621 2099 3764 2169 agit.

2171 2198 2241 2240 ne
2261 2187 2564 2242 audiantur
2593 2188 2933 2254 seductores,
2991 2202 3130 2260 quos
3170 2189 3392 2244 diabolo
3419 2189 3771 2260 comparavit

2171 2280 2399 2346 propter
2437 2276 2702 2330 astutiam
2730 2277 2959 2332 malitiae
2989 2293 3204 2345 eorum,
3247 2279 3380 2350 quia
3403 2292 3771 2348 corrumpere

2169 2363 2419 2418 ﬁdelium
2439 2367 2657 2420 condas
2675 2365 2906 2439 veritate
2934 2367 3142 2422 Christi
3173 2373 3468 2422 conantur.
3492 2367 3610 2422 Hoc
3629 2383 3770 2436 ergo

2171 2453 2379 2508 timens
2406 2465 2629 2525 semper
2671 2454 2944 2510 sollicitus
2971 2455 3041 2510 de
3069 2456 3150 2510 eis
3204 2463 3293 2510 est
3339 2471 3410 2510 ne
3467 2456 3767 2510 violentur.

2174 2541 2362 2611 (Αιισ.)
2379 2542 2776 2612 Virginitatem
2795 2545 3256 2615 corporis'paucaa
3293 2543 3514 2600 femina)
3556 2543 3772 2598 habent

2173 2631 2230 2683 in
2265 2630 2526 2697 Ecclesia,
2555 2632 2652 2684 sed
2683 2632 3065 2702 virginitatem
3116 2633 3298 2688 cordis
3353 2649 3550 2688 omnes
3569 2633 3770 2688 ﬁdeles

2173 2717 2382 2772 habent
2418 2719 2476 2772 in
2506 2720 2629 2790 ipsa
2673 2721 2802 2774 ﬁde.
2851 2721 3247 2791 Virginitatem
3293 2721 3477 2777 cordis
3529 2721 3775 2776 timebat

2172 2809 2474 2878 Apostolus
2492 2810 2778 2880 corrumpi
2811 2827 2846 2863 a
2881 2810 3122 2876 diabolo,
3163 2825 3334 2882 quam
3361 2811 3458 2882 qui
3511 2810 3774 2882 pordide~

2175 2897 2307 2962 rint,
2339 2897 2462 2950 sine
2479 2914 2648 2952 causa
2687 2904 2819 2954 sunt
2845 2899 3088 2968 virgines
3121 2915 3372 2971 corpore.
3432 2899 3637 2954 Mulier
3679 2914 3774 2954 ca-

2173 2985 2381 3040 tholica
2411 2985 2674 3056 praecedit
2700 2987 2972 3057 virginem
2992 2988 3450 3052 hmreticamgilla
3474 2988 3626 3043 enim
3652 3003 3770 3043 non

2171 3080 2255 3128 est
2273 3074 2428 3144 virgo
2456 3075 2516 3129 in
2535 3090 2786 3146 corpore,
2821 3077 2918 3130 illa
2955 3077 3158 3132 mulier
3187 3077 3335 3132 facta
3362 3083 3447 3132 est
3484 3077 3542 3132 in
3572 3078 3767 3142 corde,

2170 3169 2229 3217 et
2257 3163 2478 3229 mulier,
2512 3181 2625 3218 non
2645 3181 2679 3218 τι
2697 3163 2920 3231 marito,
2953 3167 3051 3220 sed
3083 3183 3117 3220 a
3142 3172 3422 3238 serpente.
3465 3166 3610 3230 Quid
3658 3183 3769 3222 au-

2172 3258 2288 3306 tem
2307 3252 2548 3308 Ecclesia
2586 3253 2806 3324 'tSuper
2831 3257 3095 3324 aspidem,
3127 3256 3332 3327 inquit,
3364 3262 3414 3310 ct
3443 3257 3770 3310 basilicon":

2171 3343 2483 3396 ambulabis
2511 3343 2630 3408 (rex
2657 3351 2743 3398 est
2759 3345 3108 3414 serpentium
3134 3344 3446 3412 basiliscus,
3465 3344 3547 3399 sic
3565 3343 3772 3399 diabo-

2172 3431 2260 3486 lus
2286 3447 2384 3484 rex
2405 3437 2492 3485 est
2517 3431 2967 3502 daemoniorum),
3000 3440 3048 3488 et
3089 3435 3430 3488 concutcubi:
3478 3437 3689 3488 leonem
3719 3441 3773 3487 et

491 3523 592 3582 dit,
625 3527 688 3575 ut
716 3534 827 3576 non
849 3521 1026 3591 magis
1055 3523 1124 3575 ad
1154 3523 1377 3576 laudem
1427 3523 1550 3592 ejus
1581 3524 1855 3593 proﬁciat,
1877 3525 1976 3576 sed
2019 3525 2089 3577 ad
2169 3521 2464 3574 draconem
2495 3522 2658 3585 (Prol.
2684 3523 2794 3588 xc).

493 3613 691 3665 horum
723 3611 1052 3681 profectum,
1089 3615 1154 3664 ut
1195 3611 1432 3674 discant,
1469 3613 1942 3682 quemadmodmn
1986 3629 2088 3683 pa-
2247 3608 2388 3662 Nam
2425 3611 2478 3661 si
2527 3612 2573 3662 is
2609 3613 2710 3678 qui
2750 3596 2915 3673 venit,
2964 3613 3144 3666 alium
3189 3610 3471 3666 Christum
3505 3611 3778 3678 praedicat

425 3705 430 3715 ‘
495 3700 640 3754 renti
678 3709 780 3753 suo
803 3697 862 3753 in
883 3700 1181 3770 Evangelia
1219 3699 1440 3754 faveant
1461 3716 1472 3752 :
1494 3700 1627 3771 quia
1646 3701 1978 3772 vituperatio
2001 3717 2094 3772 pa-
2173 3711 2334 3764 quem
2365 3709 2477 3751 non
2491 3699 2936 3766 pradt'cameus,
2965 3705 3066 3754 aut
3092 3702 3274 3754 alium.
3287 3702 3551 3767 spiritum
3569 3701 3781 3766 accipi-

491 3790 616 3854 tﬂs,
647 3789 918 3842 detractio
941 3784 1186 3843 {Iliorum
1217 3794 1319 3854 est,
1353 3794 1411 3843 et
1465 3789 1588 3842 laus
1619 3789 1866 3844 filiorum
1912 3790 2094 3860 gloria
2178 3788 2266 3852 tis,
2323 3802 2482 3854 quem
2533 3801 2646 3840 non
2706 3791 3004 3856 accepistis,
3037 3793 3137 3843 aut
3187 3788 3349 3842 aliud
3384 3789 3778 3855 Evangetium,

493 3879 671 3948 patris
727 3883 830 3931 est.
856 3876 1113 3947 Virgines
1170 3889 1305 3947 ergo
1353 3892 1448 3931 eos
1497 3891 1618 3932 esse
1665 3877 1722 3932 in
1782 3879 1910 3944 ﬁde,
1945 3879 2094 3932 unde
2175 3876 2320 3942 quod
2376 3891 2488 3928 non
2561 3879 2852 3945 recepistis,
2918 3881 3058 3930 recte
3118 3879 3471 3944 pater-omini.
3531 3874 3784 3943 (Ambr.)

495 3971 552 4019 et
571 3971 928 4036 corruptores
958 3961 1086 4018 ﬁdei
1117 3966 1330 4018 zelatur
1349 3965 1420 4020 ab
1452 3965 1557 4033 his,
1581 3971 1646 4020 ut
1666 3967 1724 4020 in
1753 3967 1842 4020 die
1895 3967 2093 4037 judicii
2174 3964 2360 4027 Quare
2389 3963 2500 4019 ait:
2527 3965 2674 4020 Recte
2701 3967 3060 4033 patorcmini,
3096 3965 3142 4018 si
3165 3965 3310 4018 alius
3338 3963 3491 4018 vobis
3515 3963 3788 4020 Christus

493 4053 961 4106 incontaminatos
982 4067 1077 4106 eos
1092 4053 1528 4124 assignctjudici
1561 4055 1802 4108 Christo.
1838 4055 1980 4109 Hinc
2008 4063 2094 4110 est
2173 4053 2506 4123 praedicatus
2551 4053 2767 4116 fuisset,
2803 4060 2902 4108 aut
2929 4053 2976 4108 si
3015 4053 3158 4108 alius
3201 4053 3452 4125 spiritus,
3481 4053 3565 4106 vel
3617 4053 3782 4106 aliud

498 4141 646 4194 unde
673 4141 808 4193 etin
829 4137 1147 4210 Apocalipsi
1175 4142 1408 4195 Joannis
1439 4143 1646 4211 legitur
1675 4161 1685 4195 :
1720 4145 1793 4196 Hi
1819 4151 1966 4210 sunt,
2003 4147 2090 4200 in-
2175 4141 2539 4210 Evangelium
2621 4143 2896 4197 traditum
2941 4141 3096 4196 vobis
3139 4142 3336 4197 ﬁxisset
3360 4179 3374 4206 ,
3428 4155 3557 4196 cum
3617 4141 3785 4196 dicat

497 4229 637 4299 quit,
656 4232 756 4297 qui
768 4243 893 4282 cum
907 4227 1236 4282 mulieribus
1250 4234 1964 4299 senoncoinqu-inauerunt,
1981 4238 2092 4288 vir-
2174 4230 2389 4284 Galatia
2421 4249 2434 4282 τ
2461 4231 2524 4286 Si
2569 4235 2692 4300 quis
2737 4233 2882 4286 vobis
2920 4233 3352 4285 aruzuntiavorit
3389 4237 3777 4298 praterquam

495 4321 648 4386 gines
669 4320 819 4370 enim
829 4323 1264 4386 pernmnscrtmt
1281 4335 1298 4372 :
1314 4318 1376 4371 hi
1391 4323 1704 4386 sequuntur
1724 4323 1944 4388 Agnum
1963 4339 2092 4391 quo—
2108 4357 2156 4418 Β
2173 4320 2318 4386 quod
2347 4323 2642 4388 accepistis,
2687 4321 2984 4373 anathema
3018 4323 3090 4373 sit
3109 4325 3133 4373 ν
3152 4318 3301 4388 (Gal.
3335 4320 3394 4386 ι.)
3441 4319 3501 4372 Si
3551 4318 3786 4374 Calatis

495 4419 724 4474 cumque
753 4401 906 4459 vadit
931 4407 1110 4473 (Apoc.
1133 4411 1266 4472 xxv).
1292 4407 1355 4460 In
1385 4407 1716 4463 mulieribus
1732 4425 1979 4464 errorem
2012 4401 2496 4477 iii-"perversum
2571 4416 2694 4462 erat
2747 4407 2902 4462 aliud
2939 4407 3210 4478 accipere,
3258 4421 3428 4477 quam
3501 4407 3571 4460 ab
3627 4424 3782 4478 apo-

493 4493 796 4564 gniflc'avit,
828 4493 959 4565 quia
980 4507 1138 4547 error
1164 4509 1266 4565 per
1288 4495 1582 4549 mulierem
1613 4499 1800 4568 coepit,
1842 4499 1986 4552 sicut
2035 4505 2094 4553 et
2173 4496 2330 4549 stolis
2358 4497 2544 4550 fuerat
2570 4497 2862 4563 traditum,
2887 4497 3166 4568 quomodo
3214 4496 3520 4550 Corinthiis
3547 4501 3784 4550 rectum

495 4579 713 4636 Jeznbel
742 4583 1036 4636 mulierem
1057 4583 1193 4636 dicit
1211 4589 1440 4655 propter
1467 4599 1694 4640 uxorem
1724 4587 1932 4654 Achab,
1969 4605 2092 4658 qua:
2172 4590 2314 4650 erat,
2345 4585 2392 4638 si
2412 4585 2556 4638 alius
2584 4585 2842 4640 Christus
2881 4585 3214 4656 praedicatus
3244 4585 3352 4640 illis
3380 4584 3575 4639 fuisset
3595 4583 3621 4636 7
3655 4585 3782 4638 Sed

497 4670 612 4744 zelo
661 4668 796 4723 Baal
853 4670 953 4723 Dei
1004 4672 1305 4742 prophetas
1354 4672 1557 4726 occidit
1609 4677 1712 4737 (ll!
1760 4677 1882 4742 Reg.
1917 4680 2088 4741 xvm),
2172 4673 2354 4728 sciens
2378 4675 2676 4744 Apostolus
2705 4690 2993 4744 nunquam
3019 4674 3194 4728 alium
3236 4674 3541 4738 Christum,
3593 4689 3786 4743 quam

497 4768 623 4810 cum
645 4757 990 4828 intelligatur
1002 4759 1336 4826 idololatria,
1359 4762 1494 4831 quia
1513 4769 1952 4833 corrumpuntur
1980 4780 2094 4818 mo-
2176 4763 2324 4816 hunc
2345 4763 2438 4832 qui
2468 4763 2764 4818 cruciﬁkus
2793 4769 2879 4816 est
2907 4763 3218 4834 praedicari,
3247 4763 3454 4817 idcirco
3475 4763 3575 4826 ait,
3620 4763 3791 4817 Recte

443 4883 454 4894 .
496 4857 606 4910 res,
649 4851 706 4898 et
759 4846 889 4900 ﬁdei
949 4847 1170 4902 veritas.
1213 4849 1357 4902 Nam
1401 4849 1447 4903 si
1499 4850 1761 4905 mulieres
1793 4851 2089 4922 intelligas,
2171 4855 2526 4919 paterrmim',
2560 4853 2608 4906 si
2634 4851 2790 4906 Vobis
2809 4853 2954 4906 alius
2983 4853 3167 4922 potior
3193 4852 3452 4907 Christus
3471 4851 3542 4905 ab
3561 4851 3652 4906 his
3673 4855 3798 4922 qui

498 4941 562 4988 ut
589 4933 712 4988 ideo
767 4939 931 5005 putes
985 4935 1228 5006 virgines
1283 4937 1480 5002 dictas,
1540 4938 1672 5008 quia
1716 4949 1951 5010 corpora
1991 4957 2097 4995 sua
2176 4940 2406 4994 veniunt
2433 4940 2764 5012 praedicatus
2783 4941 3007 5005 fuisset;
3032 4941 3450 4996 Galatissutem
3471 4941 3808 4996 anathema.

495 5023 935 5078 incontaminata
999 5029 1376 5090 servaverunt,
1432 5026 1680 5081 excludis
1727 5027 1797 5081 ab
1832 5029 1935 5082 hac
1977 5030 2095 5099 glo-
2174 5027 2332 5092 dixit,
2366 5030 2414 5083 si
2444 5029 2594 5084 aliud
2615 5030 2878 5084 audirent
2894 5030 3043 5100 quod
3063 5029 3382 5100 nonutique
3405 5031 3587 5099 majus
3601 5040 3802 5088 esset.

497 5111 580 5165 ria
612 5117 851 5179 sanctos,
886 5113 1020 5183 quia
1045 5129 1238 5167 omnes
1267 5114 1502 5184 apostoli
1524 5115 1772 5186 exceptis
1803 5117 2016 5171 Joanne
2037 5124 2096 5172 et
2175 5119 2274 5171 sed
2301 5119 2668 5172 contrarium.
2701 5119 2876 5173 Porro
2904 5124 3122 5184 autem,
3142 5119 3344 5190 inquit,
3376 5119 3495 5190 ipse
3516 5118 3810 5176 Christus

500 5201 672 5255 Paulo
741 5211 939 5255 Uxores
985 5201 1321 5266 habuerunt,
1382 5208 1439 5255 et
1515 5203 1638 5257 vide
1674 5221 1746 5258 an
1801 5206 2094 5260 conveniat
2172 5207 2509 5276 praedicatur
2538 5207 2608 5260 ab
2655 5207 2762 5272 his,
2784 5207 2881 5278 qui
2904 5224 2940 5262 a
2965 5207 3126 5262 nobis
3155 5209 3543 5273 annuntiatur,
3579 5213 3642 5260 et
3671 5209 3808 5264 hoc

499 5299 762 5343 accusare
789 5291 1105 5361 apostolum
1135 5292 1383 5356 Petrum,
1417 5292 1512 5362 qui
1539 5293 1756 5364 primus
1785 5294 1935 5348 inter
1961 5283 2093 5366 apo-
2175 5296 2555 5366 Evangelium,
2579 5297 2714 5367 quid
2745 5310 2926 5350 causa:
2958 5303 3062 5360 est,
3093 5302 3159 5352 ut
3185 5314 3286 5350 nos
3335 5297 3629 5352 inferiores
3677 5298 3808 5352 ha-

498 5379 671 5432 stolos
699 5385 802 5444 est,
835 5381 1045 5448 quanto
1067 5379 1245 5447 magis
1272 5379 1420 5434 inter
1437 5388 1669 5436 ceteros
1694 5383 1781 5450 ι(Α
1792 5385 1912 5456 ag.)
1930 5384 2089 5448 Quod
2172 5383 2426 5449 beamur,
2459 5395 2586 5440 cum
2609 5385 2748 5440 nihil
2769 5385 3010 5455 amplius
3029 5386 3100 5440 ab
3131 5385 3241 5439 illis
3266 5386 3594 5440 addiscatur
3612 5386 3638 5438 ?
3668 5389 3806 5442 Su—

498 5477 629 5519 vero
650 5467 706 5518 in
738 5465 1058 5534 evangelica
1071 5465 1336 5536 parabola
1351 5467 1574 5538 (Matth.
1611 5474 1744 5538 xxv)
1775 5488 1981 5541 sponso
2010 5473 2091 5526 di-
2171 5473 2362 5543 perius
2391 5474 2460 5529 de
2487 5474 2967 5546 pseudoapostolis
2986 5474 3254 5545 loquitur,
3286 5475 3805 5544 ﬁdeicorruptori-

498 5555 579 5622 sit
605 5552 824 5608 obviam
865 5553 1057 5607 venire
1078 5554 1338 5624 Virgilius,
1378 5557 1456 5611 sic
1485 5557 1910 5628 intelligendum
1930 5567 2092 5631 puto;
2171 5561 2294 5628 bus,
2327 5563 2431 5619 hoc
2449 5564 2568 5620 loco
2599 5569 2787 5619 autem
2835 5563 2905 5618 de
2944 5564 3090 5618 veris
3119 5563 3594 5634 praedicatoribus,
3632 5567 3809 5634 quia
