4034 6162
291 342 371 398 ηε
677 331 1255 389 cumnam
1289 332 1367 388 IN
1405 332 1560 390 app.
1601 302 1817 389 PAULI

1914 333 1991 388 [Β.
2034 332 2185 389 XIII.
2222 358 2285 376 -ι
2316 333 2395 389 [Ν
2435 334 2654 390 EPIBT.
2697 335 2751 391 ll
2788 336 2884 392 AD
2923 337 3083 393 COR.
3405 335 3512 397 ω

291 464 418 537 plain
450 460 854 516 Corinthiorum
884 460 1054 513 variis
1082 461 1366 515 oneribus
1402 460 1730 527 aestuabat,
1769 467 1836 515 ut
1853 461 2098 523 Amasis
2122 460 2342 515 oblatos
2358 469 2620 533 sumptus
2641 462 2921 527 refutavit,
2956 478 3027 517 ne
3068 470 3127 517 et
3171 465 3514 536 pseudoapo-

287 553 431 623 aliqui
444 552 681 604 faverem
701 548 1203 619 pseudoapostolis,
1227 550 1457 620 quidam
1475 551 1555 603 eis
1574 568 1612 603 a
1630 550 1832 620 quibus
1912 551 2072 603 stolis
2084 551 2287 603 similis
2304 551 2668 618 inveniremr,
2683 553 2904 622 quinon
2921 553 2993 605 ad
3006 553 3246 622 gloriam
3270 554 3391 621 Dei,
3412 556 3508 608 sed

284 638 563 711 compositis
594 636 777 690 verbis
818 636 1020 690 eadem
1064 637 1374 692 audiebant
1410 654 1535 709 qua
1573 638 1644 692 ab
1679 640 1830 708 Apr»
1910 640 1983 693 ad
2002 655 2163 693 suam
2189 639 2495 693 utilitatem
2515 640 2909 711 praedicabant,
2936 648 3000 696 ut
3018 657 3132 696 non
3165 644 3513 697 occasionem

279 731 399 785 mlo
436 726 739 789 audiunt,
798 725 898 779 alii
969 732 1161 780 autem
1222 728 1492 798 apostolis
1546 726 1825 789 favebant,
1910 728 2229 798 miperent
2252 728 2646 798 depmdandi;
2677 730 2788 784 alio
2818 730 2972 783 enim
3019 745 3133 784 non
3182 732 3508 802 accipiente,

280 819 529 890 piarum
563 815 801 869 Domino
838 813 1080 877 factum,
1122 816 1441 886 apostolum
1476 824 1644 870 suum
1681 816 1829 869 Pam-
1910 831 2024 870 non
2081 822 2267 886 potest
2322 817 2467 871 alter
2511 819 2755 873 multum
2802 820 3082 889 expetere,
3133 825 3195 873 et
3240 835 3311 873 ne
3356 820 3513 890 vigor

281 909 375 962 iam
398 903 778 969 deformatos,
807 903 947 973 quia
972 904 1032 957 in
1053 918 1228 959 carae
1254 919 1372 959 non
1409 904 1609 958 viderit
1636 904 1828 958 Domi~
1908 904 2243 975 evangelicae
2273 907 2566 976 potestatis
2597 913 2974 979 toapesceret;
3008 909 3103 978 qui
3135 908 3288 962 enim
3314 926 3352 962 a
3380 924 3512 979 peta-

282 1012 407 1049 num.
1908 994 2167 1048 antibus
2194 995 2415 1064 accipit,
2440 996 2714 1063 arguendi
2744 996 3140 1051 auctoritatem
3168 997 3399 1051 amittit.
3418 998 3511 1052 Sic

337 1084 576 1138 manu:
602 1084 753 1133 enim
786 1097 870 1133 me
901 1082 1045 1134 nihil
1082 1085 1270 1134 minus
1316 1083 1496 1148 facim:
1539 1097 1573 1135 α
1614 1087 1829 1149 magnis
1910 1098 2046 1150 ergo
2073 1084 2411 1147 exaltantur,
2445 1099 2572 1137 cum
2601 1085 2727 1138 ideo
2754 1085 2823 1137 ab
2852 1086 2936 1138 eis
2973 1100 3085 1138 non
3127 1087 3415 1157 accipitur,
3447 1092 3512 1140 ut

275 1172 512 1241 «putatis.
546 1171 675 1223 Non
712 1170 831 1222 ruit
859 1170 1102 1237 gratiam
1126 1169 1225 1222 Dei
1245 1169 1569 1223 inferiorem
1589 1171 1647 1223 in
1675 1171 1830 1223 sevi-
1908 1172 2151 1241 correpti
2195 1172 2585 1233 emendentur,
2632 1189 2669 1226 a
2716 1180 2896 1226 morte
2944 1175 3141 1228 elevati
3194 1176 3263 1228 ad
3315 1176 3504 1229 vitam.

1910 1261 2065 1313 Alias
2094 1264 2343 1314 ecclesias
2374 1264 2672 1328 os-smtc'act'
2691 1266 2964 1330 umquam
2984 1265 3256 1331 stipendia
3296 1266 3371 1317 ad
3399 1268 3507 1316 mi-

1912 1351 2207 1402 nisterium
2234 1352 2495 1415 vestrum,
2512 1355 2562 1402 c1
2579 1365 2706 1402 mm
2726 1366 2891 1403 essem
2913 1353 3062 1419 apud
3087 1366 3177 1405 vos
3204 1357 3251 1404 et
3275 1366 3502 1420 egerem,

1912 1439 2063 1490 nulli
2078 1452 2336 1490 onerosus
2361 1440 2468 1505 fui.
2491 1439 2911 1492 Ostenditenlm
2932 1453 3044 1493 non
3063 1442 3245 1493 solum
3264 1442 3510 1495 noluisse

1908 1540 1971 1578 se
1998 1525 2068 1578 ab
2095 1526 2179 1579 eis
2209 1526 2480 1596 accipere,
2513 1528 2609 1580 sed
2641 1534 2699 1580 et
2741 1528 2813 1581 ab
2840 1528 2965 1581 aliis
2995 1529 3293 1599 awepisse,
3321 1535 3382 1583 et
3426 1531 3509 1583 eis

1912 1614 2279 1677 ministrasse,
2314 1621 2371 1667 et
2398 1621 2463 1669 ut
2495 1615 2736 1669 multum
2765 1617 2869 1670 hoc
2896 1618 3159 1671 ostendat
3183 1617 3372 1684 fuisse,
3395 1632 3507 1673 non

279 1261 391 1323 deri,
420 1260 544 1329 quia
572 1257 1043 1312 similitnrdocuit
1068 1265 1130 1310 et
1159 1258 1357 1311 eadem
1401 1258 1550 1324 fecit,
1584 1274 1708 1328 quae
1751 1260 1830 1313 a-

274 1348 463 1403 ciehant
484 1347 722 1417 apostoli
764 1346 865 1416 qui
894 1346 1286 1416 propensiores
1310 1346 1664 1411 videbantur,
1694 1348 1830 1418 quia

276 1438 455 1508 priores
488 1440 771 1506 ceperunt
806 1436 1008 1489 docere
1037 1442 1099 1488 et
1144 1435 1369 1489 (iterant
1397 1451 1530 1489 cum
1566 1436 1823 1491 Domino.

275 1526 407 1581 Unde
423 1525 646 1594 majoris
665 1523 1018 1577 aucmn'tatis
1047 1539 1170 1576 esse
1199 1523 1560 1594 putabantur,
1580 1541 1711 1578 cum
1729 1526 1830 1579 hu—

270 1618 347 1685 jus
370 1614 607 1684 Apostnli
636 1613 836 1666 electio
854 1628 985 1666 cum
1011 1612 1336 1666 testimonio
1378 1613 1471 1679 sit,
1502 1619 1562 1667 et
1590 1613 1830 1683 amplius

270 1704 454 1757 amis
480 1701 835 1765 laborarem,
869 1706 927 1755 et
965 1700 1267 1755 Dominum
1312 1700 1373 1755 in
1405 1702 1617 1772 teinplo
1659 1718 1829 1757 orans
1910 1718 2130 1773 parum,
2159 1703 2244 1757 ait
2275 1722 2286 1755 :
2320 1705 2476 1758 Alia:
2514 1708 2809 1773 etqmlc‘avt‘
2856 1710 3101 1760 meum
3145 1709 3220 1760 ad
3259 1711 3509 1761 minaces

273 1792 458 1855 viderit,
484 1798 543 1845 et
568 1792 795 1844 locutus
825 1790 901 1844 sit
927 1790 1000 1843 ei.
1031 1791 1097 1843 Et
1134 1793 1184 1842 εἰ
1222 1793 1514 1859 inmitti:
1558 1806 1821 1855 sermone,
1852 1788 2073 1851 Brium
2102 1798 2364 1846 vestrum.
2396 1794 2522 1846 Non
2553 1809 2725 1864 parva
2749 1808 2886 1863 ergo
2914 1795 3193 1865 signiﬁcat
3234 1811 3293 1849 se
3328 1796 3385 1849 in
3414 1810 3510 1850 eos

267 1882 455 1934 adeon
478 1883 730 1933 cauum.
757 1879 873 1933 Hoc
893 1894 1005 1932 non
1025 1879 1095 1932 ad
1114 1879 1398 1949 apostolos
1416 1879 1678 1949 pertinet,
1699 1880 1835 1949 quia
1912 1880 2253 1949 impendisse
2283 1899 2294 1932 :
2328 1897 2456 1935 cum
2484 1882 2637 1935 enim
2666 1883 2820 1947 dicit,
2855 1887 3171 1952 exspoliari,
3206 1886 3386 1938 multa
3420 1900 3509 1939 ac-

265 1984 357 2022 non
385 1975 536 2022 erant
558 1968 913 2038 eloquentes,
940 1972 1004 2021 ut
1024 1974 1162 2037 puta
1178 1966 1304 2021 sine
1320 1967 1545 2030 litteris,
1572 1968 1722 2038 pleni
1752 1974 1834 2022 ta-
1910 1974 2075 2038 cepta
2098 1974 2160 2021 et
2183 1969 2319 2023 data
2337 1970 2635 2040 signiﬁcat,
2662 1987 2774 2025 non
2797 1977 3055 2026 extorta:
3084 1973 3233 2027 unde
3261 1973 3505 2043 subjicit,

267 2073 375 2111 men
397 2062 582 2111 sancto
612 2057 854 2127 Spiritu,
878 2056 978 2110 sed
1014 2056 1115 2109 hos
1161 2056 1361 2126 tangit,
1394 2073 1534 2127 quos
1573 2057 1831 2127 praefere-
1910 2062 2140 2127 accepto
2180 2058 2478 2128 stipendio,
2511 2059 2855 2130 stipendium
2884 2061 3035 2114 enim
3063 2068 3151 2115 est
3177 2062 3325 2132 quod
3357 2064 3508 2115 milis

1911 2150 2040 2199 tans
2069 2146 2268 2216 accipit
2316 2149 2386 2200 ad
2421 2154 2683 2218 sumptus
2724 2150 2841 2202 vice
2886 2150 3174 2204 mercedis.
3228 2150 3507 2204 Ruborem

1910 2246 2046 2303 ergo
2101 2235 2337 2289 incussit
2374 2237 2473 2301 eis,
2517 2238 2650 2306 quia
2692 2253 2803 2291 non
2842 2238 3036 2309 utique
3073 2239 3201 2292 dolo
3224 2239 3505 2303 militavit,

1912 2324 2137 2393 quando
2168 2325 2288 2393 ipse
2316 2325 2398 2377 eis
2429 2325 2788 2390 ministravit,
2820 2336 2877 2378 et
2906 2332 2969 2379 ut
2995 2342 3098 2396 per
3128 2327 3229 2380 hoc
3262 2328 3511 2380 ministe-

1913 2411 2082 2475 rium,
2107 2413 2257 2482 quod
2287 2413 2662 2482 promiserant
2689 2413 2904 2467 facilius
2932 2415 3248 2484 implerent,
3275 2415 3512 2469 sitientes

1912 2517 1971 2553 se
2003 2516 2123 2555 esse
2154 2500 2456 2581 debitores,
2489 2508 2553 2555 ut
2600 2518 2711 2555 non
2748 2503 2908 2556 valde
2939 2505 3059 2572 jam
3093 2504 3401 2572 gloriosum
3438 2506 3513 2557 sit

1913 2589 2293 2643 ministerium
2322 2605 2539 2656 eorum,
2574 2591 2671 2644 sed
2698 2590 2970 2657 debitum,
2993 2607 3064 2645 ne
3084 2591 3170 2645 vel
3196 2592 3325 2646 inde
3345 2605 3405 2646 se
3427 2595 3513 2662 ja-

1911 2683 2150 2731 ctarent.
2191 2680 2254 2732 Et
2297 2696 2421 2731 cum
2460 2695 2642 2745 essem,
2690 2680 2889 2750 inquit,
2945 2682 3094 2749 apud
3140 2697 3245 2741 vos,
3290 2687 3339 2735 et
3383 2694 3506 2734 cum

1912 2782 2121 2833 agerem
2142 2770 2295 2820 nulla“
2311 2782 2571 2820 onerosus
2589 2770 2697 2835 fui,
2721 2769 2780 2822 in
2794 2774 3016 2823 tantum
3032 2770 3115 2823 eis
3134 2771 3404 2841 proﬁcere
3422 2786 3512 2824 vo-

1913 2855 2037 2920 luit,
2055 2861 2119 2908 ut
2137 2860 2446 2924 egestatem
2469 2870 2627 2909 suam
2657 2858 3040 2913 consolaretur
3068 2865 3297 2929 propter
3315 2875 3509 2913 eorum

1914 2944 2155 2997 salutem
2173 2962 2185 2996 :
2204 2954 2401 3013 passus
2413 2944 2562 2998 enim
2576 2952 2881 3014 egestatem
2895 2952 3189 3001 contentus
3200 2948 3323 3007 fuit,
3342 2962 3412 3001 ne
3430 2948 3510 3001 illi

1914 3032 2140 3102 aliquod
2161 3034 2487 3087 scandalum
2517 3038 2878 3104 paterentur:
2911 3035 3005 3105 qui
3036 3036 3189 3089 enim
3227 3036 3325 3090 dat
3353 3040 3513 3106 putat

265 2146 380 2200 bant
394 2145 668 2199 Corinthii
696 2160 871 2199 causa
896 2146 1141 2199 amanti
1166 2146 1462 2211 sermonis,
1497 2161 1625 2199 cum
1652 2146 1711 2199 in
1742 2162 1832 2200 re-

265 2235 443 2304 ligioe
472 2236 552 2288 vis
578 2235 865 2288 sermonis
893 2234 1209 2288 necessaria
1235 2234 1329 2300 sit,
1361 2250 1475 2288 non
1501 2249 1673 2289 sonus
1700 2235 1831 2288 dul-

264 2324 343 2376 cis.
372 2324 655 2387 Quomodo
684 2327 881 2377 tamen
921 2340 981 2377 se
1024 2322 1287 2377 humiliat
1321 2328 1388 2376 ut
1416 2323 1743 2393 imperitum
1770 2341 1832 2377 se

264 2429 363 2465 esse
389 2414 533 2466 dicat
550 2413 609 2466 in
632 2427 919 2477 sermone,
950 2418 1008 2465 et
1036 2410 1132 2465 ubi
1160 2418 1248 2466 est
1272 2412 1430 2477 illud,
1464 2412 1612 2483 quod
1633 2412 1832 2467 Festus

261 2502 325 2555 ait
353 2520 364 2554 :
393 2505 575 2568 huic,
605 2501 817 2571 inquit,
847 2503 1033 2563 Paulo,
1071 2505 1259 2554 multa
1282 2504 1479 2554 littera
1529 2507 1575 2553 to
1612 2503 1831 2568 radunt

259 2596 493 2643 extorrem
532 2590 909 2659 [excordem]?
940 2592 1077 2656 (Act.
1108 2592 1284 2658 xxvr.)
1317 2590 1434 2642 Hoc
1470 2605 1602 2658 ergo
1640 2589 1832 2643 dicens

259 2695 350 2732 non
368 2696 423 2732 se
442 2679 593 2749 loqui
617 2678 838 2732 nescire
870 2678 1047 2732 voluit
1066 2678 1337 2747 intelligi;
1371 2678 1469 2731 sed
1488 2683 1717 2749 propter
1736 2694 1832 2732 eos

258 2767 335 2836 qui
354 2783 458 2821 non
486 2784 591 2838 per
620 2768 819 2833 ﬁdem,
842 2767 939 2820 sed
982 2782 1082 2837 per
1126 2767 1503 2836 eloquentiam
1550 2783 1833 2820 commen-

254 2856 356 2909 dari
384 2856 663 2923 volebant,
699 2861 757 2910 et
788 2856 845 2910 in
876 2872 943 2909 eo
970 2861 1164 2909 tamen
1191 2855 1333 2908 dixit
1372 2871 1433 2907 se
1480 2855 1827 2925 imperitum,

257 2945 381 3013 quod
408 2961 518 2999 non
547 2945 729 2999 habet
756 2945 991 2998 crimen.
1026 2945 1089 2997 In
1119 2960 1185 2997 eo
1218 2949 1407 2997 autem
1434 2944 1586 3014 quod
1607 2959 1719 2997 non
1748 2959 1834 2997 ca-

256 3036 325 3086 ret
348 3034 595 3097 crimine,
631 3041 697 3087 et
725 3033 967 3104 acquirit
994 3032 1253 3095 salutem,
1276 3048 1389 3086 non
1419 3049 1480 3086 se
1507 3032 1832 3103 imperitum

257 3124 638 3190 pronuntiavit,
687 3122 819 3193 quia
861 3122 958 3192 qui
998 3120 1293 3192 imperitus
1331 3127 1419 3175 est
1457 3122 1517 3174 in
1550 3136 1828 3188 sermone,
1848 3124 1891 3186 C
1914 3139 1973 3174 se
1997 3122 2250 3183 exaltari,
2286 3128 2343 3174 et
2358 3124 2480 3191 jam
2508 3139 2620 3177 non
2649 3140 2708 3177 se
2738 3124 2951 3194 patitur
2977 3125 3157 3193 argui.
3199 3126 3343 3179 Nam
3370 3128 3513 3193 quod

254 3227 363 3265 reus
383 3228 492 3266 non
518 3218 613 3267 est
644 3211 798 3281 apud
818 3212 1017 3275 Deum,
1051 3210 1146 3281 qui
1187 3217 1377 3264 autem
1408 3210 1702 3264 scientiam
1733 3211 1832 3263 Dei
1918 3212 2058 3263 milii
2085 3211 2269 3263 deerat
2297 3216 2683 3279 suppleverunt
2713 3215 2936 3279 fratres,
2959 3212 3512 3281 quivenoruntafla-

255 3316 347 3353 non
367 3301 548 3362 habet,
573 3317 711 3354 reus
726 3302 814 3353 est
832 3299 1183 3369 ignorantia,
1207 3299 1343 3370 quia
1360 3314 1475 3354 non
1509 3299 1641 3353 licet
1672 3299 1833 3369 igno-

253 3404 375 3451 rare,
406 3391 654 3444 maxime
685 3389 835 3459 quod
862 3389 1107 3459 pertinet
1142 3389 1212 3441 ad
1253 3387 1514 3442 salutem.
1550 3387 1833 3452 Quamob-

252 3495 353 3531 rem
368 3479 697 3549 Apostolus,
719 3483 911 3547 spreta
929 3477 1267 3547 eloquentia,
1290 3477 1347 3531 id
1368 3476 1588 3546 agebat,
1612 3480 1677 3530 ut
1698 3477 1835 3531 fides

254 3571 373 3621 teste
401 3567 611 3621 virtute
653 3565 1011 3635 acceptabilis
1048 3573 1213 3627 esset,
1257 3572 1320 3620 ut
1365 3582 1478 3619 non
1520 3565 1688 3618 tidem
1725 3566 1835 3619 elo-

251 3657 455 3724 quentia
497 3655 948 3717 commendaret,
999 3655 1095 3707 sed
1144 3655 1337 3719 virtus,
1386 3654 1476 3706 cui
1526 3654 1672 3707 cedit
1718 3655 1834 3707 elo-

251 3745 475 3814 quentis.
510 3747 579 3798 In
614 3745 877 3798 omnibus
905 3748 1092 3797 autem
1129 3745 1459 3810 manifestus
1503 3758 1627 3796 sum
1666 3745 1829 3796 vobis.

250 3833 585 3888 Manifestum
604 3850 671 3887 se
692 3832 829 3887 dicit
848 3848 968 3886 esse
986 3830 1292 3887 Corinthiis
1310 3831 1369 3885 in
1397 3831 1676 3898 omnibus,
1702 3832 1836 3902 quia

249 3936 340 3975 non
371 3922 714 3993 ignorabant
755 3921 927 3975 etiam
966 3921 1229 3991 loquendi
1269 3920 1475 3974 habere
1502 3921 1657 3975 illam
1692 3921 1835 3990 peri-

244 4011 382 4075 tiam,
434 4020 493 4066 et
538 4013 653 4065 hoc
703 4010 943 4064 scientes
995 4009 1089 4062 alii
1146 4008 1407 4063 favebant
1461 4009 1519 4062 in
1579 4026 1663 4073 eo,
1725 4022 1834 4079 quo

1916 3300 2158 3352 cedonz'a.
2191 3301 2239 3352 Α
2268 3299 2663 3354 Macedonibus
2687 3317 2911 3371 semper
2930 3302 3161 3372 accepit,
3192 3303 3325 3373 quia
3355 3303 3511 3373 prius

1914 3386 2049 3440 vitia
2093 3403 2199 3441 sua
2232 3394 2619 3451 correxerunt:
2652 3396 2709 3442 et
2755 3390 2899 3443 sicut
2937 3408 2969 3443 a
3011 3377 3335 3445 Corinthiis.
3366 3392 3509 3446 soci-

1917 3475 2183 3546 piendum
2214 3492 2326 3531 non
2357 3483 2497 3539 erat,
2516 3493 2585 3531 ne
2606 3478 2717 3531 illis
2737 3479 2793 3531 in
2823 3479 3149 3533 scandalum
3179 3482 3508 3550 proﬁceret;

1915 3564 1995 3617 sic
2012 3565 2219 3619 iterum
2240 3582 2275 3618 a
2294 3562 2690 3620 Macedonibus
2714 3568 3097 3636 accipiendum
3119 3575 3260 3634 erat,
3280 3585 3349 3621 ne
3372 3568 3512 3621 bene

1917 3653 2261 3707 seminantes
2286 3654 2529 3708 fructum
2549 3655 2892 3708 aluitterent.
2926 3658 2991 3709 Et
3021 3660 3084 3711 in
3112 3658 3367 3709 omrn'bus
3396 3660 3513 3710 sine

1916 3758 2076 3795 onero
2108 3759 2191 3795 me
2213 3744 2359 3795 vobis
2387 3746 2600 3796 servavi
2629 3749 2677 3795 ot
2705 3745 2945 3797 servabo.
2973 3744 3037 3797 In
3065 3761 3131 3797 eo
3161 3761 3219 3797 se
3248 3759 3510 3814 perman-

1916 3846 2111 3885 surum
2140 3831 2293 3887 dicit.
2328 3835 2392 3885 ut
2420 3832 2467 3885 si
2496 3846 2555 3884 se
2584 3831 2888 3900 corrigunt,
2913 3838 3144 3902 propter
3163 3832 3510 3903 pseudoapo-

1917 3920 2107 3983 stolos,
2144 3919 2239 3990 qui
2267 3920 2613 3974 occasionem
2644 3919 2970 3989 qumrebant
2998 3921 3356 3991 depraedandi
3395 3934 3508 3975 eos.

1920 4010 2444 4077 (Greg.)Peusemus
2460 4025 2594 4077 ergo
2604 4009 2650 4062 si
2664 4010 3194 4078 possumus,Paulus
3207 4011 3511 4081 apostolus,

247 4097 396 4153 istum
417 4100 753 4154 inferiorem
782 4098 1123 4163 nesciebant,
1144 4097 1379 4167 ideoque
1416 4102 1728 4151 commotus
1759 4098 1835 4150 lo-
1919 4098 2011 4167 qui
2063 4103 2278 4150 tantum
2325 4097 2542 4167 patiens
2600 4097 2746 4151 inter
2798 4106 3200 4169 persecutores,
3241 4105 3515 4170 quantum

247 4189 433 4257 quitur,
456 4190 598 4259 quia
625 4188 735 4241 hoc
756 4188 917 4258 pejus
937 4193 1075 4251 erat,
1101 4194 1165 4240 ut
1194 4200 1323 4239 cum
1352 4186 1559 4239 scirent
1585 4186 1744 4239 illum
1776 4186 1833 4240 in
1917 4192 2245 4239 mansuetus
2274 4186 2419 4239 inter
2445 4186 2745 4256 discipulos
2784 4187 2971 4254 fuerit,
2996 4195 3146 4243 certe
3181 4189 3515 4243 Corinthum

250 4277 379 4330 nullo
406 4278 629 4342 deesse,
659 4276 1026 4330 humiliarent
1058 4275 1218 4329 illum
1255 4274 1487 4339 castoris,
1513 4289 1640 4329 cum
1670 4274 1836 4327 vidis-
1919 4275 2143 4328 veniens
2187 4274 2256 4328 ab
2298 4275 2576 4329 idolorum
2623 4277 2846 4330 servitio
2896 4278 3213 4331 Corinthios
3260 4279 3510 4343 retraxit,

249 4374 353 4420 sent
384 4384 483 4436 per
523 4382 666 4419 eum
712 4380 821 4418 non
862 4364 1044 4418 solum
1091 4362 1315 4433 impleri
1358 4362 1889 4436 prmdicationem,_
1919 4364 2043 4433 quis
2090 4371 2240 4416 esset
2284 4378 2448 4417 verus
2494 4366 2641 4419 Deus
2688 4365 2948 4427 innotuit,
2993 4372 3214 4419 aeternio
3266 4366 3346 4419 eis
3391 4367 3514 4419 vita)

250 4454 327 4506 sed
354 4431 514 4524 signa
541 4471 612 4508 ac
646 4452 902 4524 prodigia
933 4452 1053 4506 ﬁeri
1081 4431 1404 4522 apostolica.
1439 4452 1548 4504 Aut
1578 4431 1900 4519 nunquidD
1918 4431 2125 4521 gaudia
2176 4453 2513 4522 pruedicavit,
2547 4457 2603 4505 et
2631 4466 2757 4506 cum
2793 4470 3053 4521 magnam
3098 4454 3515 4507 multitudinem

248 4550 505 4609 peccatum
529 4545 645 4611 feci
662 4545 931 4610 msi'psum
951 4543 1281 4605 humilium,
1306 4546 1368 4593 ut
1386 4556 1475 4593 vos
1495 4543 1834 4594 cwaltomini.
1921 4541 2110 4612 populi
2138 4541 2194 4594 in
2230 4541 2338 4595 ﬁde
2370 4542 2703 4609 collegisset,
2736 4547 2952 4593 tantam
2983 4541 3094 4593 illic
3119 4540 3364 4611 inopiam
3394 4556 3517 4611 per-

252 4632 501 4695 Ouom'am
531 4628 719 4699 pratis
750 4631 1113 4697 Evangelium
1140 4631 1239 4683 Dei
1259 4632 1633 4696 wangelizavi
1662 4630 1835 4682 vobis?
1920 4629 2065 4693 tulit,
2099 4635 2164 4682 ut
2205 4630 2383 4683 victus
2421 4629 2508 4682 sui
2548 4629 2702 4698 gravi
2752 4628 3081 4681 necessitate
3112 4626 3427 4695 laboraret,
3462 4639 3519 4682 et

251 4718 506 4783 Quoniam
536 4719 727 4774 inﬂati
758 4725 921 4772 erant
949 4735 1014 4772 eo
1045 4718 1193 4789 quod
1222 4724 1481 4788 sumptus
1501 4717 1570 4770 ab
1590 4718 1672 4771 eis
1692 4717 1835 4771 acci-

253 4825 362 4876 pere
390 4810 598 4871 noluit,
636 4814 693 4861 et
721 4813 950 4879 propter
988 4808 1092 4861 hoc
1140 4807 1279 4860 alios
1322 4806 1372 4860 ei
1414 4806 1832 4877 praeponebant,

250 4897 449 4963 idcirco,
470 4896 737 4967 nunquid
773 4896 1009 4966 peccavi,
1033 4896 1130 4960 ait,
1154 4894 1288 4965 quia
1321 4912 1410 4949 me
1442 4895 1750 4959 humiliavi,
1774 4902 1838 4949 ut

255 5002 324 5038 me
350 4988 657 5057 indignum
679 4986 750 5039 ad
771 4985 1156 5055 accipiendum
1171 4983 1486 5053 judicarem
1506 4984 1531 5035 7
1558 4983 1690 5053 quia
1708 4983 1836 5037 inde

254 5075 368 5130 mihi
396 5075 739 5139 irascimini,
772 5091 899 5128 cum
941 5074 1044 5127 hoc
1082 5089 1195 5126 non
1226 5073 1437 5143 peccati
1466 5072 1556 5139 sit,
1589 5073 1685 5126 sed
1713 5074 1835 5141 glo-

252 5164 345 5218 riae.
366 5166 567 5235 Itaque
599 5164 683 5216 sic
710 5179 771 5216 se
799 5162 1133 5227 humiliavit,
1166 5177 1294 5215 cum
1323 5161 1380 5214 id
1410 5162 1557 5229 quod
1600 5161 1704 5215 sibi
1736 5163 1834 5214 de-

253 5249 481 5317 bebatur,
528 5269 652 5306 non
691 5252 877 5320 exegit
905 5270 914 5303 :
949 5250 1202 5305 debitum
1241 5250 1389 5303 enim
1425 5257 1564 5314 erat,
1597 5256 1662 5304 ut
1688 5266 1837 5304 sum-

254 5349 355 5409 ptus
370 5343 439 5395 ab
456 5343 550 5396 his
570 5340 868 5411 acciperet,
893 5339 1095 5410 quibus
1113 5339 1454 5410 praedicabat
1474 5339 1835 5407 Evangelium

256 5427 351 5487 Dei.
387 5431 535 5485 sicut
575 5430 854 5484 Dominus
896 5428 1188 5483 constituit
1234 5428 1422 5481 dicens
1457 5446 1467 5480 :
1504 5430 1717 5495 Dignus
1761 5434 1836 5481 ost

254 5525 515 5584 operarius
550 5520 795 5572 mercede
823 5533 926 5571 sua
959 5519 1103 5586 (Luc.
1140 5523 1229 5582 ηδ
1275 5517 1371 5569 sed
1409 5521 1476 5570 ut
1510 5517 1580 5570 ad
1629 5516 1836 5570 utilita-

257 5611 351 5661 ιω
382 5624 583 5662 eorum
638 5608 947 5677 proﬁceret,
988 5606 1254 5660 refutavit
1289 5625 1300 5659 :
1334 5605 1552 5660 duabus
1588 5605 1738 5659 enim
1770 5621 1837 5659 ex

1921 4733 2121 4787 panem
2152 4725 2315 4771 terra:
2353 4735 2386 4770 ει
2433 4716 2718 4787 discipulis
2761 4732 2873 4769 non
2912 4716 3142 4787 accepit,
3175 4717 3377 4787 quibus
3417 4732 3515 4789 pa-

1919 4822 2047 4859 nem
2078 4806 2200 4858 coeli
2230 4805 2567 4876 priedicavit,
2612 4804 2860 4858 instabat
2905 4805 3068 4859 verbo
3114 4822 3212 4876 pro
3258 4807 3373 4860 vita
3415 4823 3515 4861 au-

1919 4894 2212 4957 dientium,
2247 4894 2493 4947 instabat
2515 4893 2690 4946 labori
2712 4906 2981 4948 manuum
3005 4912 3105 4965 pro
3129 4895 3245 4948 vita
3271 4896 3517 4966 corporis

1919 4983 2024 5047 sui,
2059 4984 2128 5036 de
2161 4984 2326 5036 terris
2360 4999 2582 5053 quoque
2610 4982 2735 5037 aliis
2763 4984 2812 5036 ei
2843 4983 3119 5054 stipendia
3157 5001 3191 5037 a
3231 4984 3515 5054 discipulis

1918 5072 2305 5132 mittebantur,
2356 5076 2422 5125 ut
2481 5072 2783 5126 Corinthiis
2842 5073 3144 5143 praedicare
3195 5073 3511 5137 sufficeret;

1918 5161 2036 5231 ipse
2063 5160 2268 5231 quippe
2298 5161 2367 5214 ad
2399 5162 2623 5215 eosdem
2655 5162 2976 5215 Corinthios
3010 5167 3265 5232 postper
3294 5162 3516 5232 Episto-

1920 5250 2030 5303 lam
2061 5249 2327 5319 loquitur,
2360 5249 2550 5303 dicens
2579 5268 2589 5302 ε
2627 5252 2764 5304 Cum.
2794 5263 2957 5304 essent
2987 5252 3137 5318 apud
3169 5266 3256 5304 vos
3280 5257 3330 5305 ot
3358 5266 3516 5319 egue-

1918 5342 2050 5401 rim,
2084 5341 2236 5391 nulli
2264 5355 2522 5391 onerosus
2550 5342 2641 5406 fui
2658 5359 2674 5393 :
2697 5356 2829 5393 nam
2849 5340 2993 5407 quod
3022 5339 3164 5393 mihi
3192 5341 3514 5409 docratsup—

1912 5432 2200 5495 ple-verunt
2229 5430 2434 5494 [tatros
2463 5432 2561 5494 qui
2590 5432 2861 5481 venerunt
2886 5446 2919 5480 ιι
2947 5430 3282 5493 Macedonia,
3312 5429 3513 5500 quibtis

1918 5517 1987 5570 ad
2017 5531 2284 5583 magnum
2309 5532 2530 5586 quoque
2554 5515 2955 5587 improperium
2986 5517 3274 5587 prtumisit,
3298 5518 3505 5572 dicens:

1916 5608 2071 5660 Alias
2100 5606 2361 5659 Ecclesia:
2401 5609 2713 5672 exspol-iavi,
2746 5608 3015 5674 accipiens
3056 5608 3391 5674 stipendium
3434 5610 3507 5661 ad
