4034 6162
653 185 1234 282 ENARRA'I‘IONUM
1273 228 1351 283 IN
1390 227 1543 284 EPP.
1586 229 1800 286 PAULI
1839 230 1976 285 LIB.
2019 230 2349 286 XIIL—IN
2391 230 2614 286 EPIST.
2656 230 2706 284 II
2744 230 2840 284 AD
2880 230 3042 286 COR.
3388 230 3494 288 ‘226

255 347 578 417 insipientem
603 363 662 400 se
693 346 852 411 dicit,
887 347 1021 417 quia
1044 347 1308 403 videntur
1337 349 1409 403 ad
1429 349 1653 404 laudem
1686 352 1970 422 ejusAdo
2000 359 2170 423 negat
2218 355 2366 425 quod
2397 355 2568 420 dicit;
2619 355 2676 409 hi
2733 355 2882 409 enim
2932 356 3319 427 imprudentes
3353 359 3492 414 insi-

254 435 516 505 pertinere,
549 440 608 488 ut
631 440 680 488 et
709 451 826 501 ego,
857 435 1058 506 inquit,
1087 439 1360 490 modicum
1379 442 1606 507 glorier,
1625 441 1807 494 modi-
1890 441 2106 511 pientes
2127 443 2472 497 sull'erebant
2489 444 2657 497 falsos
2676 444 3289 514 apostolos.Sustinetis
3315 449 3486 513 enim,

250 541 356 576 cum
381 524 475 576 hoc
527 523 676 588 dicit,
728 523 862 594 quia
907 524 966 578 in
1005 524 1205 588 verbis,
1259 542 1372 580 non
1403 526 1462 580 in
1501 544 1667 582 sensu
1698 535 1802 582 est.
1886 533 1937 582 si
1963 534 2086 599 quis
2123 548 2214 588 eos
2261 535 2323 584 in
2359 535 2674 585 servitutem
2712 533 2930 600 redigit.
2985 533 3102 586 Hoc
3147 551 3338 588 verum
3378 542 3480 600 est,

249 613 351 665 Non
375 628 497 680 ergo
525 629 648 665 vere
679 612 748 664 ad
790 612 1031 680 gloriam
1069 603 1229 668 suain
1269 615 1384 670 haec
1413 616 1682 686 loquitur,
1706 617 1803 671 sed
1888 617 2022 688 quia
2051 618 2453 688 redigebantur
2492 621 2549 674 in
2593 620 2937 683 servitutem,
2973 637 3085 674 non
3113 639 3214 692 per
3241 624 3486 694 pruden-

247 700 343 753 mlt
360 699 460 752 illis
485 700 794 765 ostendere,
814 701 948 770 quia
970 718 1110 772 quos
1134 708 1336 773 putant
1349 704 1642 774 gloriosos,
1663 705 1802 759 nihil
1886 706 2044 773 tiam,
2069 708 2162 761 sed
2213 725 2314 778 per
2353 709 2653 762 stultitiam
2705 714 2767 762 ut
2811 709 3221 764 famularentur
3241 713 3484 782 pseudo-

247 789 349 858 plus
372 787 437 840 ab
460 789 558 842 hoc
589 787 817 854 habent,
853 807 916 842 ac
954 807 1055 860 per
1091 791 1195 846 hoc
1225 792 1272 845 si
1302 797 1574 863 putantur
1593 794 1650 846 hi
1679 795 1803 863 glo-
1886 796 2170 865 apostolis.
2207 797 2270 852 Si
2303 800 2426 866 quis
2452 799 2696 854 decorat.
2731 798 2846 850 Nec
2876 798 2981 851 hoc
3009 798 3212 852 falsum
3241 806 3326 854 est
3353 801 3486 871 quia

245 876 373 941 riosi,
401 889 454 930 et
472 894 574 947 ego
603 877 808 948 inquit,
845 879 970 932 ideo
1001 879 1320 951 insipientis
1349 881 1453 936 hoc
1488 899 1609 935 esse
1646 883 1798 945 dicit,
1884 884 2132 938 contenti
2161 891 2322 938 erant
2342 885 2596 938 devorari
2623 901 2710 938 res
2739 902 2870 939 suas
2900 903 2933 938 a
2958 885 3115 940 falsis
3136 887 3477 942 doctoribus.

245 965 372 1018 utad
397 965 617 1019 laudem
647 983 808 1020 suam
838 967 1052 1038 aliquid
1092 977 1483 1040 prosequatur,
1517 988 1576 1024 se
1612 977 1802 1026 autem
1883 971 1947 1026 Si
1988 976 2112 1041 quis
2141 977 2358 1042 accipit.
2408 974 2671 1044 Accipere
2719 979 2805 1028 est
2852 973 3097 1045 aliquem
3126 976 3253 1029 dolo
3285 994 3482 1048 capere

243 1059 461 1107 coactum
491 1055 607 1108 haec
627 1055 798 1126 loqui,
821 1056 974 1109 dolet
1001 1057 1152 1111 enim
1191 1058 1260 1122 ei,
1293 1063 1360 1113 ut
1387 1059 1512 1113 illos
1538 1065 1804 1130 putarent
1884 1059 2120 1132 ideoque
2147 1061 2428 1132 signiﬁcat
2455 1063 2557 1117 hos
2587 1062 2709 1134 capi
2741 1080 2776 1116 a
2825 1062 3034 1118 dolosis
3083 1064 3390 1134 magistris,
3426 1071 3484 1120 et

240 1142 488 1207 sublimes,
509 1143 612 1196 hoc
633 1149 973 1216 contempto,
988 1146 1084 1216 qui
1105 1145 1246 1200 nihil
1274 1147 1400 1218 plus
1429 1147 1498 1202 ab
1529 1165 1594 1204 eo
1627 1149 1799 1204 habe-
1880 1149 2026 1204 ferre
2055 1151 2204 1220 quod
2231 1168 2342 1205 non
2371 1151 2612 1222 expedit.
2663 1152 2728 1206 Si
2775 1153 2900 1220 quis
2938 1156 3244 1206 extollitur.
3289 1154 3478 1208 Extol-

239 1237 359 1283 rent.
411 1233 558 1298 Quod
593 1235 806 1300 loquor,
858 1250 968 1288 non
1023 1237 1219 1304 loquor
1258 1239 1562 1290 secundum
1603 1239 1794 1292 Deum.
1881 1237 2056 1292 lentia
2099 1239 2363 1310 superbia
2388 1247 2490 1305 est,
2535 1241 2636 1294 hos
2687 1257 2819 1310 ergo
2868 1240 3067 1311 tangit,
3103 1241 3198 1312 qui
3249 1243 3475 1313 superbi

239 1320 522 1374 Secundum
540 1321 722 1375 Deum
753 1338 866 1376 non
889 1321 1156 1393 loquitur,
1183 1325 1397 1396 quiaad
1420 1327 1604 1382 carnis
1619 1332 1800 1382 tumo—
1882 1333 2061 1392 erant,
2093 1328 2238 1381 male
2269 1334 2524 1383 taxantes
2553 1329 2902 1400 Apostolum,
2938 1335 2995 1381 et
3029 1329 3116 1382 his
3137 1347 3247 1384 non
3281 1331 3479 1402 displi-

239 1425 336 1460 rem
363 1409 469 1461 ha-c
497 1410 803 1480 pertinent,
851 1428 955 1464 nec
1000 1413 1069 1464 de
1108 1412 1398 1468 inﬂatione
1426 1416 1574 1486 apud
1620 1417 1800 1470 Deum
1881 1415 2175 1470 cebant.Si
2191 1421 2314 1486 quis
2335 1421 2395 1471 in
2406 1420 2707 1485 facz'emvos
2722 1419 2982 1472 eaeditJn
3015 1417 3212 1471 faciem
3227 1419 3476 1484 caeditur,

235 1497 389 1567 surgit
413 1499 608 1564 gloria,
653 1499 787 1569 quia
831 1501 980 1570 apud
1011 1501 1190 1556 Deum
1239 1503 1528 1558 humilitas
1555 1505 1818 1575 gloriosa~
1883 1503 1940 1557 in
1970 1505 2131 1574 cujus
2179 1523 2240 1558 os
2285 1505 2493 1573 injuria
2535 1505 2837 1575 irrogatur,
2872 1521 3019 1558 nunc
3049 1506 3151 1559 hos
3179 1506 3475 1576 signiﬁcat,

236 1585 428 1638 est.Sed
443 1591 608 1655 quasi
621 1591 684 1641 in
713 1591 1036 1657 insipientia
1054 1593 1118 1644 in
1145 1592 1573 1647 haesubstanlia
1587 1598 1794 1661 glorias.
1882 1593 1977 1663 qui
2007 1610 2072 1646 eo
2105 1594 2252 1664 quod
2277 1601 2464 1647 essent
2491 1612 2556 1647 ex
2582 1611 2790 1664 genere
2821 1593 3058 1648 Abrahae
3091 1594 3480 1650 obtrectabant

234 1675 336 1728 Non
362 1675 579 1744 plenam
611 1676 754 1730 dixit
779 1677 1184 1748 insipientiam,
1216 1682 1313 1735 sed
1344 1699 1410 1736 ex
1439 1687 1617 1752 parte,
1658 1666 1981 1748 veri-Beis,
2022 1683 2170 1753 quod
2225 1688 2412 1737 essent
2451 1682 2843 1748 incircumcisi,
2879 1700 2938 1736 se
2966 1683 3342 1754 praeferentes,
3376 1685 3478 1739 hos

231 1770 304 1815 tas
327 1763 465 1817 enim
493 1769 603 1828 est,
653 1766 753 1819 sed
794 1766 928 1836 quia
957 1768 1124 1822 elatio
1152 1769 1354 1824 vitiosa
1399 1787 1488 1825 res
1531 1777 1636 1837 est,
1675 1771 1798 1826 ideo
1881 1770 2260 1825 humiliantes.
2298 1771 2480 1840 (.4ug.)
2525 1772 2720 1826 Facies
2749 1776 2938 1825 autem
2970 1779 3055 1825 est
3099 1789 3211 1844 qua
3243 1773 3478 1845 quisque

229 1852 451 1921 quamvis
480 1870 679 1907 verum
709 1855 784 1908 sit
812 1856 960 1926 quod
989 1856 1214 1923 dicitur,
1250 1859 1409 1929 quasi
1440 1860 1500 1914 in
1525 1861 1798 1932 insipien-
1880 1861 2249 1929 cognoscitur,
2281 1866 2339 1914 et
2366 1861 2606 1931 legimus
2639 1861 2788 1931 apud
2815 1862 3148 1931 Apostolum
3172 1880 3183 1914 :
3216 1863 3477 1916 Toleratis

228 1940 294 1992 tia
330 1946 509 1995 tamen
569 1947 658 1996 est
709 1959 1168 2016 unumquemque
1227 1947 1458 2001 laudare
1505 1965 1583 2010 se,
1634 1949 1801 2020 plena
1879 1952 2048 2015 enim,
2071 1953 2122 2003 si
2137 1953 2260 2018 quis
2277 1967 2362 2003 vos
2383 1952 2771 2003 insereitutem
2794 1951 3013 2018 redigit,
3033 1954 3083 2004 si
3097 1952 3472 2020 quisdevorat,

223 2033 386 2083 autem
416 2029 748 2101 insipientia
777 2039 882 2098 est,
917 2033 963 2086 si
992 2050 1052 2087 se
1095 2033 1250 2088 falsis
1293 2036 1418 2106 quis
1460 2037 1670 2101 laudet,
1705 2038 1796 2092 ille
1877 2040 1930 2090 si
1954 2041 2078 2106 quis
2107 2041 2321 2106 accipit,
2356 2041 2407 2091 si
2451 2041 2574 2107 quis
2613 2041 2915 2104 extollitur,
2950 2041 3000 2092 si
3027 2041 3152 2106 quis
3183 2042 3245 2093 in
3277 2042 3476 2107 faciem

221 2117 350 2170 enim
377 2119 654 2190 superbus
695 2121 765 2174 de
797 2137 926 2174 vero
965 2127 1066 2188 est,
1107 2123 1197 2176 hic
1239 2124 1445 2178 stultus
1491 2125 1570 2179 de
1617 2126 1790 2180 falso:
1878 2141 1966 2179 vos
1994 2129 2165 2180 cadit.
2189 2127 2401 2180 Deinde
2423 2127 2687 2181 continuo
2719 2125 2976 2195 subjecit,
2995 2129 3295 2180 secundum
3324 2131 3476 2196 igno-

220 2204 506 2261 substantia
523 2214 724 2262 tamen
764 2209 1119 2279 gloriationis
1148 2211 1206 2264 in
1237 2212 1342 2266 hac
1363 2229 1532 2267 causa
1559 2215 1794 2269 carnali-
1878 2215 2147 2268 bilitatem
2168 2217 2308 2280 dico,
2341 2221 2405 2269 ut
2431 2215 2707 2278 ostendat,
2743 2215 2876 2285 quid
2897 2215 2970 2268 sit
2998 2214 3057 2268 in
3087 2215 3284 2268 faciem
3313 2216 3467 2282 caedi,

216 2305 400 2360 tasest,
432 2297 572 2368 quia
602 2298 750 2351 sicut
787 2299 893 2352 ﬂos
931 2299 1062 2365 feni,
1095 2301 1176 2354 ita
1217 2301 1427 2355 decidit
1453 2303 1636 2372 gloria
1663 2303 1788 2358 ista.
1875 2302 1980 2355 hoc
2010 2307 2096 2356 est
2115 2303 2399 2356 contemni
2429 2321 2493 2356 ac
2521 2302 2751 2373 despici,
2785 2302 2932 2373 quod
2964 2301 3191 2372 quidem
3211 2319 3324 2357 non
3345 2303 3472 2357 ideo

217 2384 336 2450 Quia
388 2389 562 2440 multi
602 2390 930 2454 gloriantur
970 2391 1271 2444 secundum
1313 2407 1558 2456 carnem,
1611 2398 1660 2446 et
1702 2410 1793 2461 ego
1875 2390 2010 2444 dicit
2035 2392 2354 2462 Apostolus,
2388 2397 2453 2445 ut
2477 2391 2604 2445 illos
2633 2407 2746 2445 non
2775 2391 3138 2457 sustinerent,
3181 2391 3280 2445 sed
3309 2397 3373 2445 ut
3411 2411 3470 2446 se

211 2476 480 2538 gloriabor.
517 2476 643 2529 Hoc
665 2476 821 2542 dicit,
854 2477 985 2547 quia
1005 2479 1126 2548 jam
1146 2479 1320 2550 aliqui
1349 2497 1415 2533 ex
1434 2480 1641 2534 Judaeis
1667 2499 1789 2535 cre-
1873 2480 2072 2550 magis,
2104 2481 2199 2550 qui
2238 2497 2332 2534 eos
2380 2480 2460 2534 sic
2516 2479 2794 2550 diligeret,
2838 2486 2898 2533 ut
2949 2497 3008 2532 se
3041 2479 3223 2550 ipsum
3254 2497 3356 2550 pro
3389 2480 3470 2534 eis

213 2561 381 2616 dentes
401 2564 825 2634 praesumebant
856 2566 981 2630 sibi,
1015 2567 1163 2637 quod
1195 2573 1383 2622 essent
1409 2569 1512 2622 ﬁlii
1529 2569 1784 2631 Abrahae,
1871 2569 2036 2622 vellet
2060 2569 2328 2640 impendi.
2353 2569 2667 2623 Secundum
2700 2569 3099 2636 ignobilitatem
3127 2570 3264 2621 (lico.
3299 2570 3468 2640 Igno-i

214 2650 296 2704 hoc
347 2659 444 2718 est,
493 2654 814 2708 secundum
865 2671 1090 2709 carnem
1135 2657 1386 2726 gloriari,
1437 2657 1787 2713 nobilitatem
1869 2657 2146 2711 bilitatem
2167 2657 2320 2723 dicit,
2347 2655 2450 2710 hoc
2483 2657 2629 2727 quod
2661 2673 2830 2728 supra
2850 2657 2948 2723 ait,
2983 2661 3039 2710 et
3061 2673 3164 2726 ego
3183 2657 3468 2726 gloriabor

211 2737 296 2792 sibi
323 2741 501 2796 carnis
544 2742 838 2796 vindicare
874 2762 887 2810 ;
943 2743 1069 2798 inde
1115 2745 1265 2799 enim
1322 2745 1429 2800 sibi
1480 2745 1789 2802 defendunt
1867 2747 2176 2800 secundum
2205 2763 2580 2810 carnem,non
2611 2745 2761 2799 enim
2793 2745 2930 2799 dicit
2956 2746 3027 2799 ad
3048 2746 3275 2800 laudem
3299 2747 3470 2818 perti-

206 2831 400 2891 generis
427 2833 888 2902 praerogativam,
911 2832 1043 2903 quia
1071 2833 1170 2886 ﬁlii
1204 2835 1327 2904 ejus
1364 2835 1648 2901 dicuntur,
1689 2837 1784 2908 qui
1867 2850 2020 2898 nere,
2053 2833 2188 2904 quia
2239 2834 2496 2888 inﬁrmus
2517 2851 2629 2888 non
2659 2839 2799 2896 erat,
2833 2833 3032 2905 inquo
3067 2851 3126 2888 se
3151 2834 3462 2904 jactabant,

207 2915 304 2970 Deo
343 2921 609 2985 credidit,
669 2938 798 2975 cum
857 2921 1048 2976 anima
1096 2939 1218 2994 quae
1273 2925 1602 2994 peccaverit,
1664 2925 1786 2996 ipsa
1809 2981 1846 2996 η
1867 2938 2006 2993 quos
2033 2923 2245 2976 occulte
2273 2923 2474 2993 tangit.
2506 2922 2666 2977 Unde
2687 2923 2893 2993 adjecit
2923 2941 2934 2975 :
2974 2923 3142 2990 Quasi
3169 2939 3279 2976 non
3308 2927 3467 2992 inﬁr—
3533 2987 3536 2992 ι

202 3007 466 3062 morietur.
501 3009 568 3064 Si
599 2981 748 3080 ergo
804 3010 920 3064 haec
967 2981 1150 3080 gloria
1197 2981 1300 3076 est,
1343 3013 1545 3084 inquit,
1593 2981 1652 3068 et
1679 2981 1783 3084 ego
1805 2981 1848 3041 ο
1867 2981 1951 3064 ini
1975 3013 2254 3079 fuerimus
2283 3014 2345 3064 in
2366 2981 2473 3065 liae
2487 3017 2662 3080 parte.
2700 2981 2937 3080 (A-mbr.)
2969 2981 3328 3065 blanifestum
3356 2981 3460 3078 est,

200 3094 474 3161 gloriabor,
512 3098 658 3169 quia
688 3105 745 3152 et
773 3116 878 3168 ego
897 3099 1048 3154 ﬁlius
1077 3117 1204 3154 sum
1239 3100 1496 3168 Abrahae,
1522 3103 1620 3156 sed
1642 3103 1782 3157 nihil
1865 3099 1999 3170 quia
2035 3117 2147 3154 non
2194 3105 2318 3153 erat
2363 3099 2424 3152 in
2473 3100 2576 3154 hac
2621 3100 2803 3169 gloria
2848 3100 3126 3164 inﬁrmus,
3161 3099 3218 3153 in
3263 3117 3374 3170 qua
3401 3118 3460 3154 se

257 226 345 281 2‘15

199 3185 402 3251 prodest
418 3187 582 3258 apud
618 3188 798 3241 Deum
831 3188 1008 3242 ﬁlium
1047 3206 1169 3243 esse
1191 3189 1446 3256 Abrahm,
1482 3191 1616 3262 quia
1645 3193 1782 3246 ﬁdes

314 3291 432 3344 qua:
459 3276 670 3341 salvat,
706 3293 818 3330 non
848 3294 1096 3348 propago
1113 3278 1338 3348 generis
1357 3279 1614 3345 Abrahaz,
1633 3279 1782 3334 ideo-

197 3377 288 3429 que
309 3363 488 3432 gloria
508 3365 638 3418 hzec
659 3365 844 3419 carnis
872 3371 976 3431 est,
1023 3367 1224 3436 gloria,
1251 3373 1316 3420 ut
1353 3373 1508 3438 puta,
1542 3369 1590 3422 si
1624 3369 1778 3422 dica-

196 3455 274 3502 tur
297 3451 494 3507 nobilis
538 3453 790 3508 hominis
830 3454 996 3509 ﬁlius.
1045 3457 1295 3510 Libenter
1339 3459 1490 3510 enim
1539 3459 1779 3525 sil/fertis

198 3540 508 3609 insipientes,
524 3559 660 3596 cum
681 3547 802 3597 sitis
825 3547 933 3613 ipsi
947 3545 1576 3616 sapientes.lnsipientes
1591 3547 1779 3618 appel-

194 3626 275 3686 lat.
296 3631 386 3700 qui
414 3632 486 3685 de
529 3632 725 3686 carnis
753 3633 1177 3687 circumcisione
1202 3633 1536 3704 gloriantur,
1560 3640 1618 3688 et
1646 3635 1780 3706 quia

194 3732 222 3767 ει
245 3717 549 3774 Corinthiis
580 3721 954 3791 portabantur
971 3728 1034 3775 ut
1049 3723 1279 3792 gloriosi
1293 3723 1634 3789 viderentur,
1651 3724 1775 3778 ideo

192 3807 466 3876 Apostolus
497 3809 682 3863 etiam
711 3810 977 3864 sustineri
1006 3828 1065 3864 se
1096 3810 1166 3864 ab
1195 3811 1282 3865 his
1313 3813 1450 3876 vult,
1483 3817 1548 3866 ut
1573 3819 1631 3867 et
1659 3813 1776 3884 ipse

193 3892 279 3946 hoc
321 3915 379 3951 se
433 3916 571 3954 esse
619 3899 957 3964 ostenderet,
1017 3899 1165 3970 quod
1223 3906 1385 3954 erant
1437 3900 1516 3966 hi,
1567 3907 1626 3954 et
1663 3919 1774 3955 non

187 3989 352 4039 tamen
369 3987 620 4057 gloriari
641 4005 705 4040 ex
735 3987 839 4042 hac
871 3992 1028 4058 parte
1059 3989 1366 4042 secundum
1392 3989 1590 4043 Deum.
1615 3989 1774 4044 Unde

185 4071 398 4138 gloriam
429 4077 588 4130 hanc
617 4076 1000 4146 insipientiam
1035 4082 1228 4130 vocat:
1271 4077 1502 4146 gloriari
1532 4077 1683 4132 enim
1712 4096 1771 4132 se

183 4159 298 4215 dicit
324 4165 650 4220 secundum
669 4182 916 4231 carnem,
952 4165 1050 4220 sed
1079 4165 1183 4219 hoc
1218 4166 1455 4220 stultum
1485 4183 1606 4220 esse
1638 4184 1769 4238 pro-

1863 3187 2233 3258 praet'erebant
2259 3188 2551 3242 credentes
2591 3188 2785 3258 judzei,
2819 3205 2958 3259 quos
2989 3188 3047 3242 hi
3078 3188 3456 3259 patiebantur,

1863 3276 2022 3347 quasi
2048 3277 2348 3348 Apostolus
2389 3294 2585 3332 eorum
2631 3277 2690 3330 in
2732 3278 2834 3330 hac
2865 3295 2925 3330 re
2968 3284 3116 3331 esset
3145 3277 3456 3338 dissimilis,

1863 3365 1997 3436 quia
2033 3370 2090 3420 et
2137 3366 2255 3437 ipse
2305 3372 2428 3420 erat
2469 3383 2534 3418 ex
2581 3367 2794 3420 semine
2825 3365 3081 3431 Abrahae,
3125 3383 3187 3419 ac
3227 3383 3328 3437 per
3357 3367 3462 3420 hoc

1859 3454 2069 3508 inﬁrmi
2092 3471 2204 3508 non
2231 3460 2394 3508 erant
2416 3454 2474 3508 in
2493 3455 2598 3509 hac
2618 3455 2801 3525 gloria
2820 3454 3246 3509 carnis.Intirmi
3269 3459 3458 3508 autem

1859 3543 1917 3596 hi
1936 3543 2338 3612 judicabantur
2357 3543 2452 3614 qui
2468 3543 2731 3614 applicati
2753 3543 2979 3597 fuerant
2987 3543 3181 3612 generi
3197 3542 3454 3597 Abrahae.

1860 3632 1958 3685 Isti
1989 3631 2138 3686 enim
2171 3632 2332 3702 quasi
2365 3632 2511 3685 ﬁrmi
2551 3633 2609 3685 in
2650 3649 2715 3686 eo
2754 3632 2902 3702 quod
2959 3631 3041 3684 illi
3090 3649 3149 3685 se
3197 3632 3456 3702 praefere-

1856 3719 2011 3785 bant,
2046 3737 2110 3774 eo
2142 3721 2290 3790 quod
2339 3725 2528 3773 essent
2565 3720 2852 3785 Israelitse,
2888 3719 2946 3772 in
2980 3720 3084 3774 hoc
3113 3720 3234 3790 ipso
3263 3720 3459 3772 volunt

1860 3826 1920 3863 se
1949 3809 2188 3874 sufferri,
2222 3813 2286 3862 ut
2313 3809 2674 3862 ostenderent
2703 3807 2762 3861 in
2796 3808 2899 3861 hac
2918 3807 3101 3877 gloria
3129 3806 3312 3861 carnis
3343 3824 3454 3861 non

1858 3915 1917 3950 se
1955 3914 2076 3951 esse
2123 3897 2422 3952 dissimiles
2482 3901 2540 3950 et
2581 3896 2854 3964 inﬁrmos,
2895 3912 3022 3950 cum
3053 3895 3120 3949 de
3157 3912 3259 3950 sua
3287 3912 3456 3950 causa

1857 3986 2108 4057 loquitur
2136 3985 2476 4053 subinducit,
2493 3991 2550 4039 et
2564 3985 2837 4040 Barnabas
2859 4001 3156 4056 personam
3185 3983 3321 4039 socii
3341 3985 3451 4051 sui,

1855 4075 2004 4130 unde
2033 4081 2090 4130 et
2121 4075 2178 4129 in
2205 4075 2389 4146 prima
2416 4075 2552 4130 dicit
2577 4075 2825 4146 Epistola
2854 4077 2908 4141 (Ι
2933 4077 3056 4130 Cor.
3093 4077 3169 4143 Ix)
3191 4093 3202 4128 :
3227 4076 3336 4128 Aut
3362 4092 3453 4144 ego

1851 4168 1998 4218 solus
2025 4170 2074 4218 et
2103 4165 2386 4219 Barnabas
2419 4181 2531 4218 non
2573 4165 2834 4219 habemus
2858 4169 3175 4234 potestatem
3204 4165 3300 4218 hoc
3329 4181 3452 4233 ope-

187 4249 368 4318 ﬁtetur,
395 4259 461 4306 ut
489 4259 558 4307 et
582 4255 824 4323 gloriam
852 4255 996 4308 hanc
1041 4253 1304 4320 inaniret,
1338 4260 1396 4308 et
1425 4271 1486 4308 se
1513 4253 2026 4323 coactumnrandi
2045 4271 2061 4306 :
2093 4268 2208 4306 non
2250 4270 2383 4323 ergo
2423 4253 2668 4308 minores
2714 4258 2876 4307 erant
2917 4252 2977 4306 in
3015 4253 3118 4306 hac
3159 4252 3358 4322 gloria,
3393 4253 3450 4307 in

185 4336 230 4391 in
254 4339 474 4396 laudem
523 4343 718 4397 carnis
772 4343 1024 4414 erupisse
1071 4343 1314 4398 doceret.
1370 4343 1550 4413 Igitur
1588 4336 1965 4411 ironiauqua
1985 4357 2044 4395 se
2073 4341 2250 4396 Judaei
2263 4342 2574 4412 jactabant,
2609 4342 2706 4396 sed
2738 4359 2850 4396 non
2891 4341 3022 4395 inde
3054 4340 3398 4411 plaudebant
3430 4361 3442 4400 ;

183 4434 254 4480 est
277 4429 408 4494 haec,
457 4448 604 4486 nam
653 4432 930 4502 quomodo
978 4432 1282 4503 prudentes
1313 4438 1464 4499 sunt,
1499 4433 1594 4503 qui
1625 4450 1771 4505 saepe
1852 4428 2093 4500 denique
2119 4431 2286 4484 dicit:
2311 4433 2378 4487 In
2399 4449 2504 4500 quo
2533 4434 2656 4501 quis
2674 4432 2839 4484 audet
2869 4433 2930 4483 in
2963 4431 3287 4496 insipientia
3307 4431 3445 4496 dico,

182 4519 696 4588 reprehenduntur?
713 4537 898 4575 nonne
912 4521 1773 4594 plussapitinsipientiaAposto—
1853 4520 2028 4572 audeo
2056 4524 2106 4572 et
2133 4537 2242 4588 ego.
2275 4520 2391 4574 Hoc
2419 4525 2521 4585 est,
2555 4536 2668 4573 non
2706 4518 2878 4572 fuisse
2916 4517 3204 4570 inﬁrmum
3235 4516 3293 4569 in
3321 4517 3446 4586 glo-

183 4603 230 4662 li.
258 4624 421 4677 quam
443 4611 658 4664 horum
680 4609 1019 4680 prudentia?
1051 4610 1141 4663 hic
1171 4609 1321 4664 enim
1355 4610 1580 4682 sapiens
1599 4611 1770 4665 susti-
1854 4606 1956 4673 ria,
2005 4624 2118 4678 qua
2147 4625 2206 4661 se
2232 4607 2523 4677 jactabant
2545 4606 2831 4670 Israelitae,
2868 4621 2968 4658 nec
2989 4603 3216 4674 quidem
3245 4621 3309 4657 ex
3342 4605 3444 4658 hac

183 4701 261 4748 net
285 4696 702 4769 imprudentes,
725 4697 821 4769 qui
851 4697 1123 4768 patientia
1165 4715 1269 4752 sua
1315 4699 1512 4752 suffert
1543 4715 1655 4765 eos,
1709 4705 1773 4753 ut
1854 4712 1913 4749 re
1959 4696 2290 4766 prudentem
2334 4695 2597 4766 judicari,
2657 4693 2918 4765 praeferre
2966 4693 3115 4747 enim
3157 4711 3216 4747 se
3248 4694 3449 4748 nolunt

183 4785 375 4849 [nomint
402 4789 706 4858 proﬁcere,
744 4803 814 4840 ne
854 4802 1179 4858 provocans,
1205 4793 1305 4841 aut
1353 4786 1622 4858 abjiciens
1653 4805 1766 4854 eos,
1852 4785 2174 4855 prudentes.
2219 4785 2282 4838 In
2331 4783 2656 4854 insipientia
2701 4798 2834 4852 ergo
2864 4782 3002 4836 dicit
3030 4783 3238 4837 audere
3269 4783 3326 4838 in
3357 4801 3443 4850 eo,

183 4874 379 4942 pejores
431 4876 563 4930 illos
593 4875 780 4941 faciat,
816 4881 916 4930 aut
959 4880 1110 4930 certe
1159 4875 1204 4929 si
1245 4875 1303 4929 in
1352 4875 1466 4929 illis
1496 4877 1765 4946 proﬁcere

185 4975 276 5015 non
302 4965 578 5033 potuerit,
619 4980 780 5018 suam
819 4964 1155 5019 modestiam
1176 4965 1441 5029 custodit,
1474 4965 1676 5019 horum
1707 4965 1766 5020 in

184 5047 472 5106 Corinthiis
503 5053 646 5106 nihil
677 5058 780 5106 est.
833 5053 1123 5117 Quomodo
1161 5070 1295 5123 ergo
1331 5052 1574 5107 libenter
1595 5054 1764 5108 suﬁ'e-

185 5145 294 5192 runt
345 5141 761 5213 imprudentes,
818 5158 946 5196 cum
994 5142 1099 5212 ipsi
1142 5142 1257 5196 sint
1309 5141 1608 5212 sapientes,
1658 5142 1767 5197 nisi

185 5227 415 5293 rillisnon
425 5231 514 5284 sic
533 5231 653 5283 vult
673 5229 932 5300 intelligi,
967 5230 1113 5284 sicut
1131 5235 1338 5284 sonant
1355 5229 1562 5285 verba?
1582 5231 1686 5285 hoc
1707 5231 1766 5285 in

369 5324 432 5372 et
462 5319 528 5373 in
547 5318 1008 5389 pronuntiatione
1037 5324 1141 5385 est,
1173 5319 1308 5390 quia
1327 5319 1525 5374 eadem
1539 5319 1764 5391 quidem

185 5404 329 5458 verba
359 5423 482 5461 non
507 5408 768 5461 eumdem
797 5406 1007 5461 habent
1032 5423 1278 5473 sensum,
1321 5408 1488 5462 aliter
1513 5424 1765 5479 pronun-

180 5491 286 5552 tiat,
298 5496 474 5550 aliter
485 5496 676 5560 sentit,
691 5512 825 5551 nam
853 5495 1155 5566 aliquando
1183 5497 1500 5562 conﬁrmat,
1513 5496 1766 5567 aliquan-

1849 4874 1995 4944 quod
2043 4872 2254 4926 audent
2281 4872 2358 4938 hi,
2395 4871 2490 4942 qui
2521 4889 2581 4925 se
2613 4873 2851 4942 jactant,
2885 4888 2952 4925 eo
2999 4872 3146 4942 quod
3191 4872 3306 4926 sint
3344 4873 3447 4928 ﬁlii

1847 4961 2102 5028 Abrahae,
2120 4966 2183 5016 ut
2198 4961 2436 5031 gloriam
2458 4960 2684 5015 illorum
2705 4961 2941 5027 inaniat,
2959 4961 3372 5032 imprudentem
3385 4979 3445 5016 se

1849 5050 2194 5121 pronuntiat,
2227 5067 2298 5103 ne
2327 5049 2408 5104 illi
2421 5050 2726 5121 prudentes
2741 5049 3149 5115 viderentur,in
3171 5050 3274 5103 hac
3282 5055 3444 5121 parte

1849 5146 1949 5194 aut
1976 5139 2206 5194 nobiles.
2233 5140 2444 5194 Hebraei
2466 5145 2598 5193 sunt
2616 5145 2664 5193 et
2685 5156 2794 5206 ego,
2821 5142 3084 5194 Israelita
3109 5143 3240 5192 sunt
3260 5143 3308 5192 et
3327 5155 3438 5206 ego,

1849 5245 2029 5282 semen
2043 5228 2274 5284 Abrahw
2291 5233 2484 5281 suntet
2509 5245 2618 5295 ego.
2652 5229 2715 5282 In
2738 5227 2824 5281 his
2844 5243 3038 5298 parem
3055 5243 3114 5280 se
3139 5243 3354 5293 eorum,
3371 5227 3442 5283 de

1849 5316 2052 5387 quibus
2077 5333 2249 5387 supra
2267 5315 2618 5386 signiﬁcavit,
2634 5315 2898 5380 ostendit,
2923 5319 2987 5368 ut
3006 5315 3441 5372 detractationes

1848 5421 2061 5468 eorum,
2094 5403 2294 5476 quibus
2322 5404 2586 5474 indignus
2629 5405 2699 5460 ab
2736 5405 2823 5458 his
2856 5403 3236 5473 judicabatur,
3271 5404 3440 5459 falsas

1850 5494 2184 5549 ostenderet.
2220 5495 2470 5548 Ministri
2499 5493 2704 5548 Christi
2730 5498 2859 5548 sunt
2895 5499 2942 5546 et
2980 5509 3071 5562 ego
3101 5511 3118 5547 :
3153 5498 3212 5545 ut
3245 5496 3438 5548 minus
