3966 6168
388 267 485 322 231
968 267 1031 321 Β.
1072 264 1317 321 RABAN
1321 265 1345 320 Ι
1382 264 1614 320 MAURI
1664 264 2000 323 ARCHIEP.
2041 263 2366 320 MOGUNT.
2408 260 2706 318 OPERUM
2741 260 2927 316 PARS
2962 260 3062 316 III.
3554 261 3661 318 232

389 389 594 445 auxilio
622 389 890 445 liberatus
917 393 1022 452 est,
1064 389 1161 443 sed
1201 388 1349 460 quod
1391 387 1462 442 ab
1504 387 1824 443 hominibus
1858 387 1983 443 ﬁeri
1999 370 2188 450 Aesse
2217 387 2263 442 si
2292 387 2460 442 homo
2488 384 2698 441 Christi
2734 388 2931 457 raptus
2967 388 3056 440 est
3094 398 3274 455 usque
3315 383 3387 439 ad
3424 376 3657 440 tertium

389 477 591 549 potuit,
623 477 755 548 quid
785 493 925 549 opus
954 482 1096 543 erat,
1128 482 1193 532 ut
1212 477 1313 531 Dei
1333 477 1600 548 suﬁ‘ragio
1628 475 1983 543 liberaretur,

391 582 519 620 cum
538 565 641 620 Dei
661 560 992 634 suifragium
1018 570 1156 621 tunc
1184 565 1259 619 sit
1285 564 1682 630 necessarium,
1706 565 1754 620 si
1783 565 1986 620 huma-

392 671 528 710 num
546 653 815 710 auxilium
835 653 1091 709 deﬁciat?
1111 654 1233 718 Quo
1260 659 1426 725 pacto
1453 670 1567 708 non
1595 652 1701 708 sibi
1727 653 1864 708 dicit
1890 670 1986 708 ex-

391 743 583 816 pedire
607 741 859 814 gloriari,
893 741 1027 813 quia
1052 741 1342 812 praesentis
1358 742 1484 797 vitae
1501 741 1771 812 gaudium
1788 741 1987 813 fragile

393 838 480 886 est
511 849 523 884 :
557 831 604 886 si
631 829 781 885 enim
807 847 921 886 non
951 831 1234 897 evasisset,
1265 831 1602 903 martyrium
1628 828 1857 897 fecerat,
1889 831 1989 885 sed

393 920 526 991 quia
542 919 872 991 fugiendum
890 918 949 974 in
968 919 1356 991 persecutione
1382 920 1712 975 mandatum
1731 924 1834 985 est,
1855 920 1990 974 data

393 1026 567 1082 opera
593 1007 808 1080 effugit,
833 1024 935 1063 nec
957 1008 1107 1063 enim
1129 1007 1297 1064 debet
1322 1007 1526 1079 aliquis
1553 1001 1893 1080 exspectare,
1924 1013 1991 1063 ut

392 1097 451 1152 in
472 1097 835 1168 semetipsum
853 1102 1134 1169 peccetur.
1150 1098 1296 1168 Ergo
1314 1097 1671 1168 gloriandum
1691 1096 1845 1164 dicit,
1857 1096 1992 1168 quia

346 1235 361 1253 ,
393 1186 588 1253 evasit,
621 1188 714 1241 sed
742 1202 856 1241 non
884 1187 1112 1255 expedit,
1145 1185 1350 1257 inquit,
1385 1190 1616 1258 propter
1641 1184 1980 1256 superbiam,

393 1275 526 1347 quia
550 1275 621 1330 de
647 1273 967 1347 humilitate
993 1274 1281 1342 crescitur,
1314 1280 1373 1330 et
1397 1274 1667 1330 auxilium
1694 1275 1798 1330 Dei
1831 1273 1985 1329 miti-

392 1344 496 1418 bus
512 1363 734 1436 proﬁcit
759 1344 870 1417 ἧοη
900 1362 1087 1418 elatis.
1107 1364 1405 1430 Praeterea,
1431 1363 1564 1435 quia
1591 1363 1686 1435 qui
1704 1362 1986 1434 gloriaba-

391 1460 489 1508 tur
504 1459 746 1507 mortem
763 1465 823 1506 se
844 1452 1103 1520 evasisse,
1128 1469 1252 1524 quae
1270 1469 1373 1524 pro
1392 1453 1500 1506 ﬁde
1528 1451 1786 1518 infertur,
1818 1451 1986 1507 inane

391 1542 567 1597 videri
604 1540 885 1612 signiﬁcat
910 1541 1029 1612 pati
1056 1557 1158 1612 pro
1187 1541 1429 1607 Christo,
1469 1540 1596 1595 ideo
1624 1557 1738 1596 non
1765 1540 1989 1612 expedit

389 1629 640 1701 gloriari.
675 1631 860 1700 (Aug.)
892 1628 1210 1685 Recolimus
1241 1628 1411 1685 verba
1447 1629 1673 1685 Domini
1698 1629 1937 1685 dicentis
1969 1647 1981 1682 :

2068 477 2290 543 coelum,
2322 492 2451 530 cum
2478 475 2539 530 in
2565 473 2733 529 tertio
2753 473 2963 528 circulo
2989 473 3210 528 dicatur
3236 473 3373 528 luna
3399 489 3540 538 esse,
3561 473 3659 527 sed

2068 582 2180 620 non
2208 565 2289 620 ita
2318 570 2422 630 est,
2453 563 2586 635 quia
2613 563 2767 618 ultra
2792 562 2984 617 omnia
3010 561 3205 617 mundi
3245 561 3430 617 sidera
3466 566 3661 633 raptus

2068 653 2420 724 intelligitur,
2445 658 2502 707 et
2522 652 2648 707 ideo
2665 652 3027 723 magniﬁcum
3046 658 3104 706 et
3120 649 3377 706 mirabile
3394 655 3500 717 est,
3513 650 3661 722 quod

2068 748 2264 798 narrat
2287 760 2299 795 :
2322 741 2603 812 signiﬁcat
2621 741 2770 796 enim
2789 757 2960 812 supra
2979 741 3398 794 ﬁrmamentum
3416 739 3476 795 in
3494 737 3665 794 tertio

2068 848 2304 887 numero
2332 831 2533 886 caelum
2562 830 2634 885 de
2653 828 2996 902 spiritalibus
3025 828 3179 883 caelis
3205 833 3432 900 raptum
3461 834 3662 883 semet-

2068 920 2274 992 ipsum.
2303 920 2372 975 Et
2397 920 2508 976 scio
2535 920 2856 989 hujusmodi
2883 919 3181 983 hominem,
3212 921 3322 972 sive
3349 919 3419 972 in
3440 933 3662 987 corpore

2067 1012 2178 1064 sive
2205 1014 2363 1063 extra
2385 1023 2581 1077 corpus
2607 1009 2802 1073 nescio,
2832 1008 2974 1062 Deus
3001 1009 3124 1061 scit.
3156 1007 3430 1074 Quoniam
3466 1010 3662 1075 raptus

2069 1103 2145 1152 est
2156 1100 2220 1152 in
2225 1097 2557 1167 paradisum
2573 1101 2625 1150 et
2637 1097 2858 1150 audivit
2873 1110 3088 1150 arcana
3106 1095 3270 1149 verba
3287 1110 3406 1164 quae
3414 1109 3527 1149 non
3538 1096 3661 1149 licet

2066 1186 2286 1240 homini
2305 1188 2472 1254 loqui,
2492 1198 2596 1255 pro
2616 1185 2888 1254 ejusmodi
2902 1183 3204 1252 gloriabor.
3222 1181 3316 1237 Bis
3346 1198 3407 1238 se
3434 1186 3661 1254 raptum

2065 1273 2220 1341 dicit,
2249 1273 2307 1328 id
2337 1280 2441 1340 est,
2472 1273 2603 1328 hinc
2637 1288 2816 1343 usque
2844 1270 2918 1326 ad
2938 1271 3171 1327 tertium
3207 1272 3430 1338 coelum,
3459 1270 3661 1325 deinde

2066 1361 2126 1417 in
2136 1362 2461 1435 paradisum
2477 1362 2780 1426 scelestem,
2798 1361 2858 1414 in
2879 1376 2990 1431 quo
3007 1359 3217 1415 latroni
3235 1359 3375 1414 dixit
3389 1358 3661 1414 Dominus

2069 1452 2217 1523 quod
2239 1451 2464 1506 futurus
2483 1455 2632 1504 esset
2647 1466 2777 1504 cum
2798 1465 2883 1503 eo.
2897 1450 2964 1504 In
2974 1448 3234 1520 paradiso
3255 1447 3438 1519 inquit
3453 1447 3658 1515 Patris,

2066 1539 2182 1595 illic
2207 1539 2304 1594 ubi
2334 1545 2392 1594 et
2408 1539 2602 1594 civitas
2628 1538 2835 1593 dicitur
2853 1554 2976 1593 esse
2997 1536 3347 1592 Hierusalem
3365 1541 3548 1592 mater
3565 1552 3662 1591 no-

2067 1633 2205 1684 stra.
2236 1628 2383 1694 Quid
2411 1644 2544 1698 ergo
2572 1627 2800 1693 mirum,
2833 1627 2880 1682 si
2899 1632 3029 1699 post
3055 1625 3521 1681 resurrectionem
3545 1640 3664 1679 cor-

393 1719 533 1774 Gum
545 1723 731 1773 autem
744 1723 1140 1788 persequentur
1154 1735 1244 1773 vos
1265 1721 1328 1772 in
1346 1721 1567 1776 civitate
1581 1721 1706 1784 ista,
1731 1719 1908 1787 fugite
1923 1721 1988 1773 in
2006 1703 2054 1764 B
2070 1734 2176 1790 pus
2199 1719 2321 1788 jam
2349 1716 2635 1789 expiatum
2662 1721 2832 1787 atque
2858 1720 3155 1770 tenuatum
3191 1713 3401 1769 factum
3431 1713 3664 1768 immor-

392 1810 569 1862 aliam
587 1807 804 1874 (Matth.
826 1811 942 1876 xx).
974 1807 1111 1871 Quis
1140 1812 1333 1862 autem
1361 1807 1555 1861 credat
1582 1807 1664 1862 ita
1688 1805 1793 1862 hoc
1807 1807 1990 1861 Deum

394 1895 517 1951 ﬁeri
544 1895 801 1962 voluisse,
830 1901 898 1950 ut
932 1895 1245 1950 necessario
1274 1894 1584 1951 ministerio
1611 1895 1732 1950 sine
1769 1911 1880 1966 quo
1904 1895 1988 1948 vi-

392 2000 521 2038 vere
546 1989 854 2056 nequeunt,
887 1984 1284 2039 desererentur
1305 2000 1525 2055 greges,
1558 2000 1698 2055 quos
1725 2000 1827 2038 suo
1855 1999 1988 2039 san-

390 2071 562 2143 guine
580 2072 958 2144 comparavit?
988 2071 1256 2144 Nunquid
1293 2073 1401 2127 hoc
1428 2072 1560 2127 fecit
1593 2071 1730 2144 ipse,
1763 2072 1989 2144 quando

390 2160 745 2232 portantibus
771 2161 1100 2233 parentibus
1116 2161 1177 2215 in
1203 2161 1509 2233 Egyptum
1536 2160 1802 2232 parvulus
1820 2160 1985 2231 fugit,

392 2249 489 2320 qui
507 2249 748 2304 necdum
775 2249 1037 2305 ecclesias
1053 2254 1509 2320 congregaverat,
1534 2265 1675 2320 quas
1701 2248 1773 2307 ab
1801 2265 1868 2304 eo
1896 2249 1999 2303 de.

390 2342 570 2393 sertas
594 2337 768 2393 fuisse
797 2337 1085 2393 dicamus?
1122 2337 1391 2409 Nunquid
1438 2337 1662 2409 quando
1705 2337 1990 2410 apostolus

388 2426 620 2494 Paulus,
653 2443 725 2481 ne
753 2426 914 2480 illum
943 2427 1444 2498 comprehenderet
1468 2425 1749 2493 inimicus,
1781 2442 1883 2498 per
1905 2425 1989 2480 fe-

389 2520 641 2569 nestram
668 2515 728 2569 in
755 2520 947 2586 sporta
981 2514 1292 2570 submissus
1332 2521 1436 2579 est,
1474 2519 1533 2570 et
1567 2514 1764 2585 effugit
1789 2530 1990 2570 manus

391 2603 534 2672 ejus,
567 2602 793 2658 deserta
820 2609 924 2665 est,
958 2620 1082 2674 quae
1119 2603 1196 2657 ibi
1233 2607 1358 2658 erat
1393 2603 1646 2669 ecclesia,
1677 2603 1990 2658 necessario

390 2689 722 2757 ministerio,
754 2696 812 2745 et
831 2707 944 2745 non
961 2690 1033 2744 ab
1062 2689 1188 2746 aliis
1204 2690 1472 2746 fratribus
1491 2690 1699 2746 ibidem
1717 2691 1990 2746 constitu-

388 2778 480 2845 tis,
495 2779 643 2850 quod
656 2777 951 2850 oportebat
967 2779 1308 2850 completum
1329 2779 1449 2834 est?
1468 2779 1562 2834 Eis
1581 2779 1787 2852 quippe
1803 2780 1988 2835 volen-

2067 1807 2181 1862 tale
2208 1807 2463 1862 futurum
2482 1805 2746 1860 credatur
2762 1804 2823 1859 in
2848 1803 3022 1869 caelis,
3054 1802 3278 1874 quando
3304 1819 3419 1858 non
3445 1801 3668 1858 dubitat

2067 1896 2371 1967 Apostolus
2399 1893 2584 1949 adhuc
2621 1893 2860 1949 mortale
2887 1908 3091 1965 corpus
3117 1891 3369 1964 potuisse
3393 1890 3565 1946 levari
3592 1891 3665 1946 ad

2069 1984 2257 2051 caelos,
2301 1989 2360 2038 et
2392 1982 2516 2038 tolli
2550 1982 2610 2037 in
2646 1981 2971 2054 paradisum
3000 1980 3101 2036 Dei
3127 1980 3313 2035 Patris
3349 1979 3668 2035 scelestam?

2069 2090 2171 2144 pro
2197 2071 2524 2143 hujusmodi
2555 2071 2802 2138 homine,
2831 2069 2890 2124 id
2919 2075 3025 2135 est,
3060 2068 3158 2140 qui
3193 2074 3313 2124 tam
3343 2069 3545 2140 dignus
3579 2075 3670 2123 est

2069 2161 2207 2227 Deo,
2227 2165 2294 2215 ut
2310 2160 2416 2214 hoc
2433 2159 2800 2232 experiretur,
2822 2158 3053 2230 gloriari
3072 2174 3134 2212 se
3152 2157 3307 2225 dicit,
3332 2164 3390 2212 et
3408 2174 3522 2213 non
3547 2157 3669 2212 vult

2071 2253 2263 2322 aperte
2280 2248 2466 2303 dicere
2494 2248 2628 2320 quia
2653 2248 2724 2303 de
2754 2265 2814 2302 se
2840 2246 3107 2318 loquitur,
3137 2262 3209 2301 ne
3236 2246 3468 2302 laudare
3495 2262 3555 2300 se
3582 2245 3667 2299 vi-

2071 2338 2616 2394 deatur.EtJoannes
2627 2337 2914 2409 apostolus
2929 2352 3059 2390 cum
3076 2335 3146 2390 de
3167 2351 3229 2390 se
3246 2335 3456 2390 sciatur
3469 2334 3622 2405 loqui
3645 2352 3659 2387 :

2071 2428 2174 2483 Hic
2198 2432 2294 2492 est,
2330 2426 2430 2491 ait,
2463 2428 2770 2496 discipulus
2804 2441 2966 2495 quem
2997 2425 3259 2494 diligebat
3283 2426 3455 2489 Iesus,
3487 2426 3588 2493 qui
3612 2427 3666 2477 et

2071 2516 2323 2570 recubuit
2339 2517 2405 2570 in
2430 2531 2580 2569 cana
2600 2529 2772 2584 supra
2788 2519 2971 2583 pectus
2991 2515 3106 2582 ejus
3135 2514 3314 2581 (Joan.
3338 2513 3569 2579 ult.),ne
3590 2511 3663 2566 de

2070 2621 2132 2658 se
2159 2603 2401 2673 gloriose
2441 2601 2600 2657 eﬁ'ari
2633 2601 2934 2657 videretur.
2975 2601 3178 2673 (Greg.)
3219 2600 3365 2666 Quia
3399 2616 3662 2655 nonnun-

2072 2709 2242 2764 quam
2268 2692 2328 2747 in
2354 2690 2655 2747 virtutibus
2683 2692 2955 2763 proﬁcere
2983 2706 3272 2757 conamur,
3315 2695 3371 2745 et
3406 2689 3663 2761 quaedam

2066 2780 2215 2836 dona
2241 2781 2613 2853 percepimus,
2636 2796 2673 2834 a
2697 2779 3034 2851 quibusdam
3059 2795 3192 2834 vero
3212 2778 3423 2851 repulsi
3449 2778 3508 2832 in
3533 2777 3664 2833 imis

389 2865 540 2921 tibus
559 2866 664 2922 hoc
684 2866 985 2939 Apostolus
1002 2867 1232 2934 fecerat,
1255 2873 1321 2922 ut
1336 2867 1586 2940 seipsum
1614 2874 1866 2923 servaret
1892 2885 1984 2923 ec-
2061 2869 2314 2939 jacemus
2346 2887 2358 2922 :
2393 2885 2558 2924 nemo
2577 2868 2728 2924 enim
2745 2873 2831 2924 est
2857 2868 2955 2940 qui
2969 2873 3193 2924 tantum
3210 2866 3432 2923 virtutis
3458 2883 3663 2940 appre-

388 2955 588 3023 clesiaa,
621 2972 789 3027 quem
818 2955 1044 3028 proprie
1068 2961 1394 3028 persecutor
1415 2955 1510 3011 ille
1542 2955 1843 3028 quaerebat.
1876 2957 1984 3012 Fa-
2011 3019 2048 3030 _
2064 2958 2292 3025 hendat,
2317 2964 2591 3030 quantum
2628 2957 2930 3023 desiderat,
2963 2957 3096 3029 quia
3123 2956 3475 3028 omnipotens
3511 2956 3664 3012 Deus

386 3019 694 3114 ciant
715 3019 862 3098 servi
880 3019 1106 3111 Christi,
1127 3043 1370 3099 ministri
1387 3044 1542 3099 verbi
1556 3019 1622 3100 et
1645 3045 1987 3100 sacramenti
2004 3019 2049 3081 (ἶ
2065 3019 2352 3102 interiora.
2378 3046 2702 3102 discernens
2750 3045 2887 3118 ipsis
2920 3019 3297 3118 spiritalibus
3321 3043 3661 3117 profectibus

387 3133 529 3204 ejus,
561 3132 711 3204 quod
728 3133 1012 3205 praecepit,
1044 3132 1161 3189 sive
1186 3133 1442 3205 permisit
1469 3151 1482 3186 :
1506 3133 1730 3203 fugiant
1755 3133 1984 3188 omnino
2063 3135 2296 3190 modum
2322 3135 2498 3207 ponit,
2528 3141 2594 3190 ut
2620 3152 2687 3189 ex
2714 3135 2819 3189 hoc
2845 3134 3033 3202 homo,
3067 3134 3217 3205 quod
3243 3134 3664 3206 apprehendere

384 3220 455 3275 de
491 3220 713 3276 civitate
748 3221 809 3276 in
848 3221 1150 3287 civitatem,
1190 3221 1417 3293 quando
1452 3238 1649 3277 eorum
1688 3221 1985 3294 quisquam
2065 3229 2303 3278 conatur
2329 3229 2386 3279 et
2405 3239 2522 3278 non
2546 3223 2713 3290 valet,
2744 3222 2804 3277 in
2829 3222 2940 3277 illis
2961 3239 3023 3278 se
3051 3239 3164 3278 non
3190 3223 3385 3290 elevet,
3420 3239 3543 3294 quae
3570 3239 3665 3277 va-

383 3309 703 3381 specialiter
720 3327 758 3364 a
777 3309 1228 3382 persecutoribus
1244 3309 1536 3382 quaeritur,
1558 3316 1625 3391 ut
1649 3310 1722 3365 ab
1741 3310 1866 3365 aliis
1887 3310 1982 3382 qui
2064 3311 2159 3367 let.
2192 3312 2352 3368 Unde
2388 3312 2482 3367 ille
2518 3327 2741 3384 quoque
2778 3311 3041 3383 egregius
3070 3296 3405 3384 praedicator
3434 3311 3533 3383 qui
3566 3327 3664 3366 ra-

384 3414 498 3453 non
543 3398 625 3453 ita
671 3399 1057 3470 requiruntur,
1097 3415 1211 3455 non
1247 3399 1544 3455 deseratur
1578 3399 1842 3465 Ecclesia,
1883 3399 1981 3454 sed
2066 3406 2198 3472 ptus
2213 3401 2287 3456 ad
2314 3401 2546 3456 tertium
2565 3401 2769 3455 coelum
2797 3400 2999 3468 fuerat,
3031 3399 3279 3472 paradisi
3315 3416 3523 3455 arcana
3559 3415 3661 3472 pe-

380 3485 669 3558 praebeant
697 3486 909 3543 cibaria
944 3487 1225 3542 conservis
1253 3487 1390 3553 suis,
1433 3503 1573 3558 quos
1609 3487 1776 3542 aliter
1802 3487 1982 3542 vivere
2064 3494 2402 3556 netraverat,
2416 3506 2538 3545 esse
2556 3494 2685 3561 post
2702 3489 3100 3544 revelationem
3110 3487 3469 3560 tranquillus,
3491 3494 3664 3560 atque

383 3591 496 3631 non
526 3591 690 3653 posse
735 3581 1029 3631 noverunt.
1068 3577 1213 3631 Cum
1252 3580 1444 3630 autem
1479 3575 1764 3643 omnium,
1788 3575 1847 3631 id
1877 3581 1980 3642 est,
2065 3577 2378 3634 intentatus
2405 3577 2648 3633 nolebat.
2679 3578 2789 3633 Sed
2817 3577 2951 3649 quia
2984 3577 3338 3649 omnipotens
3366 3577 3516 3633 Deus
3542 3582 3661 3632 ter—

381 3662 770 3736 episcoporum
799 3669 857 3719 et
896 3663 1250 3731 clericorum,
1291 3669 1350 3719 et
1391 3664 1663 3720 laicorum
1700 3670 1788 3720 est
1829 3682 1983 3720 com-
2065 3666 2248 3722 minos
2265 3665 2558 3722 constituit
2579 3665 2812 3733 homini,
2835 3666 2930 3738 qui
2950 3665 3225 3739 praeteriri
3241 3682 3356 3721 non
3372 3670 3658 3739 poterunt,

382 3768 553 3808 mune
581 3753 914 3825 periculum,
946 3753 1005 3808 hi
1033 3753 1130 3825 qui
1159 3753 1287 3808 aliis
1303 3752 1562 3824 indigent
1585 3769 1699 3808 non
1723 3754 1985 3809 deseran-
2065 3761 2124 3810 et
2140 3755 2373 3810 elevavit
2392 3755 2543 3810 hunc
2560 3754 2632 3809 ad
2651 3755 3037 3826 cognoscenda
3054 3753 3335 3821 sublimia,
3366 3760 3424 3808 et
3440 3753 3664 3809 reduxit

381 3846 476 3896 tur
505 3841 576 3896 ab
605 3841 695 3896 his
722 3842 927 3914 quibus
953 3842 1228 3914 indigent.
1260 3843 1377 3896 Aut
1404 3841 1582 3912 igitur
1608 3842 1684 3897 ad
1713 3843 1838 3898 loca
1864 3859 1986 3898 mu-
2064 3843 2272 3899 iterum
2300 3844 2373 3898 ad
2400 3843 2630 3899 inﬁrma
2645 3843 2956 3911 toleranda,
2978 3848 3044 3899 ut
3069 3843 3221 3898 modi
3250 3843 3340 3899 sui
3365 3859 3663 3898 mensuras

382 3929 501 3984 nita
529 3946 725 3985 omnes
751 3935 1063 3996 transeant,
1093 3936 1196 3985 aut
1224 3930 1321 4002 qui
1348 3929 1561 3986 habent
1595 3931 1986 3987 necessitatem
2065 3931 2356 4005 aspiciens,
2389 3932 2527 3987 dum
2551 3931 2909 3987 securitatem
2937 3931 3409 4004 comprehendere
3434 3947 3664 3987 conare-

382 4016 730 4083 remanendi,
747 4034 861 4073 non
883 4017 1278 4089 relinquantur
1296 4017 1368 4072 ab
1379 4018 1461 4072 eis
1479 4035 1582 4090 per
1599 4035 1740 4090 quos
1761 4019 1987 4074 illorum
2065 4025 2180 4087 tur,
2212 4025 2270 4083 et
2296 4036 2410 4076 non
2433 4026 2642 4093 posset,
2673 4036 2745 4075 ne
2763 4037 2866 4092 per
2884 4020 3250 4076 elevationem
3271 4026 3430 4076 extra
3446 4037 3509 4075 se
3528 4021 3656 4085 iret,

381 4109 470 4159 est
490 4103 869 4160 ecclesiastica
894 4105 1210 4177 supplenda
1237 4106 1578 4161 necessitas:
1614 4112 1678 4162 ut
1705 4112 1807 4162 aut
1830 4107 1984 4180 pari-

379 4198 471 4247 ter
496 4192 703 4258 vivant,
743 4199 845 4248 aut
872 4193 1086 4265 pariter
1127 4193 1418 4261 sufferant,
1460 4195 1610 4265 quod
1649 4211 1746 4250 eos
1785 4196 1984 4250 Pater-

379 4281 622 4336 familias
648 4281 799 4337 volet
822 4281 1060 4354 perpeti.

980 4389 1216 4445 CAPUT
1250 4389 1374 4445 XII.

381 4479 797 4535 Recommendat
815 4495 868 4533 se
895 4479 1182 4548 Apostolus
1211 4495 1277 4533 ea:
1301 4480 1624 4546 visionibus,
1648 4485 1699 4534 et
1723 4482 1884 4549 ponit
1904 4481 1985 4536 ibi

527 4551 834 4606 remedium
865 4555 1059 4605 contra
1071 4551 1389 4620 periculum
1417 4552 1699 4621 superbia,
1727 4556 1833 4606 etc.

466 4639 689 4693 Veniam
711 4643 900 4693 autem
928 4640 1005 4693 ad
1032 4641 1267 4694 visiones
1284 4645 1333 4694 et
1351 4643 1704 4695 revelationes
1730 4641 1976 4696 Domini.

384 4724 593 4793 (Amb.)
617 4725 781 4780 Nunc
798 4730 1126 4782 ostensurus
1147 4734 1234 4783 est
1251 4744 1362 4800 quo
1382 4727 1636 4784 sublatus
1655 4734 1760 4795 est,
1777 4735 1842 4784 ut
1859 4746 1982 4802 per-

330 4854 349 4866 .
382 4811 514 4869 inde
543 4818 757 4885 quanta
784 4817 842 4868 et
869 4814 1060 4884 qualia
1077 4815 1208 4883 sint,
1242 4833 1365 4888 quis
1392 4815 1475 4872 illi
1503 4822 1729 4872 ostensa
1756 4823 1814 4872 et
1830 4817 1983 4873 dicta

381 4905 531 4968 sunt,
564 4900 780 4973 possint
804 4901 1064 4974 intelligi,
1096 4920 1186 4971 ne,
1215 4905 1364 4960 sicut
1391 4905 1724 4977 quibusdam
1751 4905 1978 4962 videba-

381 4996 494 5057 tur,
525 4990 712 5047 minor
751 4989 966 5046 ceteris
1002 4991 1270 5063 apostolis
1306 4993 1649 5050 crederetur.
1701 4994 1842 5061 Scio,
1886 4995 1977 5050 in-

381 5078 523 5151 quit,
546 5079 827 5136 hominem
855 5081 921 5133 in
960 5078 1172 5135 Christo
1198 5087 1330 5136 ante
1355 5078 1535 5138 annos'
1561 5083 1977 5153 quatuordecim

380 5170 490 5222 sive
518 5171 583 5224 in
609 5184 844 5239 corpore,
854 5169 1047 5233 nescio,
1075 5170 1186 5222 sive
1205 5174 1362 5224 extra
1385 5186 1598 5240 corpus,
1613 5173 1810 5237 nescio,
1839 5171 1978 5227 Deus

379 5257 500 5321 scit,
532 5261 760 5326 raptum
807 5257 1129 5325 hujusmodi
1166 5272 1336 5326 usque
1373 5259 1451 5312 ad
1495 5262 1724 5314 tertium
1759 5262 1973 5315 caelum.

382 5343 694 5416 Utrumque
731 5344 1099 5410 conﬁrmavit,
1143 5344 1277 5416 quia
1312 5350 1617 5418 utrumque
1653 5365 1817 5420 posse
1853 5348 1977 5404 ﬁeri

378 5447 493 5486 non
512 5432 754 5503 negavit,
787 5438 854 5487 ut
880 5439 939 5488 et
963 5433 1085 5488 sine
1112 5448 1345 5504 corpore
1371 5434 1493 5506 rapi
1518 5435 1810 5506 potuisset,
1833 5442 1893 5492 et
1916 5435 1977 5491 in

378 5536 630 5593 corpore.
663 5521 733 5578 Et
755 5520 899 5581 forte
929 5521 1261 5594 quibusdam
1289 5521 1547 5580 videatur
1574 5541 1688 5581 non
1707 5541 1975 5598 magnum

1997 4335 2048 4396 D

2064 4124 2166 4180 per
2190 4108 2568 4164 humilitatem
2611 4114 2907 4181 cogeretur
2940 4109 3091 4165 intra
3126 4125 3259 4165 suos
3294 4126 3518 4182 semper
3551 4115 3665 4165 ter-

2064 4196 2247 4253 minos
2266 4196 2471 4253 redire.
2505 4197 2597 4253 Sic
2632 4203 2818 4253 rector
2844 4197 3081 4269 singulis
3116 4198 3500 4270 compassione
3526 4214 3664 4270 pro-

2062 4283 2247 4341 ximus
2273 4302 2388 4358 prie
2417 4285 2633 4341 cunctis
2659 4286 3130 4359 contemplatione
3155 4303 3480 4360 suspensus,
3513 4291 3579 4342 ut
3604 4293 3665 4342 et

2062 4390 2164 4446 per
2197 4373 2422 4446 pietatis
2457 4374 2672 4430 viscera
2706 4375 2765 4430 in
2801 4392 2860 4430 se
2906 4375 3292 4431 inﬁrmitatem
3329 4380 3662 4431 ceterorum

2061 4462 2384 4530 transferat,
2415 4468 2474 4518 et
2499 4480 2602 4535 per
2627 4463 3022 4536 speculationis
3049 4463 3425 4531 altitudinem,
3457 4469 3662 4518 semet-

2062 4550 2247 4622 ipsum
2267 4567 2489 4623 quoque
2516 4550 2815 4607 invisibilia
2843 4553 3157 4625 appetendo
3182 4552 3562 4619 transcendat,
3586 4567 3660 4607 ne

2061 4643 2161 4694 aut
2185 4639 2302 4694 alta
2329 4644 2525 4712 petens
2553 4639 2936 4713 proximorum
2970 4641 3196 4696 inﬁrma
3230 4641 3518 4714 despiciat,
3557 4644 3662 4696 aut

2059 4726 2300 4783 inﬁrmis
2326 4729 2707 4800 proximorum
2726 4746 3040 4802 congruens
3061 4734 3344 4802 appetere,
3366 4729 3484 4784 alta
3500 4728 3662 4784 dere-

2063 4816 2297 4888 linquat,
2329 4816 2461 4871 hinc
2479 4822 2567 4873 est
2594 4834 2838 4890 namque
2857 4818 3006 4890 quod
3025 4818 3235 4874 Paulus
3254 4818 3314 4873 in
3330 4816 3662 4890 paradisum

2061 4904 2304 4973 ducitur,
2335 4906 2571 4977 caelique
2618 4906 2774 4961 tertii
2815 4911 3030 4962 secreta
3063 4905 3323 4974 rimatur,
3373 4911 3432 4961 et
3464 4910 3661 4960 tamen

2058 4992 2213 5048 illam
2240 4990 2601 5050 invisibilium
2616 4994 3086 5066 contemplatione
3102 5011 3450 5068 suspensam,
3473 4993 3546 5049 ad
3563 5009 3663 5049 cu-

2056 5079 2167 5137 bile
2195 5082 2506 5139 carnalium
2532 5083 2738 5139 mentis
2774 5083 2953 5138 aciem
2991 5089 3232 5150 revocat,
3273 5090 3444 5156 atque
3498 5083 3661 5138 inoc-

2057 5170 2223 5226 cultis
2250 5171 2366 5226 suis
2386 5171 2629 5244 qualiter
2645 5170 2886 5228 debeant
2902 5172 3220 5228 conversari
3235 5173 3544 5245 dispensat,
3566 5171 3661 5226 di-

2056 5275 2188 5314 cens
2201 5277 2215 5314 :
2228 5262 2456 5330 Propter
2467 5262 2897 5330 fornicationem
2905 5266 3094 5317 autem
3102 5264 3481 5332 unusquisque
3489 5276 3661 5316 suam

2057 5363 2288 5402 uxorem
2312 5349 2524 5417 habeat,
2554 5354 2603 5404 et
2648 5365 2990 5420 unaquaeque
3013 5366 3181 5405 suum
3215 5353 3406 5406 vitum
3435 5349 3657 5417 habeat,

2057 5439 2225 5491 umori
2240 5440 2329 5492 vir
2355 5439 2599 5493 debitum
2612 5438 2822 5505 reddat,
2835 5440 3100 5494 similiter
3118 5444 3306 5494 autem
3315 5444 3518 5493 eturor
3530 5441 3662 5493 viro

2058 5525 2113 5593 (I
2139 5524 2261 5581 Cor.
2281 5528 2410 5595 vn);
2431 5531 2490 5583 et
2507 5526 2676 5599 paulo
2707 5531 2870 5598 post:
2895 5527 3072 5584 Nolite
3091 5528 3364 5597 ﬁ‘audare
3392 5529 3654 5594 invicem,
