  <div class='ocr_page' id='page_1' title='image "/cluster/home/n/w/nwhite01/storage/ocr_20150623/112/hvd.32044054759774/122.png"; bbox 0 0 4034 6162; ppageno 0'>
   <div class='ocr_carea' id='block_1_1' title="bbox 743 297 3066 360">
    <p class='ocr_par' dir='ltr' id='par_1_1' title="bbox 743 297 3066 360">
     <span class='ocr_line' id='line_1_1' title="bbox 743 297 3066 360; baseline 0.001 -9"><span class='ocrx_word' id='word_1_1' title='bbox 743 297 1321 356; x_wconf 83' lang='lat' dir='ltr'>ENARRATIONUM</span> <span class='ocrx_word' id='word_1_2' title='bbox 1350 303 1426 356; x_wconf 85' lang='lat' dir='ltr'>IN</span> <span class='ocrx_word' id='word_1_3' title='bbox 1457 303 1610 358; x_wconf 86' lang='lat' dir='ltr'>EPP.</span> <span class='ocrx_word' id='word_1_4' title='bbox 1643 304 1858 360; x_wconf 87' lang='lat' dir='ltr'><strong>PAULI</strong></span> <span class='ocrx_word' id='word_1_5' title='bbox 1889 303 2024 358; x_wconf 90' lang='lat' dir='ltr'>LIB.</span> <span class='ocrx_word' id='word_1_6' title='bbox 2058 303 2208 358; x_wconf 81' lang='lat' dir='ltr'>XIII.</span> <span class='ocrx_word' id='word_1_7' title='bbox 2243 333 2308 344; x_wconf 92' lang='lat'><strong>-</strong></span> <span class='ocrx_word' id='word_1_8' title='bbox 2341 303 2416 357; x_wconf 90' lang='lat' dir='ltr'><strong>IN</strong></span> <span class='ocrx_word' id='word_1_9' title='bbox 2447 302 2668 357; x_wconf 89' lang='lat' dir='ltr'>EPIST.</span> <span class='ocrx_word' id='word_1_10' title='bbox 2701 303 2751 356; x_wconf 93' lang='grc' dir='ltr'>ΙΙ</span> <span class='ocrx_word' id='word_1_11' title='bbox 2780 303 2876 356; x_wconf 83' lang='grc' dir='ltr'>ΑΙ)</span> <span class='ocrx_word' id='word_1_12' title='bbox 2905 302 3066 357; x_wconf 85' lang='lat' dir='ltr'>COR.</span> 
     </span>
    </p>
   </div>
   <div class='ocr_carea' id='block_1_2' title="bbox 3435 300 3536 358">
    <p class='ocr_par' dir='ltr' id='par_1_2' title="bbox 3435 300 3536 358">
     <span class='ocr_line' id='line_1_2' title="bbox 3435 300 3536 358; baseline -0.04 1"><span class='ocrx_word' id='word_1_13' title='bbox 3435 300 3536 358; x_wconf 72' lang='lat'>234</span> 
     </span>
    </p>
   </div>
   <div class='ocr_carea' id='block_1_3' title="bbox 325 419 3538 497">
    <p class='ocr_par' dir='ltr' id='par_1_3' title="bbox 325 419 3538 497">
     <span class='ocr_line' id='line_1_3' title="bbox 325 419 3538 497; baseline 0.002 -24"><span class='ocrx_word' id='word_1_14' title='bbox 325 421 414 473; x_wconf 81' lang='lat' dir='ltr'>nisi</span> <span class='ocrx_word' id='word_1_15' title='bbox 433 421 553 486; x_wconf 78' lang='lat' dir='ltr'>forte</span> <span class='ocrx_word' id='word_1_16' title='bbox 575 419 652 472; x_wconf 84' lang='lat' dir='ltr'>ad</span> <span class='ocrx_word' id='word_1_17' title='bbox 680 424 908 488; x_wconf 77' lang='lat' dir='ltr'>tempus,</span> <span class='ocrx_word' id='word_1_18' title='bbox 943 427 1004 476; x_wconf 87' lang='lat' dir='ltr'>ut</span> <span class='ocrx_word' id='word_1_19' title='bbox 1035 427 1229 476; x_wconf 78' lang='lat' dir='ltr'>vacetis</span> <span class='ocrx_word' id='word_1_20' title='bbox 1257 429 1518 490; x_wconf 77' lang='lat' dir='ltr'>orationi,</span> <span class='ocrx_word' id='word_1_21' title='bbox 1543 433 1602 482; x_wconf 89' lang='lat' dir='ltr'>et</span> <span class='ocrx_word' id='word_1_22' title='bbox 1628 428 1834 481; x_wconf 82' lang='lat' dir='ltr'>iterum</span> <span class='ocrx_word' id='word_1_23' title='bbox 1855 429 1934 488; x_wconf 83' lang='lat' dir='ltr'>:A</span> <span class='ocrx_word' id='word_1_24' title='bbox 1951 432 2064 490; x_wconf 90' lang='lat' dir='ltr'>tur,</span> <span class='ocrx_word' id='word_1_25' title='bbox 2081 442 2194 480; x_wconf 91' lang='lat' dir='ltr'>non</span> <span class='ocrx_word' id='word_1_26' title='bbox 2211 425 2342 496; x_wconf 90' lang='lat' dir='ltr'>quia</span> <span class='ocrx_word' id='word_1_27' title='bbox 2357 426 2476 497; x_wconf 91' lang='lat' dir='ltr'>ipse</span> <span class='ocrx_word' id='word_1_28' title='bbox 2496 425 2574 479; x_wconf 91' lang='lat' dir='ltr'>eis</span> <span class='ocrx_word' id='word_1_29' title='bbox 2609 424 2842 494; x_wconf 86' lang='lat' dir='ltr'>indiget,</span> <span class='ocrx_word' id='word_1_30' title='bbox 2863 424 2958 496; x_wconf 88' lang='lat' dir='ltr'>qui</span> <span class='ocrx_word' id='word_1_31' title='bbox 2986 425 3255 495; x_wconf 88' lang='lat' dir='ltr'>proﬁcere</span> <span class='ocrx_word' id='word_1_32' title='bbox 3279 424 3538 480; x_wconf 80' lang='lat' dir='ltr'><strong>laudibus</strong></span> 
     </span>
    </p>
   </div>
   <div class='ocr_carea' id='block_1_4' title="bbox 325 503 1868 585">
    <p class='ocr_par' dir='ltr' id='par_1_4' title="bbox 325 503 1868 585">
     <span class='ocr_line' id='line_1_4' title="bbox 325 503 1868 585; baseline 0.005 -23"><span class='ocrx_word' id='word_1_33' title='bbox 325 509 629 562; x_wconf 76' lang='lat' dir='ltr'>Ret-crtimini</span> <span class='ocrx_word' id='word_1_34' title='bbox 642 510 703 561; x_wconf 87' lang='lat' dir='ltr'>in</span> <span class='ocrx_word' id='word_1_35' title='bbox 719 510 804 562; x_wconf 88' lang='lat' dir='ltr'>idi</span> <span class='ocrx_word' id='word_1_36' title='bbox 803 512 1022 580; x_wconf 87' lang='lat' dir='ltr'>psum(l</span> <span class='ocrx_word' id='word_1_37' title='bbox 1027 514 1248 582; x_wconf 72' lang='lat' dir='ltr'>001w&quot;)</span> <span class='ocrx_word' id='word_1_38' title='bbox 1259 513 1414 568; x_wconf 90' lang='lat' dir='ltr'>.Ecce</span> <span class='ocrx_word' id='word_1_39' title='bbox 1418 503 1868 585; x_wconf 66' lang='lat' dir='ltr'>jambmlestibus</span> 
     </span>
    </p>
   </div>
   <div class='ocr_carea' id='block_1_5' title="bbox 321 595 1864 670">
    <p class='ocr_par' dir='ltr' id='par_1_5' title="bbox 321 595 1864 670">
     <span class='ocr_line' id='line_1_5' title="bbox 321 595 1864 670; baseline 0.005 -20"><span class='ocrx_word' id='word_1_40' title='bbox 321 595 505 650; x_wconf 78' lang='lat' dir='ltr'><strong>secretis</strong></span> <span class='ocrx_word' id='word_1_41' title='bbox 527 595 813 662; x_wconf 82' lang='lat' dir='ltr'>inseritur,</span> <span class='ocrx_word' id='word_1_42' title='bbox 846 604 905 651; x_wconf 92' lang='lat' dir='ltr'>et</span> <span class='ocrx_word' id='word_1_43' title='bbox 931 603 1119 653; x_wconf 85' lang='lat' dir='ltr'>tamen</span> <span class='ocrx_word' id='word_1_44' title='bbox 1152 617 1252 670; x_wconf 90' lang='lat' dir='ltr'>per</span> <span class='ocrx_word' id='word_1_45' title='bbox 1279 603 1760 658; x_wconf 89' lang='lat' dir='ltr'>condescensionis</span> <span class='ocrx_word' id='word_1_46' title='bbox 1784 606 1864 659; x_wconf 88' lang='lat' dir='ltr'>vi-</span> 
     </span>
    </p>
   </div>
   <div class='ocr_carea' id='block_1_6' title="bbox 320 684 1868 762">
    <p class='ocr_par' dir='ltr' id='par_1_6' title="bbox 320 684 1868 762">
     <span class='ocr_line' id='line_1_6' title="bbox 320 684 1868 762; baseline 0.007 -26"><span class='ocrx_word' id='word_1_47' title='bbox 320 701 443 738; x_wconf 79' lang='lat' dir='ltr'>scera</span> <span class='ocrx_word' id='word_1_48' title='bbox 465 684 765 738; x_wconf 80' lang='lat' dir='ltr'>carnalium</span> <span class='ocrx_word' id='word_1_49' title='bbox 794 685 976 740; x_wconf 86' lang='lat' dir='ltr'>cubile</span> <span class='ocrx_word' id='word_1_50' title='bbox 1006 694 1406 758; x_wconf 87' lang='lat' dir='ltr'>perscrutatur,</span> <span class='ocrx_word' id='word_1_51' title='bbox 1426 698 1484 745; x_wconf 89' lang='lat' dir='ltr'>et</span> <span class='ocrx_word' id='word_1_52' title='bbox 1501 709 1668 762; x_wconf 89' lang='lat' dir='ltr'>quem</span> <span class='ocrx_word' id='word_1_53' title='bbox 1686 693 1868 747; x_wconf 88' lang='lat' dir='ltr'>suble-</span> 
     </span>
    </p>
   </div>
   <div class='ocr_carea' id='block_1_7' title="bbox 319 771 1868 845">
    <p class='ocr_par' dir='ltr' id='par_1_7' title="bbox 319 771 1868 845">
     <span class='ocr_line' id='line_1_7' title="bbox 319 771 1868 845; baseline 0.006 -19"><span class='ocrx_word' id='word_1_54' title='bbox 319 780 444 826; x_wconf 80' lang='lat' dir='ltr'>vatus</span> <span class='ocrx_word' id='word_1_55' title='bbox 466 771 526 826; x_wconf 86' lang='lat' dir='ltr'>ad</span> <span class='ocrx_word' id='word_1_56' title='bbox 548 771 849 826; x_wconf 77' lang='lat' dir='ltr'>invisibilia</span> <span class='ocrx_word' id='word_1_57' title='bbox 865 775 1050 845; x_wconf 82' lang='lat' dir='ltr'>erigit,</span> <span class='ocrx_word' id='word_1_58' title='bbox 1075 776 1223 830; x_wconf 91' lang='lat' dir='ltr'>hunc</span> <span class='ocrx_word' id='word_1_59' title='bbox 1244 777 1544 836; x_wconf 81' lang='lat' dir='ltr'>miseratus</span> <span class='ocrx_word' id='word_1_60' title='bbox 1563 781 1633 835; x_wconf 89' lang='lat' dir='ltr'>ad</span> <span class='ocrx_word' id='word_1_61' title='bbox 1651 787 1868 836; x_wconf 88' lang='lat' dir='ltr'>secreta</span> 
     </span>
    </p>
   </div>
   <div class='ocr_carea' id='block_1_8' title="bbox 319 861 1864 924">
    <p class='ocr_par' dir='ltr' id='par_1_8' title="bbox 319 861 1864 924">
     <span class='ocr_line' id='line_1_8' title="bbox 319 861 1864 924; baseline 0.006 -9"><span class='ocrx_word' id='word_1_62' title='bbox 319 861 682 916; x_wconf 86' lang='lat' dir='ltr'>inﬁrmantium</span> <span class='ocrx_word' id='word_1_63' title='bbox 725 863 952 917; x_wconf 90' lang='lat' dir='ltr'>oculum</span> <span class='ocrx_word' id='word_1_64' title='bbox 997 864 1177 918; x_wconf 84' lang='lat' dir='ltr'>cordis</span> <span class='ocrx_word' id='word_1_65' title='bbox 1231 866 1424 920; x_wconf 86' lang='lat' dir='ltr'>ﬂectit.</span> <span class='ocrx_word' id='word_1_66' title='bbox 1470 869 1684 923; x_wconf 65' lang='lat' dir='ltr'>Caelum</span> <span class='ocrx_word' id='word_1_67' title='bbox 1731 887 1864 924; x_wconf 85' lang='lat' dir='ltr'>con—</span> 
     </span>
    </p>
   </div>
   <div class='ocr_carea' id='block_1_9' title="bbox 314 950 1868 1021">
    <p class='ocr_par' dir='ltr' id='par_1_9' title="bbox 314 950 1868 1021">
     <span class='ocr_line' id='line_1_9' title="bbox 314 950 1868 1021; baseline 0.007 -19"><span class='ocrx_word' id='word_1_68' title='bbox 314 950 636 1021; x_wconf 85' lang='lat' dir='ltr'>templatione</span> <span class='ocrx_word' id='word_1_69' title='bbox 664 953 1030 1016; x_wconf 85' lang='lat' dir='ltr'>transcendit,</span> <span class='ocrx_word' id='word_1_70' title='bbox 1065 971 1166 1008; x_wconf 87' lang='lat' dir='ltr'>nec</span> <span class='ocrx_word' id='word_1_71' title='bbox 1193 960 1386 1009; x_wconf 91' lang='lat' dir='ltr'>tamen</span> <span class='ocrx_word' id='word_1_72' title='bbox 1417 963 1657 1011; x_wconf 87' lang='lat' dir='ltr'>stratum</span> <span class='ocrx_word' id='word_1_73' title='bbox 1675 975 1868 1013; x_wconf 89' lang='lat' dir='ltr'>carna-</span> 
     </span>
    </p>
   </div>
   <div class='ocr_carea' id='block_1_10' title="bbox 227 1038 1867 1114">
    <p class='ocr_par' dir='ltr' id='par_1_10' title="bbox 227 1038 1867 1114">
     <span class='ocr_line' id='line_1_10' title="bbox 227 1038 1867 1114; baseline 0.007 -24"><span class='ocrx_word' id='word_1_74' title='bbox 227 1048 244 1067; x_wconf 83' lang='lat'><strong><em>°</em></strong></span> <span class='ocrx_word' id='word_1_75' title='bbox 315 1040 424 1094; x_wconf 87' lang='lat' dir='ltr'>lium</span> <span class='ocrx_word' id='word_1_76' title='bbox 449 1038 814 1094; x_wconf 86' lang='lat' dir='ltr'>sollicitudine</span> <span class='ocrx_word' id='word_1_77' title='bbox 843 1040 1109 1103; x_wconf 89' lang='lat' dir='ltr'>deseruit,</span> <span class='ocrx_word' id='word_1_78' title='bbox 1129 1043 1262 1112; x_wconf 85' lang='lat' dir='ltr'>quia</span> <span class='ocrx_word' id='word_1_79' title='bbox 1280 1059 1549 1114; x_wconf 81' lang='lat' dir='ltr'>compage</span> <span class='ocrx_word' id='word_1_80' title='bbox 1579 1045 1867 1101; x_wconf 88' lang='lat' dir='ltr'>charitatis</span> 
     </span>
    </p>
   </div>
   <div class='ocr_carea' id='block_1_11' title="bbox 312 1127 1866 1204">
    <p class='ocr_par' dir='ltr' id='par_1_11' title="bbox 312 1127 1866 1204">
     <span class='ocr_line' id='line_1_11' title="bbox 312 1127 1866 1204; baseline 0.006 -25"><span class='ocrx_word' id='word_1_81' title='bbox 312 1127 508 1181; x_wconf 88' lang='lat' dir='ltr'>summis</span> <span class='ocrx_word' id='word_1_82' title='bbox 525 1127 696 1181; x_wconf 87' lang='lat' dir='ltr'>simul</span> <span class='ocrx_word' id='word_1_83' title='bbox 719 1133 776 1181; x_wconf 92' lang='lat' dir='ltr'>et</span> <span class='ocrx_word' id='word_1_84' title='bbox 793 1128 1004 1183; x_wconf 91' lang='lat' dir='ltr'>inﬁmis</span> <span class='ocrx_word' id='word_1_85' title='bbox 1017 1131 1268 1200; x_wconf 88' lang='lat' dir='ltr'>junctus,</span> <span class='ocrx_word' id='word_1_86' title='bbox 1285 1138 1344 1186; x_wconf 91' lang='lat' dir='ltr'>et</span> <span class='ocrx_word' id='word_1_87' title='bbox 1360 1132 1417 1186; x_wconf 91' lang='lat' dir='ltr'>in</span> <span class='ocrx_word' id='word_1_88' title='bbox 1435 1134 1734 1204; x_wconf 88' lang='lat' dir='ltr'>semetipso</span> <span class='ocrx_word' id='word_1_89' title='bbox 1755 1135 1866 1188; x_wconf 85' lang='lat' dir='ltr'>vir-</span> 
     </span>
    </p>
   </div>
   <div class='ocr_carea' id='block_1_12' title="bbox 313 1215 1865 1293">
    <p class='ocr_par' dir='ltr' id='par_1_12' title="bbox 313 1215 1865 1293">
     <span class='ocr_line' id='line_1_12' title="bbox 313 1215 1865 1293; baseline 0.005 -23"><span class='ocrx_word' id='word_1_90' title='bbox 313 1223 408 1270; x_wconf 86' lang='lat' dir='ltr'>tute</span> <span class='ocrx_word' id='word_1_91' title='bbox 432 1215 663 1286; x_wconf 86' lang='lat' dir='ltr'>Spiritus</span> <span class='ocrx_word' id='word_1_92' title='bbox 690 1216 760 1269; x_wconf 88' lang='lat' dir='ltr'>ad</span> <span class='ocrx_word' id='word_1_93' title='bbox 778 1216 894 1270; x_wconf 85' lang='lat' dir='ltr'>alta</span> <span class='ocrx_word' id='word_1_94' title='bbox 923 1217 1173 1272; x_wconf 83' lang='lat' dir='ltr'>valenter</span> <span class='ocrx_word' id='word_1_95' title='bbox 1202 1221 1440 1290; x_wconf 83' lang='lat' dir='ltr'>rapitur,</span> <span class='ocrx_word' id='word_1_96' title='bbox 1466 1227 1524 1276; x_wconf 88' lang='lat' dir='ltr'>et</span> <span class='ocrx_word' id='word_1_97' title='bbox 1566 1223 1776 1293; x_wconf 83' lang='lat' dir='ltr'>pietate</span> <span class='ocrx_word' id='word_1_98' title='bbox 1806 1225 1865 1278; x_wconf 92' lang='lat' dir='ltr'>in</span> 
     </span>
    </p>
   </div>
   <div class='ocr_carea' id='block_1_13' title="bbox 311 1304 1866 1378">
    <p class='ocr_par' dir='ltr' id='par_1_13' title="bbox 311 1304 1866 1378">
     <span class='ocr_line' id='line_1_13' title="bbox 311 1304 1866 1378; baseline 0.006 -22"><span class='ocrx_word' id='word_1_99' title='bbox 311 1304 796 1374; x_wconf 72' lang='lat' dir='ltr'>aliiszequanimiter</span> <span class='ocrx_word' id='word_1_100' title='bbox 813 1305 1136 1360; x_wconf 88' lang='lat' dir='ltr'>inﬁrmatur</span> <span class='ocrx_word' id='word_1_101' title='bbox 1169 1307 1311 1362; x_wconf 89' lang='lat' dir='ltr'>Hinc</span> <span class='ocrx_word' id='word_1_102' title='bbox 1329 1310 1540 1363; x_wconf 90' lang='lat' dir='ltr'>etenim</span> <span class='ocrx_word' id='word_1_103' title='bbox 1557 1311 1689 1366; x_wconf 89' lang='lat' dir='ltr'>dicit</span> <span class='ocrx_word' id='word_1_104' title='bbox 1707 1329 1718 1363; x_wconf 88' lang='lat'>:</span> <span class='ocrx_word' id='word_1_105' title='bbox 1735 1313 1866 1378; x_wconf 82' lang='lat' dir='ltr'>Quis</span> 
     </span>
    </p>
   </div>
   <div class='ocr_carea' id='block_1_14' title="bbox 311 1394 1865 1463">
    <p class='ocr_par' dir='ltr' id='par_1_14' title="bbox 311 1394 1865 1463">
     <span class='ocr_line' id='line_1_14' title="bbox 311 1394 1865 1463; baseline 0.006 -19"><span class='ocrx_word' id='word_1_106' title='bbox 311 1394 604 1458; x_wconf 75' lang='lat' dir='ltr'>inﬁrmatur</span> <span class='ocrx_word' id='word_1_107' title='bbox 619 1397 670 1446; x_wconf 86' lang='lat' dir='ltr'>et</span> <span class='ocrx_word' id='word_1_108' title='bbox 680 1408 773 1460; x_wconf 84' lang='lat' dir='ltr'>ego</span> <span class='ocrx_word' id='word_1_109' title='bbox 789 1409 902 1446; x_wconf 88' lang='lat' dir='ltr'>non</span> <span class='ocrx_word' id='word_1_110' title='bbox 921 1395 1214 1461; x_wconf 79' lang='lat' dir='ltr'>inﬁrmor?</span> <span class='ocrx_word' id='word_1_111' title='bbox 1231 1397 1364 1463; x_wconf 80' lang='lat' dir='ltr'>Quis</span> <span class='ocrx_word' id='word_1_112' title='bbox 1377 1399 1800 1453; x_wconf 72' lang='lat' dir='ltr'>scandalizatur</span> <span class='ocrx_word' id='word_1_113' title='bbox 1816 1404 1865 1452; x_wconf 84' lang='lat' dir='ltr'>et</span> 
     </span>
    </p>
   </div>
   <div class='ocr_carea' id='block_1_15' title="bbox 307 1481 1865 1550">
    <p class='ocr_par' dir='ltr' id='par_1_15' title="bbox 307 1481 1865 1550">
     <span class='ocr_line' id='line_1_15' title="bbox 307 1481 1865 1550; baseline 0.006 -18"><span class='ocrx_word' id='word_1_114' title='bbox 307 1495 380 1547; x_wconf 75' lang='lat' dir='ltr'>ego</span> <span class='ocrx_word' id='word_1_115' title='bbox 400 1495 497 1533; x_wconf 87' lang='lat' dir='ltr'>non</span> <span class='ocrx_word' id='word_1_116' title='bbox 521 1495 662 1535; x_wconf 86' lang='lat' dir='ltr'>uror</span> <span class='ocrx_word' id='word_1_117' title='bbox 698 1481 752 1548; x_wconf 84' lang='grc' dir='ltr'>(Ι</span> <span class='ocrx_word' id='word_1_118' title='bbox 769 1481 893 1536; x_wconf 79' lang='lat' dir='ltr'>Cor.</span> <span class='ocrx_word' id='word_1_119' title='bbox 924 1485 1000 1550; x_wconf 73' lang='lat' dir='ltr'>xx)</span> <span class='ocrx_word' id='word_1_120' title='bbox 1023 1501 1034 1536; x_wconf 93' lang='lat'>:</span> <span class='ocrx_word' id='word_1_121' title='bbox 1062 1482 1192 1537; x_wconf 89' lang='lat' dir='ltr'>hinc</span> <span class='ocrx_word' id='word_1_122' title='bbox 1220 1485 1370 1539; x_wconf 90' lang='lat' dir='ltr'>enim</span> <span class='ocrx_word' id='word_1_123' title='bbox 1399 1501 1595 1540; x_wconf 88' lang='lat' dir='ltr'>rursus</span> <span class='ocrx_word' id='word_1_124' title='bbox 1625 1486 1737 1540; x_wconf 86' lang='lat' dir='ltr'>ait:</span> <span class='ocrx_word' id='word_1_125' title='bbox 1763 1489 1865 1541; x_wconf 82' lang='lat' dir='ltr'>Fa-</span> 
     </span>
    </p>
   </div>
   <div class='ocr_carea' id='block_1_16' title="bbox 304 1569 1864 1644">
    <p class='ocr_par' dir='ltr' id='par_1_16' title="bbox 304 1569 1864 1644">
     <span class='ocr_line' id='line_1_16' title="bbox 304 1569 1864 1644; baseline 0.006 -24"><span class='ocrx_word' id='word_1_126' title='bbox 304 1573 400 1621; x_wconf 76' lang='lat' dir='ltr'>ctus</span> <span class='ocrx_word' id='word_1_127' title='bbox 415 1584 527 1620; x_wconf 88' lang='lat' dir='ltr'>sum</span> <span class='ocrx_word' id='word_1_128' title='bbox 541 1569 754 1622; x_wconf 65' lang='lat' dir='ltr'>Judaeis</span> <span class='ocrx_word' id='word_1_129' title='bbox 778 1573 1047 1638; x_wconf 78' lang='lat' dir='ltr'>tanquam</span> <span class='ocrx_word' id='word_1_130' title='bbox 1067 1573 1287 1625; x_wconf 67' lang='lat' dir='ltr'>Judazus</span> <span class='ocrx_word' id='word_1_131' title='bbox 1308 1572 1517 1644; x_wconf 61' lang='lat' dir='ltr'>(Ibid),</span> <span class='ocrx_word' id='word_1_132' title='bbox 1543 1574 1691 1644; x_wconf 91' lang='lat' dir='ltr'>quod</span> <span class='ocrx_word' id='word_1_133' title='bbox 1711 1575 1864 1630; x_wconf 89' lang='lat' dir='ltr'>vide-</span> 
     </span>
    </p>
   </div>
   <div class='ocr_carea' id='block_1_17' title="bbox 303 1654 1864 1727">
    <p class='ocr_par' dir='ltr' id='par_1_17' title="bbox 303 1654 1864 1727">
     <span class='ocr_line' id='line_1_17' title="bbox 303 1654 1864 1727; baseline 0.006 -19"><span class='ocrx_word' id='word_1_134' title='bbox 303 1655 410 1709; x_wconf 86' lang='lat' dir='ltr'>licet</span> <span class='ocrx_word' id='word_1_135' title='bbox 425 1654 681 1710; x_wconf 82' lang='lat' dir='ltr'>exhibeat</span> <span class='ocrx_word' id='word_1_136' title='bbox 700 1673 814 1711; x_wconf 92' lang='lat' dir='ltr'>non</span> <span class='ocrx_word' id='word_1_137' title='bbox 840 1657 1149 1713; x_wconf 87' lang='lat' dir='ltr'>amittendo</span> <span class='ocrx_word' id='word_1_138' title='bbox 1173 1660 1361 1727; x_wconf 88' lang='lat' dir='ltr'>ﬁdem,</span> <span class='ocrx_word' id='word_1_139' title='bbox 1390 1662 1488 1716; x_wconf 90' lang='lat' dir='ltr'>sed</span> <span class='ocrx_word' id='word_1_140' title='bbox 1520 1663 1864 1718; x_wconf 90' lang='lat' dir='ltr'>ostendendo</span> 
     </span>
    </p>
   </div>
   <div class='ocr_carea' id='block_1_18' title="bbox 1950 512 3534 582">
    <p class='ocr_par' dir='ltr' id='par_1_18' title="bbox 1950 512 3534 582">
     <span class='ocr_line' id='line_1_18' title="bbox 1950 512 3534 582; baseline 0 -13"><span class='ocrx_word' id='word_1_141' title='bbox 1950 515 2144 580; x_wconf 87' lang='lat' dir='ltr'>nescit,</span> <span class='ocrx_word' id='word_1_142' title='bbox 2176 513 2273 568; x_wconf 85' lang='lat' dir='ltr'>sed</span> <span class='ocrx_word' id='word_1_143' title='bbox 2303 513 2437 568; x_wconf 90' lang='lat' dir='ltr'>dum</span> <span class='ocrx_word' id='word_1_144' title='bbox 2467 530 2628 567; x_wconf 89' lang='lat' dir='ltr'>suam</span> <span class='ocrx_word' id='word_1_145' title='bbox 2657 512 2818 566; x_wconf 90' lang='lat' dir='ltr'>nobis</span> <span class='ocrx_word' id='word_1_146' title='bbox 2843 513 3291 582; x_wconf 81' lang='lat' dir='ltr'>magnitudinem</span> <span class='ocrx_word' id='word_1_147' title='bbox 3321 518 3534 574; x_wconf 80' lang='lat' dir='ltr'>narrat.</span> 
     </span>
    </p>
   </div>
   <div class='ocr_carea' id='block_1_19' title="bbox 1950 599 3538 672">
    <p class='ocr_par' dir='ltr' id='par_1_19' title="bbox 1950 599 3538 672">
     <span class='ocr_line' id='line_1_19' title="bbox 1950 599 3538 672; baseline -0.001 -15"><span class='ocrx_word' id='word_1_148' title='bbox 1950 609 2198 658; x_wconf 88' lang='lat' dir='ltr'>nostram</span> <span class='ocrx_word' id='word_1_149' title='bbox 2227 603 2296 656; x_wconf 89' lang='lat' dir='ltr'>ad</span> <span class='ocrx_word' id='word_1_150' title='bbox 2327 619 2387 656; x_wconf 90' lang='lat' dir='ltr'>se</span> <span class='ocrx_word' id='word_1_151' title='bbox 2419 601 2758 672; x_wconf 85' lang='lat' dir='ltr'>imperitiam</span> <span class='ocrx_word' id='word_1_152' title='bbox 2778 599 3061 668; x_wconf 85' lang='lat' dir='ltr'>sublevat;</span> <span class='ocrx_word' id='word_1_153' title='bbox 3095 606 3154 656; x_wconf 89' lang='lat' dir='ltr'>et</span> <span class='ocrx_word' id='word_1_154' title='bbox 3166 601 3316 656; x_wconf 89' lang='lat' dir='ltr'>bona</span> <span class='ocrx_word' id='word_1_155' title='bbox 3339 618 3444 656; x_wconf 89' lang='lat' dir='ltr'>sua</span> <span class='ocrx_word' id='word_1_156' title='bbox 3460 603 3538 656; x_wconf 90' lang='lat' dir='ltr'>lo-</span> 
     </span>
    </p>
   </div>
   <div class='ocr_carea' id='block_1_20' title="bbox 1949 689 3538 763">
    <p class='ocr_par' dir='ltr' id='par_1_20' title="bbox 1949 689 3538 763">
     <span class='ocr_line' id='line_1_20' title="bbox 1949 689 3538 763; baseline 0 -17"><span class='ocrx_word' id='word_1_157' title='bbox 1949 691 2170 763; x_wconf 87' lang='lat' dir='ltr'>quendo</span> <span class='ocrx_word' id='word_1_158' title='bbox 2199 708 2301 745; x_wconf 90' lang='lat' dir='ltr'>nos</span> <span class='ocrx_word' id='word_1_159' title='bbox 2329 690 2542 757; x_wconf 86' lang='lat' dir='ltr'>edocet,</span> <span class='ocrx_word' id='word_1_160' title='bbox 2567 707 2732 760; x_wconf 90' lang='lat' dir='ltr'>quem</span> <span class='ocrx_word' id='word_1_161' title='bbox 2754 689 2984 744; x_wconf 90' lang='lat' dir='ltr'>omnino</span> <span class='ocrx_word' id='word_1_162' title='bbox 3011 689 3180 744; x_wconf 90' lang='lat' dir='ltr'>homo</span> <span class='ocrx_word' id='word_1_163' title='bbox 3207 707 3320 746; x_wconf 91' lang='lat' dir='ltr'>non</span> <span class='ocrx_word' id='word_1_164' title='bbox 3339 707 3538 762; x_wconf 91' lang='lat' dir='ltr'>cogno-</span> 
     </span>
    </p>
   </div>
   <div class='ocr_carea' id='block_1_21' title="bbox 1947 777 3540 844">
    <p class='ocr_par' dir='ltr' id='par_1_21' title="bbox 1947 777 3540 844">
     <span class='ocr_line' id='line_1_21' title="bbox 1947 777 3540 844; baseline 0.001 -12"><span class='ocrx_word' id='word_1_165' title='bbox 1947 785 2143 844; x_wconf 87' lang='lat' dir='ltr'>sceret,</span> <span class='ocrx_word' id='word_1_166' title='bbox 2175 779 2222 832; x_wconf 90' lang='lat' dir='ltr'>si</span> <span class='ocrx_word' id='word_1_167' title='bbox 2253 778 2323 832; x_wconf 90' lang='lat' dir='ltr'>de</span> <span class='ocrx_word' id='word_1_168' title='bbox 2350 795 2410 832; x_wconf 90' lang='lat' dir='ltr'>se</span> <span class='ocrx_word' id='word_1_169' title='bbox 2439 785 2624 832; x_wconf 87' lang='lat' dir='ltr'>tacere</span> <span class='ocrx_word' id='word_1_170' title='bbox 2649 777 2932 832; x_wconf 89' lang='lat' dir='ltr'>voluisset.</span> <span class='ocrx_word' id='word_1_171' title='bbox 2952 777 3162 832; x_wconf 87' lang='lat' dir='ltr'>Idcirco</span> <span class='ocrx_word' id='word_1_172' title='bbox 3187 778 3383 834; x_wconf 88' lang='lat' dir='ltr'>laudes</span> <span class='ocrx_word' id='word_1_173' title='bbox 3409 795 3540 834; x_wconf 85' lang='lat' dir='ltr'>suas</span> 
     </span>
    </p>
   </div>
   <div class='ocr_carea' id='block_1_22' title="bbox 1948 866 3538 936">
    <p class='ocr_par' dir='ltr' id='par_1_22' title="bbox 1948 866 3538 936">
     <span class='ocr_line' id='line_1_22' title="bbox 1948 866 3538 936; baseline 0.001 -16"><span class='ocrx_word' id='word_1_174' title='bbox 1948 867 2176 934; x_wconf 88' lang='lat' dir='ltr'>indicat,</span> <span class='ocrx_word' id='word_1_175' title='bbox 2211 872 2274 920; x_wconf 90' lang='lat' dir='ltr'>ut</span> <span class='ocrx_word' id='word_1_176' title='bbox 2299 867 2583 920; x_wconf 86' lang='lat' dir='ltr'>valeamus</span> <span class='ocrx_word' id='word_1_177' title='bbox 2601 882 2731 919; x_wconf 91' lang='lat' dir='ltr'>eum</span> <span class='ocrx_word' id='word_1_178' title='bbox 2761 866 3054 920; x_wconf 88' lang='lat' dir='ltr'>audientes</span> <span class='ocrx_word' id='word_1_179' title='bbox 3073 883 3427 936; x_wconf 80' lang='lat' dir='ltr'>cognoscere,</span> <span class='ocrx_word' id='word_1_180' title='bbox 3451 883 3538 922; x_wconf 91' lang='lat' dir='ltr'>co-</span> 
     </span>
    </p>
   </div>
   <div class='ocr_carea' id='block_1_23' title="bbox 1945 954 3539 1026">
    <p class='ocr_par' dir='ltr' id='par_1_23' title="bbox 1945 954 3539 1026">
     <span class='ocr_line' id='line_1_23' title="bbox 1945 954 3539 1026; baseline 0.001 -18"><span class='ocrx_word' id='word_1_181' title='bbox 1945 959 2277 1024; x_wconf 88' lang='lat' dir='ltr'>gnoscentes</span> <span class='ocrx_word' id='word_1_182' title='bbox 2323 970 2534 1020; x_wconf 89' lang='lat' dir='ltr'>amare,</span> <span class='ocrx_word' id='word_1_183' title='bbox 2565 959 2822 1008; x_wconf 90' lang='lat' dir='ltr'>amantes</span> <span class='ocrx_word' id='word_1_184' title='bbox 2863 954 3041 1026; x_wconf 89' lang='lat' dir='ltr'>sequi,</span> <span class='ocrx_word' id='word_1_185' title='bbox 3074 960 3372 1025; x_wconf 86' lang='lat' dir='ltr'>sequentes</span> <span class='ocrx_word' id='word_1_186' title='bbox 3415 955 3539 1010; x_wconf 85' lang='lat' dir='ltr'>adi-</span> 
     </span>
    </p>
   </div>
   <div class='ocr_carea' id='block_1_24' title="bbox 1948 1041 3540 1114">
    <p class='ocr_par' dir='ltr' id='par_1_24' title="bbox 1948 1041 3540 1114">
     <span class='ocr_line' id='line_1_24' title="bbox 1948 1041 3540 1114; baseline 0.001 -18"><span class='ocrx_word' id='word_1_187' title='bbox 1948 1043 2104 1114; x_wconf 85' lang='lat' dir='ltr'>pisci,</span> <span class='ocrx_word' id='word_1_188' title='bbox 2138 1042 2506 1112; x_wconf 88' lang='lat' dir='ltr'>adipiscentcs</span> <span class='ocrx_word' id='word_1_189' title='bbox 2534 1059 2664 1096; x_wconf 88' lang='lat' dir='ltr'>vera</span> <span class='ocrx_word' id='word_1_190' title='bbox 2695 1043 2818 1112; x_wconf 89' lang='lat' dir='ltr'>ejus</span> <span class='ocrx_word' id='word_1_191' title='bbox 2858 1041 3072 1096; x_wconf 82' lang='lat' dir='ltr'>visione</span> <span class='ocrx_word' id='word_1_192' title='bbox 3118 1043 3348 1114; x_wconf 82' lang='lat' dir='ltr'>perfrui.</span> <span class='ocrx_word' id='word_1_193' title='bbox 3379 1043 3540 1098; x_wconf 86' lang='lat' dir='ltr'>Unde</span> 
     </span>
    </p>
   </div>
   <div class='ocr_carea' id='block_1_25' title="bbox 1948 1131 3540 1200">
    <p class='ocr_par' dir='ltr' id='par_1_25' title="bbox 1948 1131 3540 1200">
     <span class='ocr_line' id='line_1_25' title="bbox 1948 1131 3540 1200; baseline 0.002 -16"><span class='ocrx_word' id='word_1_194' title='bbox 1948 1131 2247 1185; x_wconf 91' lang='lat' dir='ltr'>Psalmista</span> <span class='ocrx_word' id='word_1_195' title='bbox 2257 1131 2362 1184; x_wconf 87' lang='lat' dir='ltr'>ait:</span> <span class='ocrx_word' id='word_1_196' title='bbox 2396 1131 2656 1185; x_wconf 76' lang='lat' dir='ltr'>Virtutem</span> <span class='ocrx_word' id='word_1_197' title='bbox 2677 1147 2903 1200; x_wconf 86' lang='lat' dir='ltr'>operum</span> <span class='ocrx_word' id='word_1_198' title='bbox 2923 1146 3156 1185; x_wconf 89' lang='lat' dir='ltr'>suorum</span> <span class='ocrx_word' id='word_1_199' title='bbox 3173 1135 3540 1188; x_wconf 79' lang='lat' dir='ltr'>annuntiavit</span> 
     </span>
    </p>
   </div>
   <div class='ocr_carea' id='block_1_26' title="bbox 1940 1220 3537 1289">
    <p class='ocr_par' dir='ltr' id='par_1_26' title="bbox 1940 1220 3537 1289">
     <span class='ocr_line' id='line_1_26' title="bbox 1940 1220 3537 1289; baseline 0.001 -17"><span class='ocrx_word' id='word_1_200' title='bbox 1940 1223 2141 1289; x_wconf 89' lang='lat' dir='ltr'>populo</span> <span class='ocrx_word' id='word_1_201' title='bbox 2168 1235 2284 1284; x_wconf 85' lang='lat' dir='ltr'>suo,</span> <span class='ocrx_word' id='word_1_202' title='bbox 2318 1224 2380 1272; x_wconf 87' lang='lat' dir='ltr'>ut</span> <span class='ocrx_word' id='word_1_203' title='bbox 2409 1221 2494 1273; x_wconf 87' lang='lat' dir='ltr'>det</span> <span class='ocrx_word' id='word_1_204' title='bbox 2517 1221 2633 1273; x_wconf 85' lang='lat' dir='ltr'>illis</span> <span class='ocrx_word' id='word_1_205' title='bbox 2661 1220 3032 1274; x_wconf 71' lang='lat' dir='ltr'>lwreditatem</span> <span class='ocrx_word' id='word_1_206' title='bbox 3065 1222 3315 1288; x_wconf 86' lang='lat' dir='ltr'>gentium</span> <span class='ocrx_word' id='word_1_207' title='bbox 3346 1221 3537 1289; x_wconf 85' lang='lat' dir='ltr'>(Psal.)</span> 
     </span>
    </p>
   </div>
   <div class='ocr_carea' id='block_1_27' title="bbox 1947 1307 3539 1382">
    <p class='ocr_par' dir='ltr' id='par_1_27' title="bbox 1947 1307 3539 1382">
     <span class='ocr_line' id='line_1_27' title="bbox 1947 1307 3539 1382; baseline 0.003 -21"><span class='ocrx_word' id='word_1_208' title='bbox 1947 1310 2036 1376; x_wconf 82' lang='lat' dir='ltr'>cx)</span> <span class='ocrx_word' id='word_1_209' title='bbox 2063 1325 2075 1359; x_wconf 87' lang='lat'>:</span> <span class='ocrx_word' id='word_1_210' title='bbox 2109 1323 2173 1360; x_wconf 87' lang='lat' dir='ltr'>ac</span> <span class='ocrx_word' id='word_1_211' title='bbox 2194 1307 2240 1360; x_wconf 92' lang='lat' dir='ltr'>si</span> <span class='ocrx_word' id='word_1_212' title='bbox 2263 1313 2454 1378; x_wconf 89' lang='lat' dir='ltr'>aperte</span> <span class='ocrx_word' id='word_1_213' title='bbox 2479 1307 2630 1361; x_wconf 89' lang='lat' dir='ltr'>dicat</span> <span class='ocrx_word' id='word_1_214' title='bbox 2653 1325 2664 1360; x_wconf 95' lang='lat'>:</span> <span class='ocrx_word' id='word_1_215' title='bbox 2689 1307 2900 1362; x_wconf 86' lang='lat' dir='ltr'>Idcirco</span> <span class='ocrx_word' id='word_1_216' title='bbox 2914 1307 3260 1363; x_wconf 85' lang='lat' dir='ltr'>fortitudinis</span> <span class='ocrx_word' id='word_1_217' title='bbox 3277 1325 3392 1364; x_wconf 67' lang='lat' dir='ltr'>suae</span> <span class='ocrx_word' id='word_1_218' title='bbox 3411 1325 3539 1382; x_wconf 87' lang='lat' dir='ltr'>ope-</span> 
     </span>
    </p>
   </div>
   <div class='ocr_carea' id='block_1_28' title="bbox 1947 1395 3533 1466">
    <p class='ocr_par' dir='ltr' id='par_1_28' title="bbox 1947 1395 3533 1466">
     <span class='ocr_line' id='line_1_28' title="bbox 1947 1395 3533 1466; baseline 0.001 -17"><span class='ocrx_word' id='word_1_219' title='bbox 1947 1395 2194 1449; x_wconf 89' lang='lat' dir='ltr'>rationes</span> <span class='ocrx_word' id='word_1_220' title='bbox 2206 1395 2474 1462; x_wconf 89' lang='lat' dir='ltr'>insinuat,</span> <span class='ocrx_word' id='word_1_221' title='bbox 2493 1400 2558 1450; x_wconf 91' lang='lat' dir='ltr'>ut</span> <span class='ocrx_word' id='word_1_222' title='bbox 2578 1412 2706 1450; x_wconf 90' lang='lat' dir='ltr'>eum</span> <span class='ocrx_word' id='word_1_223' title='bbox 2731 1395 2827 1466; x_wconf 90' lang='lat' dir='ltr'>qui</span> <span class='ocrx_word' id='word_1_224' title='bbox 2847 1395 3264 1450; x_wconf 88' lang='lat' dir='ltr'>audieritdonis</span> <span class='ocrx_word' id='word_1_225' title='bbox 3277 1396 3533 1452; x_wconf 86' lang='lat' dir='ltr'>ditescat.</span> 
     </span>
    </p>
   </div>
   <div class='ocr_carea' id='block_1_29' title="bbox 1948 1483 3536 1554">
    <p class='ocr_par' dir='ltr' id='par_1_29' title="bbox 1948 1483 3536 1554">
     <span class='ocr_line' id='line_1_29' title="bbox 1948 1483 3536 1554; baseline 0.002 -16"><span class='ocrx_word' id='word_1_226' title='bbox 1948 1483 2161 1538; x_wconf 89' lang='lat' dir='ltr'>Morem</span> <span class='ocrx_word' id='word_1_227' title='bbox 2189 1499 2322 1554; x_wconf 88' lang='lat' dir='ltr'>ergo</span> <span class='ocrx_word' id='word_1_228' title='bbox 2351 1483 2440 1538; x_wconf 92' lang='lat' dir='ltr'>sui</span> <span class='ocrx_word' id='word_1_229' title='bbox 2470 1483 2740 1538; x_wconf 79' lang='lat' dir='ltr'>creatoris</span> <span class='ocrx_word' id='word_1_230' title='bbox 2761 1483 3050 1538; x_wconf 86' lang='lat' dir='ltr'>imitantes</span> <span class='ocrx_word' id='word_1_231' title='bbox 3067 1483 3246 1539; x_wconf 85' lang='lat' dir='ltr'>sancti</span> <span class='ocrx_word' id='word_1_232' title='bbox 3265 1484 3369 1539; x_wconf 87' lang='lat' dir='ltr'>viri</span> <span class='ocrx_word' id='word_1_233' title='bbox 3395 1501 3536 1540; x_wconf 90' lang='lat' dir='ltr'>non-</span> 
     </span>
    </p>
   </div>
   <div class='ocr_carea' id='block_1_30' title="bbox 1947 1571 3536 1643">
    <p class='ocr_par' dir='ltr' id='par_1_30' title="bbox 1947 1571 3536 1643">
     <span class='ocr_line' id='line_1_30' title="bbox 1947 1571 3536 1643; baseline 0.001 -18"><span class='ocrx_word' id='word_1_234' title='bbox 1947 1588 2235 1643; x_wconf 89' lang='lat' dir='ltr'>nunquam</span> <span class='ocrx_word' id='word_1_235' title='bbox 2257 1571 2512 1642; x_wconf 71' lang='lat' dir='ltr'>quaedam</span> <span class='ocrx_word' id='word_1_236' title='bbox 2536 1572 2604 1626; x_wconf 93' lang='lat' dir='ltr'>de</span> <span class='ocrx_word' id='word_1_237' title='bbox 2619 1589 2699 1639; x_wconf 89' lang='lat' dir='ltr'>se,</span> <span class='ocrx_word' id='word_1_238' title='bbox 2713 1577 2778 1626; x_wconf 91' lang='lat' dir='ltr'>ut</span> <span class='ocrx_word' id='word_1_239' title='bbox 2798 1572 3092 1627; x_wconf 89' lang='lat' dir='ltr'>audientes</span> <span class='ocrx_word' id='word_1_240' title='bbox 3108 1571 3412 1641; x_wconf 85' lang='lat' dir='ltr'>instruant,</span> <span class='ocrx_word' id='word_1_241' title='bbox 3425 1589 3536 1629; x_wconf 88' lang='lat' dir='ltr'>non</span> 
     </span>
    </p>
   </div>
   <div class='ocr_carea' id='block_1_31' title="bbox 1944 1659 3540 1730">
    <p class='ocr_par' dir='ltr' id='par_1_31' title="bbox 1944 1659 3540 1730">
     <span class='ocr_line' id='line_1_31' title="bbox 1944 1659 3540 1730; baseline 0.002 -17"><span class='ocrx_word' id='word_1_242' title='bbox 1944 1665 2009 1713; x_wconf 92' lang='lat' dir='ltr'>ut</span> <span class='ocrx_word' id='word_1_243' title='bbox 2038 1659 2146 1730; x_wconf 89' lang='lat' dir='ltr'>ipsi</span> <span class='ocrx_word' id='word_1_244' title='bbox 2175 1659 2491 1730; x_wconf 89' lang='lat' dir='ltr'>proﬁciant,</span> <span class='ocrx_word' id='word_1_245' title='bbox 2518 1661 2881 1715; x_wconf 84' lang='lat' dir='ltr'>manifestant</span> <span class='ocrx_word' id='word_1_246' title='bbox 2902 1678 2914 1713; x_wconf 89' lang='lat'>:</span> <span class='ocrx_word' id='word_1_247' title='bbox 2939 1666 2998 1715; x_wconf 91' lang='lat' dir='ltr'>et</span> <span class='ocrx_word' id='word_1_248' title='bbox 3017 1665 3210 1716; x_wconf 86' lang='lat' dir='ltr'>tamen</span> <span class='ocrx_word' id='word_1_249' title='bbox 3229 1661 3288 1715; x_wconf 90' lang='lat' dir='ltr'>in</span> <span class='ocrx_word' id='word_1_250' title='bbox 3307 1661 3397 1716; x_wconf 87' lang='lat' dir='ltr'>his</span> <span class='ocrx_word' id='word_1_251' title='bbox 3423 1661 3540 1716; x_wconf 85' lang='lat' dir='ltr'>alta</span> 
     </span>
    </p>
   </div>
   <div class='ocr_carea' id='block_1_32' title="bbox 301 1737 3540 1821">
    <p class='ocr_par' dir='ltr' id='par_1_32' title="bbox 301 1737 3540 1821">
     <span class='ocr_line' id='line_1_32' title="bbox 301 1737 3540 1821; baseline 0.002 -24"><span class='ocrx_word' id='word_1_252' title='bbox 301 1743 556 1814; x_wconf 84' lang='lat' dir='ltr'>pietatem:</span> <span class='ocrx_word' id='word_1_253' title='bbox 575 1751 642 1798; x_wconf 90' lang='lat' dir='ltr'>ut</span> <span class='ocrx_word' id='word_1_254' title='bbox 653 1745 711 1799; x_wconf 90' lang='lat' dir='ltr'>in</span> <span class='ocrx_word' id='word_1_255' title='bbox 720 1762 781 1800; x_wconf 91' lang='lat' dir='ltr'>se</span> <span class='ocrx_word' id='word_1_256' title='bbox 793 1737 1090 1818; x_wconf 73' lang='lat' dir='ltr'>personam</span> <span class='ocrx_word' id='word_1_257' title='bbox 1103 1747 1418 1804; x_wconf 85' lang='lat' dir='ltr'>inﬁdelium</span> <span class='ocrx_word' id='word_1_258' title='bbox 1431 1751 1858 1821; x_wconf 87' lang='lat' dir='ltr'>transﬁgurans,</span> <span class='ocrx_word' id='word_1_259' title='bbox 1879 1762 1926 1821; x_wconf 82' lang='grc' dir='ltr'>Β</span> <span class='ocrx_word' id='word_1_260' title='bbox 1943 1765 2002 1802; x_wconf 89' lang='lat' dir='ltr'>se</span> <span class='ocrx_word' id='word_1_261' title='bbox 2031 1747 2476 1803; x_wconf 89' lang='lat' dir='ltr'>consideratione</span> <span class='ocrx_word' id='word_1_262' title='bbox 2491 1749 2832 1814; x_wconf 91' lang='lat' dir='ltr'>custodiunt,</span> <span class='ocrx_word' id='word_1_263' title='bbox 2855 1766 2928 1804; x_wconf 91' lang='lat' dir='ltr'>ne</span> <span class='ocrx_word' id='word_1_264' title='bbox 2948 1749 3084 1804; x_wconf 91' lang='lat' dir='ltr'>dum</span> <span class='ocrx_word' id='word_1_265' title='bbox 3105 1749 3246 1804; x_wconf 89' lang='lat' dir='ltr'>alios</span> <span class='ocrx_word' id='word_1_266' title='bbox 3262 1767 3298 1804; x_wconf 92' lang='lat' dir='ltr'>a</span> <span class='ocrx_word' id='word_1_267' title='bbox 3312 1755 3540 1805; x_wconf 86' lang='lat' dir='ltr'>terrena</span> 
     </span>
    </p>
   </div>
   <div class='ocr_carea' id='block_1_33' title="bbox 299 1833 1860 1906">
    <p class='ocr_par' dir='ltr' id='par_1_33' title="bbox 299 1833 1860 1906">
     <span class='ocr_line' id='line_1_33' title="bbox 299 1833 1860 1906; baseline 0.006 -20"><span class='ocrx_word' id='word_1_268' title='bbox 299 1849 351 1886; x_wconf 84' lang='lat' dir='ltr'>ex</span> <span class='ocrx_word' id='word_1_269' title='bbox 366 1833 653 1904; x_wconf 88' lang='lat' dir='ltr'>semetipso</span> <span class='ocrx_word' id='word_1_270' title='bbox 673 1833 917 1889; x_wconf 88' lang='lat' dir='ltr'>disceret</span> <span class='ocrx_word' id='word_1_271' title='bbox 934 1835 1175 1906; x_wconf 78' lang='lat' dir='ltr'>qualiter</span> <span class='ocrx_word' id='word_1_272' title='bbox 1193 1837 1319 1890; x_wconf 88' lang='lat' dir='ltr'>aliis</span> <span class='ocrx_word' id='word_1_273' title='bbox 1353 1839 1608 1893; x_wconf 89' lang='lat' dir='ltr'>misereri</span> <span class='ocrx_word' id='word_1_274' title='bbox 1635 1839 1860 1895; x_wconf 87' lang='lat' dir='ltr'>debuis-</span> 
     </span>
    </p>
   </div>
   <div class='ocr_carea' id='block_1_34' title="bbox 296 1923 1860 2000">
    <p class='ocr_par' dir='ltr' id='par_1_34' title="bbox 296 1923 1860 2000">
     <span class='ocr_line' id='line_1_34' title="bbox 296 1923 1860 2000; baseline 0.006 -26"><span class='ocrx_word' id='word_1_275' title='bbox 296 1926 394 1975; x_wconf 89' lang='lat' dir='ltr'>set:</span> <span class='ocrx_word' id='word_1_276' title='bbox 415 1929 689 1992; x_wconf 84' lang='lat' dir='ltr'>quatenus</span> <span class='ocrx_word' id='word_1_277' title='bbox 709 1923 816 1977; x_wconf 91' lang='lat' dir='ltr'>hoc</span> <span class='ocrx_word' id='word_1_278' title='bbox 858 1923 968 1977; x_wconf 91' lang='lat' dir='ltr'>illis</span> <span class='ocrx_word' id='word_1_279' title='bbox 988 1923 1356 1995; x_wconf 85' lang='lat' dir='ltr'>impenderet,</span> <span class='ocrx_word' id='word_1_280' title='bbox 1377 1927 1524 1998; x_wconf 92' lang='lat' dir='ltr'>quod</span> <span class='ocrx_word' id='word_1_281' title='bbox 1542 1927 1648 1982; x_wconf 92' lang='lat' dir='ltr'>sibi</span> <span class='ocrx_word' id='word_1_282' title='bbox 1669 1929 1794 2000; x_wconf 90' lang='lat' dir='ltr'>ipsi,</span> <span class='ocrx_word' id='word_1_283' title='bbox 1813 1930 1860 1984; x_wconf 89' lang='lat' dir='ltr'>si</span> 
     </span>
    </p>
   </div>
   <div class='ocr_carea' id='block_1_35' title="bbox 294 2008 1854 2083">
    <p class='ocr_par' dir='ltr' id='par_1_35' title="bbox 294 2008 1854 2083">
     <span class='ocr_line' id='line_1_35' title="bbox 294 2008 1854 2083; baseline 0.004 -20"><span class='ocrx_word' id='word_1_284' title='bbox 294 2008 360 2063; x_wconf 83' lang='lat' dir='ltr'>ita</span> <span class='ocrx_word' id='word_1_285' title='bbox 372 2017 521 2075; x_wconf 89' lang='lat' dir='ltr'>esset,</span> <span class='ocrx_word' id='word_1_286' title='bbox 543 2010 802 2083; x_wconf 87' lang='lat' dir='ltr'>impendi</span> <span class='ocrx_word' id='word_1_287' title='bbox 825 2017 973 2066; x_wconf 89' lang='lat' dir='ltr'>recte</span> <span class='ocrx_word' id='word_1_288' title='bbox 989 2013 1274 2067; x_wconf 82' lang='lat' dir='ltr'>voluisset.</span> <span class='ocrx_word' id='word_1_289' title='bbox 1293 2015 1438 2069; x_wconf 83' lang='lat' dir='ltr'>Hinc</span> <span class='ocrx_word' id='word_1_290' title='bbox 1459 2015 1664 2070; x_wconf 91' lang='lat' dir='ltr'>iterum</span> <span class='ocrx_word' id='word_1_291' title='bbox 1684 2017 1821 2070; x_wconf 91' lang='lat' dir='ltr'>dicit</span> <span class='ocrx_word' id='word_1_292' title='bbox 1843 2035 1854 2069; x_wconf 93' lang='lat'>:</span> 
     </span>
    </p>
   </div>
   <div class='ocr_carea' id='block_1_36' title="bbox 290 2098 1860 2169">
    <p class='ocr_par' dir='ltr' id='par_1_36' title="bbox 290 2098 1860 2169">
     <span class='ocr_line' id='line_1_36' title="bbox 290 2098 1860 2169; baseline 0.003 -15"><span class='ocrx_word' id='word_1_293' title='bbox 290 2098 393 2154; x_wconf 73' lang='lat' dir='ltr'>Sive</span> <span class='ocrx_word' id='word_1_294' title='bbox 417 2105 590 2154; x_wconf 84' lang='lat' dir='ltr'>mente</span> <span class='ocrx_word' id='word_1_295' title='bbox 616 2102 944 2166; x_wconf 67' lang='lat' dir='ltr'>excidimus,</span> <span class='ocrx_word' id='word_1_296' title='bbox 965 2103 1068 2156; x_wconf 83' lang='lat' dir='ltr'>Deo</span> <span class='ocrx_word' id='word_1_297' title='bbox 1093 2121 1110 2155; x_wconf 91' lang='lat'>:</span> <span class='ocrx_word' id='word_1_298' title='bbox 1132 2106 1244 2156; x_wconf 85' lang='lat' dir='ltr'>sive</span> <span class='ocrx_word' id='word_1_299' title='bbox 1269 2104 1444 2157; x_wconf 87' lang='lat' dir='ltr'>sobrii</span> <span class='ocrx_word' id='word_1_300' title='bbox 1471 2121 1682 2169; x_wconf 86' lang='lat' dir='ltr'>sumus,</span> <span class='ocrx_word' id='word_1_301' title='bbox 1714 2107 1860 2160; x_wconf 80' lang='lat' dir='ltr'>vobis</span> 
     </span>
    </p>
   </div>
   <div class='ocr_carea' id='block_1_37' title="bbox 295 2187 1858 2261">
    <p class='ocr_par' dir='ltr' id='par_1_37' title="bbox 295 2187 1858 2261">
     <span class='ocr_line' id='line_1_37' title="bbox 295 2187 1858 2261; baseline 0.006 -21"><span class='ocrx_word' id='word_1_302' title='bbox 295 2187 360 2250; x_wconf 90' lang='grc'>(11</span> <span class='ocrx_word' id='word_1_303' title='bbox 399 2187 508 2242; x_wconf 77' lang='lat' dir='ltr'>Cor.</span> <span class='ocrx_word' id='word_1_304' title='bbox 551 2191 633 2256; x_wconf 76' lang='grc' dir='ltr'>ν),</span> <span class='ocrx_word' id='word_1_305' title='bbox 682 2189 818 2260; x_wconf 90' lang='lat' dir='ltr'>quia</span> <span class='ocrx_word' id='word_1_306' title='bbox 859 2193 917 2242; x_wconf 89' lang='lat' dir='ltr'>et</span> <span class='ocrx_word' id='word_1_307' title='bbox 945 2191 1308 2261; x_wconf 87' lang='lat' dir='ltr'>semetipsum</span> <span class='ocrx_word' id='word_1_308' title='bbox 1349 2198 1580 2246; x_wconf 86' lang='lat' dir='ltr'>noverat</span> <span class='ocrx_word' id='word_1_309' title='bbox 1607 2199 1858 2248; x_wconf 89' lang='lat' dir='ltr'>contem-</span> 
     </span>
    </p>
   </div>
   <div class='ocr_carea' id='block_1_38' title="bbox 287 2275 1862 2345">
    <p class='ocr_par' dir='ltr' id='par_1_38' title="bbox 287 2275 1862 2345">
     <span class='ocr_line' id='line_1_38' title="bbox 287 2275 1862 2345; baseline 0.004 -15"><span class='ocrx_word' id='word_1_310' title='bbox 287 2275 464 2345; x_wconf 85' lang='lat' dir='ltr'>plando</span> <span class='ocrx_word' id='word_1_311' title='bbox 483 2277 907 2344; x_wconf 86' lang='lat' dir='ltr'>transcendere,</span> <span class='ocrx_word' id='word_1_312' title='bbox 925 2284 983 2332; x_wconf 90' lang='lat' dir='ltr'>et</span> <span class='ocrx_word' id='word_1_313' title='bbox 1000 2279 1262 2333; x_wconf 85' lang='lat' dir='ltr'>eumdem</span> <span class='ocrx_word' id='word_1_314' title='bbox 1283 2296 1344 2334; x_wconf 90' lang='lat' dir='ltr'>se</span> <span class='ocrx_word' id='word_1_315' title='bbox 1364 2279 1714 2336; x_wconf 87' lang='lat' dir='ltr'>auditoribus</span> <span class='ocrx_word' id='word_1_316' title='bbox 1733 2299 1862 2337; x_wconf 85' lang='lat' dir='ltr'>con-</span> 
     </span>
    </p>
   </div>
   <div class='ocr_carea' id='block_1_39' title="bbox 289 2364 1044 2438">
    <p class='ocr_par' dir='ltr' id='par_1_39' title="bbox 289 2364 1044 2438">
     <span class='ocr_line' id='line_1_39' title="bbox 289 2364 1044 2438; baseline 0.003 -21"><span class='ocrx_word' id='word_1_317' title='bbox 289 2364 652 2420; x_wconf 88' lang='lat' dir='ltr'>descendendo</span> <span class='ocrx_word' id='word_1_318' title='bbox 683 2373 1020 2438; x_wconf 88' lang='lat' dir='ltr'>temperare.</span> <span class='ocrx_word' id='word_1_319' title='bbox 1040 2391 1044 2396; x_wconf 89' lang='lat'><strong>-</strong></span> 
     </span>
    </p>
   </div>
   <div class='ocr_carea' id='block_1_40' title="bbox 345 2453 1860 2526">
    <p class='ocr_par' dir='ltr' id='par_1_40' title="bbox 345 2453 1860 2526">
     <span class='ocr_line' id='line_1_40' title="bbox 345 2453 1860 2526; baseline 0.005 -20"><span class='ocrx_word' id='word_1_320' title='bbox 345 2453 439 2506; x_wconf 88' lang='lat' dir='ltr'>Pro</span> <span class='ocrx_word' id='word_1_321' title='bbox 453 2460 740 2509; x_wconf 75' lang='lat' dir='ltr'>meantem</span> <span class='ocrx_word' id='word_1_322' title='bbox 764 2456 913 2510; x_wconf 81' lang='lat' dir='ltr'>nihil</span> <span class='ocrx_word' id='word_1_323' title='bbox 931 2457 1214 2523; x_wconf 83' lang='lat' dir='ltr'>gloriabor</span> <span class='ocrx_word' id='word_1_324' title='bbox 1227 2459 1342 2510; x_wconf 86' lang='lat' dir='ltr'>nisi</span> <span class='ocrx_word' id='word_1_325' title='bbox 1354 2459 1417 2512; x_wconf 87' lang='lat' dir='ltr'>in</span> <span class='ocrx_word' id='word_1_326' title='bbox 1433 2460 1860 2526; x_wconf 79' lang='lat' dir='ltr'>inﬁrmitatibus</span> 
     </span>
    </p>
   </div>
   <div class='ocr_carea' id='block_1_41' title="bbox 287 2542 1860 2618">
    <p class='ocr_par' dir='ltr' id='par_1_41' title="bbox 287 2542 1860 2618">
     <span class='ocr_line' id='line_1_41' title="bbox 287 2542 1860 2618; baseline 0.008 -29"><span class='ocrx_word' id='word_1_327' title='bbox 287 2544 414 2594; x_wconf 74' lang='lat' dir='ltr'>meis.</span> <span class='ocrx_word' id='word_1_328' title='bbox 445 2542 530 2596; x_wconf 90' lang='lat' dir='ltr'>Sic</span> <span class='ocrx_word' id='word_1_329' title='bbox 550 2542 624 2596; x_wconf 89' lang='lat' dir='ltr'>de</span> <span class='ocrx_word' id='word_1_330' title='bbox 653 2560 717 2598; x_wconf 89' lang='lat' dir='ltr'>se</span> <span class='ocrx_word' id='word_1_331' title='bbox 747 2559 860 2598; x_wconf 91' lang='lat' dir='ltr'>non</span> <span class='ocrx_word' id='word_1_332' title='bbox 889 2544 1182 2614; x_wconf 81' lang='lat' dir='ltr'>gloriatur,</span> <span class='ocrx_word' id='word_1_333' title='bbox 1207 2545 1343 2600; x_wconf 92' lang='lat' dir='ltr'>dum</span> <span class='ocrx_word' id='word_1_334' title='bbox 1361 2562 1475 2600; x_wconf 92' lang='lat' dir='ltr'>non</span> <span class='ocrx_word' id='word_1_335' title='bbox 1503 2552 1695 2618; x_wconf 90' lang='lat' dir='ltr'>aperte</span> <span class='ocrx_word' id='word_1_336' title='bbox 1709 2547 1779 2602; x_wconf 92' lang='lat' dir='ltr'>de</span> <span class='ocrx_word' id='word_1_337' title='bbox 1800 2564 1860 2602; x_wconf 91' lang='lat' dir='ltr'>se</span> 
     </span>
    </p>
   </div>
   <div class='ocr_carea' id='block_1_42' title="bbox 285 2630 1860 2708">
    <p class='ocr_par' dir='ltr' id='par_1_42' title="bbox 285 2630 1860 2708">
     <span class='ocr_line' id='line_1_42' title="bbox 285 2630 1860 2708; baseline 0.006 -26"><span class='ocrx_word' id='word_1_338' title='bbox 285 2630 569 2698; x_wconf 87' lang='lat' dir='ltr'>proﬁtetur.</span> <span class='ocrx_word' id='word_1_339' title='bbox 606 2632 680 2687; x_wconf 90' lang='lat' dir='ltr'>In</span> <span class='ocrx_word' id='word_1_340' title='bbox 710 2631 1135 2687; x_wconf 89' lang='lat' dir='ltr'>inﬁrmitatibus</span> <span class='ocrx_word' id='word_1_341' title='bbox 1165 2651 1319 2700; x_wconf 88' lang='lat' dir='ltr'>sane,</span> <span class='ocrx_word' id='word_1_342' title='bbox 1337 2634 1540 2705; x_wconf 90' lang='lat' dir='ltr'>inquit,</span> <span class='ocrx_word' id='word_1_343' title='bbox 1569 2636 1712 2690; x_wconf 88' lang='lat' dir='ltr'>meis</span> <span class='ocrx_word' id='word_1_344' title='bbox 1737 2637 1860 2708; x_wconf 90' lang='lat' dir='ltr'>glo-</span> 
     </span>
    </p>
   </div>
   <div class='ocr_carea' id='block_1_43' title="bbox 284 2717 1862 2793">
    <p class='ocr_par' dir='ltr' id='par_1_43' title="bbox 284 2717 1862 2793">
     <span class='ocr_line' id='line_1_43' title="bbox 284 2717 1862 2793; baseline 0.004 -21"><span class='ocrx_word' id='word_1_345' title='bbox 284 2717 477 2787; x_wconf 88' lang='lat' dir='ltr'>riabor;</span> <span class='ocrx_word' id='word_1_346' title='bbox 499 2737 786 2792; x_wconf 81' lang='lat' dir='ltr'>exponere</span> <span class='ocrx_word' id='word_1_347' title='bbox 805 2722 958 2774; x_wconf 89' lang='lat' dir='ltr'>enim</span> <span class='ocrx_word' id='word_1_348' title='bbox 982 2738 1270 2792; x_wconf 88' lang='lat' dir='ltr'>pressuras</span> <span class='ocrx_word' id='word_1_349' title='bbox 1289 2723 1614 2793; x_wconf 88' lang='lat' dir='ltr'>passionum</span> <span class='ocrx_word' id='word_1_350' title='bbox 1635 2729 1692 2779; x_wconf 92' lang='lat' dir='ltr'>et</span> <span class='ocrx_word' id='word_1_351' title='bbox 1707 2725 1862 2779; x_wconf 86' lang='lat' dir='ltr'>infir-</span> 
     </span>
    </p>
   </div>
   <div class='ocr_carea' id='block_1_44' title="bbox 287 2805 1860 2882">
    <p class='ocr_par' dir='ltr' id='par_1_44' title="bbox 287 2805 1860 2882">
     <span class='ocr_line' id='line_1_44' title="bbox 287 2805 1860 2882; baseline 0.004 -22"><span class='ocrx_word' id='word_1_352' title='bbox 287 2805 486 2862; x_wconf 86' lang='lat' dir='ltr'>mitates</span> <span class='ocrx_word' id='word_1_353' title='bbox 530 2809 932 2880; x_wconf 76' lang='lat' dir='ltr'>angustiarum</span> <span class='ocrx_word' id='word_1_354' title='bbox 973 2826 1086 2864; x_wconf 90' lang='lat' dir='ltr'>non</span> <span class='ocrx_word' id='word_1_355' title='bbox 1129 2809 1351 2864; x_wconf 88' lang='lat' dir='ltr'>videtur</span> <span class='ocrx_word' id='word_1_356' title='bbox 1393 2811 1720 2882; x_wconf 89' lang='lat' dir='ltr'>gloriosum,</span> <span class='ocrx_word' id='word_1_357' title='bbox 1763 2813 1860 2867; x_wconf 91' lang='lat' dir='ltr'>sed</span> 
     </span>
    </p>
   </div>
   <div class='ocr_carea' id='block_1_45' title="bbox 281 2893 1860 2969">
    <p class='ocr_par' dir='ltr' id='par_1_45' title="bbox 281 2893 1860 2969">
     <span class='ocr_line' id='line_1_45' title="bbox 281 2893 1860 2969; baseline 0.006 -22"><span class='ocrx_word' id='word_1_358' title='bbox 281 2893 457 2949; x_wconf 79' lang='lat' dir='ltr'>ﬂebile.</span> <span class='ocrx_word' id='word_1_359' title='bbox 492 2897 714 2952; x_wconf 90' lang='lat' dir='ltr'>Idcirco</span> <span class='ocrx_word' id='word_1_360' title='bbox 743 2915 804 2952; x_wconf 90' lang='lat' dir='ltr'>se</span> <span class='ocrx_word' id='word_1_361' title='bbox 824 2897 883 2952; x_wconf 91' lang='lat' dir='ltr'>in</span> <span class='ocrx_word' id='word_1_362' title='bbox 913 2898 1002 2952; x_wconf 90' lang='lat' dir='ltr'>his</span> <span class='ocrx_word' id='word_1_363' title='bbox 1023 2899 1255 2969; x_wconf 89' lang='lat' dir='ltr'>gloriari</span> <span class='ocrx_word' id='word_1_364' title='bbox 1275 2898 1410 2953; x_wconf 83' lang='lat' dir='ltr'>dicit</span> <span class='ocrx_word' id='word_1_365' title='bbox 1433 2918 1444 2952; x_wconf 92' lang='lat'>:</span> <span class='ocrx_word' id='word_1_366' title='bbox 1469 2901 1650 2955; x_wconf 89' lang='lat' dir='ltr'>sciens</span> <span class='ocrx_word' id='word_1_367' title='bbox 1668 2906 1860 2956; x_wconf 87' lang='lat' dir='ltr'>tamen</span> 
     </span>
    </p>
   </div>
   <div class='ocr_carea' id='block_1_46' title="bbox 280 2983 1862 3058">
    <p class='ocr_par' dir='ltr' id='par_1_46' title="bbox 280 2983 1862 3058">
     <span class='ocr_line' id='line_1_46' title="bbox 280 2983 1862 3058; baseline 0.004 -20"><span class='ocrx_word' id='word_1_368' title='bbox 280 2983 392 3053; x_wconf 83' lang='lat' dir='ltr'>quia</span> <span class='ocrx_word' id='word_1_369' title='bbox 409 2986 476 3039; x_wconf 90' lang='lat' dir='ltr'>ad</span> <span class='ocrx_word' id='word_1_370' title='bbox 491 2986 812 3056; x_wconf 84' lang='lat' dir='ltr'>profectum</span> <span class='ocrx_word' id='word_1_371' title='bbox 832 2987 1147 3058; x_wconf 89' lang='lat' dir='ltr'>perducunt</span> <span class='ocrx_word' id='word_1_372' title='bbox 1165 2989 1687 3044; x_wconf 89' lang='lat' dir='ltr'>remunerationum</span> <span class='ocrx_word' id='word_1_373' title='bbox 1703 2990 1862 3044; x_wconf 78' lang='lat' dir='ltr'>ccele-</span> 
     </span>
    </p>
   </div>
   <div class='ocr_carea' id='block_1_47' title="bbox 1941 1837 3536 1911">
    <p class='ocr_par' dir='ltr' id='par_1_47' title="bbox 1941 1837 3536 1911">
     <span class='ocr_line' id='line_1_47' title="bbox 1941 1837 3536 1911; baseline 0.003 -21"><span class='ocrx_word' id='word_1_374' title='bbox 1941 1837 2254 1891; x_wconf 89' lang='lat' dir='ltr'>intentione</span> <span class='ocrx_word' id='word_1_375' title='bbox 2274 1837 2518 1906; x_wconf 90' lang='lat' dir='ltr'>erigunt,</span> <span class='ocrx_word' id='word_1_376' title='bbox 2537 1837 2644 1908; x_wconf 87' lang='lat' dir='ltr'>ipsi</span> <span class='ocrx_word' id='word_1_377' title='bbox 2661 1837 2720 1891; x_wconf 92' lang='lat' dir='ltr'>in</span> <span class='ocrx_word' id='word_1_378' title='bbox 2736 1843 2975 1893; x_wconf 74' lang='lat' dir='ltr'>terrenae</span> <span class='ocrx_word' id='word_1_379' title='bbox 2993 1838 3178 1893; x_wconf 90' lang='lat' dir='ltr'>laudis</span> <span class='ocrx_word' id='word_1_380' title='bbox 3193 1838 3536 1911; x_wconf 86' lang='lat' dir='ltr'>appetitione</span> 
     </span>
    </p>
   </div>
   <div class='ocr_carea' id='block_1_48' title="bbox 1942 1925 3538 2000">
    <p class='ocr_par' dir='ltr' id='par_1_48' title="bbox 1942 1925 3538 2000">
     <span class='ocr_line' id='line_1_48' title="bbox 1942 1925 3538 2000; baseline 0.004 -23"><span class='ocrx_word' id='word_1_381' title='bbox 1942 1931 2288 1994; x_wconf 87' lang='lat' dir='ltr'>mergantur.</span> <span class='ocrx_word' id='word_1_382' title='bbox 2297 1926 2546 1989; x_wconf 81' lang='lat' dir='ltr'>Quorum</span> <span class='ocrx_word' id='word_1_383' title='bbox 2558 1925 2889 1996; x_wconf 88' lang='lat' dir='ltr'>plerumque</span> <span class='ocrx_word' id='word_1_384' title='bbox 2896 1925 3048 1980; x_wconf 90' lang='lat' dir='ltr'>dicta</span> <span class='ocrx_word' id='word_1_385' title='bbox 3059 1927 3538 2000; x_wconf 85' lang='lat' dir='ltr'>imitanturhypo-</span> 
     </span>
    </p>
   </div>
   <div class='ocr_carea' id='block_1_49' title="bbox 1943 2013 3540 2088">
    <p class='ocr_par' dir='ltr' id='par_1_49' title="bbox 1943 2013 3540 2088">
     <span class='ocr_line' id='line_1_49' title="bbox 1943 2013 3540 2088; baseline 0.003 -22"><span class='ocrx_word' id='word_1_386' title='bbox 1943 2013 2116 2079; x_wconf 70' lang='lat' dir='ltr'>critaa,</span> <span class='ocrx_word' id='word_1_387' title='bbox 2149 2013 2247 2067; x_wconf 88' lang='lat' dir='ltr'>sed</span> <span class='ocrx_word' id='word_1_388' title='bbox 2276 2013 2554 2068; x_wconf 84' lang='lat' dir='ltr'>dictorum</span> <span class='ocrx_word' id='word_1_389' title='bbox 2583 2030 2808 2068; x_wconf 85' lang='lat' dir='ltr'>sensum</span> <span class='ocrx_word' id='word_1_390' title='bbox 2838 2014 3063 2086; x_wconf 88' lang='lat' dir='ltr'>penitus</span> <span class='ocrx_word' id='word_1_391' title='bbox 3091 2015 3374 2086; x_wconf 89' lang='lat' dir='ltr'>ignorant,</span> <span class='ocrx_word' id='word_1_392' title='bbox 3406 2015 3540 2088; x_wconf 84' lang='lat' dir='ltr'>quia</span> 
     </span>
    </p>
   </div>
   <div class='ocr_carea' id='block_1_50' title="bbox 1942 2101 3536 2176">
    <p class='ocr_par' dir='ltr' id='par_1_50' title="bbox 1942 2101 3536 2176">
     <span class='ocr_line' id='line_1_50' title="bbox 1942 2101 3536 2176; baseline 0.001 -20"><span class='ocrx_word' id='word_1_393' title='bbox 1942 2101 2092 2174; x_wconf 90' lang='lat' dir='ltr'>quod</span> <span class='ocrx_word' id='word_1_394' title='bbox 2109 2101 2249 2172; x_wconf 84' lang='lat' dir='ltr'>justi</span> <span class='ocrx_word' id='word_1_395' title='bbox 2277 2107 2455 2172; x_wconf 90' lang='lat' dir='ltr'>agunt</span> <span class='ocrx_word' id='word_1_396' title='bbox 2481 2102 2552 2156; x_wconf 88' lang='lat' dir='ltr'>ad</span> <span class='ocrx_word' id='word_1_397' title='bbox 2583 2101 2886 2156; x_wconf 87' lang='lat' dir='ltr'>utilitatem</span> <span class='ocrx_word' id='word_1_398' title='bbox 2907 2103 3166 2175; x_wconf 80' lang='lat' dir='ltr'>proximi,</span> <span class='ocrx_word' id='word_1_399' title='bbox 3185 2104 3291 2159; x_wconf 87' lang='lat' dir='ltr'>hoc</span> <span class='ocrx_word' id='word_1_400' title='bbox 3315 2103 3423 2176; x_wconf 89' lang='lat' dir='ltr'>ipsi</span> <span class='ocrx_word' id='word_1_401' title='bbox 3450 2103 3536 2158; x_wconf 77' lang='lat' dir='ltr'>fa-</span> 
     </span>
    </p>
   </div>
   <div class='ocr_carea' id='block_1_51' title="bbox 1941 2189 3537 2247">
    <p class='ocr_par' dir='ltr' id='par_1_51' title="bbox 1941 2189 3537 2247">
     <span class='ocr_line' id='line_1_51' title="bbox 1941 2189 3537 2247; baseline 0.003 -4"><span class='ocrx_word' id='word_1_402' title='bbox 1941 2190 2099 2244; x_wconf 90' lang='lat' dir='ltr'>ciunt</span> <span class='ocrx_word' id='word_1_403' title='bbox 2130 2191 2201 2244; x_wconf 91' lang='lat' dir='ltr'>ad</span> <span class='ocrx_word' id='word_1_404' title='bbox 2233 2191 2613 2245; x_wconf 80' lang='lat' dir='ltr'>extensionem</span> <span class='ocrx_word' id='word_1_405' title='bbox 2643 2189 2886 2246; x_wconf 89' lang='lat' dir='ltr'>nominis</span> <span class='ocrx_word' id='word_1_406' title='bbox 2911 2191 3020 2246; x_wconf 92' lang='lat' dir='ltr'>sui.</span> <span class='ocrx_word' id='word_1_407' title='bbox 3071 2193 3308 2247; x_wconf 89' lang='lat' dir='ltr'>Sanctus</span> <span class='ocrx_word' id='word_1_408' title='bbox 3345 2198 3537 2247; x_wconf 86' lang='lat' dir='ltr'>autem</span> 
     </span>
    </p>
   </div>
   <div class='ocr_carea' id='block_1_52' title="bbox 1942 2277 3535 2351">
    <p class='ocr_par' dir='ltr' id='par_1_52' title="bbox 1942 2277 3535 2351">
     <span class='ocr_line' id='line_1_52' title="bbox 1942 2277 3535 2351; baseline 0.002 -20"><span class='ocrx_word' id='word_1_409' title='bbox 1942 2277 2045 2332; x_wconf 88' lang='lat' dir='ltr'>Job</span> <span class='ocrx_word' id='word_1_410' title='bbox 2065 2279 2384 2350; x_wconf 83' lang='lat' dir='ltr'>hypocritas</span> <span class='ocrx_word' id='word_1_411' title='bbox 2400 2279 2644 2346; x_wconf 88' lang='lat' dir='ltr'>intuens,</span> <span class='ocrx_word' id='word_1_412' title='bbox 2657 2296 3013 2350; x_wconf 89' lang='lat' dir='ltr'>nequaquam</span> <span class='ocrx_word' id='word_1_413' title='bbox 3031 2280 3268 2351; x_wconf 90' lang='lat' dir='ltr'>gloriam</span> <span class='ocrx_word' id='word_1_414' title='bbox 3283 2280 3535 2335; x_wconf 84' lang='lat' dir='ltr'>futuram</span> 
     </span>
    </p>
   </div>
   <div class='ocr_carea' id='block_1_53' title="bbox 1943 2368 3538 2440">
    <p class='ocr_par' dir='ltr' id='par_1_53' title="bbox 1943 2368 3538 2440">
     <span class='ocr_line' id='line_1_53' title="bbox 1943 2368 3538 2440; baseline 0.001 -19"><span class='ocrx_word' id='word_1_415' title='bbox 1943 2373 2225 2438; x_wconf 89' lang='lat' dir='ltr'>appetere,</span> <span class='ocrx_word' id='word_1_416' title='bbox 2257 2368 2355 2422; x_wconf 89' lang='lat' dir='ltr'>sed</span> <span class='ocrx_word' id='word_1_417' title='bbox 2395 2385 2599 2440; x_wconf 89' lang='lat' dir='ltr'>cupere</span> <span class='ocrx_word' id='word_1_418' title='bbox 2645 2373 2978 2438; x_wconf 69' lang='lat' dir='ltr'>praesentem</span> <span class='ocrx_word' id='word_1_419' title='bbox 3017 2374 3212 2422; x_wconf 89' lang='lat' dir='ltr'>tenere</span> <span class='ocrx_word' id='word_1_420' title='bbox 3253 2368 3336 2422; x_wconf 87' lang='lat' dir='ltr'>ait</span> <span class='ocrx_word' id='word_1_421' title='bbox 3366 2385 3379 2421; x_wconf 89' lang='lat'>:</span> <span class='ocrx_word' id='word_1_422' title='bbox 3411 2369 3538 2436; x_wconf 65' lang='lat' dir='ltr'>Qus</span> 
     </span>
    </p>
   </div>
   <div class='ocr_carea' id='block_1_54' title="bbox 1941 2455 3534 2527">
    <p class='ocr_par' dir='ltr' id='par_1_54' title="bbox 1941 2455 3534 2527">
     <span class='ocr_line' id='line_1_54' title="bbox 1941 2455 3534 2527; baseline 0.001 -17"><span class='ocrx_word' id='word_1_423' title='bbox 1941 2459 2090 2510; x_wconf 85' lang='lat' dir='ltr'>enim</span> <span class='ocrx_word' id='word_1_424' title='bbox 2109 2472 2224 2525; x_wconf 88' lang='lat' dir='ltr'>spes</span> <span class='ocrx_word' id='word_1_425' title='bbox 2243 2461 2318 2510; x_wconf 89' lang='lat' dir='ltr'>est</span> <span class='ocrx_word' id='word_1_426' title='bbox 2340 2457 2636 2525; x_wconf 67' lang='lat' dir='ltr'>hypocrita</span> <span class='ocrx_word' id='word_1_427' title='bbox 2657 2458 2792 2524; x_wconf 87' lang='lat' dir='ltr'>(Job.</span> <span class='ocrx_word' id='word_1_428' title='bbox 2825 2456 3034 2526; x_wconf 75' lang='lat' dir='ltr'>xxv&quot;)?</span> <span class='ocrx_word' id='word_1_429' title='bbox 3053 2455 3190 2526; x_wconf 87' lang='lat' dir='ltr'>quia</span> <span class='ocrx_word' id='word_1_430' title='bbox 3214 2456 3348 2510; x_wconf 89' lang='lat' dir='ltr'>dum</span> <span class='ocrx_word' id='word_1_431' title='bbox 3391 2471 3534 2527; x_wconf 71' lang='lat' dir='ltr'>prae-</span> 
     </span>
    </p>
   </div>
   <div class='ocr_carea' id='block_1_55' title="bbox 1943 2543 3534 2616">
    <p class='ocr_par' dir='ltr' id='par_1_55' title="bbox 1943 2543 3534 2616">
     <span class='ocr_line' id='line_1_55' title="bbox 1943 2543 3534 2616; baseline 0.001 -18"><span class='ocrx_word' id='word_1_432' title='bbox 1943 2544 2123 2598; x_wconf 89' lang='lat' dir='ltr'>sentia</span> <span class='ocrx_word' id='word_1_433' title='bbox 2142 2544 2344 2616; x_wconf 85' lang='lat' dir='ltr'>diligit,</span> <span class='ocrx_word' id='word_1_434' title='bbox 2376 2543 2567 2599; x_wconf 84' lang='lat' dir='ltr'>futura</span> <span class='ocrx_word' id='word_1_435' title='bbox 2585 2543 2818 2598; x_wconf 89' lang='lat' dir='ltr'>minime</span> <span class='ocrx_word' id='word_1_436' title='bbox 2838 2549 3044 2616; x_wconf 87' lang='lat' dir='ltr'>sperat.</span> <span class='ocrx_word' id='word_1_437' title='bbox 3069 2543 3353 2616; x_wconf 88' lang='lat' dir='ltr'>Scriptum</span> <span class='ocrx_word' id='word_1_438' title='bbox 3372 2559 3534 2600; x_wconf 86' lang='lat' dir='ltr'>nam-</span> 
     </span>
    </p>
   </div>
   <div class='ocr_carea' id='block_1_56' title="bbox 1943 2632 3537 2704">
    <p class='ocr_par' dir='ltr' id='par_1_56' title="bbox 1943 2632 3537 2704">
     <span class='ocr_line' id='line_1_56' title="bbox 1943 2632 3537 2704; baseline 0.001 -17"><span class='ocrx_word' id='word_1_439' title='bbox 1943 2649 2051 2704; x_wconf 89' lang='lat' dir='ltr'>que</span> <span class='ocrx_word' id='word_1_440' title='bbox 2095 2639 2182 2686; x_wconf 89' lang='lat' dir='ltr'>est</span> <span class='ocrx_word' id='word_1_441' title='bbox 2215 2651 2225 2685; x_wconf 93' lang='lat'>:</span> <span class='ocrx_word' id='word_1_442' title='bbox 2255 2633 2408 2701; x_wconf 80' lang='lat' dir='ltr'>Quod</span> <span class='ocrx_word' id='word_1_443' title='bbox 2432 2635 2581 2687; x_wconf 87' lang='lat' dir='ltr'>enim</span> <span class='ocrx_word' id='word_1_444' title='bbox 2609 2634 2750 2686; x_wconf 82' lang='lat' dir='ltr'>videt</span> <span class='ocrx_word' id='word_1_445' title='bbox 2779 2636 2918 2702; x_wconf 84' lang='lat' dir='ltr'>quis,</span> <span class='ocrx_word' id='word_1_446' title='bbox 2953 2634 3090 2703; x_wconf 84' lang='lat' dir='ltr'>quid</span> <span class='ocrx_word' id='word_1_447' title='bbox 3123 2639 3306 2702; x_wconf 83' lang='lat' dir='ltr'>sperat</span> <span class='ocrx_word' id='word_1_448' title='bbox 3335 2632 3537 2704; x_wconf 70' lang='lat' dir='ltr'>ﬂiam.)</span> 
     </span>
    </p>
   </div>
   <div class='ocr_carea' id='block_1_57' title="bbox 1943 2720 3538 2793">
    <p class='ocr_par' dir='ltr' id='par_1_57' title="bbox 1943 2720 3538 2793">
     <span class='ocr_line' id='line_1_57' title="bbox 1943 2720 3538 2793; baseline 0 -19"><span class='ocrx_word' id='word_1_449' title='bbox 1943 2725 2053 2790; x_wconf 73' lang='lat' dir='ltr'>vui)</span> <span class='ocrx_word' id='word_1_450' title='bbox 2077 2721 2102 2767; x_wconf 74' lang='grc'><strong>7</strong></span> <span class='ocrx_word' id='word_1_451' title='bbox 2141 2721 2352 2775; x_wconf 92' lang='lat' dir='ltr'>Idcirco</span> <span class='ocrx_word' id='word_1_452' title='bbox 2383 2737 2516 2792; x_wconf 91' lang='lat' dir='ltr'>ergo</span> <span class='ocrx_word' id='word_1_453' title='bbox 2553 2720 2623 2775; x_wconf 89' lang='lat' dir='ltr'>ab</span> <span class='ocrx_word' id='word_1_454' title='bbox 2651 2721 2943 2792; x_wconf 86' lang='lat' dir='ltr'>hypocrita</span> <span class='ocrx_word' id='word_1_455' title='bbox 2969 2721 3040 2775; x_wconf 88' lang='lat' dir='ltr'>ad</span> <span class='ocrx_word' id='word_1_456' title='bbox 3067 2725 3276 2776; x_wconf 62' lang='lat' dir='ltr'>aeterna</span> <span class='ocrx_word' id='word_1_457' title='bbox 3306 2721 3538 2793; x_wconf 59' lang='lat' dir='ltr'>praemia</span> 
     </span>
    </p>
   </div>
   <div class='ocr_carea' id='block_1_58' title="bbox 1940 2809 3536 2881">
    <p class='ocr_par' dir='ltr' id='par_1_58' title="bbox 1940 2809 3536 2881">
     <span class='ocr_line' id='line_1_58' title="bbox 1940 2809 3536 2881; baseline 0 -17"><span class='ocrx_word' id='word_1_458' title='bbox 1940 2827 2042 2881; x_wconf 90' lang='lat' dir='ltr'>per</span> <span class='ocrx_word' id='word_1_459' title='bbox 2069 2826 2227 2881; x_wconf 90' lang='lat' dir='ltr'>spem</span> <span class='ocrx_word' id='word_1_460' title='bbox 2261 2809 2494 2864; x_wconf 84' lang='lat' dir='ltr'>minime</span> <span class='ocrx_word' id='word_1_461' title='bbox 2521 2809 2794 2876; x_wconf 91' lang='lat' dir='ltr'>tenditur,</span> <span class='ocrx_word' id='word_1_462' title='bbox 2818 2809 2952 2880; x_wconf 87' lang='lat' dir='ltr'>quia</span> <span class='ocrx_word' id='word_1_463' title='bbox 2979 2809 3127 2880; x_wconf 89' lang='lat' dir='ltr'>quod</span> <span class='ocrx_word' id='word_1_464' title='bbox 3155 2809 3268 2864; x_wconf 87' lang='lat' dir='ltr'>alio</span> <span class='ocrx_word' id='word_1_465' title='bbox 3287 2825 3536 2881; x_wconf 63' lang='lat' dir='ltr'>quaeren-</span> 
     </span>
    </p>
   </div>
   <div class='ocr_carea' id='block_1_59' title="bbox 1941 2895 3538 2970">
    <p class='ocr_par' dir='ltr' id='par_1_59' title="bbox 1941 2895 3538 2970">
     <span class='ocr_line' id='line_1_59' title="bbox 1941 2895 3538 2970; baseline 0.001 -18"><span class='ocrx_word' id='word_1_466' title='bbox 1941 2899 2077 2952; x_wconf 89' lang='lat' dir='ltr'>dum</span> <span class='ocrx_word' id='word_1_467' title='bbox 2095 2897 2296 2965; x_wconf 86' lang='lat' dir='ltr'>fuerat,</span> <span class='ocrx_word' id='word_1_468' title='bbox 2314 2897 2404 2952; x_wconf 90' lang='lat' dir='ltr'>hic</span> <span class='ocrx_word' id='word_1_469' title='bbox 2424 2914 2484 2952; x_wconf 89' lang='lat' dir='ltr'>se</span> <span class='ocrx_word' id='word_1_470' title='bbox 2504 2902 2698 2952; x_wconf 87' lang='lat' dir='ltr'>tenere</span> <span class='ocrx_word' id='word_1_471' title='bbox 2713 2897 3008 2968; x_wconf 90' lang='lat' dir='ltr'>gloriatur.</span> <span class='ocrx_word' id='word_1_472' title='bbox 3025 2898 3201 2969; x_wconf 88' lang='lat' dir='ltr'>Cujus</span> <span class='ocrx_word' id='word_1_473' title='bbox 3219 2897 3356 2970; x_wconf 89' lang='lat' dir='ltr'>quia</span> <span class='ocrx_word' id='word_1_474' title='bbox 3371 2895 3538 2970; x_wconf 70' lang='lat' dir='ltr'>culpa</span> 
     </span>
    </p>
   </div>
   <div class='ocr_carea' id='block_1_60' title="bbox 1942 2985 3535 3058">
    <p class='ocr_par' dir='ltr' id='par_1_60' title="bbox 1942 2985 3535 3058">
     <span class='ocr_line' id='line_1_60' title="bbox 1942 2985 3535 3058; baseline 0 -17"><span class='ocrx_word' id='word_1_475' title='bbox 1942 2986 2161 3057; x_wconf 87' lang='lat' dir='ltr'>prolata</span> <span class='ocrx_word' id='word_1_476' title='bbox 2183 2991 2286 3052; x_wconf 92' lang='lat' dir='ltr'>est,</span> <span class='ocrx_word' id='word_1_477' title='bbox 2317 2986 2488 3040; x_wconf 91' lang='lat' dir='ltr'>etiam</span> <span class='ocrx_word' id='word_1_478' title='bbox 2515 3002 2683 3056; x_wconf 72' lang='lat' dir='ltr'>poena</span> <span class='ocrx_word' id='word_1_479' title='bbox 2709 2985 3090 3058; x_wconf 90' lang='lat' dir='ltr'>subjungitur,</span> <span class='ocrx_word' id='word_1_480' title='bbox 3119 3003 3248 3042; x_wconf 91' lang='lat' dir='ltr'>cum</span> <span class='ocrx_word' id='word_1_481' title='bbox 3279 2986 3535 3058; x_wconf 78' lang='lat' dir='ltr'>protinus</span> 
     </span>
    </p>
   </div>
   <div class='ocr_carea' id='block_1_61' title="bbox 273 3071 3533 3147">
    <p class='ocr_par' dir='ltr' id='par_1_61' title="bbox 273 3071 3533 3147">
     <span class='ocr_line' id='line_1_61' title="bbox 273 3071 3533 3147; baseline 0 -20"><span class='ocrx_word' id='word_1_482' title='bbox 273 3072 441 3127; x_wconf 77' lang='lat' dir='ltr'>stium.</span> <span class='ocrx_word' id='word_1_483' title='bbox 474 3074 625 3138; x_wconf 86' lang='lat' dir='ltr'>Quid</span> <span class='ocrx_word' id='word_1_484' title='bbox 660 3075 814 3129; x_wconf 89' lang='lat' dir='ltr'>enim</span> <span class='ocrx_word' id='word_1_485' title='bbox 834 3081 952 3130; x_wconf 89' lang='lat' dir='ltr'>tam</span> <span class='ocrx_word' id='word_1_486' title='bbox 977 3075 1285 3147; x_wconf 87' lang='lat' dir='ltr'>gloriosum</span> <span class='ocrx_word' id='word_1_487' title='bbox 1315 3078 1376 3132; x_wconf 89' lang='lat' dir='ltr'>in</span> <span class='ocrx_word' id='word_1_488' title='bbox 1403 3077 1658 3132; x_wconf 88' lang='lat' dir='ltr'>futurum</span> <span class='ocrx_word' id='word_1_489' title='bbox 1690 3078 1852 3133; x_wconf 89' lang='lat' dir='ltr'>Chri-</span> <span class='ocrx_word' id='word_1_490' title='bbox 1873 3071 1918 3132; x_wconf 76' lang='grc' dir='ltr'>Ο</span> <span class='ocrx_word' id='word_1_491' title='bbox 1937 3075 2283 3130; x_wconf 86' lang='lat' dir='ltr'>subinfertur</span> <span class='ocrx_word' id='word_1_492' title='bbox 2315 3093 2327 3128; x_wconf 91' lang='lat'>:</span> <span class='ocrx_word' id='word_1_493' title='bbox 2358 3075 2480 3130; x_wconf 80' lang='lat' dir='ltr'>Non</span> <span class='ocrx_word' id='word_1_494' title='bbox 2523 3075 2711 3128; x_wconf 85' lang='lat' dir='ltr'>liberet</span> <span class='ocrx_word' id='word_1_495' title='bbox 2738 3076 2879 3129; x_wconf 87' lang='lat' dir='ltr'>Deus</span> <span class='ocrx_word' id='word_1_496' title='bbox 2907 3078 3163 3130; x_wconf 89' lang='lat' dir='ltr'>animam</span> <span class='ocrx_word' id='word_1_497' title='bbox 3191 3079 3326 3144; x_wconf 85' lang='lat' dir='ltr'>ejus,</span> <span class='ocrx_word' id='word_1_498' title='bbox 3360 3079 3418 3128; x_wconf 91' lang='lat' dir='ltr'>et</span> <span class='ocrx_word' id='word_1_499' title='bbox 3443 3091 3533 3128; x_wconf 89' lang='lat' dir='ltr'>re-</span> 
     </span>
    </p>
   </div>
   <div class='ocr_carea' id='block_1_62' title="bbox 275 3161 1856 3240">
    <p class='ocr_par' dir='ltr' id='par_1_62' title="bbox 275 3161 1856 3240">
     <span class='ocr_line' id='line_1_62' title="bbox 275 3161 1856 3240; baseline 0.004 -26"><span class='ocrx_word' id='word_1_500' title='bbox 275 3161 456 3229; x_wconf 83' lang='lat' dir='ltr'>stiano,</span> <span class='ocrx_word' id='word_1_501' title='bbox 490 3179 671 3234; x_wconf 88' lang='lat' dir='ltr'>quam</span> <span class='ocrx_word' id='word_1_502' title='bbox 692 3163 865 3240; x_wconf 85' lang='lat' dir='ltr'>exitia</span> <span class='ocrx_word' id='word_1_503' title='bbox 892 3181 992 3235; x_wconf 89' lang='lat' dir='ltr'>pro</span> <span class='ocrx_word' id='word_1_504' title='bbox 1022 3165 1245 3220; x_wconf 86' lang='lat' dir='ltr'>Christo</span> <span class='ocrx_word' id='word_1_505' title='bbox 1275 3166 1434 3220; x_wconf 87' lang='lat' dir='ltr'>illata</span> <span class='ocrx_word' id='word_1_506' title='bbox 1467 3165 1572 3220; x_wconf 90' lang='lat' dir='ltr'>sibi</span> <span class='ocrx_word' id='word_1_507' title='bbox 1603 3183 1856 3220; x_wconf 89' lang='lat' dir='ltr'>narrare.</span> 
     </span>
    </p>
   </div>
   <div class='ocr_carea' id='block_1_63' title="bbox 273 3247 1862 3323">
    <p class='ocr_par' dir='ltr' id='par_1_63' title="bbox 273 3247 1862 3323">
     <span class='ocr_line' id='line_1_63' title="bbox 273 3247 1862 3323; baseline 0.004 -21"><span class='ocrx_word' id='word_1_508' title='bbox 273 3247 396 3304; x_wconf 70' lang='lat' dir='ltr'>Nam</span> <span class='ocrx_word' id='word_1_509' title='bbox 411 3255 460 3304; x_wconf 84' lang='lat' dir='ltr'>et</span> <span class='ocrx_word' id='word_1_510' title='bbox 469 3255 761 3306; x_wconf 80' lang='lat' dir='ltr'>sivoluero</span> <span class='ocrx_word' id='word_1_511' title='bbox 777 3255 1018 3320; x_wconf 78' lang='lat' dir='ltr'>gloriari</span> <span class='ocrx_word' id='word_1_512' title='bbox 1023 3269 1156 3318; x_wconf 83' lang='lat' dir='ltr'>,non</span> <span class='ocrx_word' id='word_1_513' title='bbox 1173 3269 1264 3308; x_wconf 90' lang='lat' dir='ltr'>ero</span> <span class='ocrx_word' id='word_1_514' title='bbox 1283 3257 1862 3323; x_wconf 82' lang='lat' dir='ltr'>insipiens,veritatem</span> 
     </span>
    </p>
   </div>
   <div class='ocr_carea' id='block_1_64' title="bbox 271 3340 1854 3414">
    <p class='ocr_par' dir='ltr' id='par_1_64' title="bbox 271 3340 1854 3414">
     <span class='ocr_line' id='line_1_64' title="bbox 271 3340 1854 3414; baseline 0.006 -25"><span class='ocrx_word' id='word_1_515' title='bbox 271 3340 402 3392; x_wconf 78' lang='lat' dir='ltr'>enim</span> <span class='ocrx_word' id='word_1_516' title='bbox 428 3341 639 3395; x_wconf 83' lang='lat' dir='ltr'>dicam.</span> <span class='ocrx_word' id='word_1_517' title='bbox 677 3341 796 3394; x_wconf 88' lang='lat' dir='ltr'>Hoc</span> <span class='ocrx_word' id='word_1_518' title='bbox 823 3340 974 3407; x_wconf 91' lang='lat' dir='ltr'>dicit,</span> <span class='ocrx_word' id='word_1_519' title='bbox 999 3343 1131 3413; x_wconf 89' lang='lat' dir='ltr'>quia</span> <span class='ocrx_word' id='word_1_520' title='bbox 1157 3342 1205 3396; x_wconf 91' lang='lat' dir='ltr'>si</span> <span class='ocrx_word' id='word_1_521' title='bbox 1227 3342 1496 3397; x_wconf 89' lang='lat' dir='ltr'>meritum</span> <span class='ocrx_word' id='word_1_522' title='bbox 1525 3359 1691 3398; x_wconf 91' lang='lat' dir='ltr'>suum</span> <span class='ocrx_word' id='word_1_523' title='bbox 1722 3359 1854 3414; x_wconf 89' lang='lat' dir='ltr'>pro-</span> 
     </span>
    </p>
   </div>
   <div class='ocr_carea' id='block_1_65' title="bbox 271 3423 1854 3502">
    <p class='ocr_par' dir='ltr' id='par_1_65' title="bbox 271 3423 1854 3502">
     <span class='ocr_line' id='line_1_65' title="bbox 271 3423 1854 3502; baseline 0.004 -22"><span class='ocrx_word' id='word_1_524' title='bbox 271 3423 479 3482; x_wconf 84' lang='lat' dir='ltr'>ﬁteatur</span> <span class='ocrx_word' id='word_1_525' title='bbox 506 3428 668 3500; x_wconf 89' lang='lat' dir='ltr'>quod</span> <span class='ocrx_word' id='word_1_526' title='bbox 697 3427 867 3483; x_wconf 86' lang='lat' dir='ltr'>habet</span> <span class='ocrx_word' id='word_1_527' title='bbox 911 3429 1059 3501; x_wconf 87' lang='lat' dir='ltr'>apud</span> <span class='ocrx_word' id='word_1_528' title='bbox 1099 3430 1299 3497; x_wconf 90' lang='lat' dir='ltr'>Deum,</span> <span class='ocrx_word' id='word_1_529' title='bbox 1327 3447 1438 3485; x_wconf 88' lang='lat' dir='ltr'>non</span> <span class='ocrx_word' id='word_1_530' title='bbox 1485 3431 1594 3485; x_wconf 89' lang='lat' dir='ltr'>erit</span> <span class='ocrx_word' id='word_1_531' title='bbox 1637 3431 1854 3502; x_wconf 90' lang='lat' dir='ltr'>impru-</span> 
     </span>
    </p>
   </div>
   <div class='ocr_carea' id='block_1_66' title="bbox 268 3512 1856 3590">
    <p class='ocr_par' dir='ltr' id='par_1_66' title="bbox 268 3512 1856 3590">
     <span class='ocr_line' id='line_1_66' title="bbox 268 3512 1856 3590; baseline 0.005 -24"><span class='ocrx_word' id='word_1_532' title='bbox 268 3512 408 3581; x_wconf 86' lang='lat' dir='ltr'>dens,</span> <span class='ocrx_word' id='word_1_533' title='bbox 440 3533 574 3571; x_wconf 85' lang='lat' dir='ltr'>vera</span> <span class='ocrx_word' id='word_1_534' title='bbox 603 3515 763 3571; x_wconf 86' lang='lat' dir='ltr'>enim</span> <span class='ocrx_word' id='word_1_535' title='bbox 791 3517 1059 3588; x_wconf 89' lang='lat' dir='ltr'>loquitur.</span> <span class='ocrx_word' id='word_1_536' title='bbox 1097 3519 1242 3589; x_wconf 89' lang='lat' dir='ltr'>Ergo</span> <span class='ocrx_word' id='word_1_537' title='bbox 1270 3519 1316 3572; x_wconf 90' lang='lat' dir='ltr'>si</span> <span class='ocrx_word' id='word_1_538' title='bbox 1347 3519 1472 3590; x_wconf 90' lang='lat' dir='ltr'>quis</span> <span class='ocrx_word' id='word_1_539' title='bbox 1509 3536 1610 3590; x_wconf 89' lang='lat' dir='ltr'>pro</span> <span class='ocrx_word' id='word_1_540' title='bbox 1637 3520 1856 3574; x_wconf 89' lang='lat' dir='ltr'>meritis</span> 
     </span>
    </p>
   </div>
   <div class='ocr_carea' id='block_1_67' title="bbox 268 3602 1854 3680">
    <p class='ocr_par' dir='ltr' id='par_1_67' title="bbox 268 3602 1854 3680">
     <span class='ocr_line' id='line_1_67' title="bbox 268 3602 1854 3680; baseline 0.004 -24"><span class='ocrx_word' id='word_1_541' title='bbox 268 3602 388 3670; x_wconf 83' lang='lat' dir='ltr'>suis,</span> <span class='ocrx_word' id='word_1_542' title='bbox 419 3621 542 3676; x_wconf 66' lang='lat' dir='ltr'>quae</span> <span class='ocrx_word' id='word_1_543' title='bbox 562 3605 678 3660; x_wconf 86' lang='lat' dir='ltr'>sibi</span> <span class='ocrx_word' id='word_1_544' title='bbox 699 3611 926 3660; x_wconf 86' lang='lat' dir='ltr'>ostensa</span> <span class='ocrx_word' id='word_1_545' title='bbox 947 3611 1098 3671; x_wconf 90' lang='lat' dir='ltr'>sunt,</span> <span class='ocrx_word' id='word_1_546' title='bbox 1115 3607 1384 3678; x_wconf 86' lang='lat' dir='ltr'>loquitur,</span> <span class='ocrx_word' id='word_1_547' title='bbox 1412 3624 1522 3662; x_wconf 90' lang='lat' dir='ltr'>non</span> <span class='ocrx_word' id='word_1_548' title='bbox 1544 3614 1630 3662; x_wconf 91' lang='lat' dir='ltr'>est</span> <span class='ocrx_word' id='word_1_549' title='bbox 1659 3608 1854 3680; x_wconf 90' lang='lat' dir='ltr'>utique</span> 
     </span>
    </p>
   </div>
   <div class='ocr_carea' id='block_1_68' title="bbox 267 3691 1856 3768">
    <p class='ocr_par' dir='ltr' id='par_1_68' title="bbox 267 3691 1856 3768">
     <span class='ocr_line' id='line_1_68' title="bbox 267 3691 1856 3768; baseline 0.004 -25"><span class='ocrx_word' id='word_1_550' title='bbox 267 3691 483 3748; x_wconf 85' lang='lat' dir='ltr'>stultus:</span> <span class='ocrx_word' id='word_1_551' title='bbox 506 3693 557 3748; x_wconf 88' lang='lat' dir='ltr'>si</span> <span class='ocrx_word' id='word_1_552' title='bbox 578 3698 780 3748; x_wconf 87' lang='lat' dir='ltr'>autem</span> <span class='ocrx_word' id='word_1_553' title='bbox 799 3699 1002 3760; x_wconf 84' lang='lat' dir='ltr'>taceat,</span> <span class='ocrx_word' id='word_1_554' title='bbox 1024 3700 1110 3748; x_wconf 93' lang='lat' dir='ltr'>est</span> <span class='ocrx_word' id='word_1_555' title='bbox 1129 3695 1300 3749; x_wconf 89' lang='lat' dir='ltr'>etiam</span> <span class='ocrx_word' id='word_1_556' title='bbox 1321 3696 1586 3767; x_wconf 89' lang='lat' dir='ltr'>prudens.</span> <span class='ocrx_word' id='word_1_557' title='bbox 1615 3697 1722 3751; x_wconf 89' lang='lat' dir='ltr'>Sed</span> <span class='ocrx_word' id='word_1_558' title='bbox 1743 3713 1856 3768; x_wconf 91' lang='lat' dir='ltr'>qua</span> 
     </span>
    </p>
   </div>
   <div class='ocr_carea' id='block_1_69' title="bbox 268 3781 1852 3855">
    <p class='ocr_par' dir='ltr' id='par_1_69' title="bbox 268 3781 1852 3855">
     <span class='ocr_line' id='line_1_69' title="bbox 268 3781 1852 3855; baseline 0.003 -21"><span class='ocrx_word' id='word_1_559' title='bbox 268 3794 419 3834; x_wconf 79' lang='lat' dir='ltr'>causa</span> <span class='ocrx_word' id='word_1_560' title='bbox 444 3781 538 3836; x_wconf 90' lang='lat' dir='ltr'>hic</span> <span class='ocrx_word' id='word_1_561' title='bbox 567 3798 726 3836; x_wconf 89' lang='lat' dir='ltr'>nunc</span> <span class='ocrx_word' id='word_1_562' title='bbox 755 3781 942 3852; x_wconf 90' lang='lat' dir='ltr'>palam</span> <span class='ocrx_word' id='word_1_563' title='bbox 967 3783 1262 3853; x_wconf 78' lang='lat' dir='ltr'>gloriatur,</span> <span class='ocrx_word' id='word_1_564' title='bbox 1295 3800 1444 3839; x_wconf 89' lang='lat' dir='ltr'>nunc</span> <span class='ocrx_word' id='word_1_565' title='bbox 1483 3785 1724 3855; x_wconf 89' lang='lat' dir='ltr'>subjecit</span> <span class='ocrx_word' id='word_1_566' title='bbox 1741 3785 1852 3852; x_wconf 45' lang='lat' dir='ltr'>\di-</span> 
     </span>
    </p>
   </div>
   <div class='ocr_carea' id='block_1_70' title="bbox 263 3873 1856 3942">
    <p class='ocr_par' dir='ltr' id='par_1_70' title="bbox 263 3873 1856 3942">
     <span class='ocr_line' id='line_1_70' title="bbox 263 3873 1856 3942; baseline 0.006 -24"><span class='ocrx_word' id='word_1_567' title='bbox 263 3883 377 3923; x_wconf 82' lang='lat' dir='ltr'>cens</span> <span class='ocrx_word' id='word_1_568' title='bbox 407 3887 419 3922; x_wconf 90' lang='lat'>:</span> <span class='ocrx_word' id='word_1_569' title='bbox 453 3873 635 3926; x_wconf 81' lang='lat' dir='ltr'>Pareo</span> <span class='ocrx_word' id='word_1_570' title='bbox 665 3875 868 3934; x_wconf 88' lang='lat' dir='ltr'>autem,</span> <span class='ocrx_word' id='word_1_571' title='bbox 901 3886 970 3924; x_wconf 85' lang='lat' dir='ltr'>ne</span> <span class='ocrx_word' id='word_1_572' title='bbox 997 3875 1120 3940; x_wconf 87' lang='lat' dir='ltr'>quis</span> <span class='ocrx_word' id='word_1_573' title='bbox 1159 3888 1244 3926; x_wconf 89' lang='lat' dir='ltr'>me</span> <span class='ocrx_word' id='word_1_574' title='bbox 1287 3875 1558 3927; x_wconf 67' lang='lat' dir='ltr'>existimet</span> <span class='ocrx_word' id='word_1_575' title='bbox 1591 3889 1763 3942; x_wconf 87' lang='lat' dir='ltr'>supra</span> <span class='ocrx_word' id='word_1_576' title='bbox 1795 3877 1856 3929; x_wconf 82' lang='lat' dir='ltr'>id</span> 
     </span>
    </p>
   </div>
   <div class='ocr_carea' id='block_1_71' title="bbox 261 3959 1855 4032">
    <p class='ocr_par' dir='ltr' id='par_1_71' title="bbox 261 3959 1855 4032">
     <span class='ocr_line' id='line_1_71' title="bbox 261 3959 1855 4032; baseline 0.003 -21"><span class='ocrx_word' id='word_1_577' title='bbox 261 3959 389 4024; x_wconf 83' lang='lat' dir='ltr'>quod</span> <span class='ocrx_word' id='word_1_578' title='bbox 415 3961 561 4014; x_wconf 74' lang='lat' dir='ltr'>videt</span> <span class='ocrx_word' id='word_1_579' title='bbox 594 3975 702 4020; x_wconf 87' lang='lat' dir='ltr'>me,</span> <span class='ocrx_word' id='word_1_580' title='bbox 725 3964 826 4012; x_wconf 90' lang='lat' dir='ltr'>aut</span> <span class='ocrx_word' id='word_1_581' title='bbox 853 3959 1016 4014; x_wconf 87' lang='lat' dir='ltr'>audit</span> <span class='ocrx_word' id='word_1_582' title='bbox 1044 3975 1110 4013; x_wconf 73' lang='lat' dir='ltr'>ea:</span> <span class='ocrx_word' id='word_1_583' title='bbox 1133 3977 1236 4014; x_wconf 88' lang='lat' dir='ltr'>me.</span> <span class='ocrx_word' id='word_1_584' title='bbox 1259 3960 1522 4016; x_wconf 77' lang='lat' dir='ltr'>Ostendit</span> <span class='ocrx_word' id='word_1_585' title='bbox 1545 3960 1718 4032; x_wconf 89' lang='lat' dir='ltr'>igitur</span> <span class='ocrx_word' id='word_1_586' title='bbox 1743 3979 1855 4032; x_wconf 90' lang='lat' dir='ltr'>qua</span> 
     </span>
    </p>
   </div>
   <div class='ocr_carea' id='block_1_72' title="bbox 261 4046 1854 4119">
    <p class='ocr_par' dir='ltr' id='par_1_72' title="bbox 261 4046 1854 4119">
     <span class='ocr_line' id='line_1_72' title="bbox 261 4046 1854 4119; baseline 0.003 -20"><span class='ocrx_word' id='word_1_587' title='bbox 261 4061 415 4100; x_wconf 83' lang='lat' dir='ltr'>causa</span> <span class='ocrx_word' id='word_1_588' title='bbox 430 4063 548 4102; x_wconf 90' lang='lat' dir='ltr'>non</span> <span class='ocrx_word' id='word_1_589' title='bbox 565 4051 769 4118; x_wconf 82' lang='lat' dir='ltr'>aperte</span> <span class='ocrx_word' id='word_1_590' title='bbox 785 4046 1080 4117; x_wconf 88' lang='lat' dir='ltr'>gloriatur,</span> <span class='ocrx_word' id='word_1_591' title='bbox 1103 4063 1174 4102; x_wconf 90' lang='lat' dir='ltr'>ne</span> <span class='ocrx_word' id='word_1_592' title='bbox 1196 4048 1320 4119; x_wconf 88' lang='lat' dir='ltr'>quis</span> <span class='ocrx_word' id='word_1_593' title='bbox 1343 4065 1433 4102; x_wconf 91' lang='lat' dir='ltr'>me</span> <span class='ocrx_word' id='word_1_594' title='bbox 1451 4048 1748 4116; x_wconf 85' lang='lat' dir='ltr'>existimet,</span> <span class='ocrx_word' id='word_1_595' title='bbox 1770 4049 1854 4103; x_wconf 87' lang='lat' dir='ltr'>in-</span> 
     </span>
    </p>
   </div>
   <div class='ocr_carea' id='block_1_73' title="bbox 260 4134 1854 4208">
    <p class='ocr_par' dir='ltr' id='par_1_73' title="bbox 260 4134 1854 4208">
     <span class='ocr_line' id='line_1_73' title="bbox 260 4134 1854 4208; baseline 0.003 -20"><span class='ocrx_word' id='word_1_596' title='bbox 260 4134 384 4202; x_wconf 78' lang='lat' dir='ltr'>quit,</span> <span class='ocrx_word' id='word_1_597' title='bbox 411 4135 568 4190; x_wconf 88' lang='lat' dir='ltr'>ultra</span> <span class='ocrx_word' id='word_1_598' title='bbox 584 4135 835 4206; x_wconf 88' lang='lat' dir='ltr'>gloriam</span> <span class='ocrx_word' id='word_1_599' title='bbox 849 4151 1032 4190; x_wconf 88' lang='lat' dir='ltr'>meam</span> <span class='ocrx_word' id='word_1_600' title='bbox 1046 4136 1298 4202; x_wconf 89' lang='lat' dir='ltr'>tendere,</span> <span class='ocrx_word' id='word_1_601' title='bbox 1325 4153 1492 4208; x_wconf 90' lang='lat' dir='ltr'>quam</span> <span class='ocrx_word' id='word_1_602' title='bbox 1508 4137 1670 4191; x_wconf 86' lang='lat' dir='ltr'>limes</span> <span class='ocrx_word' id='word_1_603' title='bbox 1688 4138 1854 4192; x_wconf 89' lang='lat' dir='ltr'>meri-</span> 
     </span>
    </p>
   </div>
   <div class='ocr_carea' id='block_1_74' title="bbox 256 4221 1853 4296">
    <p class='ocr_par' dir='ltr' id='par_1_74' title="bbox 256 4221 1853 4296">
     <span class='ocr_line' id='line_1_74' title="bbox 256 4221 1853 4296; baseline 0.005 -24"><span class='ocrx_word' id='word_1_604' title='bbox 256 4225 426 4276; x_wconf 84' lang='lat' dir='ltr'>torum</span> <span class='ocrx_word' id='word_1_605' title='bbox 453 4221 738 4276; x_wconf 84' lang='lat' dir='ltr'>admittit.</span> <span class='ocrx_word' id='word_1_606' title='bbox 773 4222 889 4276; x_wconf 90' lang='lat' dir='ltr'>Hos</span> <span class='ocrx_word' id='word_1_607' title='bbox 933 4222 1234 4293; x_wconf 88' lang='lat' dir='ltr'>signiﬁcat,</span> <span class='ocrx_word' id='word_1_608' title='bbox 1277 4241 1418 4296; x_wconf 92' lang='lat' dir='ltr'>quos</span> <span class='ocrx_word' id='word_1_609' title='bbox 1452 4223 1853 4280; x_wconf 85' lang='lat' dir='ltr'>obtrectatores</span> 
     </span>
    </p>
   </div>
   <div class='ocr_carea' id='block_1_75' title="bbox 259 4306 1852 4384">
    <p class='ocr_par' dir='ltr' id='par_1_75' title="bbox 259 4306 1852 4384">
     <span class='ocr_line' id='line_1_75' title="bbox 259 4306 1852 4384; baseline 0.004 -21"><span class='ocrx_word' id='word_1_610' title='bbox 259 4306 485 4364; x_wconf 84' lang='lat' dir='ltr'>habebat</span> <span class='ocrx_word' id='word_1_611' title='bbox 519 4326 702 4365; x_wconf 87' lang='lat' dir='ltr'>causa</span> <span class='ocrx_word' id='word_1_612' title='bbox 747 4310 905 4381; x_wconf 87' lang='lat' dir='ltr'>legis,</span> <span class='ocrx_word' id='word_1_613' title='bbox 937 4311 1084 4366; x_wconf 89' lang='lat' dir='ltr'>sicut</span> <span class='ocrx_word' id='word_1_614' title='bbox 1131 4329 1304 4384; x_wconf 88' lang='lat' dir='ltr'>supra</span> <span class='ocrx_word' id='word_1_615' title='bbox 1339 4313 1646 4368; x_wconf 81' lang='lat' dir='ltr'>memoravi</span> <span class='ocrx_word' id='word_1_616' title='bbox 1677 4332 1688 4367; x_wconf 89' lang='lat'>:</span> <span class='ocrx_word' id='word_1_617' title='bbox 1719 4331 1852 4369; x_wconf 90' lang='lat' dir='ltr'>nam</span> 
     </span>
    </p>
   </div>
   <div class='ocr_carea' id='block_1_76' title="bbox 1943 3164 2115 3234">
    <p class='ocr_par' dir='ltr' id='par_1_76' title="bbox 1943 3164 2115 3234">
     <span class='ocr_line' id='line_1_76' title="bbox 1943 3164 2115 3234; baseline 0.012 -18"><span class='ocrx_word' id='word_1_618' title='bbox 1943 3164 2115 3234; x_wconf 90' lang='lat' dir='ltr'>liqua.</span> 
     </span>
    </p>
   </div>
   <div class='ocr_carea' id='block_1_77' title="bbox 2013 3251 3533 3320">
    <p class='ocr_par' dir='ltr' id='par_1_77' title="bbox 2013 3251 3533 3320">
     <span class='ocr_line' id='line_1_77' title="bbox 2013 3251 3533 3320; baseline -0.001 -14"><span class='ocrx_word' id='word_1_619' title='bbox 2013 3252 2080 3306; x_wconf 87' lang='lat' dir='ltr'>Et</span> <span class='ocrx_word' id='word_1_620' title='bbox 2101 3267 2168 3306; x_wconf 86' lang='lat' dir='ltr'>ne</span> <span class='ocrx_word' id='word_1_621' title='bbox 2186 3251 2512 3320; x_wconf 82' lang='lat' dir='ltr'>magnitudo</span> <span class='ocrx_word' id='word_1_622' title='bbox 2521 3251 2922 3306; x_wconf 74' lang='lat' dir='ltr'>recelationum</span> <span class='ocrx_word' id='word_1_623' title='bbox 2932 3253 3154 3306; x_wconf 68' lang='lat' dir='ltr'>extollat</span> <span class='ocrx_word' id='word_1_624' title='bbox 3166 3265 3266 3316; x_wconf 84' lang='lat' dir='ltr'>me,</span> <span class='ocrx_word' id='word_1_625' title='bbox 3283 3251 3447 3306; x_wconf 88' lang='lat' dir='ltr'>datus</span> <span class='ocrx_word' id='word_1_626' title='bbox 3458 3255 3533 3305; x_wconf 82' lang='lat' dir='ltr'>est</span> 
     </span>
    </p>
   </div>
   <div class='ocr_carea' id='block_1_78' title="bbox 1942 3337 3534 3407">
    <p class='ocr_par' dir='ltr' id='par_1_78' title="bbox 1942 3337 3534 3407">
     <span class='ocr_line' id='line_1_78' title="bbox 1942 3337 3534 3407; baseline 0 -13"><span class='ocrx_word' id='word_1_627' title='bbox 1942 3341 2086 3394; x_wconf 82' lang='lat' dir='ltr'>mihi</span> <span class='ocrx_word' id='word_1_628' title='bbox 2103 3342 2364 3394; x_wconf 88' lang='lat' dir='ltr'>stimulus</span> <span class='ocrx_word' id='word_1_629' title='bbox 2392 3341 2580 3392; x_wconf 89' lang='lat' dir='ltr'>carnis</span> <span class='ocrx_word' id='word_1_630' title='bbox 2601 3354 2734 3392; x_wconf 73' lang='lat' dir='ltr'>inea:</span> <span class='ocrx_word' id='word_1_631' title='bbox 2759 3341 2988 3407; x_wconf 80' lang='lat' dir='ltr'>angelus</span> <span class='ocrx_word' id='word_1_632' title='bbox 3006 3337 3248 3406; x_wconf 57' lang='lat' dir='ltr'>Satanas,</span> <span class='ocrx_word' id='word_1_633' title='bbox 3264 3344 3328 3394; x_wconf 87' lang='lat' dir='ltr'>ut</span> <span class='ocrx_word' id='word_1_634' title='bbox 3346 3355 3433 3394; x_wconf 87' lang='lat' dir='ltr'>me</span> <span class='ocrx_word' id='word_1_635' title='bbox 3453 3355 3534 3394; x_wconf 82' lang='lat' dir='ltr'>oo-</span> 
     </span>
    </p>
   </div>
   <div class='ocr_carea' id='block_1_79' title="bbox 1939 3425 3534 3499">
    <p class='ocr_par' dir='ltr' id='par_1_79' title="bbox 1939 3425 3534 3499">
     <span class='ocr_line' id='line_1_79' title="bbox 1939 3425 3534 3499; baseline 0 -17"><span class='ocrx_word' id='word_1_636' title='bbox 1939 3429 2194 3497; x_wconf 78' lang='lat' dir='ltr'>Iaphizet.</span> <span class='ocrx_word' id='word_1_637' title='bbox 2215 3425 2452 3496; x_wconf 90' lang='lat' dir='ltr'>(Ambr.)</span> <span class='ocrx_word' id='word_1_638' title='bbox 2468 3427 2650 3480; x_wconf 90' lang='lat' dir='ltr'>Deum</span> <span class='ocrx_word' id='word_1_639' title='bbox 2663 3425 2823 3480; x_wconf 90' lang='lat' dir='ltr'>bonis</span> <span class='ocrx_word' id='word_1_640' title='bbox 2837 3425 3054 3481; x_wconf 87' lang='lat' dir='ltr'>meritis</span> <span class='ocrx_word' id='word_1_641' title='bbox 3064 3426 3357 3499; x_wconf 81' lang='lat' dir='ltr'>providere</span> <span class='ocrx_word' id='word_1_642' title='bbox 3365 3431 3534 3482; x_wconf 84' lang='lat' dir='ltr'>testa-</span> 
     </span>
    </p>
   </div>
   <div class='ocr_carea' id='block_1_80' title="bbox 1936 3514 3532 3593">
    <p class='ocr_par' dir='ltr' id='par_1_80' title="bbox 1936 3514 3532 3593">
     <span class='ocr_line' id='line_1_80' title="bbox 1936 3514 3532 3593; baseline -0.001 -22"><span class='ocrx_word' id='word_1_643' title='bbox 1936 3523 2049 3583; x_wconf 91' lang='lat' dir='ltr'>tur,</span> <span class='ocrx_word' id='word_1_644' title='bbox 2067 3516 2202 3570; x_wconf 91' lang='lat' dir='ltr'>dum</span> <span class='ocrx_word' id='word_1_645' title='bbox 2218 3514 2496 3586; x_wconf 89' lang='lat' dir='ltr'>permittit</span> <span class='ocrx_word' id='word_1_646' title='bbox 2516 3514 2922 3570; x_wconf 89' lang='lat' dir='ltr'>tentationibus</span> <span class='ocrx_word' id='word_1_647' title='bbox 2936 3515 3112 3593; x_wconf 85' lang='lat' dir='ltr'>bonos</span> <span class='ocrx_word' id='word_1_648' title='bbox 3138 3515 3399 3587; x_wconf 88' lang='lat' dir='ltr'>deprimi,</span> <span class='ocrx_word' id='word_1_649' title='bbox 3418 3531 3532 3570; x_wconf 91' lang='lat' dir='ltr'>non</span> 
     </span>
    </p>
   </div>
   <div class='ocr_carea' id='block_1_81' title="bbox 1937 3601 3531 3671">
    <p class='ocr_par' dir='ltr' id='par_1_81' title="bbox 1937 3601 3531 3671">
     <span class='ocr_line' id='line_1_81' title="bbox 1937 3601 3531 3671; baseline -0.001 -12"><span class='ocrx_word' id='word_1_650' title='bbox 1937 3605 2118 3660; x_wconf 89' lang='lat' dir='ltr'>solum</span> <span class='ocrx_word' id='word_1_651' title='bbox 2147 3621 2217 3658; x_wconf 90' lang='lat' dir='ltr'>ne</span> <span class='ocrx_word' id='word_1_652' title='bbox 2248 3602 2506 3658; x_wconf 84' lang='lat' dir='ltr'>laborum</span> <span class='ocrx_word' id='word_1_653' title='bbox 2531 3619 2764 3658; x_wconf 89' lang='lat' dir='ltr'>suorum</span> <span class='ocrx_word' id='word_1_654' title='bbox 2783 3601 3058 3658; x_wconf 89' lang='lat' dir='ltr'>fructibus</span> <span class='ocrx_word' id='word_1_655' title='bbox 3075 3603 3531 3671; x_wconf 86' lang='lat' dir='ltr'>abdicentur,ve-</span> 
     </span>
    </p>
   </div>
   <div class='ocr_carea' id='block_1_82' title="bbox 1935 3690 3530 3764">
    <p class='ocr_par' dir='ltr' id='par_1_82' title="bbox 1935 3690 3530 3764">
     <span class='ocr_line' id='line_1_82' title="bbox 1935 3690 3530 3764; baseline 0 -18"><span class='ocrx_word' id='word_1_656' title='bbox 1935 3710 2064 3748; x_wconf 88' lang='lat' dir='ltr'>rum</span> <span class='ocrx_word' id='word_1_657' title='bbox 2084 3692 2254 3747; x_wconf 88' lang='lat' dir='ltr'>etiam</span> <span class='ocrx_word' id='word_1_658' title='bbox 2264 3697 2330 3746; x_wconf 91' lang='lat' dir='ltr'>ut</span> <span class='ocrx_word' id='word_1_659' title='bbox 2347 3698 2663 3762; x_wconf 89' lang='lat' dir='ltr'>augeantur</span> <span class='ocrx_word' id='word_1_660' title='bbox 2675 3691 2763 3746; x_wconf 87' lang='lat' dir='ltr'>his</span> <span class='ocrx_word' id='word_1_661' title='bbox 2777 3691 2846 3746; x_wconf 89' lang='lat' dir='ltr'>ad</span> <span class='ocrx_word' id='word_1_662' title='bbox 2867 3692 3152 3747; x_wconf 89' lang='lat' dir='ltr'>cumulum</span> <span class='ocrx_word' id='word_1_663' title='bbox 3164 3690 3530 3764; x_wconf 85' lang='lat' dir='ltr'>possessionis</span> 
     </span>
    </p>
   </div>
   <div class='ocr_carea' id='block_1_83' title="bbox 1935 3779 3531 3850">
    <p class='ocr_par' dir='ltr' id='par_1_83' title="bbox 1935 3779 3531 3850">
     <span class='ocr_line' id='line_1_83' title="bbox 1935 3779 3531 3850; baseline -0.001 -14"><span class='ocrx_word' id='word_1_664' title='bbox 1935 3788 2176 3836; x_wconf 64' lang='lat' dir='ltr'>aeternae.</span> <span class='ocrx_word' id='word_1_665' title='bbox 2194 3782 2313 3835; x_wconf 89' lang='lat' dir='ltr'>Hoc</span> <span class='ocrx_word' id='word_1_666' title='bbox 2340 3796 2474 3850; x_wconf 90' lang='lat' dir='ltr'>ergo</span> <span class='ocrx_word' id='word_1_667' title='bbox 2497 3779 2811 3834; x_wconf 89' lang='lat' dir='ltr'>remedium</span> <span class='ocrx_word' id='word_1_668' title='bbox 2829 3779 3026 3833; x_wconf 86' lang='lat' dir='ltr'>datum</span> <span class='ocrx_word' id='word_1_669' title='bbox 3055 3785 3144 3834; x_wconf 89' lang='lat' dir='ltr'>est</span> <span class='ocrx_word' id='word_1_670' title='bbox 3158 3779 3446 3850; x_wconf 82' lang='lat' dir='ltr'>Apostolo,</span> <span class='ocrx_word' id='word_1_671' title='bbox 3464 3787 3531 3835; x_wconf 89' lang='lat' dir='ltr'>ut</span> 
     </span>
    </p>
   </div>
   <div class='ocr_carea' id='block_1_84' title="bbox 1936 3867 3526 3942">
    <p class='ocr_par' dir='ltr' id='par_1_84' title="bbox 1936 3867 3526 3942">
     <span class='ocr_line' id='line_1_84' title="bbox 1936 3867 3526 3942; baseline -0.001 -18"><span class='ocrx_word' id='word_1_672' title='bbox 1936 3869 2162 3940; x_wconf 89' lang='lat' dir='ltr'>injuriis</span> <span class='ocrx_word' id='word_1_673' title='bbox 2188 3885 2433 3942; x_wconf 86' lang='lat' dir='ltr'>pressus,</span> <span class='ocrx_word' id='word_1_674' title='bbox 2448 3868 2637 3922; x_wconf 90' lang='lat' dir='ltr'>animo</span> <span class='ocrx_word' id='word_1_675' title='bbox 2648 3883 2761 3922; x_wconf 90' lang='lat' dir='ltr'>non</span> <span class='ocrx_word' id='word_1_676' title='bbox 2782 3867 2960 3939; x_wconf 90' lang='lat' dir='ltr'>possit</span> <span class='ocrx_word' id='word_1_677' title='bbox 2977 3867 3165 3922; x_wconf 82' lang='lat' dir='ltr'>extolli</span> <span class='ocrx_word' id='word_1_678' title='bbox 3186 3883 3287 3940; x_wconf 91' lang='lat' dir='ltr'>pro</span> <span class='ocrx_word' id='word_1_679' title='bbox 3306 3867 3526 3939; x_wconf 88' lang='lat' dir='ltr'>magni-</span> 
     </span>
    </p>
   </div>
   <div class='ocr_carea' id='block_1_85' title="bbox 1931 3955 3526 4028">
    <p class='ocr_par' dir='ltr' id='par_1_85' title="bbox 1931 3955 3526 4028">
     <span class='ocr_line' id='line_1_85' title="bbox 1931 3955 3526 4028; baseline 0 -16"><span class='ocrx_word' id='word_1_680' title='bbox 1931 3959 2130 4013; x_wconf 89' lang='lat' dir='ltr'>tudine</span> <span class='ocrx_word' id='word_1_681' title='bbox 2144 3955 2708 4028; x_wconf 88' lang='lat' dir='ltr'>revelationum,quia</span> <span class='ocrx_word' id='word_1_682' title='bbox 2722 3956 2962 4011; x_wconf 90' lang='lat' dir='ltr'>otiosum</span> <span class='ocrx_word' id='word_1_683' title='bbox 2975 3961 3167 4028; x_wconf 89' lang='lat' dir='ltr'>pectus</span> <span class='ocrx_word' id='word_1_684' title='bbox 3183 3972 3410 4012; x_wconf 86' lang='lat' dir='ltr'>necesse</span> <span class='ocrx_word' id='word_1_685' title='bbox 3423 3955 3526 4012; x_wconf 83' lang='lat' dir='ltr'>ha-</span> 
     </span>
    </p>
   </div>
   <div class='ocr_carea' id='block_1_86' title="bbox 1932 4044 3526 4118">
    <p class='ocr_par' dir='ltr' id='par_1_86' title="bbox 1932 4044 3526 4118">
     <span class='ocr_line' id='line_1_86' title="bbox 1932 4044 3526 4118; baseline -0.001 -17"><span class='ocrx_word' id='word_1_686' title='bbox 1932 4046 2103 4102; x_wconf 88' lang='lat' dir='ltr'>bebat</span> <span class='ocrx_word' id='word_1_687' title='bbox 2133 4047 2192 4102; x_wconf 90' lang='lat' dir='ltr'>in</span> <span class='ocrx_word' id='word_1_688' title='bbox 2231 4047 2318 4101; x_wconf 89' lang='lat' dir='ltr'>his</span> <span class='ocrx_word' id='word_1_689' title='bbox 2349 4063 2472 4118; x_wconf 73' lang='lat' dir='ltr'>quae</span> <span class='ocrx_word' id='word_1_690' title='bbox 2502 4044 2720 4099; x_wconf 89' lang='lat' dir='ltr'>viderat</span> <span class='ocrx_word' id='word_1_691' title='bbox 2737 4044 2945 4100; x_wconf 83' lang='lat' dir='ltr'>extolli.</span> <span class='ocrx_word' id='word_1_692' title='bbox 2981 4047 3162 4116; x_wconf 82' lang='lat' dir='ltr'>(Aug.)</span> <span class='ocrx_word' id='word_1_693' title='bbox 3192 4046 3407 4118; x_wconf 87' lang='lat' dir='ltr'>Nempe</span> <span class='ocrx_word' id='word_1_694' title='bbox 3435 4045 3526 4102; x_wconf 91' lang='lat' dir='ltr'>hic</span> 
     </span>
    </p>
   </div>
   <div class='ocr_carea' id='block_1_87' title="bbox 1933 4133 3528 4208">
    <p class='ocr_par' dir='ltr' id='par_1_87' title="bbox 1933 4133 3528 4208">
     <span class='ocr_line' id='line_1_87' title="bbox 1933 4133 3528 4208; baseline -0.001 -16"><span class='ocrx_word' id='word_1_695' title='bbox 1933 4137 2191 4208; x_wconf 87' lang='lat' dir='ltr'>agnoscis</span> <span class='ocrx_word' id='word_1_696' title='bbox 2207 4134 2536 4207; x_wconf 84' lang='lat' dir='ltr'>Apostolum</span> <span class='ocrx_word' id='word_1_697' title='bbox 2547 4133 2848 4190; x_wconf 87' lang='lat' dir='ltr'>habentem</span> <span class='ocrx_word' id='word_1_698' title='bbox 2859 4133 3307 4205; x_wconf 90' lang='lat' dir='ltr'>magnitudinem</span> <span class='ocrx_word' id='word_1_699' title='bbox 3321 4135 3528 4190; x_wconf 83' lang='lat' dir='ltr'>revela-</span> 
     </span>
    </p>
   </div>
   <div class='ocr_carea' id='block_1_88' title="bbox 1933 4222 3523 4296">
    <p class='ocr_par' dir='ltr' id='par_1_88' title="bbox 1933 4222 3523 4296">
     <span class='ocr_line' id='line_1_88' title="bbox 1933 4222 3523 4296; baseline -0.001 -15"><span class='ocrx_word' id='word_1_700' title='bbox 1933 4227 2173 4292; x_wconf 86' lang='lat' dir='ltr'>tionum,</span> <span class='ocrx_word' id='word_1_701' title='bbox 2198 4230 2255 4280; x_wconf 90' lang='lat' dir='ltr'>et</span> <span class='ocrx_word' id='word_1_702' title='bbox 2274 4223 2571 4280; x_wconf 90' lang='lat' dir='ltr'>timentem</span> <span class='ocrx_word' id='word_1_703' title='bbox 2597 4222 2856 4278; x_wconf 89' lang='lat' dir='ltr'>elationis</span> <span class='ocrx_word' id='word_1_704' title='bbox 2881 4223 3273 4296; x_wconf 68' lang='lat' dir='ltr'>praecipitium.</span> <span class='ocrx_word' id='word_1_705' title='bbox 3297 4223 3374 4279; x_wconf 91' lang='lat' dir='ltr'>Ut</span> <span class='ocrx_word' id='word_1_706' title='bbox 3390 4239 3523 4296; x_wconf 85' lang='lat' dir='ltr'>ergo</span> 
     </span>
    </p>
   </div>
   <div class='ocr_carea' id='block_1_89' title="bbox 1934 4310 3522 4385">
    <p class='ocr_par' dir='ltr' id='par_1_89' title="bbox 1934 4310 3522 4385">
     <span class='ocr_line' id='line_1_89' title="bbox 1934 4310 3522 4385; baseline -0.001 -17"><span class='ocrx_word' id='word_1_707' title='bbox 1934 4314 2173 4381; x_wconf 89' lang='lat' dir='ltr'>noveris,</span> <span class='ocrx_word' id='word_1_708' title='bbox 2199 4313 2333 4385; x_wconf 92' lang='lat' dir='ltr'>quia</span> <span class='ocrx_word' id='word_1_709' title='bbox 2351 4317 2409 4367; x_wconf 88' lang='lat' dir='ltr'>et</span> <span class='ocrx_word' id='word_1_710' title='bbox 2425 4311 2545 4384; x_wconf 90' lang='lat' dir='ltr'>ipse</span> <span class='ocrx_word' id='word_1_711' title='bbox 2565 4312 2885 4383; x_wconf 86' lang='lat' dir='ltr'>Apostolus,</span> <span class='ocrx_word' id='word_1_712' title='bbox 2909 4311 3004 4384; x_wconf 91' lang='lat' dir='ltr'>qui</span> <span class='ocrx_word' id='word_1_713' title='bbox 3016 4311 3239 4366; x_wconf 89' lang='lat' dir='ltr'>volebat</span> <span class='ocrx_word' id='word_1_714' title='bbox 3259 4310 3399 4367; x_wconf 86' lang='lat' dir='ltr'>alios</span> <span class='ocrx_word' id='word_1_715' title='bbox 3417 4310 3522 4366; x_wconf 84' lang='lat' dir='ltr'>sal-</span> 
     </span>
    </p>
   </div>
   <div class='ocr_carea' id='block_1_90' title="bbox 257 4389 3522 4484">
    <p class='ocr_par' dir='ltr' id='par_1_90' title="bbox 257 4389 3522 4484">
     <span class='ocr_line' id='line_1_90' title="bbox 257 4389 3522 4484; baseline 0.001 -34"><span class='ocrx_word' id='word_1_716' title='bbox 257 4396 436 4469; x_wconf 86' lang='lat' dir='ltr'>utique</span> <span class='ocrx_word' id='word_1_717' title='bbox 465 4400 812 4454; x_wconf 85' lang='lat' dir='ltr'>meritorum</span> <span class='ocrx_word' id='word_1_718' title='bbox 841 4399 1078 4470; x_wconf 88' lang='lat' dir='ltr'>gloriam</span> <span class='ocrx_word' id='word_1_719' title='bbox 1107 4399 1317 4456; x_wconf 90' lang='lat' dir='ltr'>bonum</span> <span class='ocrx_word' id='word_1_720' title='bbox 1337 4407 1424 4457; x_wconf 91' lang='lat' dir='ltr'>est</span> <span class='ocrx_word' id='word_1_721' title='bbox 1443 4418 1556 4458; x_wconf 91' lang='lat' dir='ltr'>non</span> <span class='ocrx_word' id='word_1_722' title='bbox 1583 4389 1771 4458; x_wconf 81' lang='lat' dir='ltr'>tacere</span> <span class='ocrx_word' id='word_1_723' title='bbox 1789 4409 2029 4484; x_wconf 80' lang='lat' dir='ltr'>utDvos</span> <span class='ocrx_word' id='word_1_724' title='bbox 2048 4403 2246 4468; x_wconf 80' lang='lat' dir='ltr'>facere,</span> <span class='ocrx_word' id='word_1_725' title='bbox 2268 4401 2450 4456; x_wconf 90' lang='lat' dir='ltr'>adhuc</span> <span class='ocrx_word' id='word_1_726' title='bbox 2478 4399 2799 4466; x_wconf 90' lang='lat' dir='ltr'>curabatur,</span> <span class='ocrx_word' id='word_1_727' title='bbox 2829 4400 2878 4456; x_wconf 90' lang='lat' dir='ltr'>si</span> <span class='ocrx_word' id='word_1_728' title='bbox 2908 4399 3101 4470; x_wconf 90' lang='lat' dir='ltr'>magni</span> <span class='ocrx_word' id='word_1_729' title='bbox 3129 4397 3328 4470; x_wconf 90' lang='lat' dir='ltr'>pendis</span> <span class='ocrx_word' id='word_1_730' title='bbox 3345 4397 3522 4470; x_wconf 90' lang='lat' dir='ltr'>ipsius</span> 
     </span>
    </p>
   </div>
   <div class='ocr_carea' id='block_1_91' title="bbox 159 4482 3521 4561">
    <p class='ocr_par' dir='ltr' id='par_1_91' title="bbox 159 4482 3521 4561">
     <span class='ocr_line' id='line_1_91' title="bbox 159 4482 3521 4561; baseline 0.001 -25"><span class='ocrx_word' id='word_1_731' title='bbox 159 4533 163 4536; x_wconf 89' lang='lat'>.</span> <span class='ocrx_word' id='word_1_732' title='bbox 256 4482 554 4542; x_wconf 77' lang='lat' dir='ltr'>invitantur</span> <span class='ocrx_word' id='word_1_733' title='bbox 583 4487 900 4542; x_wconf 87' lang='lat' dir='ltr'>credentes.</span> <span class='ocrx_word' id='word_1_734' title='bbox 922 4489 1120 4558; x_wconf 85' lang='lat' dir='ltr'>(Greg.)</span> <span class='ocrx_word' id='word_1_735' title='bbox 1145 4489 1402 4544; x_wconf 87' lang='lat' dir='ltr'>Habebat</span> <span class='ocrx_word' id='word_1_736' title='bbox 1421 4507 1552 4561; x_wconf 90' lang='lat' dir='ltr'>ergo</span> <span class='ocrx_word' id='word_1_737' title='bbox 1571 4491 1753 4545; x_wconf 88' lang='lat' dir='ltr'>adhuc</span> <span class='ocrx_word' id='word_1_738' title='bbox 1783 4491 1852 4544; x_wconf 88' lang='lat' dir='ltr'>de</span> <span class='ocrx_word' id='word_1_739' title='bbox 1875 4482 1906 4484; x_wconf 62' lang='lat'>_</span> <span class='ocrx_word' id='word_1_740' title='bbox 1933 4491 2223 4557; x_wconf 87' lang='lat' dir='ltr'>honorem,</span> <span class='ocrx_word' id='word_1_741' title='bbox 2245 4489 2376 4545; x_wconf 89' lang='lat' dir='ltr'>audi</span> <span class='ocrx_word' id='word_1_742' title='bbox 2404 4489 2537 4560; x_wconf 91' lang='lat' dir='ltr'>quid</span> <span class='ocrx_word' id='word_1_743' title='bbox 2565 4487 2616 4543; x_wconf 90' lang='lat' dir='ltr'>ei</span> <span class='ocrx_word' id='word_1_744' title='bbox 2635 4487 2886 4542; x_wconf 89' lang='lat' dir='ltr'>medicus</span> <span class='ocrx_word' id='word_1_745' title='bbox 2903 4485 3224 4558; x_wconf 84' lang='lat' dir='ltr'>apposuerit</span> <span class='ocrx_word' id='word_1_746' title='bbox 3245 4487 3316 4540; x_wconf 90' lang='lat' dir='ltr'>ad</span> <span class='ocrx_word' id='word_1_747' title='bbox 3333 4491 3521 4541; x_wconf 90' lang='lat' dir='ltr'>tumo-</span> 
     </span>
    </p>
   </div>
   <div class='ocr_carea' id='block_1_92' title="bbox 257 4573 3522 4649">
    <p class='ocr_par' dir='ltr' id='par_1_92' title="bbox 257 4573 3522 4649">
     <span class='ocr_line' id='line_1_92' title="bbox 257 4573 3522 4649; baseline 0.001 -22"><span class='ocrx_word' id='word_1_748' title='bbox 257 4589 309 4627; x_wconf 79' lang='lat' dir='ltr'>se</span> <span class='ocrx_word' id='word_1_749' title='bbox 346 4574 662 4631; x_wconf 88' lang='lat' dir='ltr'>dicendum</span> <span class='ocrx_word' id='word_1_750' title='bbox 701 4575 932 4647; x_wconf 86' lang='lat' dir='ltr'>aliquid,</span> <span class='ocrx_word' id='word_1_751' title='bbox 974 4593 1096 4648; x_wconf 69' lang='lat' dir='ltr'>quae</span> <span class='ocrx_word' id='word_1_752' title='bbox 1130 4578 1312 4649; x_wconf 89' lang='lat' dir='ltr'>parcit</span> <span class='ocrx_word' id='word_1_753' title='bbox 1351 4579 1535 4633; x_wconf 89' lang='lat' dir='ltr'>dicere</span> <span class='ocrx_word' id='word_1_754' title='bbox 1563 4597 1576 4646; x_wconf 88' lang='lat'><strong>;</strong></span> <span class='ocrx_word' id='word_1_755' title='bbox 1608 4579 1706 4632; x_wconf 91' lang='lat' dir='ltr'>sed</span> <span class='ocrx_word' id='word_1_756' title='bbox 1735 4578 1854 4648; x_wconf 86' lang='lat' dir='ltr'>agit</span> <span class='ocrx_word' id='word_1_757' title='bbox 1934 4596 2053 4634; x_wconf 91' lang='lat' dir='ltr'>rem</span> <span class='ocrx_word' id='word_1_758' title='bbox 2085 4597 2096 4631; x_wconf 92' lang='lat'>:</span> <span class='ocrx_word' id='word_1_759' title='bbox 2132 4579 2202 4634; x_wconf 90' lang='lat' dir='ltr'>Et</span> <span class='ocrx_word' id='word_1_760' title='bbox 2229 4595 2300 4632; x_wconf 91' lang='lat' dir='ltr'>ne</span> <span class='ocrx_word' id='word_1_761' title='bbox 2331 4575 2736 4647; x_wconf 88' lang='lat' dir='ltr'>magnitudine,</span> <span class='ocrx_word' id='word_1_762' title='bbox 2759 4573 2964 4646; x_wconf 90' lang='lat' dir='ltr'>inquit,</span> <span class='ocrx_word' id='word_1_763' title='bbox 2999 4573 3404 4630; x_wconf 87' lang='lat' dir='ltr'>revelationum</span> <span class='ocrx_word' id='word_1_764' title='bbox 3433 4590 3522 4630; x_wconf 85' lang='lat' dir='ltr'>ex-</span> 
     </span>
    </p>
   </div>
   <div class='ocr_carea' id='block_1_93' title="bbox 257 4664 1854 4738">
    <p class='ocr_par' dir='ltr' id='par_1_93' title="bbox 257 4664 1854 4738">
     <span class='ocr_line' id='line_1_93' title="bbox 257 4664 1854 4738; baseline 0.003 -20"><span class='ocrx_word' id='word_1_765' title='bbox 257 4667 552 4736; x_wconf 61' lang='lat' dir='ltr'>utumque</span> <span class='ocrx_word' id='word_1_766' title='bbox 568 4664 772 4718; x_wconf 89' lang='lat' dir='ltr'>doctor</span> <span class='ocrx_word' id='word_1_767' title='bbox 784 4665 1063 4736; x_wconf 90' lang='lat' dir='ltr'>egregius,</span> <span class='ocrx_word' id='word_1_768' title='bbox 1075 4672 1141 4720; x_wconf 91' lang='lat' dir='ltr'>ut</span> <span class='ocrx_word' id='word_1_769' title='bbox 1157 4672 1214 4722; x_wconf 92' lang='lat' dir='ltr'>et</span> <span class='ocrx_word' id='word_1_770' title='bbox 1225 4667 1506 4738; x_wconf 90' lang='lat' dir='ltr'>loquendo</span> <span class='ocrx_word' id='word_1_771' title='bbox 1523 4685 1646 4738; x_wconf 66' lang='lat' dir='ltr'>quae</span> <span class='ocrx_word' id='word_1_772' title='bbox 1660 4673 1854 4738; x_wconf 88' lang='lat' dir='ltr'>egerat</span> 
     </span>
    </p>
   </div>
   <div class='ocr_carea' id='block_1_94' title="bbox 256 4748 1850 4824">
    <p class='ocr_par' dir='ltr' id='par_1_94' title="bbox 256 4748 1850 4824">
     <span class='ocr_line' id='line_1_94' title="bbox 256 4748 1850 4824; baseline 0.003 -18"><span class='ocrx_word' id='word_1_773' title='bbox 256 4748 548 4824; x_wconf 78' lang='lat' dir='ltr'>discipulos</span> <span class='ocrx_word' id='word_1_774' title='bbox 566 4753 900 4819; x_wconf 88' lang='lat' dir='ltr'>instrueret,</span> <span class='ocrx_word' id='word_1_775' title='bbox 923 4760 980 4808; x_wconf 89' lang='lat' dir='ltr'>et</span> <span class='ocrx_word' id='word_1_776' title='bbox 997 4755 1236 4811; x_wconf 88' lang='lat' dir='ltr'>tacendo</span> <span class='ocrx_word' id='word_1_777' title='bbox 1257 4773 1318 4810; x_wconf 90' lang='lat' dir='ltr'>se</span> <span class='ocrx_word' id='word_1_778' title='bbox 1337 4756 1488 4810; x_wconf 88' lang='lat' dir='ltr'>intra</span> <span class='ocrx_word' id='word_1_779' title='bbox 1511 4755 1850 4811; x_wconf 86' lang='lat' dir='ltr'>humilitatis</span> 
     </span>
    </p>
   </div>
   <div class='ocr_carea' id='block_1_95' title="bbox 255 4837 1849 4915">
    <p class='ocr_par' dir='ltr' id='par_1_95' title="bbox 255 4837 1849 4915">
     <span class='ocr_line' id='line_1_95' title="bbox 255 4837 1849 4915; baseline 0.003 -21"><span class='ocrx_word' id='word_1_780' title='bbox 255 4837 478 4894; x_wconf 84' lang='lat' dir='ltr'>limitem</span> <span class='ocrx_word' id='word_1_781' title='bbox 497 4841 838 4896; x_wconf 82' lang='lat' dir='ltr'>custodiret.</span> <span class='ocrx_word' id='word_1_782' title='bbox 862 4841 1046 4896; x_wconf 91' lang='lat' dir='ltr'>Nimis</span> <span class='ocrx_word' id='word_1_783' title='bbox 1074 4859 1316 4915; x_wconf 88' lang='lat' dir='ltr'>namque</span> <span class='ocrx_word' id='word_1_784' title='bbox 1337 4850 1484 4899; x_wconf 90' lang='lat' dir='ltr'>esset</span> <span class='ocrx_word' id='word_1_785' title='bbox 1504 4845 1776 4915; x_wconf 88' lang='lat' dir='ltr'>ingratus,</span> <span class='ocrx_word' id='word_1_786' title='bbox 1801 4845 1849 4899; x_wconf 88' lang='lat' dir='ltr'>si</span> 
     </span>
    </p>
   </div>
   <div class='ocr_carea' id='block_1_96' title="bbox 256 4925 1850 5002">
    <p class='ocr_par' dir='ltr' id='par_1_96' title="bbox 256 4925 1850 5002">
     <span class='ocr_line' id='line_1_96' title="bbox 256 4925 1850 5002; baseline 0.005 -24"><span class='ocrx_word' id='word_1_787' title='bbox 256 4925 315 4980; x_wconf 84' lang='lat' dir='ltr'>de</span> <span class='ocrx_word' id='word_1_788' title='bbox 337 4943 396 4983; x_wconf 86' lang='lat' dir='ltr'>se</span> <span class='ocrx_word' id='word_1_789' title='bbox 424 4935 554 4984; x_wconf 83' lang='lat' dir='ltr'>tota</span> <span class='ocrx_word' id='word_1_790' title='bbox 580 4928 672 4983; x_wconf 87' lang='lat' dir='ltr'>vel</span> <span class='ocrx_word' id='word_1_791' title='bbox 693 4929 981 5002; x_wconf 89' lang='lat' dir='ltr'>discipulis</span> <span class='ocrx_word' id='word_1_792' title='bbox 1001 4936 1233 4998; x_wconf 86' lang='lat' dir='ltr'>taceret,</span> <span class='ocrx_word' id='word_1_793' title='bbox 1251 4937 1310 4986; x_wconf 89' lang='lat' dir='ltr'>et</span> <span class='ocrx_word' id='word_1_794' title='bbox 1327 4933 1560 4988; x_wconf 78' lang='lat' dir='ltr'>fortasse</span> <span class='ocrx_word' id='word_1_795' title='bbox 1577 4933 1746 4988; x_wconf 89' lang='lat' dir='ltr'>nimis</span> <span class='ocrx_word' id='word_1_796' title='bbox 1767 4933 1850 4987; x_wconf 87' lang='lat' dir='ltr'>in-</span> 
     </span>
    </p>
   </div>
   <div class='ocr_carea' id='block_1_97' title="bbox 255 5018 1848 5092">
    <p class='ocr_par' dir='ltr' id='par_1_97' title="bbox 255 5018 1848 5092">
     <span class='ocr_line' id='line_1_97' title="bbox 255 5018 1848 5092; baseline 0.004 -22"><span class='ocrx_word' id='word_1_797' title='bbox 255 5023 458 5081; x_wconf 80' lang='lat' dir='ltr'>cautus,</span> <span class='ocrx_word' id='word_1_798' title='bbox 477 5018 531 5072; x_wconf 87' lang='lat' dir='ltr'>si</span> <span class='ocrx_word' id='word_1_799' title='bbox 545 5018 625 5071; x_wconf 88' lang='lat' dir='ltr'>de</span> <span class='ocrx_word' id='word_1_800' title='bbox 644 5035 704 5071; x_wconf 89' lang='lat' dir='ltr'>se</span> <span class='ocrx_word' id='word_1_801' title='bbox 715 5022 836 5072; x_wconf 87' lang='lat' dir='ltr'>tota</span> <span class='ocrx_word' id='word_1_802' title='bbox 851 5019 938 5073; x_wconf 87' lang='lat' dir='ltr'>vel</span> <span class='ocrx_word' id='word_1_803' title='bbox 956 5019 1246 5091; x_wconf 85' lang='lat' dir='ltr'>discipulis</span> <span class='ocrx_word' id='word_1_804' title='bbox 1256 5021 1536 5092; x_wconf 89' lang='lat' dir='ltr'>proderet.</span> <span class='ocrx_word' id='word_1_805' title='bbox 1557 5021 1665 5076; x_wconf 90' lang='lat' dir='ltr'>Sed</span> <span class='ocrx_word' id='word_1_806' title='bbox 1683 5021 1848 5076; x_wconf 89' lang='lat' dir='ltr'>mira-</span> 
     </span>
    </p>
   </div>
   <div class='ocr_carea' id='block_1_98' title="bbox 257 5099 1849 5181">
    <p class='ocr_par' dir='ltr' id='par_1_98' title="bbox 257 5099 1849 5181">
     <span class='ocr_line' id='line_1_98' title="bbox 257 5099 1849 5181; baseline 0.006 -27"><span class='ocrx_word' id='word_1_807' title='bbox 257 5099 520 5173; x_wconf 84' lang='lat' dir='ltr'>biliter,ut</span> <span class='ocrx_word' id='word_1_808' title='bbox 531 5107 756 5161; x_wconf 85' lang='lat' dir='ltr'>dictum</span> <span class='ocrx_word' id='word_1_809' title='bbox 772 5113 877 5170; x_wconf 86' lang='lat' dir='ltr'>est,</span> <span class='ocrx_word' id='word_1_810' title='bbox 895 5107 1010 5178; x_wconf 88' lang='lat' dir='ltr'>egit</span> <span class='ocrx_word' id='word_1_811' title='bbox 1023 5114 1345 5181; x_wconf 89' lang='lat' dir='ltr'>utrumque,</span> <span class='ocrx_word' id='word_1_812' title='bbox 1361 5116 1427 5164; x_wconf 91' lang='lat' dir='ltr'>ut</span> <span class='ocrx_word' id='word_1_813' title='bbox 1436 5109 1714 5181; x_wconf 91' lang='lat' dir='ltr'>loquendo</span> <span class='ocrx_word' id='word_1_814' title='bbox 1724 5127 1849 5164; x_wconf 86' lang='lat' dir='ltr'>eru-</span> 
     </span>
    </p>
   </div>
   <div class='ocr_carea' id='block_1_99' title="bbox 253 5191 1844 5264">
    <p class='ocr_par' dir='ltr' id='par_1_99' title="bbox 253 5191 1844 5264">
     <span class='ocr_line' id='line_1_99' title="bbox 253 5191 1844 5264; baseline 0.003 -17"><span class='ocrx_word' id='word_1_815' title='bbox 253 5191 386 5248; x_wconf 86' lang='lat' dir='ltr'>diret</span> <span class='ocrx_word' id='word_1_816' title='bbox 409 5195 600 5249; x_wconf 78' lang='lat' dir='ltr'>vitam</span> <span class='ocrx_word' id='word_1_817' title='bbox 633 5195 1002 5264; x_wconf 86' lang='lat' dir='ltr'>audientium,</span> <span class='ocrx_word' id='word_1_818' title='bbox 1033 5198 1270 5253; x_wconf 89' lang='lat' dir='ltr'>tacendo</span> <span class='ocrx_word' id='word_1_819' title='bbox 1315 5199 1624 5254; x_wconf 85' lang='lat' dir='ltr'>custodiret</span> <span class='ocrx_word' id='word_1_820' title='bbox 1661 5215 1844 5254; x_wconf 90' lang='lat' dir='ltr'>suam.</span> 
     </span>
    </p>
   </div>
   <div class='ocr_carea' id='block_1_100' title="bbox 254 5279 1848 5360">
    <p class='ocr_par' dir='ltr' id='par_1_100' title="bbox 254 5279 1848 5360">
     <span class='ocr_line' id='line_1_100' title="bbox 254 5279 1848 5360; baseline 0.004 -24"><span class='ocrx_word' id='word_1_821' title='bbox 254 5279 550 5338; x_wconf 84' lang='lat' dir='ltr'>Sciendum</span> <span class='ocrx_word' id='word_1_822' title='bbox 571 5299 708 5338; x_wconf 83' lang='lat' dir='ltr'>vero</span> <span class='ocrx_word' id='word_1_823' title='bbox 725 5289 812 5339; x_wconf 91' lang='lat' dir='ltr'>est</span> <span class='ocrx_word' id='word_1_824' title='bbox 831 5285 978 5356; x_wconf 89' lang='lat' dir='ltr'>quod</span> <span class='ocrx_word' id='word_1_825' title='bbox 997 5287 1178 5342; x_wconf 89' lang='lat' dir='ltr'>sancti</span> <span class='ocrx_word' id='word_1_826' title='bbox 1198 5287 1322 5354; x_wconf 89' lang='lat' dir='ltr'>viri,</span> <span class='ocrx_word' id='word_1_827' title='bbox 1345 5287 1564 5360; x_wconf 89' lang='lat' dir='ltr'>qucties</span> <span class='ocrx_word' id='word_1_828' title='bbox 1585 5287 1656 5342; x_wconf 90' lang='lat' dir='ltr'>de</span> <span class='ocrx_word' id='word_1_829' title='bbox 1669 5304 1731 5353; x_wconf 82' lang='lat' dir='ltr'>se</span> <span class='ocrx_word' id='word_1_830' title='bbox 1750 5287 1848 5342; x_wconf 88' lang='lat' dir='ltr'>ali-</span> 
     </span>
    </p>
   </div>
   <div class='ocr_carea' id='block_1_101' title="bbox 254 5371 1848 5446">
    <p class='ocr_par' dir='ltr' id='par_1_101' title="bbox 254 5371 1848 5446">
     <span class='ocr_line' id='line_1_101' title="bbox 254 5371 1848 5446; baseline 0.001 -18"><span class='ocrx_word' id='word_1_831' title='bbox 254 5371 375 5440; x_wconf 80' lang='lat' dir='ltr'>quid</span> <span class='ocrx_word' id='word_1_832' title='bbox 402 5371 788 5446; x_wconf 85' lang='lat' dir='ltr'>sequentibus</span> <span class='ocrx_word' id='word_1_833' title='bbox 815 5373 1189 5442; x_wconf 86' lang='lat' dir='ltr'>innotescunt,</span> <span class='ocrx_word' id='word_1_834' title='bbox 1213 5392 1430 5432; x_wconf 89' lang='lat' dir='ltr'>morem</span> <span class='ocrx_word' id='word_1_835' title='bbox 1459 5376 1546 5432; x_wconf 90' lang='lat' dir='ltr'>sui</span> <span class='ocrx_word' id='word_1_836' title='bbox 1567 5375 1848 5432; x_wconf 88' lang='lat' dir='ltr'>Creatoris</span> 
     </span>
    </p>
   </div>
   <div class='ocr_carea' id='block_1_102' title="bbox 255 5457 1849 5538">
    <p class='ocr_par' dir='ltr' id='par_1_102' title="bbox 255 5457 1849 5538">
     <span class='ocr_line' id='line_1_102' title="bbox 255 5457 1849 5538; baseline 0.004 -26"><span class='ocrx_word' id='word_1_837' title='bbox 583 5461 735 5516; x_wconf 88' lang='lat' dir='ltr'>Nam</span> <span class='ocrx_word' id='word_1_838' title='bbox 747 5462 915 5528; x_wconf 86' lang='lat' dir='ltr'>Deus,</span> <span class='ocrx_word' id='word_1_839' title='bbox 929 5463 1026 5535; x_wconf 88' lang='lat' dir='ltr'>qui</span> <span class='ocrx_word' id='word_1_840' title='bbox 1036 5480 1137 5519; x_wconf 88' lang='lat' dir='ltr'>nos</span> <span class='ocrx_word' id='word_1_841' title='bbox 1153 5465 1412 5536; x_wconf 88' lang='lat' dir='ltr'>prohibet</span> <span class='ocrx_word' id='word_1_842' title='bbox 1423 5483 1494 5520; x_wconf 88' lang='lat' dir='ltr'>ne</span> <span class='ocrx_word' id='word_1_843' title='bbox 1509 5464 1734 5538; x_wconf 87' lang='lat' dir='ltr'>proprio</span> <span class='ocrx_word' id='word_1_844' title='bbox 1752 5481 1849 5520; x_wconf 91' lang='lat' dir='ltr'>ore</span> 
     </span>
    </p>
   </div>
   <div class='ocr_carea' id='block_1_103' title="bbox 255 5546 1847 5624">
    <p class='ocr_par' dir='ltr' id='par_1_103' title="bbox 255 5546 1847 5624">
     <span class='ocr_line' id='line_1_103' title="bbox 255 5546 1847 5624; baseline 0.005 -25"><span class='ocrx_word' id='word_1_845' title='bbox 255 5546 571 5617; x_wconf 77' lang='lat' dir='ltr'>laudemur,</span> <span class='ocrx_word' id='word_1_846' title='bbox 583 5564 694 5622; x_wconf 86' lang='lat' dir='ltr'>per</span> <span class='ocrx_word' id='word_1_847' title='bbox 709 5550 1058 5624; x_wconf 81' lang='lat' dir='ltr'>Scripturam</span> <span class='ocrx_word' id='word_1_848' title='bbox 1073 5569 1290 5608; x_wconf 85' lang='lat' dir='ltr'>sacram</span> <span class='ocrx_word' id='word_1_849' title='bbox 1308 5555 1504 5608; x_wconf 82' lang='lat' dir='ltr'>laudes</span> <span class='ocrx_word' id='word_1_850' title='bbox 1521 5571 1654 5609; x_wconf 89' lang='lat' dir='ltr'>suas</span> <span class='ocrx_word' id='word_1_851' title='bbox 1665 5553 1847 5624; x_wconf 88' lang='lat' dir='ltr'>loqui-</span> 
     </span>
    </p>
   </div>
   <div class='ocr_carea' id='block_1_104' title="bbox 486 5650 956 5712">
    <p class='ocr_par' dir='ltr' id='par_1_104' title="bbox 486 5650 956 5712">
     <span class='ocr_line' id='line_1_104' title="bbox 486 5650 956 5712; baseline 0.006 -3"><span class='ocrx_word' id='word_1_852' title='bbox 486 5651 766 5711; x_wconf 78' lang='grc' dir='ltr'>ΡΑτιιοι.</span> <span class='ocrx_word' id='word_1_853' title='bbox 805 5650 956 5712; x_wconf 86' lang='lat' dir='ltr'>CXII</span> 
     </span>
    </p>
   </div>
   <div class='ocr_carea' id='block_1_105' title="bbox 1929 4663 3518 4736">
    <p class='ocr_par' dir='ltr' id='par_1_105' title="bbox 1929 4663 3518 4736">
     <span class='ocr_line' id='line_1_105' title="bbox 1929 4663 3518 4736; baseline -0.001 -14"><span class='ocrx_word' id='word_1_854' title='bbox 1929 4668 2114 4722; x_wconf 89' lang='lat' dir='ltr'>tollar.</span> <span class='ocrx_word' id='word_1_855' title='bbox 2136 4667 2291 4733; x_wconf 90' lang='lat' dir='ltr'>Ecce,</span> <span class='ocrx_word' id='word_1_856' title='bbox 2306 4667 2424 4736; x_wconf 87' lang='lat' dir='ltr'>jam</span> <span class='ocrx_word' id='word_1_857' title='bbox 2454 4681 2681 4736; x_wconf 90' lang='lat' dir='ltr'>possum</span> <span class='ocrx_word' id='word_1_858' title='bbox 2708 4663 2894 4718; x_wconf 89' lang='lat' dir='ltr'>dicere</span> <span class='ocrx_word' id='word_1_859' title='bbox 2913 4663 3090 4718; x_wconf 88' lang='lat' dir='ltr'>Paulo</span> <span class='ocrx_word' id='word_1_860' title='bbox 3121 4663 3410 4736; x_wconf 84' lang='lat' dir='ltr'>apostolo:</span> <span class='ocrx_word' id='word_1_861' title='bbox 3432 4665 3518 4721; x_wconf 87' lang='lat' dir='ltr'>Ne</span> 
     </span>
    </p>
   </div>
   <div class='ocr_carea' id='block_1_106' title="bbox 1931 4751 3520 4824">
    <p class='ocr_par' dir='ltr' id='par_1_106' title="bbox 1931 4751 3520 4824">
     <span class='ocr_line' id='line_1_106' title="bbox 1931 4751 3520 4824; baseline -0.001 -13"><span class='ocrx_word' id='word_1_862' title='bbox 1931 4755 2231 4821; x_wconf 86' lang='lat' dir='ltr'>extollaris,</span> <span class='ocrx_word' id='word_1_863' title='bbox 2248 4759 2438 4808; x_wconf 86' lang='lat' dir='ltr'>sancte</span> <span class='ocrx_word' id='word_1_864' title='bbox 2447 4753 2711 4824; x_wconf 81' lang='lat' dir='ltr'>Apostole</span> <span class='ocrx_word' id='word_1_865' title='bbox 2723 4752 2749 4804; x_wconf 85' lang='lat'><strong>?</strong></span> <span class='ocrx_word' id='word_1_866' title='bbox 2766 4751 2850 4806; x_wconf 91' lang='lat' dir='ltr'>Tu</span> <span class='ocrx_word' id='word_1_867' title='bbox 2859 4769 2932 4807; x_wconf 88' lang='lat' dir='ltr'>ne</span> <span class='ocrx_word' id='word_1_868' title='bbox 2942 4753 3084 4808; x_wconf 82' lang='lat' dir='ltr'>extol</span> <span class='ocrx_word' id='word_1_869' title='bbox 3091 4753 3224 4808; x_wconf 90' lang='lat' dir='ltr'>laris</span> <span class='ocrx_word' id='word_1_870' title='bbox 3237 4753 3421 4809; x_wconf 78' lang='lat' dir='ltr'>adhuc</span> <span class='ocrx_word' id='word_1_871' title='bbox 3432 4769 3520 4809; x_wconf 87' lang='lat' dir='ltr'>ca-</span> 
     </span>
    </p>
   </div>
   <div class='ocr_carea' id='block_1_107' title="bbox 1929 4839 3573 4907">
    <p class='ocr_par' dir='ltr' id='par_1_107' title="bbox 1929 4839 3573 4907">
     <span class='ocr_line' id='line_1_107' title="bbox 1929 4839 3573 4907; baseline 0.001 -10"><span class='ocrx_word' id='word_1_872' title='bbox 1929 4845 2172 4900; x_wconf 89' lang='lat' dir='ltr'>vendum</span> <span class='ocrx_word' id='word_1_873' title='bbox 2183 4844 2357 4898; x_wconf 76' lang='lat' dir='ltr'>est’ltu</span> <span class='ocrx_word' id='word_1_874' title='bbox 2369 4859 2438 4896; x_wconf 90' lang='lat' dir='ltr'>ne</span> <span class='ocrx_word' id='word_1_875' title='bbox 2449 4839 2733 4896; x_wconf 87' lang='lat' dir='ltr'>extollaris</span> <span class='ocrx_word' id='word_1_876' title='bbox 2743 4841 2926 4896; x_wconf 86' lang='lat' dir='ltr'>adhuc</span> <span class='ocrx_word' id='word_1_877' title='bbox 2934 4841 3250 4898; x_wconf 88' lang='lat' dir='ltr'>timendum</span> <span class='ocrx_word' id='word_1_878' title='bbox 3261 4841 3520 4907; x_wconf 70' lang='lat' dir='ltr'>estlQuid</span> <span class='ocrx_word' id='word_1_879' title='bbox 3568 4870 3573 4876; x_wconf 96' lang='lat'><strong><em>-</em></strong></span> 
     </span>
    </p>
   </div>
   <div class='ocr_carea' id='block_1_108' title="bbox 1929 4928 3518 5003">
    <p class='ocr_par' dir='ltr' id='par_1_108' title="bbox 1929 4928 3518 5003">
     <span class='ocr_line' id='line_1_108' title="bbox 1929 4928 3518 5003; baseline -0.003 -15"><span class='ocrx_word' id='word_1_880' title='bbox 1929 4933 2090 5000; x_wconf 90' lang='lat' dir='ltr'>mihi,</span> <span class='ocrx_word' id='word_1_881' title='bbox 2113 4931 2313 5003; x_wconf 89' lang='lat' dir='ltr'>inquit,</span> <span class='ocrx_word' id='word_1_882' title='bbox 2333 4930 2506 4985; x_wconf 85' lang='lat' dir='ltr'>dicis?</span> <span class='ocrx_word' id='word_1_883' title='bbox 2523 4931 2607 4985; x_wconf 89' lang='lat' dir='ltr'>Tu</span> <span class='ocrx_word' id='word_1_884' title='bbox 2627 4928 2760 4984; x_wconf 90' lang='lat' dir='ltr'>audi</span> <span class='ocrx_word' id='word_1_885' title='bbox 2789 4929 2924 5001; x_wconf 92' lang='lat' dir='ltr'>quid</span> <span class='ocrx_word' id='word_1_886' title='bbox 2955 4929 3084 4997; x_wconf 90' lang='lat' dir='ltr'>sim,</span> <span class='ocrx_word' id='word_1_887' title='bbox 3113 4936 3172 4986; x_wconf 90' lang='lat' dir='ltr'>et</span> <span class='ocrx_word' id='word_1_888' title='bbox 3198 4929 3312 4985; x_wconf 90' lang='lat' dir='ltr'>noli</span> <span class='ocrx_word' id='word_1_889' title='bbox 3338 4931 3518 4986; x_wconf 89' lang='lat' dir='ltr'>altum</span> 
     </span>
    </p>
   </div>
   <div class='ocr_carea' id='block_1_109' title="bbox 1929 5018 3516 5092">
    <p class='ocr_par' dir='ltr' id='par_1_109' title="bbox 1929 5018 3516 5092">
     <span class='ocr_line' id='line_1_109' title="bbox 1929 5018 3516 5092; baseline -0.002 -16"><span class='ocrx_word' id='word_1_890' title='bbox 1929 5037 2144 5092; x_wconf 88' lang='lat' dir='ltr'>sapere,</span> <span class='ocrx_word' id='word_1_891' title='bbox 2175 5019 2272 5074; x_wconf 91' lang='lat' dir='ltr'>sed</span> <span class='ocrx_word' id='word_1_892' title='bbox 2302 5018 2620 5074; x_wconf 87' lang='lat' dir='ltr'>time.Audi</span> <span class='ocrx_word' id='word_1_893' title='bbox 2635 5019 2914 5090; x_wconf 90' lang='lat' dir='ltr'>quomodo</span> <span class='ocrx_word' id='word_1_894' title='bbox 2931 5019 3113 5074; x_wconf 89' lang='lat' dir='ltr'>brevis</span> <span class='ocrx_word' id='word_1_895' title='bbox 3131 5035 3310 5091; x_wconf 87' lang='lat' dir='ltr'>agnus</span> <span class='ocrx_word' id='word_1_896' title='bbox 3339 5018 3516 5089; x_wconf 64' lang='lat' dir='ltr'>ingreo</span> 
     </span>
    </p>
   </div>
   <div class='ocr_carea' id='block_1_110' title="bbox 1927 5106 3515 5180">
    <p class='ocr_par' dir='ltr' id='par_1_110' title="bbox 1927 5106 3515 5180">
     <span class='ocr_line' id='line_1_110' title="bbox 1927 5106 3515 5180; baseline -0.003 -15"><span class='ocrx_word' id='word_1_897' title='bbox 1927 5110 2135 5176; x_wconf 88' lang='lat' dir='ltr'>diatur,</span> <span class='ocrx_word' id='word_1_898' title='bbox 2166 5107 2261 5163; x_wconf 91' lang='lat' dir='ltr'>ubi</span> <span class='ocrx_word' id='word_1_899' title='bbox 2277 5107 2424 5163; x_wconf 89' lang='lat' dir='ltr'>acies</span> <span class='ocrx_word' id='word_1_900' title='bbox 2445 5107 2525 5162; x_wconf 90' lang='lat' dir='ltr'>sic</span> <span class='ocrx_word' id='word_1_901' title='bbox 2534 5106 2903 5180; x_wconf 80' lang='lat' dir='ltr'>periclitatur.</span> <span class='ocrx_word' id='word_1_902' title='bbox 2919 5109 2983 5163; x_wconf 93' lang='lat' dir='ltr'>In</span> <span class='ocrx_word' id='word_1_903' title='bbox 3002 5107 3406 5178; x_wconf 87' lang='lat' dir='ltr'>magnitudine,</span> <span class='ocrx_word' id='word_1_904' title='bbox 3425 5107 3515 5162; x_wconf 90' lang='lat' dir='ltr'>in-</span> 
     </span>
    </p>
   </div>
   <div class='ocr_carea' id='block_1_111' title="bbox 1930 5195 3516 5270">
    <p class='ocr_par' dir='ltr' id='par_1_111' title="bbox 1930 5195 3516 5270">
     <span class='ocr_line' id='line_1_111' title="bbox 1930 5195 3516 5270; baseline -0.002 -17"><span class='ocrx_word' id='word_1_905' title='bbox 1930 5199 2072 5270; x_wconf 89' lang='lat' dir='ltr'>quit,</span> <span class='ocrx_word' id='word_1_906' title='bbox 2099 5195 2505 5252; x_wconf 88' lang='lat' dir='ltr'>revelationum</span> <span class='ocrx_word' id='word_1_907' title='bbox 2541 5213 2797 5252; x_wconf 86' lang='lat' dir='ltr'>mearum</span> <span class='ocrx_word' id='word_1_908' title='bbox 2833 5213 2906 5252; x_wconf 90' lang='lat' dir='ltr'>ne</span> <span class='ocrx_word' id='word_1_909' title='bbox 2941 5195 3210 5264; x_wconf 82' lang='lat' dir='ltr'>extollar;</span> <span class='ocrx_word' id='word_1_910' title='bbox 3241 5197 3405 5250; x_wconf 86' lang='lat' dir='ltr'>datus</span> <span class='ocrx_word' id='word_1_911' title='bbox 3439 5201 3516 5251; x_wconf 80' lang='lat' dir='ltr'>est</span> 
     </span>
    </p>
   </div>
   <div class='ocr_carea' id='block_1_112' title="bbox 1929 5283 3516 5355">
    <p class='ocr_par' dir='ltr' id='par_1_112' title="bbox 1929 5283 3516 5355">
     <span class='ocr_line' id='line_1_112' title="bbox 1929 5283 3516 5355; baseline -0.001 -13"><span class='ocrx_word' id='word_1_912' title='bbox 1929 5289 2076 5342; x_wconf 85' lang='lat' dir='ltr'>mihi</span> <span class='ocrx_word' id='word_1_913' title='bbox 2100 5289 2361 5342; x_wconf 88' lang='lat' dir='ltr'>stimulus</span> <span class='ocrx_word' id='word_1_914' title='bbox 2391 5289 2580 5340; x_wconf 84' lang='lat' dir='ltr'>carnis</span> <span class='ocrx_word' id='word_1_915' title='bbox 2610 5303 2738 5341; x_wconf 58' lang='lat' dir='ltr'>mea</span> <span class='ocrx_word' id='word_1_916' title='bbox 2775 5289 3006 5354; x_wconf 80' lang='lat' dir='ltr'>angelus</span> <span class='ocrx_word' id='word_1_917' title='bbox 3034 5283 3276 5352; x_wconf 58' lang='lat' dir='ltr'>Satanae,</span> <span class='ocrx_word' id='word_1_918' title='bbox 3307 5287 3408 5355; x_wconf 88' lang='lat' dir='ltr'>qui</span> <span class='ocrx_word' id='word_1_919' title='bbox 3432 5302 3516 5340; x_wconf 88' lang='lat' dir='ltr'>me</span> 
     </span>
    </p>
   </div>
   <div class='ocr_carea' id='block_1_113' title="bbox 1929 5372 3520 5447">
    <p class='ocr_par' dir='ltr' id='par_1_113' title="bbox 1929 5372 3520 5447">
     <span class='ocr_line' id='line_1_113' title="bbox 1929 5372 3520 5447; baseline -0.001 -16"><span class='ocrx_word' id='word_1_920' title='bbox 1929 5376 2243 5446; x_wconf 78' lang='lat' dir='ltr'>colaphizet.</span> <span class='ocrx_word' id='word_1_921' title='bbox 2267 5375 2505 5440; x_wconf 86' lang='lat' dir='ltr'>Qualem</span> <span class='ocrx_word' id='word_1_922' title='bbox 2523 5381 2804 5430; x_wconf 88' lang='lat' dir='ltr'>tumorem</span> <span class='ocrx_word' id='word_1_923' title='bbox 2821 5372 3033 5442; x_wconf 89' lang='lat' dir='ltr'>timuit,</span> <span class='ocrx_word' id='word_1_924' title='bbox 3051 5372 3148 5447; x_wconf 90' lang='lat' dir='ltr'>qui</span> <span class='ocrx_word' id='word_1_925' title='bbox 3170 5372 3520 5430; x_wconf 82' lang='lat' dir='ltr'>mordacissi-</span> 
     </span>
    </p>
   </div>
   <div class='ocr_carea' id='block_1_114' title="bbox 1931 5461 3614 5535">
    <p class='ocr_par' dir='ltr' id='par_1_114' title="bbox 1931 5461 3614 5535">
     <span class='ocr_line' id='line_1_114' title="bbox 1931 5461 3614 5535; baseline -0.001 -17"><span class='ocrx_word' id='word_1_926' title='bbox 1931 5480 2088 5519; x_wconf 91' lang='lat' dir='ltr'>mum</span> <span class='ocrx_word' id='word_1_927' title='bbox 2117 5463 2404 5535; x_wconf 85' lang='lat' dir='ltr'>epithema</span> <span class='ocrx_word' id='word_1_928' title='bbox 2429 5463 2681 5534; x_wconf 89' lang='lat' dir='ltr'>accepit?</span> <span class='ocrx_word' id='word_1_929' title='bbox 2719 5464 2847 5517; x_wconf 86' lang='lat' dir='ltr'>Jam</span> <span class='ocrx_word' id='word_1_930' title='bbox 2885 5478 3020 5534; x_wconf 90' lang='lat' dir='ltr'>ergo</span> <span class='ocrx_word' id='word_1_931' title='bbox 3055 5462 3223 5518; x_wconf 89' lang='lat' dir='ltr'>modo</span> <span class='ocrx_word' id='word_1_932' title='bbox 3257 5461 3347 5518; x_wconf 89' lang='lat' dir='ltr'>dic</span> <span class='ocrx_word' id='word_1_933' title='bbox 3386 5461 3520 5535; x_wconf 87' lang='lat' dir='ltr'>quia</span> <span class='ocrx_word' id='word_1_934' title='bbox 3597 5481 3614 5491; x_wconf 56' lang='grc' dir='ltr'><em>ί</em></span> 
     </span>
    </p>
   </div>
   <div class='ocr_carea' id='block_1_115' title="bbox 1930 5549 3520 5623">
    <p class='ocr_par' dir='ltr' id='par_1_115' title="bbox 1930 5549 3520 5623">
     <span class='ocr_line' id='line_1_115' title="bbox 1930 5549 3520 5623; baseline -0.002 -15"><span class='ocrx_word' id='word_1_935' title='bbox 1930 5558 2094 5608; x_wconf 87' lang='lat' dir='ltr'>tanta</span> <span class='ocrx_word' id='word_1_936' title='bbox 2119 5557 2242 5607; x_wconf 88' lang='lat' dir='ltr'>erat</span> <span class='ocrx_word' id='word_1_937' title='bbox 2265 5551 2324 5606; x_wconf 87' lang='lat' dir='ltr'>in</span> <span class='ocrx_word' id='word_1_938' title='bbox 2353 5551 2460 5606; x_wconf 86' lang='lat' dir='ltr'>isto</span> <span class='ocrx_word' id='word_1_939' title='bbox 2485 5550 2728 5623; x_wconf 86' lang='lat' dir='ltr'>justitia,</span> <span class='ocrx_word' id='word_1_940' title='bbox 2747 5556 2958 5622; x_wconf 80' lang='lat' dir='ltr'>quanta</span> <span class='ocrx_word' id='word_1_941' title='bbox 2986 5551 3150 5606; x_wconf 87' lang='lat' dir='ltr'>estin</span> <span class='ocrx_word' id='word_1_942' title='bbox 3164 5549 3380 5623; x_wconf 85' lang='lat' dir='ltr'>angelis</span> <span class='ocrx_word' id='word_1_943' title='bbox 3397 5566 3520 5606; x_wconf 87' lang='lat' dir='ltr'>san-</span> 
     </span>
    </p>
   </div>
  </div>
