3966 6168
403 247 468 302 23
479 249 507 303 ὃ

1011 254 1069 306 ll.
1115 247 1392 307 RABANI'
1423 243 1650 307 MAURI
1690 247 2004 308 ARCHIEP
2043 255 2363 311 MOGUNT.
2408 249 2708 314 OPERUM.
2743 247 2924 310 PARS
2963 255 3062 310 ῙΙΙ.

3566 243 3670 312 ⁵236

405 370 525 428 etis.
546 371 630 428 An
653 368 792 429 forte
810 383 865 428 et
888 373 1118 444 angelus
1147 375 1204 428 in
1233 373 1370 430 cmlo
1401 379 1643 442 sanctus,
1669 393 1737 429 ne
1760 378 1989 430 extolla-
2006 380 2188 448 chus
2221 375 2296 448 (II
2335 383 2470 434 Tim.
2505 384 2582 446 ιι),
2618 387 2673 432 et
2703 395 2897 432 eorum
2922 379 3015 450 qui
3041 377 3179 450 petit
3200 379 3414 452 accipit.
3439 371 3548 436 Sed
3565 380 3666 435 ad-

405 469 514 527 tur,
548 463 750 534 accipit
777 458 1064 516 stimulum
1093 461 1352 533 angelum
1383 465 1621 530 Satanae,
1653 481 1688 518 a
1715 481 1824 536 quo
1843 464 1990 518 cola-

402 549 696 622 phizetur?
713 541 871 604 Absit
894 551 996 604 hoc
1016 550 1084 604 de
1103 551 1310 605 sanctis
1329 551 1542 622 angelis
1562 553 1851 624 suspicari.
1876 552 1991 606 llo-

403 637 581 694 mines
595 637 1092 712 sumus,apostolos
1103 645 1324 695 sanctos
1335 641 1591 695 homines
1603 659 1988 711 agnoscamus;

401 745 529 782 vasa
550 726 746 795 electa,
775 726 874 782 sed
902 726 1083 782 adhuc
1111 727 1360 799 fragilia;
1395 721 1577 784 adhuc
1606 731 1665 784 in
1693 725 1797 783 hac
1825 747 1992 784 carne

400 810 841 887 peregrinantes,
877 813 1128 871 nondum
1182 813 1240 871 in
1300 819 1510 872 caelesti
1569 817 1752 889 patria
1785 818 1988 872 trium-

399 894 652 974 phantes.
702 900 902 974 (ὄνου.)
947 903 1236 960 Percussio
1277 906 1388 960 alia
1441 909 1526 960 est
1574 925 1685 978 qua.
1733 909 1990 979 peccator

397 993 726 1064 percutitur,
744 1000 808 1048 ut
835 995 956 1050 sine
986 995 1386 1049 retractatione
1416 995 1700 1066 puniatur.
1715 992 1860 1059 Alia,
1881 1011 1992 1066 qua

395 1088 652 1152 peccator
689 1083 1020 1154 percutitur,
1065 1090 1129 1137 ut
1163 1084 1494 1153 corrigatur.
1529 1079 1672 1138 Alia.
1707 1101 1818 1154 qua
1848 1100 1988 1136 non-

394 1181 683 1242 nunquam
713 1170 950 1242 quisque
978 1171 1310 1242 percutitur,
1346 1189 1455 1225 non
1487 1175 1552 1246 ut
1570 1171 1853 1243 praeterita.
1871 1187 1988 1224 cor-

394 1259 558 1330 rigat,
582 1255 681 1312 sed
713 1275 781 1312 ne
808 1263 1044 1313 ventura
1075 1260 1408 1314 committat.
1429 1253 1555 1312 Alia
1575 1275 1675 1331 per
1694 1277 1860 1330 quam
1887 1273 1986 1313 nec

389 1345 673 1417 praeterita
699 1345 864 1420 culpa
890 1344 1208 1417 corrigitur,
1245 1365 1344 1401 nec
1383 1345 1573 1402 futura
1611 1342 1938 1418 prohibetur
1970 1367 1980 1399 :

391 1427 487 1489 sed
510 1443 591 1504 ut,
615 1435 751 1490 dum
780 1435 1071 1508 inopinata
1099 1435 1250 1490 salus
1275 1438 1688 1508 percussionem
1709 1437 1981 1508 sequitur,

389 1523 656 1580 salvantis
678 1515 856 1578 virtus
880 1520 1103 1596 cognita
1133 1524 1422 1579 ardentius
1450 1531 1673 1580 ametur
1699 1544 1711 1592 ;
1745 1533 1984 1596 cumque

2075 467 2182 520 huc
2204 469 2270 520 de
2291 469 2554 538 Apostoib
2574 467 2869 537 scrupulus
2899 473 3091 521 restat.
3110 467 3396 540 Numquid
3417 467 3535 540 ipse
3553 481 3665 523 non

2075 563 2197 609 erat
2225 556 2372 624 inter
2400 573 2494 608 eos
2533 555 2625 626 qui
2667 560 2800 609 sunt
2840 555 2981 625 ejus,
3016 553 3109 633 qui
3149 557 3292 609 hanc
3330 555 3664 611 sententiain

2075 641 2213 698 dixit
2238 663 2247 696 :
2276 637 2432 697 Novit
2456 646 2722 698 Dominus
2743 646 2842 712 qui
2859 649 2993 697 sunt
3015 644 3166 712 ejus?
3187 645 3332 715 Ergo
3353 651 3548 700 omnes
3568 643 3664 718 qui

2075 738 2207 785 sunt
2226 733 2348 802 ejus
2368 737 2568 802 petunt
2585 739 2641 785 et
2661 731 2956 801 accipiunt.
2981 731 3090 786 Sed
3109 731 3432 802 quaerimus,
3452 733 3584 804 quid
3599 741 3668 788 ea

2074 821 2278 890 quippe
2307 835 2430 890 quae
2457 826 2686 890 propter
2703 821 2868 874 istam
2893 819 3060 874 vitam
3080 819 3448 892 temporalem
3463 827 3664 892 petun-

2071 915 2183 970 tur,
2203 909 2503 979 aliquando
2523 914 2776 979 prosunt,
2795 907 3095 978 aliquando
3118 907 3340 976 obsunt,
3363 915 3420 964 et
3443 907 3666 981 quando

2073 1013 2139 1051 ea
2157 997 2262 1051 scit
2301 997 2449 1050 Deus
2489 997 2704 1063 obesse,
2736 1009 2847 1050 non
2887 1010 2956 1050 ea
2995 987 3093 1051 dat
3133 995 3578 1054 desiderantibus
3609 1000 3666 1054 et

2074 1078 2390 1154 petentibus
2419 1085 2556 1151 suis,
2576 1085 2854 1156 quomodo
2885 1097 2986 1139 nec
3003 1083 3252 1140 medicus
3265 1082 3364 1140 dat
3393 1087 3661 1158 quidquid

2069 1185 2216 1243 aeger
2244 1171 2484 1244 petierit,
2520 1179 2574 1226 et
2608 1171 2849 1227 amando
2879 1181 3066 1243 negat,
3100 1170 3249 1245 quod
3279 1183 3391 1228 non
3419 1173 3662 1230 amando

2069 1261 2414 1314 concederet.
2439 1255 2679 1314 Exaudit
2707 1267 2840 1330 erige
2885 1275 3078 1315 omnes
3118 1274 3250 1316 suos
3293 1262 3363 1316 ad
3394 1267 3660 1318 aeternam

2069 1349 2306 1402 salutem
2334 1367 2344 1401 :
2371 1364 2481 1402 non
2505 1363 2699 1403 omnes
2720 1349 2946 1402 exaudit
2973 1350 3043 1403 ad
3071 1351 3438 1421 temporalem
3452 1349 3662 1423 cupidi-

2067 1443 2242 1490 tatem
2279 1455 2288 1488 :
2325 1439 2382 1491 et
2410 1435 2534 1491 ideo
2564 1449 2676 1492 non
2707 1437 2934 1491 exaudit
2960 1435 3032 1492 ad
3063 1439 3186 1504 hoc,
3215 1445 3280 1493 ut
3301 1439 3562 1493 exaudiat
3588 1430 3660 1494 ad

2069 1523 2222 1579 illud.
2255 1523 2504 1596 Denique
2533 1525 2705 1579 etiam
2733 1525 2856 1595 ipsa
2895 1525 3064 1578 verba
3089 1525 3400 1593 considera,
3435 1527 3658 1598 quando

388 1613 648 1668 innoxius
678 1603 899 1684 ﬂagello
919 1613 1199 1679 atteritur,
1219 1621 1276 1668 et
1292 1631 1392 1685 per
1411 1611 1742 1685 patientiam
1762 1627 1988 1669 summa
2035 1684 2038 1685 ν
2068 1627 2180 1667 non
2200 1613 2432 1684 accepit,
2449 1619 2678 1685 propter
2691 1613 2839 1685 quod
2853 1611 3154 1668 Dominum
3173 1614 3408 1685 rogavit,
3425 1616 3506 1669 ait
3524 1615 3604 1669 illi
3641 1634 3652 1667 :

389 1695 727 1757 cumulatur.
743 1699 1060 1772 Aliquando
1082 1684 1340 1772 peccator
1361 1684 1674 1778 percutitur
1691 1703 1754 1756 ut
1772 1700 1981 1772 absque
2000 1684 2047 1746 Β
2065 1697 2284 1769 Sit/ﬁcit
2300 1704 2402 1755 tibi
2413 1684 2600 1770 gratia
2613 1684 2748 1765 mea,
2772 1708 2907 1756 nam
2919 1703 3099 1755 virtus
3114 1703 3176 1756 in
3195 1684 3524 1770 inﬁrmitate
3537 1715 3658 1772 pcr-

389 1788 786 1845 retractatione
799 1787 1088 1860 puniatur,
1109 1781 1254 1844 sicut
1265 1789 1529 1860 periturae
1539 1785 1742 1844 Iudaeae
1753 1786 1974 1846 dicitur:

387 1881 557 1948 Plaga
585 1873 814 1932 inimici
837 1879 1086 1948 percussi
1115 1883 1181 1944 te,
1215 1879 1569 1946 castigatione
1601 1881 1813 1933 crudeli
1843 1882 1974 1940 (lor.

387 1969 522 2034 xxx)
549 1985 561 2034 ;
595 1972 653 2020 et
680 1978 902 2021 rurstlm
935 1981 950 2018 :‘
984 1966 1128 2034 Quid
1150 1967 1354 2020 (lamas
1381 1965 1455 2020 ad
1475 1985 1555 2020 me
1576 1984 1739 2035 super
1767 1971 1974 2020 contri-

388 2059 532 2109 lianc
545 2061 677 2109 tua?
699 2052 1036 2109 Insanabilis‘
1057 2059 1130 2108 cst
1149 2053 1304 2107 dolor
1325 2053 1453 2108 tuus
1477 2055 1681 2124 (Ibit).
1707 2054 1782 2109 Ut
1808 2053 1976 2109 Corri-

381 2151 550 2214 gatur
589 2150 783 2198 autem
819 2141 1118 2213 aliquando
1156 2148 1415 2214 peccator
1443 2143 1772 2214 percutitur,
1804 2147 1868 2198 ut
1896 2145 1976 2198 ait

382 2233 440 2288 in
462 2225 762 2303 Evangelia
785 2249 796 2284 :
822 2229 949 2285 Ecce
970 2247 1140 2284 sanus
1169 2231 1346 2298 factus
1377 2249 1446 2296 es,
1469 2235 1590 2299 jam
1617 2235 1734 2285 noli
1759 2249 1974 2300 peccare

387 2313 566 2385 (Joan.
605 2323 681 2390 v).
713 2317 897 2373 Verba
923 2319 1076 2374 enim
1101 2320 1368 2374 salvantis
1394 2317 1662 2384 indicant,
1687 2320 1820 2390 quia
1849 2337 1978 2392 pec-

381 2413 507 2463 cata
537 2402 910 2480 precedentla
937 2405 1114 2460 habiti
1145 2407 1255 2460 vim
1288 2405 1494 2460 doloris
1517 2407 1831 2478 exigebant.
1865 2406 1979 2462 Ali-

381 2493 604 2566 quando
635 2485 871 2566 quisque
903 2513 1014 2548 non
1049 2511 1150 2566 pne
1180 2493 1461 2566 praeterita
1492 2497 1652 2566 culpa
1683 2495 1969 2562 diluenda,

379 2579 476 2640 sed
493 2601 596 2656 pro
614 2585 805 2637 futura
825 2583 1054 2637 vitanda
1071 2583 1410 2654 percutitur;
1437 2581 1584 2653 quod
1607 2591 1798 2654 aperte
1824 2587 1970 2639 Pau-

378 2674 464 2728 lus
495 2667 563 2726 de
589 2669 890 2741 semetipso
917 2669 1052 2724 dicit
1085 2689 1096 2722 :
1133 2669 1208 2724 Nc
1226 2673 1550 2737 magnitudo
1575 2676 1971 2727 re-vclationum

377 2764 598 2824 εῳιοιιαι
626 2751 868 2813 me.Non
887 2757 970 2812 ait
990 2757 1222 2822 extollit,
1249 2751 1350 2811 sed
1375 2776 1442 2811 ne
1465 2759 1720 2824 extollat;
1748 2765 1875 2831 apte
1891 2761 1971 2814 i‘n-

377 2844 528 2903 dicat
545 2843 694 2922 quod
715 2847 1072 2920 percussione
1091 2841 1208 2912 illa,
1223 2863 1296 2900 ne
1317 2847 1555 2911 eveniat,
1573 2847 1964 2918 compescitur,

377 2953 488 2992 non
517 2953 640 3010 quia
661 2935 847 2990 evenit
885 2933 1051 3006 culpa
1079 2937 1370 3006 purgatur.
1393 2933 1811 3006 Nonnunquam
1840 2953 1969 2991 vero

2061 1791 2267 1855 ﬁcitur.
2287 1787 2435 1854 Quid
2456 1802 2490 1842 a
2503 1798 2595 1842 me
2610 1786 2883 1842 disideras
2898 1793 2964 1843 ut
2985 1783 3273 1844 auferatur
3301 1799 3334 1843 a
3363 1795 3421 1844 te
3461 1787 3656 1844 stimu-

2063 1877 2147 1930 lus
2175 1877 2377 1942 carnis,
2403 1885 2568 1948 quem
2591 1875 2868 1948 accepisti,
2903 1891 2974 1931 ne
2999 1877 3058 1931 in
3077 1877 3194 1932 tuis
3223 1878 3656 1934 revelationibus

2061 1957 2380 2018 extollaris?
2423 1965 2629 2036 Utique
2662 1969 2959 2036 propterea
3001 1967 3108 2020 hoc
3151 1967 3353 2036 poscis,
3390 1965 3522 2038 quia
3553 1962 3657 2022 tibi

2061 2053 2321 2122 prodesse
2351 2054 2561 2112 nescis;
2595 2051 2757 2107 crede
2777 2054 2993 2108 medico
3025 2071 3036 2107 :
3065 2051 3214 2124 quod
3241 2053 3511 2125 imposuit
3529 2063 3658 2109 acre

2058 2143 2160 2201 est,
2179 2137 2276 2194 sed
2295 2141 2433 2195 utile
2459 2159 2470 2194 :
2495 2139 2627 2195 facit
2649 2139 2919 2204 dolorem,
2951 2143 3048 2196 sed
3069 2143 3312 2213 parturit
3331 2143 3650 2196 sanitatem.

2075 2231 2249 2282 Virtus
2261 2233 2322 2282 i‘n
2339 2229 3188 2298 inﬂrmitatcperﬂcitar.Toiera
3199 2229 3656 2286 eniminﬁrmita-

2060 2325 2193 2384 teni,
2213 2318 2260 2370 si
2291 2317 2576 2371 desideras
2605 2319 2933 2385 sanitatem;
2965 2315 3146 2373 tolera
3174 2319 3582 2386 inﬁrmitatem,
3605 2320 3654 2373 si

2059 2403 2344 2459 desideras
2389 2405 2819 2475 perfectionem:
2851 2407 2982 2478 quia
3013 2407 3190 2462 virtus
3226 2407 3283 2461 in
3323 2407 3652 2462 inﬁrmitate

2058 2493 2360 2564 perficitur.
2385 2493 2584 2563 (Grcg.)
2609 2495 2748 2548 Ecce
2767 2490 2907 2549 dum
2937 2496 3195 2566 passione
3222 2493 3411 2566 aliqua
3423 2496 3509 2550 vel
3535 2511 3653 2550 mo-

2057 2582 2218 2636 lestia
2245 2582 2431 2636 carnis
2459 2581 2754 2649 efﬁcimur,
2772 2585 2916 2638 scire
2927 2583 3165 2638 fortasse
3187 2585 3432 2638 occultas
3451 2591 3650 2638 causas

2055 2669 2306 2740 ejusdem
2337 2669 2613 2740 passionis
2640 2671 2725 2724 vel
2753 2671 3024 2726 molestiae
3059 2677 3340 2742 optamus,
3371 2677 3650 2743 quatenus

2053 2759 2110 2811 in
2137 2772 2202 2812 eo
2231 2758 2381 2829 quod
2409 2759 2676 2830 patimur,
2709 2771 2774 2812 ex
2797 2759 2920 2829 ipsa
2936 2770 3130 2814 rerum
3141 2759 3378 2814 scientia
3404 2759 3650 2814 console-

2053 2858 2198 2900 mur.
2230 2843 2341 2901 Sed
2371 2847 2504 2917 quia
2531 2847 2600 2901 de
2629 2843 2963 2918 specialibus
2996 2845 3402 2903 mutationibus
3440 2847 3648 2903 nostris

2053 2945 2406 3006 nequaquam
2423 2933 2582 2990 nobis
2593 2933 2830 3005 singulis
2843 2935 3159 3006 Specialiter
3167 2931 3558 3007 respondetur,
3574 2932 3649 2990 ad

376 3025 611 3096 quisque
632 3031 732 3078 nec
743 3040 844 3095 pro
860 3021 1350 3094 prazteritamcque
1365 3039 1464 3093 pro
1476 3023 1664 3076 futura
1673 3023 1968 3094 iniquitate
1987 3035 2032 3098 ο
2051 3021 2400 3095 Scripturam
2433 3035 2652 3078 sacram
2675 3024 3036 3084 recurrimus,
3053 3024 3130 3078 ibi
3151 3022 3407 3078 videlicet
3426 3025 3643 3079 inveni-

373 3113 704 3184 percutitur,
737 3111 832 3166 sed
871 3117 935 3166 ut
969 3112 1088 3165 sola
1135 3111 1334 3165 divinae
1372 3111 1594 3165 virtutis
1623 3113 1875 3184 potentia
1905 3126 1968 3168 ex

373 3206 664 3274 amputata
672 3200 1030 3272 percussione
1049 3194 1716 3255 monstretur.Undecum
1729 3201 1968 3256 Domino

373 3291 432 3344 in
454 3280 755 3361 Evangelio
783 3282 854 3342 de
877 3305 1018 3342 caeco
1037 3293 1170 3341 nato
1199 3286 1404 3340 dicitur
1426 3305 1436 3339 :
1462 3289 1562 3342 Hic
1591 3291 1846 3356 peccavit,
1868 3295 1967 3344 aul

369 3383 620 3446 parentes
643 3379 781 3447 ejus,
797 3377 858 3431 ut
881 3393 1045 3430 cacus
1076 3375 1428 3428 nasceretur?
1459 3375 1745 3445 respondit
1772 3377 1966 3431 Domi-

372 3483 477 3520 nus
505 3464 726 3521 dicens:
747 3459 924 3534 Neque
951 3467 1039 3518 hic
1064 3465 1320 3532 peccaril,
1357 3481 1525 3534 nequc
1549 3467 1800 3532 parentes
1829 3470 1960 3533 ejus,

369 3546 460 3609 sed
485 3559 546 3608 ut
567 3553 1000 3622 mam'feslcniur
1029 3568 1188 3620 opera
1220 3551 1317 3606 Dei
1339 3555 1399 3604 in
1431 3555 1528 3604 illo
1551 3551 1735 3620 (Joan.
1773 3557 1867 3622 ix).
1901 3553 1964 3608 In

369 3660 481 3714 qua
511 3638 961 3696 manifestatione
992 3634 1124 3712 quid
1153 3634 1359 3710 agitur,
1393 3640 1499 3694 nisi
1544 3647 1607 3695 ut
1644 3654 1707 3696 ex
1742 3631 1962 3712 flagello

370 3727 697 3786 meritorum
726 3727 904 3784 virtus
933 3733 1238 3800 augeatur;
1273 3734 1330 3782 et
1357 3745 1484 3784 cum
1507 3729 1662 3783 nulla
1679 3731 1964 3802 praeterita

365 3818 636 3894 iniquitas
646 3819 906 3888 tergitur,
924 3835 1128 3889 magna
1145 3817 1214 3870 de
1229 3817 1499 3888 patientia
1519 3814 1786 3872 fortitudo
1797 3833 1962 3890 gene-

368 3902 558 3963 retur?
576 3907 800 3976 Proplcr
813 3907 957 3974 quod
971 3909 1050 3958 tor
1065 3907 1363 3959 Dominum
1393 3909 1582 3972 rogavi
1601 3912 1663 3960 ut
1677 3905 1966 3961 dis-crderet

363 4014 397 4049 a
410 4001 564 4061 me,“
576 3993 719 4048 dixit
730 3991 1114 4060 mihi:Sufﬁcit
1127 3991 1420 4060 tibigralia
1435 4005 1702 4055 mmmam
1717 3997 1892 4048 virtus
1907 3999 1965 4049 in

2053 3125 2178 3166 mus
2209 3112 2356 3183 quod
2380 3108 2587 3166 Paulus
2619 3111 2802 3166 Carnis
2837 3109 3168 3166 infirmitate
3203 3113 3456 3168 tentatus
3483 3110 3647 3167 audi-

2049 3199 2129 3254 vit
2146 3218 2156 3260 :_
2174 3198 2392 3267 Sufﬁcit
2418 3201 2520 3254 tibi
2535 3205 2725 3268 gratia
2739 3213 2875 3268 mea,
2894 3215 3023 3254 nam.
3039 3204 3216 3254 virtus
3233 3201 3300 3255 in
3315 3203 3649 3267 inﬁrmitate

2049 3289 2369 3356 perﬁcitur:
2405 3289 2550 3359 quod
2571 3286 2775 3342 idcirco
2791 3285 2870 3342 illi
2883 3287 2940 3342 in
2961 3286 3291 3343 infirmitate
3313 3289 3538 3360 proprie
3565 3287 3646 3342 di-

2050 3379 2202 3430 ctum
2231 3383 2335 3440 est,
2369 3391 2440 3430 ne
2467 3374 2754 3447 sigillatim
2779 3375 2942 3430 nobis
2967 3376 3226 3432 omnibus
3246 3377 3544 3432 diceretur.
3575 3373 3645 3432 in

2051 3466 2338 3537 Scriptura
2365 3465 2538 3536 igitur
2561 3479 2723 3519 sacra
2739 3476 2931 3519 vocem
2946 3465 3047 3520 Dei
3059 3463 3268 3520 affiij
3288 3461 3462 3520 Paulo
3481 3463 3644 3520 audit-

2049 3553 2250 3616 vimus,
2299 3567 2368 3607 ne
2401 3566 2527 3608 cum
2554 3552 2795 3607 ibrtasse
2833 3553 3158 3623 amigimur,
3197 3553 3404 3623 singuli
3445 3553 3643 3608 audire

2048 3654 2173 3696 eam
2215 3642 2432 3713 privata
2471 3641 2848 3696 consolatione
2897 3647 3295 3713 quaereremus.
3339 3641 3467 3696 Noli
3505 3647 3642 3712 ergo

2047 3731 2318 3784 Dominus
2359 3731 2431 3784 ad
2475 3729 2665 3784 omnia
2705 3726 2868 3784 nobis
2913 3727 3086 3784 verba
3143 3729 3450 3802 respondit,
3508 3729 3642 3800 quia

2044 3817 2217 3872 semel
2252 3817 2518 3890 loquitur,
2549 3823 2605 3872 et
2628 3817 2873 3872 secundo
2911 3817 3159 3888 idipsum
3189 3833 3300 3872 non
3327 3818 3552 3888 repetit,
3579 3817 3638 3871 id

2049 3911 2151 3971 est,
2183 3907 2241 3959 in
2281 3906 2368 3959 his
2411 3920 2532 3976 quae
2569 3920 2670 3976 per
2706 3905 3052 3976 Scripturam
3081 3914 3296 3960 sacram
3336 3903 3409 3959 ad
3451 3896 3641 3976 patres

2048 4001 2267 4048 nostros
2284 3993 2536 4065 protulit,
2555 4009 2657 4049 nos
2687 3991 2910 4048 erudire
2939 3993 3170 4048 curavit.
3201 3993 3448 4048 Libenter
3461 3995 3644 4068 igitur

369 4080 1014 4150 inﬁi'niz'tatepci‘ﬁci'tur.
1036 4079 1200 4141 (Amb
1222 4079 1768 4148 )Stimulusdiaboli,
1791 4093 1959 4152 quem
2044 4085 2325 4150 gloriabor
2355 4085 2416 4136 in
2445 4083 2872 4149 inﬁrmitatibus
2893 4086 3043 4148 meis,
3073 4087 3137 4136 ut
3161 4081 3435 4136 inhabitet
3463 4083 3526 4134 in
3552 4087 3644 4136 tne

368 4161 578 4242 perfide
589 4163 1154 4224 mentibusinseritad
1168 4167 1482 4220 nocendum
1493 4163 1591 4222 Dei
1604 4170 1959 4236 servis,insti-
2041 4175 2220 4224 virtus
2241 4167 2467 4225 Christi.
2503 4169 2742 4240 (Anier
2772 4169 3045 4241 Apertum
3079 4177 3168 4224 est
3193 4170 3328 4240 quia
3356 4171 3495 4224 tunc
3522 4169 3643 4240 glo-

365 4276 506 4330 gans
524 4263 589 4315 ut
605 4262 890 4312 cessarent
909 4247 980 4310 ab
997 4271 1084 4323 eo,
1100 4259 1187 4309 ter
1200 4253 1504 4308 Dominum
1517 4254 1877 4328 deprecatum
1899 4273 1956 4311 se
2040 4256 2302 4312 riandum
2333 4257 2512 4324 docet,
2546 4255 2770 4330 quando
2797 4257 3019 4328 injuriis
3045 4255 3462 4312 humiliantur-.11
3477 4251 3644 4312 Οὶπὶι

365 4344 1082 4418 fuisse,etnonimpetrasse
1094 4343 1350 4398 testatur:
1367 4359 1479 4398 non
1492 4343 1622 4414 quia
1633 4337 2020 4416 despectum!)
2039 4353 2126 4400 sto
2157 4334 2347 4402 autem
2376 4347 2554 4402 virtus
2579 4347 2856 4402 tolerandi
2888 4345 3188 4418 praebetur,
3221 4349 3284 4400 ut
3311 4345 3446 4416 quia
3479 4345 3640 4416 prius

366 4455 426 4492 se
445 4433 601 4504 dicit,
623 4431 720 4492 sed
743 4434 874 4508 quia
895 4432 1104 4488 inscius
1119 4438 1315 4486 contra
1339 4449 1396 4486 se
1419 4426 1670 4504 petebat,"
1682 4437 1746 4488 ut
1773 4450 1956 4488 cessa-
2039 4448 2250 4506 aspera:
2279 4449 2344 4489 ac
2375 4451 2476 4508 per
2517 4437 2622 4490 hoc
2646 4433 2997 4490 fastidienda;
3027 4435 3247 4504 injuria:
3282 4433 3636 4499 videbantur,

365 4531 494 4583 rent
519 4523 590 4580 ab
619 4542 686 4579 eo
702 4521 1062 4588 tentationes,
1086 4539 1187 4595 per
1205 4537 1344 4593 quas
1365 4516 1659 4592 perfectior
1685 4536 1745 4576 se
1765 4521 1952 4578 ﬁebat.
2041 4528 2234 4595 postea
2261 4521 2504 4580 libenter
2529 4521 2916 4596 suscipiendae,
2940 4530 3006 4578 ut
3025 4520 3236 4577 Christi
3259 4521 3465 4576 auxilio
3491 4522 3638 4576 leni-

365 4612 496 4670 Ideo
543 4609 615 4668 ad
648 4607 932 4667 Romanos
966 4609 1103 4666 dicit
1143 4629 1154 4664 :
1200 4611 1343 4666 Nam
1373 4607 1530 4678 “quid
1564 4621 1779 4664 ore-mus
1818 4615 1958 4666 sicut
2042 4615 2256 4668 rentur.
2275 4611 2681 4684 Libenterergo
2696 4606 2832 4668 caedi
2843 4625 2905 4666 se
2921 4607 3076 4679 dicit,
3089 4611 3396 4666 dummodo
3414 4619 3452 4664 a
3469 4609 3638 4666 Cliti-'-

367 4701 569 4772 oportel
589 4702 862 4756 nescimus
889 4693 1058 4768 (Rom.
1085 4703 1218 4768 vni).
1237 4692 1399 4754 Unde
1429 4699 1534 4752 hoc
1563 4697 1698 4754 dicit
1732 4697 1836 4754 sibi
1865 4713 1955 4756 re-

364 4805 651 4863 sponsum,
675 4791 738 4842 ut
763 4787 1018 4842 sufficere
1045 4786 1149 4841 sibi
1175 4785 1362 4859 gratia
1389 4785 1510 4850 Dei,
1544 4798 1655 4859 qua
1687 4794 1787 4842 aut
1811 4789 1956 4844 vires

2039 4704 2126 4755 sto
2157 4703 2402 4768 curetur,
2439 4701 2664 4756 sciendo
2690 4699 2816 4773 plus
2835 4698 3044 4756 addere
3069 4697 3406 4756 medicinam
3423 4693 3638 4756 Chi-isti

2037 4783 2108 4844 ad
2137 4787 2374 4844 salutem
2409 4801 2579 4862 quam
2606 4789 2906 4844 inﬁrmitas
2941 4783 3190 4844 detrahit
3216 4787 3466 4842 sanitati.
3494 4786 3636 4842 Prod-

363 4871 642 4934 tolerandi
671 4867 1038 4941 addebantur,
1069 4881 1167 4929 aut
1202 4879 1426 4948 tempus
1454 4883 1726 4948 pressurae
1755 4869 1954 4932 abbre-
2031 4881 2154 4947 pter
2188 4879 2332 4947 quod
2367 4879 2547 4946 placeo
2581 4877 2726 4932 mihi
2763 4881 2826 4932 in
2861 4873 3310 4946 inﬁrmitatibus,
3343 4879 3407 4929 in
3445 4876 3637 4929 contu-

364 4949 638 5032 vi'abatur,
655 4965 720 5020 ut
749 4961 986 5028 devotio,
1013 4961 1147 5017 dum
1175 4963 1502 5018 inﬁrmitate
1525 4973 1796 5034 pressurae
1815 4965 1956 5019 acci-

362 5057 546 5112 dentis
571 5071 682 5110 non
707 5051 1002 5124 frangitur,
1036 5051 1271 5123 probata
1300 5051 1571 5106 videatur.
1595 5054 1778 5121 (.-1ug.)
1804 5054 1955 5108 Inve-

363 5145 550 5200 nimus
571 5139 749 5199 malos
769 5141 974 5216 petisse
993 5146 1050 5195 et
1069 5139 1366 5211 accepisse,
1389 5146 1445 5195 et
1462 5140 1637 5196 bonos
1667 5141 1872 5211 petisse
1899 5145 1955 5197 et

361 5251 474 5288 non
501 5232 798 5304 acdepisse.
829 5229 974 5295 Quid
1003 5230 1152 5284 enim
1183 5229 1342 5300 pejus
1371 5227 1754 5284 daemonibus?
1781 5237 1838 5284 et
1865 5233 1952 5285 ta-

362 5338 491 5375 men
529 5335 726 5391 porcos
765 5317 1048 5390 petierunt
1093 5321 1149 5370 et
1186 5323 1536 5388 acceperunt,
1573 5321 1625 5371 et
1672 5319 1954 5374 invenitur

361 5411 510 5464 Deus
531 5424 641 5462 non
661 5405 856 5460 fecisse
877 5403 1216 5460 desiderium
1237 5405 1639 5460 daemoniorum
1659 5409 1848 5472 (Marc.
1871 5412 1946 5476 v).

363 5489 506 5562 Quid
537 5510 668 5566 ergo
689 5495 943 5556 dicimus,
961 5497 1075 5548 nisi
1095 5499 1225 5563 quia
1252 5495 1398 5547 nocil
1417 5497 1678 5548 Dominus
1698 5499 1797 5564 qui
1817 5511 1879 5551 su
1889 5501 1950 5551 nt

2038 4970 2232 5031 maliis,
2251 4969 2312 5020 in
2335 4965 2757 5031 necessitatibus,
2777 4969 2840 5022 in
2857 4965 3343 5034 persecutioni‘bus,
3371 4965 3435 5018 in
3451 4973 3636 5031 angu-

2035 5057 2174 5122 sliis,
2205 5067 2305 5124 pro
2338 5055 2567 5110 Christo.
2603 5050 2742 5110 Cum
2778 5057 2929 5109 enim
2963 5057 3244 5122 inﬁrmer,
3279 5054 3412 5106 tunc
3441 5053 3634 5121 pateas

2035 5161 2178 5196 sum.
2211 5142 2422 5198 Verum
2453 5145 2540 5197 est
2566 5143 2700 5214 quia
2723 5147 2858 5198 tunc
2889 5141 3059 5196 vincit
3095 5140 3466 5204 Christianus,

2037 5231 2268 5302 perdere
2293 5237 2526 5302 putatur
2555 5251 2568 5284 :
2599 5237 2658 5286 et
2683 5231 2870 5303 perdit
2883 5235 3021 5285 tunc
3040 5228 3298 5302 perﬁdia,
3319 5238 3452 5282 cum
3473 5240 3534 5281 se
3550 5226 3633 5280 Vi-

2035 5319 2175 5373 cisse
2215 5321 2555 5390 gratulatur.
2593 5311 2816 5374 Plaudit
2858 5332 2992 5389 ergo
3034 5331 3163 5373 cum
3189 5315 3273 5371 illi
3299 5317 3626 5381 innitatur,

2035 5415 2090 5462 et
2117 5409 2300 5479 surgit
2328 5423 2453 5464 cum
2482 5407 2777 5480 premitur.
2809 5407 3008 5480 (Casa)
3043 5405 3274 5478 Egestas
3309 5411 3533 5476 quoque
3561 5415 3632 5458 ac

2033 5497 2446 5568 persecutiones
2471 5503 2527 5552 et
2547 5497 2784 5567 injuriae,
2808 5511 2932 5568 qua:
2955 5496 3114 5551 male:
3133 5509 3255 5550 esse
3279 5493 3454 5550 totius
3473 5493 3628 5564 vulgi
