3966 6168
416 191 517 246 239

1007 196 1065 246 B.
1111 195 1378 256 RABANI
1419 197 1649 251 MAURI
1688 198 2022 253 ARCHIEP.
2065 195 2388 251 MOGUNT.
2431 194 2728 248 OPERUM
2765 194 2948 249 PARS
2987 173 3130 249 ΙΙΙ..

3577 194 3678 248 ⁵240

415 319 549 390 quid
569 320 628 376 hi
656 328 998 382 mereantur,
1025 321 1120 391 qui
1149 321 1294 374 tanti
1330 323 1568 392 apostoli
1599 325 2004 394 providentiam
2023 330 2065 384 A
2083 325 2322 394 guendis
2345 323 2494 376 vitiis
2518 339 2630 376 non
2653 321 2888 375 inclinat
2913 339 2922 372 :
2949 319 3070 372 sine
3092 317 3261 371 dubio
3283 318 3434 371 enim
3457 318 3683 388 prodest

412 409 796 479 neglexerunt.
828 411 938 478 Ego
965 416 1150 463 autem
1195 411 1554 465 libentissime
1589 416 1924 480 impendam,
1959 419 2008 467 et

409 513 574 568 super
593 498 886 568 impendar
911 512 1012 566 pro
1039 499 1338 551 animabus
1374 503 1583 556 vestris.
1623 501 1784 555 Nunc
1814 508 2006 573 aperte

411 586 671 640 affectum
715 591 774 640 et
817 585 1171 652 charitatem,
1223 603 1392 658 quam
1439 589 1588 642 circa
1617 607 1712 644 eos
1767 591 2007 645 habebat

408 673 671 741 ostendit,
702 672 926 746 quando
953 690 1067 728 non
1098 675 1280 730 solum
1301 692 1405 730 sua
1433 694 1533 746 pro
1569 679 1649 731 eis
1679 679 2004 750 impendere

406 767 666 834 paratum
692 777 754 817 se
781 761 936 830 dicit,
984 769 1043 816 et
1083 765 1416 835 propensius
1445 766 1789 848 impendere,
1813 769 1910 822 sed
1949 775 2006 822 et

405 852 652 924 seipsum
692 867 794 924 pro
842 851 1026 907 salute
1071 852 1389 908 animarum
1418 871 1616 909 eorum
1637 856 1807 910 etiam
1837 858 2000 923 mori,

403 940 550 995 sicut
565 945 625 995 et
650 940 939 1013 apostolus
968 941 1214 996 Joannes
1243 941 1380 996 dicit
1402 961 1413 996 :
1449 943 1596 1006 Quia
1615 945 1868 1016 exemplo
1887 946 2006 1000 Sal-

403 1027 612 1085 vatoris
637 1045 740 1102 pro
767 1028 1054 1095 fratribus,
1079 1029 1280 1101 inquit,
1313 1031 1486 1085 etiam
1521 1033 1740 1087 animas
1783 1038 2005 1088 nostras

402 1115 670 1172 debemus
695 1133 923 1190 ponere.
952 1119 1096 1174 Licet
1109 1123 1238 1188 plus
1265 1137 1356 1174 vos
1384 1123 1638 1188 diligens,
1665 1126 1854 1176 minus
1865 1125 2000 1177 dili-

400 1223 524 1276 gar.
549 1206 820 1263 Provocat
837 1223 932 1262 eos
953 1207 1024 1262 ad
1057 1223 1326 1274 amorem,
1359 1209 1493 1279 quia
1519 1211 1626 1280 ipsi
1678 1212 1802 1281 plus
1839 1212 2000 1266 illum

401 1294 672 1352 deberent
689 1295 944 1368 diligere,
964 1297 1204 1351 maxime
1223 1313 1326 1369 per
1335 1315 1502 1369 quem
1523 1299 1841 1354 didicerunt
1853 1300 1999 1354 viam

401 1385 616 1451 salutis,
649 1401 753 1458 per
779 1401 948 1456 quem
979 1385 1238 1456 acquisiti
1267 1391 1400 1441 sunt
1429 1387 1563 1452 Deo,
1585 1405 1649 1442 ex
1673 1388 1999 1442 inﬁdisfacti

401 1473 615 1541 ﬁdeles,
645 1480 704 1529 et
733 1490 801 1529 ex
831 1474 1229 1530 contaminatis
1257 1475 1556 1546 puriﬁcati.
1599 1479 1704 1533 Sed
1749 1484 1874 1543 esto,
1909 1495 2000 1546 ego

399 1578 492 1618 vos
513 1578 628 1618 non
652 1567 906 1632 gravavi;
931 1565 1022 1618 sed
1040 1580 1166 1619 cum
1186 1580 1350 1619 essem
1372 1567 1738 1632 astutus,dolo
1756 1583 1844 1621 ros
1862 1571 1994 1636 cepi.

2092 413 2140 466 ei
2164 413 2259 484 qui
2298 411 2600 482 corripitur
2635 416 2700 465 ut
2727 409 3076 466 emendetur,
3107 407 3154 460 si
3177 407 3505 477 praepositus
3556 407 3678 460 ideo

2089 501 2279 555 oblata
2309 501 2532 565 refutet,
2559 505 2624 553 ut
2652 499 2824 553 libere
2853 503 3073 567 arguat.
3097 497 3275 550 Timeo
3292 499 3442 548 enim
3465 497 3677 562 nefortr

2091 607 2216 644 cum.
2248 605 2458 652 venero,
2486 605 2596 641 non
2627 591 2811 656 quales
2827 589 2943 640 volo
2971 587 3256 639 inveniam
3277 601 3384 638 vos.
3405 585 3676 648 Quoniam

2088 695 2201 732 non
2232 694 2424 732 omnes
2455 677 2636 730 adhuc
2667 693 2806 746 quos
2837 675 2894 728 in
2934 674 3116 745 prima
3163 673 3409 744 Epistola
3452 673 3680 744 corripit

2071 767 2524 840 ,emendaverant
2542 782 2620 831 se,
2644 765 2702 818 in
2725 764 2926 834 quibus
2941 763 3165 816 fuerant
3177 761 3325 816 vitiis
3335 761 3676 832 reprehensi,

2087 855 2212 910 ideo
2242 873 2370 909 cum
2409 854 2742 909 auctoritate
2762 853 2882 906 vult
2908 851 3082 905 videri
3113 851 3296 905 iturus
3342 850 3414 905 ad
3442 850 3586 914 illos,
3619 855 3682 903 ut

2086 945 2268 999 territi
2314 944 2687 1014 corrigantur,
2737 948 2802 996 ut
2848 941 2989 995 tales
3039 940 3164 994 illos
3190 939 3456 1004 inveniat,
3488 939 3680 1011 quales

2085 1033 2222 1087 vult.
2245 1034 2310 1086 Et
2337 1049 2428 1100 ego
2457 1035 2716 1086 inveniar
2743 1047 2779 1084 a
2801 1031 2964 1095 vobis,
2980 1032 3202 1098 qualem
3232 1045 3344 1082 non
3359 1031 3548 1083 vultis.
3565 1029 3680 1082 Hoc

2085 1122 2239 1187 dicit,
2272 1127 2336 1175 ut
2373 1121 2516 1175 tales
2554 1137 2613 1174 se
2669 1118 2976 1191 praebeant,
3023 1124 3086 1172 ut
3115 1117 3410 1172 conveniat
3442 1117 3524 1171 eis
3553 1133 3681 1171 cum

2082 1211 2369 1282 Apostolo,
2412 1215 2476 1264 ut
2504 1209 2741 1262 invicem
2792 1207 3184 1278 congaudeant
3208 1206 3314 1261 sibi
3345 1225 3356 1260 :
3390 1205 3484 1260 ille
3529 1205 3678 1259 enim

2083 1300 2296 1354 invenit
2323 1299 2567 1369 aliquem
2589 1298 2814 1370 qualem
2843 1313 2958 1351 non
2977 1296 3114 1362 vult,
3141 1295 3235 1366 qui
3267 1312 3328 1350 se
3346 1295 3514 1349 talem
3549 1295 3685 1348 facit

2083 1394 2148 1442 ut
2175 1387 2455 1442 discordet
2485 1386 2554 1440 ab
2585 1387 2701 1440 illo.
2728 1386 2804 1440 Ne
2823 1388 2964 1453 forte
2982 1387 3264 1438 sintinter
3281 1400 3370 1438 vos
3390 1387 3684 1438 contentio-

2083 1493 2196 1543 nes,
2228 1479 2626 1540 mnulationes,
2658 1477 3058 1536 animositates,
3095 1474 3474 1538 dissensiones,
3504 1474 3683 1525 detra-

2083 1569 2301 1628 ctiones,
2342 1567 2774 1628 susurrationes,
2819 1565 3150 1633 inﬂationes,
3183 1563 3488 1614 seditiones.
3523 1561 3684 1614 Nunc

401 1649 604 1708 Omnia
631 1668 756 1724 que
792 1657 1022 1724 possent
1049 1669 1116 1708 ex
1145 1652 1377 1707 adverso
1409 1655 1644 1726 proponi
1685 1671 1796 1708 non
1827 1658 1995 1721 tacet,
2012 1641 2060 1701 Β
2084 1671 2304 1708 errores
2326 1652 2620 1716 memorat,
2656 1669 2796 1722 quos
2823 1651 2882 1705 in
2913 1651 3201 1722 superiore
3223 1649 3470 1721 Epistola
3497 1666 3683 1721 repre-

402 1745 468 1795 ut
494 1757 557 1796 se
584 1746 786 1812 purget
814 1759 916 1813 per
935 1741 1158 1808 omnia;
1201 1742 1336 1813 quia
1356 1742 1497 1797 nihil
1526 1759 1628 1814 per
1653 1744 2000 1798 circumven-

401 1830 613 1886 tionem
633 1830 751 1901 egit
767 1829 918 1902 apud
947 1847 1062 1895 eos,
1095 1829 1193 1884 sed
1212 1830 1271 1885 in
1298 1831 1676 1903 simplicitate,
1695 1834 1867 1887 semel
1896 1833 2000 1887 sibi

401 1918 764 1992 prospiciens,
795 1920 885 1974 his
911 1919 1120 1992 duplici
1148 1935 1393 1990 genere;
1445 1926 1510 1975 ut
1536 1926 1594 1975 et
1633 1923 1782 1993 apud
1821 1923 2000 1976 Deum

401 2005 708 2080 providerit
732 2007 833 2075 eis,
857 2014 916 2062 et
942 2007 1034 2062 hic
1054 2024 1286 2064 censum
1306 2007 1532 2064 illorum
1552 2027 1666 2064 non
1685 1993 1961 2082 quareret
1983 2031 1994 2064 :

289 2099 294 2102 ’
400 2095 507 2151 sibi
523 2102 716 2152 autem
741 2097 848 2152 hoc
864 2097 1122 2152 sufﬁcere
1147 2097 1294 2169 quod
1334 2114 1368 2152 a
1405 2098 1521 2153 Deo
1549 2100 1886 2170 promissum
1915 2107 2000 2154 est
2028 2172 2032 2176 η

400 2185 458 2240 in
477 2184 750 2242 futurum.
766 2186 933 2241 Forte
945 2186 1098 2241 enim
1119 2186 1674 2258 suspioarenturideo
1691 2189 1852 2242 illum
1870 2206 1998 2244 con-

401 2274 713 2348 tempsisse,
738 2275 872 2347 quia
898 2291 1070 2348 parva
1115 2282 1280 2330 erant
1315 2293 1440 2348 qua:
1486 2277 1886 2344 offerebantur,
1935 2283 2001 2332 ut

401 2365 1194 2436 majoraconsequerentur;ut
1202 2365 1653 2438 circumspiciens
1664 2367 1867 2421 merita
1875 2384 1996 2440 sua,

404 2468 517 2506 non
545 2453 842 2524 pecuniam
885 2453 1177 2520 refutaret,
1209 2453 1308 2508 sed
1357 2471 1656 2509 numerum
1706 2455 2000 2526 indignum

403 2539 510 2596 sibi
546 2540 830 2596 mstimans
867 2548 1272 2596 contemneret.
1315 2543 1589 2612 Nunquid
1617 2559 1716 2612 per
1757 2547 2000 2612 aliquem

405 2631 658 2696 illorum,
705 2645 838 2698 quos
885 2633 1018 2684 misi
1059 2631 1133 2684 ad
1173 2646 1284 2692 vos,
1331 2634 1674 2685 circumveni
1715 2639 1838 2688 vos?
1887 2633 2005 2686 Hoc

406 2722 510 2784 est,
531 2717 681 2789 quod
709 2717 865 2784 dicit,
889 2719 1023 2789 quia
1041 2734 1180 2790 quos
1197 2718 1368 2784 misit,
1395 2735 1508 2774 non
1521 2718 1630 2774 illis
1651 2721 1754 2774 hoc
1773 2721 1999 2775 intima-

404 2811 560 2876 runt,
593 2810 658 2863 ut
675 2805 724 2861 si
751 2806 978 2873 vellent,
1014 2813 1277 2879 pacatum
1305 2805 1513 2862 habere
1532 2810 1881 2880 Apostolum,
1913 2809 2001 2864 di-

402 2911 575 2966 gnam
627 2895 1003 2968 quantitatem
1058 2913 1310 2968 persona:
1363 2896 1514 2952 illius
1553 2899 1838 2964 offerrent,
1871 2900 2004 2972 quia

2081 1743 2297 1808 hendit,
2330 1741 2552 1814 quando
2573 1741 2826 1812 personis
2849 1740 3162 1794 deferentes
3184 1744 3241 1792 et
3259 1740 3500 1794 alterum
3516 1738 3680 1792 alteri

2082 1838 2470 1903 praeponentes
2500 1829 2844 1884 dissidebant
2856 1830 2928 1883 ad
2946 1829 3200 1884 invicem.
3217 1829 3294 1884 Ne
3316 1833 3540 1892 iterum,
3554 1844 3680 1882 cum

2081 1936 2295 1986 venero,
2311 1922 2383 1974 hu
2393 1923 2472 1974 mi
2475 1923 2492 1974 ι
2499 1923 2566 1973 iet
2580 1936 2664 1973 me
2676 1921 2816 1972 Deus
2827 1920 2978 1988 apud
2989 1924 3151 1981 vos,et
3165 1921 3382 1985 lugeam
3395 1921 3596 1971 multos
3618 1933 3683 1969 er

2084 2011 2170 2064 his
2199 2013 2300 2079 qui
2318 2015 2446 2063 ante
2453 2014 2835 2078 peccaverunt,
2851 2013 2899 2062 et
2924 2024 3036 2061 non
3054 2012 3282 2075 egerunt
3299 2009 3685 2076 penitentiam.

2081 2115 2246 2168 super
2287 2099 2654 2152 i-mmunditia
2700 2103 2750 2150 et
2785 2099 3172 2164 fornicatione,
3219 2101 3268 2148 et
3305 2095 3680 2163 impudicitia,

2081 2203 2248 2256 quam
2263 2193 2564 2256 gesserunt.
2585 2187 2703 2240 Hoc
2716 2191 3024 2257 praemonet
3045 2191 3110 2238 ut
3118 2201 3232 2239 non
3247 2185 3372 2238 illos
3381 2184 3524 2238 tales
3536 2181 3686 2237 inve-

2083 2276 2221 2340 niat,
2240 2276 2433 2346 quales
2446 2275 2654 2329 dudum
2673 2275 3111 2339 invenerat,cum
3133 2273 3282 2328 vitiis
3301 2272 3533 2328 diversis
3548 2288 3686 2342 ope-

2085 2381 2210 2418 rum
2241 2364 2682 2429 immundorum,
2713 2363 2800 2417 vel
2827 2363 3007 2433 magis
3037 2363 3348 2426 nominum,
3375 2361 3507 2432 quia
3519 2377 3686 2414 omne

2083 2470 2224 2524 opus
2243 2453 2362 2508 sine
2383 2453 2617 2507 crimine
2639 2457 2741 2517 est,
2761 2451 2858 2506 sed
2879 2451 3308 2506 inordinationis
3330 2467 3533 2504 nomen
3553 2449 3688 2503 facit

2083 2543 2294 2596 crimen
2313 2561 2323 2595 :
2340 2547 2475 2596 tunc
2497 2543 2646 2596 enim
2676 2547 2762 2595 est
2789 2540 3068 2606 illicitum,
3100 2557 3228 2594 cum
3248 2541 3414 2594 aliter
3428 2540 3493 2592 ﬁt
3507 2555 3680 2610 quam

2087 2647 2414 2686 concessum
2446 2638 2548 2685 est.
2585 2630 2702 2684 Illis
2730 2647 2863 2701 ergo
2893 2628 3272 2702 peccantibus,
3307 2645 3367 2682 se
3395 2627 3687 2682 humiliari

2085 2720 2238 2786 dicit,
2274 2721 2404 2790 quia
2429 2719 2642 2790 incipit,
2677 2725 2741 2773 ut
2777 2719 2903 2791 pius
2932 2724 3110 2790 pater,
3152 2723 3379 2790 peccata
3437 2717 3687 2771 ﬁliorum

2084 2809 2310 2864 deﬂere.
2327 2809 2464 2873 Quis
2483 2809 2633 2862 enim
2652 2813 2814 2879 pater
2830 2824 2942 2862 non
2962 2806 3358 2878 gaudeatbene
3387 2804 3688 2876 agentibus

2084 2898 2217 2952 ﬁliis
2234 2898 2258 2951 ?
2275 2899 2421 2952 sicut
2445 2899 2652 2952 iterum
2684 2913 2921 2974 necesse.
2945 2902 3030 2950 est
3049 2897 3258 2966 lugeat,
3281 2896 3328 2950 si
3357 2911 3525 2968 prave
3555 2911 3684 2948 ver-

405 2983 533 3040 ideo
549 2983 834 3066 noluisset
859 2985 1132 3057 accipere,
1165 2985 1300 3057 quia
1328 2985 1516 3041 minus
1554 3003 1724 3058 quam
1769 2987 2003 3060 dignum
2020 3007 2062 3066 ρ
2084 2991 2298 3040 sentur.
2326 2987 2457 3040 Ideo
2481 2986 2762 3051 admonet,
2796 2991 2860 3039 ut
2887 2985 2935 3038 si
2966 2985 3062 3056 qui
3084 2985 3494 3055 praeteritarum
3511 2983 3686 3036 forni-

407 3079 531 3128 erat
549 3065 895 3130 'oﬂ'erebatur
916 3093 928 3129 :
955 3074 1102 3146 quod
1123 3075 1496 3147 compositum
1523 3077 1776 3148 Apostoli
1795 3079 2006 3132 astutia

404 3161 805 3234 intelligerent,
820 3169 886 3218 ut
906 3163 1056 3236 quod
1069 3163 1204 3234 egit,
1228 3179 1342 3218 non
1355 3179 1458 3236 per
1471 3170 1874 3236 contemptum,
1905 3167 2002 3222 sed

405 3267 506 3322 per
543 3251 839 3307 avaritiam
879 3253 1060 3323 egisse
1105 3252 1458 3324 probaretur.
1491 3255 1694 3322 Ragavi
1727 3257 1914 3309 Titum
1953 3261 2003 3310 et

405 3341 540 3394 misi
556 3355 683 3396 cum
708 3343 807 3396 illo
835 3343 1106 3410 fratrem;
1127 3343 1388 3411 nunquid
1414 3343 1568 3396 Titus
1588 3359 1680 3401 vos
1701 3347 2004 3398 circumve-

408 3431 496 3483 nit
506 3433 534 3482 r
543 3443 728 3486 nonne
743 3430 924 3484 eodem
933 3431 1138 3499 spiritu
1153 3431 1563 3486 ambulavimus
1575 3436 1598 3484 ν
1615 3447 1797 3486 nonne
1807 3435 2005 3496 iisdem

405 3517 691 3588 uestigiis?
717 3519 992 3590 Apertum
1010 3523 1099 3573 est
1111 3518 1246 3590 quia
1264 3518 1488 3590 quando
1513 3517 1584 3574 ab
1613 3520 1701 3574 his
1729 3536 1870 3591 quos
1897 3519 2003 3575 mi-

405 3607 483 3661 sit
525 3605 668 3662 nihil
697 3607 811 3662 tale
849 3607 1084 3676 dictum,
1124 3613 1227 3662 aut
1253 3605 1462 3662 factum
1503 3614 1608 3674 est,
1659 3624 1774 3664 una
1807 3626 2003 3664 eorum

405 3695 688 3751 sententia
713 3695 988 3768 probatur
1007 3697 1067 3751 in
1089 3695 1256 3764 bono,
1291 3698 1516 3752 exclusa
1543 3697 1859 3769 suspicione
1877 3707 2004 3753 ave-'-

405 3784 570 3840 ritiaa.
585 3787 800 3842 Iterum
821 3789 1038 3855 putatis
1056 3787 1200 3855 quod
1226 3802 1542 3841 excusemus
1576 3803 1672 3841 nos
1695 3789 1848 3856 apud
1871 3804 1961 3841 ros
1975 3793 2000 3842 ?

408 3872 528 3928 Hoc
553 3877 658 3940 est,
691 3873 842 3944 quod
871 3873 1044 3934 dicit:
1082 3874 1230 3930 Olim
1259 3874 1331 3929 de
1359 3873 1520 3928 nobis
1540 3873 1830 3940 dubitatis,
1855 3875 2002 3930 arbi-

404 3963 623 4015 trantes
670 3960 808 4032 quia
851 3977 966 4016 non
1014 3960 1345 4033 simpliciter
1391 3978 1626 4034 agamus
1662 3962 1947 4018 vobiscum
1979 3982 1991 4018 :

407 4063 444 4103 a
458 4047 942 4121 pseudoapostolis
963 4049 1114 4104 enim
1128 4049 1575 4121 exagitabantur,
1600 4049 1734 4121 quia
1750 4052 1998 4108 volentes

404 4137 714 4210 depraedari
743 4153 858 4205 eos,
882 4137 1342 4208 tergiversatione
1360 4139 1466 4194 hoc
1487 4155 1653 4210 agere
1667 4141 1996 4212 Apostolum

405 4224 752 4283 asserebant.
767 4227 965 4282 Coram
991 4228 1094 4282 Deo
1121 4230 1186 4282 in
1219 4227 1433 4283 Christo
1463 4231 1767 4298 loquimur.
1793 4230 1996 4285 Omnia

2085 3075 2390 3137 cationum,
2423 3080 2522 3128 aut
2553 3075 2786 3138 alterius
2805 3073 3297 3130 immunditizewel
3317 3071 3686 3143 impudicitiae

2086 3180 2198 3218 non
2223 3168 2462 3234 egerunt
2485 3163 2894 3234 paenitentiam,
2913 3163 3058 3217 sicut
3069 3163 3297 3233 quidam
3308 3161 3682 3233 quassigniﬁ-

2085 3258 2178 3306 cat
2205 3269 2315 3307 non
2329 3252 2526 3322 egisse,
2543 3269 2691 3306 nunc
2702 3257 2951 3322 agerent,
2989 3258 3053 3306 ut
3071 3251 3300 3306 veniens
3309 3250 3430 3304 sine
3446 3249 3682 3304 tristitia

2087 3347 2235 3396 esset
2263 3359 2389 3396 cum
2419 3341 2518 3395 eis.
2545 3342 2684 3395 Cum
2705 3341 2855 3396 enim
2877 3340 3027 3404 dicit,
3050 3341 3116 3395 Et
3139 3343 3356 3408 lugeam
3385 3342 3587 3393 multos
3619 3355 3687 3392 ea"

2087 3431 2173 3485 his
2183 3434 2283 3500 qui
2296 3436 2425 3484 ante
2442 3435 2818 3498 peccaverunt,
2836 3435 2884 3483 et
2907 3446 3018 3484 non
3036 3435 3262 3499 egerunt
3273 3430 3679 3498 penitentiam,

2087 3518 2288 3591 probat
2302 3519 2575 3590 quosdam
2596 3536 2662 3572 ex
2683 3518 2772 3572 his
2784 3519 2963 3589 egisse
2981 3517 3390 3589 paenitentiam,
3407 3515 3684 3587 quosdam

2085 3623 2200 3662 non
2217 3608 2396 3677 egisse
2420 3626 2430 3660 :
2467 3607 2615 3677 quod
2645 3607 2954 3661 Novatiano
2989 3606 3284 3660 adversum
3307 3609 3410 3670 est,
3429 3605 3524 3676 qui
3543 3603 3689 3657 dicit

2083 3695 2449 3751 fornicatores
2476 3712 2586 3750 non
2599 3712 2760 3766 posse
2780 3711 3048 3767 peragere
3063 3694 3469 3766 paenitentiam,
3503 3697 3562 3746 et
3585 3709 3685 3746 re-

2085 3785 2195 3856 cipi
2223 3785 2282 3839 in
2313 3785 2785 3838 communionem.
2810 3785 2914 3838 Hic
2941 3783 3143 3855 probat
3160 3782 3458 3854 peregisse,
3493 3797 3557 3835 ac
3577 3798 3688 3852 per

2082 3873 2188 3928 hoc
2216 3879 2468 3944 receptos
2499 3890 2618 3927 esse
2649 3873 2708 3926 in
2747 3890 2882 3944 pace
2912 3873 3188 3934 Ecclesiae.
3219 3872 3357 3926 Tres
3393 3886 3528 3941 ergo
3561 3869 3684 3924 for-

2083 3979 2204 4017 mas
2234 3968 2590 4034 peccatorum
2621 3961 2839 4033 probat,
2875 3977 3003 4015 cum
3031 3960 3462 4014 fornicationem
3491 3965 3548 4012 et
3577 3957 3688 4010 im-

2079 4051 2428 4123 pudicitiam,
2461 4056 2520 4105 et
2545 4050 2964 4104 immunditiam
2991 4049 3263 4104 nominat.

2673 4192 2906 4249 CAPUT
2931 4193 3084 4248 XIII.

401 4322 608 4384 autem,
622 4315 956 4382 charissimi,
976 4321 1200 4386 propter
1213 4317 1646 4386 aediﬁcationem.
1684 4317 1895 4390 (Greg.)
1920 4319 1996 4374 Ex
2013 4325 2062 4386 1)
2090 4319 2368 4388 Vituperat
2396 4320 2680 4388 Apostolus
2699 4318 3031 4372 adhaerentes
3051 4317 3326 4386 prophetis
3338 4319 3514 4385 falsis,
3529 4333 3678 4390 coni-

403 4405 520 4462 Deo
547 4404 700 4461 enim
745 4420 936 4461 coram
980 4399 1098 4460 Deo
1127 4404 1397 4477 loquitur,
1438 4405 1535 4478 qui
1583 4405 1996 4478 praedicationis

402 4493 655 4561 verbum,
683 4499 743 4549 et
786 4493 936 4566 quod
965 4493 1170 4566 accipit
1212 4493 1495 4566 intelligit,
1527 4500 1586 4550 et
1631 4495 1850 4567 placere
1896 4512 1998 4568 per

401 4581 542 4638 illud
560 4582 698 4650 Deo,
718 4597 834 4637 non
852 4582 1172 4638 hominibus
1193 4584 1414 4656 quaerit,
1443 4583 1678 4639 audiant
1696 4584 1843 4656 quod
1863 4585 1997 4640 scri-

401 4676 562 4742 ptum
597 4677 680 4726 est
717 4689 730 4725 :
773 4671 1124 4728 Abominatio
1151 4675 1379 4729 Domini
1409 4679 1486 4728 est
1511 4677 1693 4729 omnis
1720 4689 1994 4743 arrogans

402 4761 580 4826 (Prov.
612 4763 751 4829 xvi),
769 4759 904 4832 quia
928 4760 1188 4817 videlicet
1211 4761 1348 4818 dum
1368 4762 1428 4816 in
1448 4760 1618 4816 verbo
1634 4761 1737 4816 Dei
1755 4761 1996 4832 gloriam

400 4847 685 4921 propriam
704 4848 906 4921 quierit
927 4849 1023 4921 jus
1061 4850 1249 4904 dantis
1289 4849 1520 4915 invadit,
1550 4865 1794 4920 eumque
1841 4850 1994 4905 laudi

396 4953 513 4993 suae
541 4943 877 5010 postponere
894 4953 1253 5010 nequaquam
1272 4937 1492 5004 metuit,
1511 4953 1666 5009 aquo
1681 4938 1786 4992 hoc
1806 4938 1991 5010 ipsum

395 5026 544 5098 quod
572 5027 766 5082 laudat
793 5027 1014 5099 accipit.
1050 5027 1288 5098 (Ambr.)
1328 5027 1418 5082 Sic
1445 5025 1571 5082 illos
1607 5026 1763 5099 cupit
1797 5043 1992 5082 verum

397 5121 454 5169 et
485 5112 627 5170 bene
665 5115 735 5170 de
773 5132 834 5171 se
861 5115 1090 5182 sentire,
1113 5120 1180 5170 ut
1197 5121 1256 5169 et
1283 5115 1499 5170 ratione
1519 5120 1576 5170 et
1597 5115 1991 5172 testiﬁcatione

394 5203 652 5258 satisillis
667 5203 854 5266 faciat,
870 5203 1004 5274 quia
1015 5219 1127 5258 non
1141 5208 1206 5258 ut
1226 5202 1332 5258 sibi
1355 5203 1532 5275 prosit
1555 5206 1726 5259 talem
1753 5221 1814 5260 se
1843 5221 1986 5277 prae-

393 5293 504 5359 bet,
535 5291 636 5347 sed
653 5297 720 5347 ut
745 5292 1172 5347 ludiﬁcationem
1193 5307 1386 5346 eorum
1408 5292 1694 5363 perﬁciat;
1716 5299 1782 5348 ut
1799 5294 1885 5348 vel
1903 5293 1984 5348 sic

390 5396 640 5435 amorem
671 5380 894 5435 illorum
925 5380 1073 5434 circa
1100 5396 1160 5434 se
1189 5386 1468 5450 provocet,
1499 5381 1636 5436 dum
1656 5397 1768 5436 non
1785 5389 1984 5453 gravat

387 5482 615 5524 censum
637 5467 880 5533 illorum,
913 5472 968 5521 et
998 5468 1388 5523 auctoritatem
1438 5469 1729 5540 potestatis
1787 5471 1842 5523 in
1885 5486 1977 5524 ar-

2149 4391 2458 4444 mcndando
2494 4394 2836 4458 persistentes
2867 4392 2932 4443 in
2967 4404 3098 4443 vera
3125 4390 3382 4442 doctrina
3412 4407 3430 4442 :
3469 4389 3568 4442 sub
3599 4391 3674 4454 [i—

2150 4477 2274 4514 nem
2297 4463 2532 4530 ponitur
2558 4463 2839 4537 salutatio.

2151 4585 2278 4638 Ecce
2315 4587 2474 4638 tertio
2516 4585 2610 4638 hoc
2646 4586 2803 4638 venio
2845 4584 2918 4637 ad
2960 4599 3067 4637 vos.
3116 4581 3356 4650 (Ambr.)
3400 4581 3682 4654 Superius

2077 4677 2454 4744 praeparatum
2493 4689 2556 4726 se
2583 4671 2741 4738 dixit,
2775 4688 2924 4726 nunc
2956 4672 3076 4742 jam
3115 4676 3435 4726 venturum.
3469 4673 3537 4726 In
3583 4687 3686 4724 ore

2078 4763 2321 4816 duorum
2351 4765 2435 4815 vel
2467 4764 2645 4815 trium
2677 4763 2897 4815 testium
2919 4762 3089 4815 stabit
3116 4777 3276 4815 omne
3294 4761 3538 4815 verbum.
3558 4759 3690 4826 Hpc

2079 4850 2388 4905 secundum
2407 4850 2590 4921 legem
2619 4849 2778 4916 dixit,
2802 4854 2868 4904 ut
2887 4849 3092 4920 aliquis
3109 4848 3346 4915 duobus,
3379 4853 3481 4903 aut
3491 4847 3686 4905 tribus

2074 4939 2330 5006 testibus,
2347 4944 2447 4993 aut
2459 4944 2752 5010 purgetur,
2771 4943 2872 4993 aut
2881 4939 3308 5004 condemnetur,
3322 4938 3403 4992 ita
3414 4942 3472 4991 et
3479 4937 3538 4991 hi
3555 4943 3688 4991 ter-

2075 5027 2156 5082 tio
2176 5028 2418 5082 adventu
2434 5027 2684 5098 Apostoli
2704 5032 2769 5082 ut
2786 5027 3011 5099 purgati
3042 5027 3401 5082 inveniantur
3418 5042 3681 5082 commo-

2073 5123 2189 5172 net.
2222 5119 2466 5172 Pra’dia'i
2499 5120 2648 5170 cnim
2684 5121 2732 5170 et
2759 5118 3018 5186 praedico,
3057 5121 3121 5170 ut
3155 5132 3394 5186 presens
3433 5116 3582 5168 vobis
3621 5122 3678 5170 et

2074 5221 2226 5261 nunc
2235 5206 2424 5260 absens
2449 5207 2624 5260 scribo
2635 5206 2722 5260 his
2736 5209 2836 5274 qui
2849 5211 2976 5260 ante
2987 5209 3364 5275 peccaverunt,
3386 5209 3436 5258 ct
3459 5208 3676 5258 ceteris

2067 5296 2344 5348 omnibus.
2365 5294 2638 5360 Quoniam
2653 5296 2704 5346 si
2711 5310 2905 5348 venero
2918 5297 3143 5359 iterum,
3159 5309 3270 5348 non
3283 5291 3674 5362 parcam.Pri-

2065 5381 2196 5436 dem
2215 5399 2274 5436 se
2303 5382 2586 5452 signiﬁcat
2611 5381 2817 5436 dixisse
2833 5387 3188 5454 praesentem,
3221 5387 3288 5436 ut
3311 5380 3671 5450 corrigerent

2063 5488 2140 5538 se,
2167 5487 2238 5524 ne
2267 5487 2392 5524 cum
2425 5470 2636 5540 pudore
2675 5470 3124 5541 corriperentur:
3179 5475 3236 5524 et
3275 5486 3422 5524 nunc
3452 5469 3670 5524 iterum
