4034 6162
366 309 450 367 241

767 281 1344 364 ΕΝᾹΒΒΑΤιοΝυΜ
1382 312 1459 364 IN
1498 311 1651 366 EPP.
1695 313 1908 367 PAULI

2023 315 2082 368 Β.
2126 316 2273 370 XIII.
2312 347 2377 358 —
2418 319 2495 372 IN
2535 318 2754 373 EPIST.
2799 317 2849 371 II
2887 318 2984 371 AD
3024 318 3193 377 COR.

3512 296 3615 375 2.52

360 434 627 489 absentem
656 448 717 486 se
757 432 955 486 eadem
974 434 1158 487 dicere
1186 441 1551 501 contestatur,
1586 442 1647 489 ut
1686 443 1813 507 post
1857 455 1940 490 se-
1955 441 2234 506 Anostra,
2268 444 2452 512 sagaci
2472 443 2805 497 discretione
2834 442 3130 508 discutere,
3156 442 3400 514 origines
3420 458 3612 499 earum

361 523 583 577 cundam
600 522 1013 593 correptionem
1032 523 1079 577 si
1107 541 1165 576 se
1187 540 1300 577 non
1318 524 1754 583 emendaverint.
1786 528 1937 596 parci

359 611 457 665 illis
484 627 589 665 non
619 610 839 665 debeat.
889 613 977 666 An
1022 616 1455 680 experimentum
1503 617 1751 682 quaeritis
1798 619 1930 685 ejus,

355 703 447 769 qui
470 703 529 753 in
560 716 642 753 me
669 703 921 767 loquitur
937 701 1229 755 Christus?
1259 700 1654 755 Probationem
1680 710 1937 773 quaerunt

355 787 548 842 Christi
574 788 856 858 loquentis
886 789 943 841 in
983 790 1267 859 Apostolo,
1303 790 1437 843 dum
1477 791 1766 861 praeceptis
1822 809 1933 845 non

352 877 622 943 obediunt,
666 878 915 931 volentes
946 877 1202 948 probare,
1239 878 1283 931 si
1325 879 1496 932 audet
1530 879 1829 945 vindicare,
1872 888 1936 935 ut

352 983 442 1036 per
459 966 511 1018 id
538 966 889 1035 intelligatur
909 984 1030 1020 esse
1046 967 1167 1020 ﬁdae
1183 968 1553 1032 auctoritatis,
1574 975 1635 1021 ut
1654 970 1722 1021 de
1734 975 1935 1024 caetero

349 1054 619 1107 timeatur.
646 1055 750 1118 Qui
765 1056 917 1108 enim
946 1056 1277 1126 magistrum
1295 1057 1621 1119 contemnit,
1644 1059 1932 1112 emendari

348 1162 399 1196 se
427 1144 640 1215 quaerit.
678 1145 861 1212 (Cass)
896 1145 1039 1199 Illud
1071 1162 1204 1198 sane
1226 1164 1340 1216 prie
1368 1147 1626 1200 omnibus
1651 1164 1812 1201 nosse
1834 1148 1932 1200 de-

350 1234 545 1297 bemus,
578 1234 691 1286 tria
720 1234 1121 1303 cogitationum
1143 1240 1463 1288 nostrarum
1485 1253 1605 1287 esse
1639 1236 1929 1307 principia,

347 1323 393 1375 id
420 1328 519 1388 est,
533 1338 601 1375 ex
625 1323 759 1387 Deo,
783 1329 843 1375 et
863 1322 1112 1376 diabolo.
1131 1328 1189 1376 et
1216 1342 1281 1376 ex
1312 1324 1486 1377 nobis.
1515 1326 1583 1378 Et
1600 1342 1662 1378 ex
1680 1325 1794 1379 Deo
1817 1326 1935 1395 qui-

344 1411 459 1465 dem
469 1417 757 1476 sunt,cum
768 1412 1010 1481 Spiritus
1023 1413 1199 1465 sancti
1214 1413 1429 1466 illustra
1436 1413 1584 1467 tione
1598 1430 1698 1468 nos
1710 1414 1931 1468 visitare

342 1501 613 1571 dignatur,
640 1500 862 1569 erigens
882 1518 985 1554 nos
1014 1502 1081 1554 ad
1113 1502 1495 1584 sublimiorem
1521 1502 1849 1573 profectum,
1876 1511 1933 1556 et

344 1591 392 1643 iu
435 1588 638 1659 quibus
685 1590 769 1642 vel
812 1590 998 1643 minus
1047 1590 1461 1660 acquisivimus,
1518 1592 1601 1644 vel
1652 1592 1927 1644 desidiose

339 1685 555 1748 agentes
575 1678 829 1749 superati
851 1696 1065 1735 sumus.
1100 1678 1473 1733 saluberrima
1500 1681 1926 1749 compunctione

2020 536 2077 581 et
2096 546 2277 584 causa:
2297 536 2557 585 auctores
2570 531 2831 603 primitus
2848 531 3202 600 indagantes,
3219 537 3284 587 ut
3303 532 3497 603 quales
3513 546 3616 588 nos

2020 617 2099 671 eis
2146 619 2393 689 praebere
2426 620 2750 686 debeamus,
2785 636 2851 673 ex
2889 619 3117 674 illorum
3163 621 3367 676 merito
3396 620 3491 692 qui
3521 637 3617 677 eas

2016 713 2327 776 suggerunt
2370 709 2724 764 considerare
2756 708 3055 780 possimus.
3095 710 3202 777 Qui
3230 713 3293 764 in
3326 710 3472 765 vobis
3504 725 3611 764 non

2018 798 2364 863 inﬁrmatur,
2391 800 2481 850 sed
2494 803 2681 866 potens
2702 803 2776 850 est
2803 800 2864 850 in
2895 798 3060 851 vobis.
3078 797 3287 866 (Amb.)
3310 798 3518 853 Potens
3532 806 3617 853 est

2016 883 2073 936 in
2104 884 2190 937 his
2221 885 2499 949 Christus,
2525 885 2658 956 quia
2688 885 2949 938 viderunt
2973 886 3034 940 in
3066 886 3293 941 nomine
3313 886 3439 956 ejus
3468 880 3613 942 mor-

2017 977 2144 1025 tuos
2167 974 2452 1037 excitatos,
2476 975 2755 1028 daemones
2784 974 3027 1043 fugatos,
3055 975 3392 1046 paralyticos
3411 990 3614 1031 conva-

2016 1061 2203 1125 luisse,
2229 1063 2427 1115 surdos
2444 1063 2685 1129 audisse,
2708 1062 2878 1117 mutis
2907 1062 3188 1116 redditum
3200 1062 3614 1127 aifatum,clau-

2015 1150 2114 1203 dos
2160 1152 2489 1217 cucurrisse,
2526 1169 2699 1205 czecos
2734 1151 2955 1204 vidisse.
2998 1152 3128 1205 Haec
3176 1152 3366 1207 omnia.
3394 1152 3614 1207 virtutis

2015 1244 2164 1303 sunt,
2189 1256 2299 1292 non
2323 1240 2694 1306 inﬁrmitatis;
2720 1240 2960 1310 denique
2984 1240 3088 1294 hac
3106 1256 3278 1295 causa
3297 1242 3522 1296 attracti
3542 1242 3611 1295 ad

2016 1328 2182 1380 ﬁdem
2212 1334 2363 1381 sunt.
2397 1330 2537 1383 Nam
2577 1333 2678 1382 etsi
2707 1332 3015 1396 cruri/imus
3042 1326 3119 1383 est
3149 1346 3214 1382 ex
3258 1332 3608 1396 inﬁrmitate,

2012 1418 2102 1469 sed
2131 1420 2263 1469 vivit
2284 1434 2348 1469 er
2365 1421 2566 1470 virtute
2591 1420 2700 1471 Dei.
2721 1418 2929 1471 Verum
2965 1425 3067 1483 est,
3093 1418 3226 1488 quia
3246 1424 3613 1490 propterpec-

2014 1512 2137 1557 cata
2166 1512 2357 1558 nostra
2388 1506 2683 1559 cruciﬁxus
2716 1513 2800 1559 est
2830 1506 3106 1571 Christus,
3140 1513 3204 1560 ut
3233 1512 3473 1561 mortem
3502 1507 3601 1560 de-

2012 1598 2252 1653 struens,
2310 1595 2600 1649 credentes
2649 1594 2752 1648 sibi
2800 1594 3068 1648 liberaret
3094 1593 3163 1647 ab
3196 1610 3281 1649 ea.
3335 1594 3612 1650 Inﬁrmari

2010 1699 2143 1751 ergo
2173 1699 2369 1751 passus
2419 1689 2505 1736 est
2543 1690 2773 1752 propter
2820 1700 2941 1747 nos,
2990 1689 3052 1736 ut
3097 1690 3335 1737 mortem
3369 1682 3613 1738 vinceret

339 1768 580 1836 castigat,
610 1768 693 1820 vel
723 1785 849 1820 cum
883 1773 1097 1821 reserat
1114 1767 1272 1821 nobis
1302 1769 1549 1821 caelestia
1578 1776 1931 1823 sacramenta
1957 1763 1994 1819 Β
2014 1770 2190 1823 nobis.
2216 1771 2567 1825 Descendens
2600 1772 2748 1825 enim
2769 1771 2839 1824 ad
2862 1771 3091 1837 inferos,
3117 1772 3209 1841 qui
3231 1771 3461 1827 omnino
3480 1786 3610 1845 pec-

338 1864 388 1909 et
412 1856 760 1927 propositum
782 1862 1043 1910 nostrum
1066 1858 1133 1909 ad
1178 1857 1437 1910 meliores
1468 1863 1644 1924 actus,
1680 1859 1929 1911 volunta-

338 1957 549 2015 temque
569 1946 868 2011 convertit,
885 1945 1052 2010 utibi,
1066 1962 1194 1999 cum
1208 1963 1302 1998 rex
1322 1947 1601 1999 Assuerus
1622 1947 1927 2019 castigatus

336 2052 365 2086 ιι
385 2034 622 2087 Domino
642 2034 813 2087 libros
841 2034 1113 2087 annuales
1140 2033 1444 2103 instigatur
1476 2034 1779 2105 inquirere,
1810 2035 1930 2104 qui-

338 2123 428 2174 bus
457 2123 694 2192 (Est/cer.
734 2126 829 2188 vi),
881 2122 1213 2175 Mardochazi
1265 2121 1537 2175 beneﬁcia
1580 2124 1924 2188 recordatus,

334 2227 543 2263 summo
575 2228 709 2263 eum
730 2211 910 2280 gradu
933 2211 1163 2264 honoris
1190 2212 1416 2275 exultat,
1446 2229 1509 2265 ac
1531 2212 1787 2282 protinus
1808 2229 1930 2265 cru-

333 2299 675 2353 delissimam
694 2317 951 2370 superna:-
969 2301 1153 2369 gentis
1172 2302 1199 2353 ,Ι
1209 2301 1376 2354 [ιάἰὲδὲ
1401 2301 1742 2354 sententiam
1770 2318 1928 2354 revo-

334 2389 666 2453 cattEstlier.
698 2392 793 2456 vi),
811 2390 899 2441 vel
917 2406 1044 2442 cum
1070 2390 1794 2459 Prophetacommemorat:
1820 2394 1930 2443 Au-

332 2478 473 2531 diam
484 2479 631 2545 quid
642 2482 905 2547 loquatur
921 2481 982 2530 in’
1004 2495 1087 2531 me
1110 2480 1379 2532 Dominus
1399 2481 1540 2532 Deus
1555 2480 1660 2543 (Ps.
1680 2481 1924 2546 LXXXIV).

334 2566 470 2619 Alias
498 2566 716 2637 quippe
744 2566 886 2618 dixit
916 2584 927 2617 :
964 2568 1199 2633 Angelus
1243 2571 1343 2635 qui
1389 2569 1711 2635 loquebatur
1741 2570 1799 2619 in
1848 2584 1929 2619 me

333 2657 499 2709 (Joan.
540 2660 685 2717 χεν),
734 2655 819 2708 vel
860 2671 989 2708 cum
1030 2655 1130 2708 Dei
1156 2656 1329 2709 Filius
1376 2661 1673 2709 venturum
1725 2672 1785 2708 se
1816 2672 1930 2708 una

330 2759 445 2796 cum
482 2744 680 2814 Patre,
725 2748 783 2796 et
820 2743 1167 2797 mansionem
1198 2744 1346 2814 apud
1377 2761 1477 2798 nos
1507 2744 1785 2798 facturum
1807 2761 1929 2798 esse

332 2810 627 2902 promittit.
667 2833 733 2886 Et
766 2850 873 2886 non
908 2836 1032 2886 estis
1062 2849 1165 2896 vos,
1201 2810 1301 2901 qui
1330 2836 1649 2901 loquimini,
1683 2835 1774 2886 sed
1801 2833 1929 2901 Spi-

335 2925 465 2974 ritus
475 2924 666 2989 patris
687 2924 856 2975 vestri
868 2924 969 2990 qui
986 2924 1234 2989 loquitur
1254 2924 1317 2975 in
1338 2923 1482 2975 vobis
1509 2924 1722 2988 (Matth.
1755 2925 1833 2990 Χ).
1861 2923 1930 2976 Et

333 3026 414 3064 vas
457 3010 794 3064 electionis:
826 3012 1275 3078 Eaperimentum
1314 3014 1563 3079 quaeritis
1592 3015 1708 3079 ejus
1739 3015 1839 3079 qui
1864 3014 1926 3064 in

2011 1864 2197 1912 catum
2255 1859 2556 1925 nesciebat,
2610 1867 2667 1912 et
2714 1860 2872 1930 quasi
2932 1865 3193 1930 peccator
3239 1860 3456 1915 occisus
3504 1869 3607 1915 est.

2010 1949 2463 2018 chyrographum
2475 1948 2607 2003 Ada-
2621 1949 2843 2013 delevit,
2862 1954 2925 2001 ut
2941 1948 3010 2001 de
3028 1954 3229 2002 caetero
3250 1948 3497 2003 defuncti
3509 1936 3625 2002 sub,

2011 2037 2133 2105 ejus
2161 2037 2386 2089 nomine
2417 2055 2452 2090 a
2484 2044 2664 2090 morte
2688 2054 2797 2089 non
2828 2042 3178 2099 tenerentur,
3212 2036 3309 2089 sed
3341 2034 3614 2090 haberent

2012 2125 2271 2178 ﬁduciam
2295 2125 2466 2178 eundi
2499 2126 2566 2178 ad
2597 2126 2786 2178 cmlos.
2812 2126 3051 2194 Propter
3069 2124 3457 2179 inﬁrmitatem
3477 2141 3611 2195 ergo

2011 2220 2261 2267 nostram
2291 2214 2506 2268 occisus
2526 2213 2721 2266 revixit
2750 2214 2954 2265 virtute
2985 2213 3186 2277 Patris,
3222 2218 3285 2265 ut
3315 2213 3605 2284 discipulis

2012 2303 2276 2371 probaret
2307 2320 2429 2372 qua)
2450 2304 2719 2355 docuerat
2748 2317 2868 2353 esse
2898 2317 3048 2365 vera,
3081 2300 3334 2370 exemplo
3357 2299 3416 2354 in
3435 2316 3496 2355 se
3519 2318 3610 2354 os-

2011 2396 2189 2443 tenso.
2247 2392 2448 2456 (Grng
2497 2391 2633 2443 Inde
2662 2406 2763 2459 per
2812 2388 3037 2442 beatum
3078 2387 3182 2442 Job
3210 2387 3414 2442 dicitur
3448 2405 3460 2441 :
3489 2387 3611 2442 Scio

2011 2482 2157 2532 enim
2188 2481 2332 2547 quod
2373 2480 2690 2546 Redemptor
2724 2494 2877 2530 meus
2914 2480 3063 2530 vivat
3097 2478 3229 2542 (Job.
3271 2480 3419 2545 XIX);
3452 2492 3520 2531 ac
3562 2479 3609 2530 si

2011 2568 2219 2638 apertis
2248 2566 2472 2621 vocibus
2502 2566 2669 2633 dicat,
2696 2564 2937 2619 infidelis
2966 2565 3202 2635 quisque
3226 2564 3385 2619 illum
3414 2565 3610 2635 ﬂagel-

2010 2658 2206 2721 latum,
2241 2656 2507 2722 derisum,
2532 2656 2734 2726 palmis
2752 2671 2978 2719 caesum,
3004 2669 3213 2707 corona
3240 2653 3439 2725 spinea
3454 2668 3610 2708 coro-

2011 2752 2227 2811 natum,
2250 2745 2429 2815 sputis
2439 2745 2663 2810 illitum,
2675 2743 3020 2808 cruciﬁxum,
3035 2747 3341 2808 mortuum,
3365 2742 3602 2801 noverit.

2009 2835 2167 2888 illum
2189 2839 2315 2905 post
2336 2840 2574 2887 mortem
2596 2834 2777 2886 vivere
2811 2852 2822 2885 :
2859 2837 3014 2885 certa
3055 2831 3164 2884 ﬁde
3211 2831 3397 2898 credo,
3432 2828 3609 2886 libera

2010 2940 2142 2977 voce
2171 2924 2457 2995 proﬁteor,
2482 2923 2615 2992 quia
2634 2922 2976 2991 Redemptor
2995 2936 3154 2973 meus
3171 2920 3321 2986 vivit,
3347 2918 3443 2991 qui
3462 2918 3610 2975 inter

2008 3012 2312 3083 impiorum
2332 3028 2532 3065 manus
2554 3010 2981 3065 occubuitJVam
3001 3014 3049 3062 et
3062 3025 3157 3062 nos
3172 3011 3394 3076 infirmi
3417 3023 3609 3062 sumus

333 3117 406 3153 me
434 3103 695 3168 loquitur
710 3100 999 3153 Christus?
1026 3098 1103 3152 Ex
1133 3098 1351 3151 diabolo
1371 3116 1501 3152 vero
1522 3100 1925 3168 cogitationum
1944 3082 1988 3141 Ο
2012 3103 2073 3154 in
2090 3082 2221 3155 .ilto.
2259 3100 2466 3167 (Amb.)
2501 3100 2617 3153 Hoc
2647 3100 2716 3152 ad
2746 3099 3126 3169 apostolorum
3156 3111 3455 3167 personam
3486 3112 3609 3168 pen

332 3194 592 3242 nascetur
628 3188 820 3252 series,
852 3204 983 3241 cum
1013 3186 1335 3241 subvertere
1374 3205 1476 3241 nos
1514 3193 1632 3241 tam
1664 3188 1925 3242 vitiorum

330 3277 717 3342 oblectatione,
741 3293 910 3347 quam
954 3276 1125 3330 etiam
1148 3277 1378 3330 occultis
1409 3282 1646 3331 conatur
1688 3277 1921 3343 insidiis,

330 3365 695 3419 subtilissima
714 3365 1019 3419 calliditate
1049 3365 1197 3419 mala
1224 3382 1326 3436 pro
1355 3365 1514 3419 bonis
1543 3365 1931 3418 fraudulenter

329 3461 637 3520 ostentans,
663 3460 719 3507 et
741 3456 1153 3523 transﬁgurans
1186 3472 1246 3507 se
1277 3454 1436 3508 nobis
1456 3455 1513 3506 in
1545 3456 1808 3521 angelum
1838 3456 1929 3508 lu-

329 3544 417 3609 cis,
439 3545 524 3597 vel
562 3560 695 3597 cum
718 3543 1072 3613 Evangelista
1092 3542 1265 3597 refert
1296 3563 1307 3596 :
1342 3544 1411 3597 Et
1431 3548 1590 3597 Coena
1628 3543 1775 3597 facta
1802 3561 1930 3597 cum

328 3633 585 3687 diabolus
600 3634 720 3702 jam
744 3632 1069 3686 immisisset
1097 3632 1153 3686 in
1185 3633 1351 3686 corde
1392 3632 1633 3685 Simonis
1655 3634 1812 3688 Judac
1845 3634 1927 3687 ls-

328 3723 532 3775 carioth
576 3728 638 3774 ut
656 3722 909 3775 traderet
936 3721 1269 3785 Dominum;
1297 3726 1355 3775 et
1384 3722 1588 3775 iterum
1622 3741 1633 3775 :
1662 3724 1929 3777 Postbuc-

331 3814 533 3875 cellam,
568 3811 770 3881 inquit,
790 3814 1051 3864 introivit
1066 3814 1129 3864 in
1144 3814 1307 3865 illum
1327 3811 1565 3865 Satanas
1590 3812 1771 3878 (Joan.
1792 3813 1927 3878 xm).

330 3900 518 3953 Petrus
544 3916 772 3969 quoque
792 3899 863 3952 ad
886 3900 1163 3953 Ananiam
1190 3918 1201 3952 :
1231 3902 1426 3967 Quare,
1454 3900 1553 3963 ait,
1586 3902 1812 3953 tentavit
1827 3899 1929 3952 Sa-

330 3994 480 4041 tanas
503 4005 607 4041 cor
632 3995 814 4054 tuum,
840 3992 1071 4042 mentiri
1102 3994 1147 4041 te
1168 3990 1415 4056 Spiritui
1441 3995 1627 4042 saneto
1658 3988 1797 4057 (Ἀρι.
1831 3991 1883 4055 v)
1910 3988 1933 4039 ‘.’

330 4077 387 4129 Et
415 4078 560 4130 illud
596 4077 743 4147 quod
773 4078 830 4129 in
857 4077 1152 4147 Evangelio
1171 4078 1348 4130 multo
1378 4084 1507 4130 ante
1531 4095 1631 4147 per
1653 4078 1924 4131 Ecclesia-

327 4170 441 4218 sten
466 4165 802 4236 praedictum
833 4165 1073 4235 legimus
1098 4183 1109 4217 :
1135 4166 1197 4221 Si
1233 4169 1467 4233 spiritus
1493 4172 1807 4234 potestatem
1839 4168 1934 4219 Ιιίι-

335 4255 500 4306 bentis
520 4256 835 4307 ascenderit
869 4270 1034 4321 super
1064 4259 1128 4319 te,
1161 4257 1339 4308 locum
1386 4260 1544 4307 tuum
1588 4272 1652 4307 ne
1682 4257 1932 4308 dimittas

338 4342 521 4405 (Eccle.
564 4349 637 4410 χ).
664 4342 807 4395 Illud
825 4342 1029 4412 quippe
1050 4344 1197 4413 quod
1216 4344 1421 4397 dicitur
1441 4344 1511 4396 ad
1532 4344 1708 4397 Deum
1739 4348 1934 4397 contra

2008 3190 2169 3254 tinet,
2187 3189 2283 3259 qui
2295 3205 2444 3253 eum,
2460 3188 2514 3241 id
2538 3194 2640 3253 est,
2659 3188 2945 3241 Christum
2973 3185 3339 3256 praedicantes
3360 3184 3608 3239 inﬁrma-

2009 3278 2241 3345 bantur;
2265 3278 2398 3331 dum
2410 3277 2631 3347 injuriis
2643 3275 2973 3345 agebantur,
2989 3272 3416 3338 claudebantur,
3430 3272 3605 3329 cade-

2009 3367 2234 3421 bantur.
2267 3368 2370 3421 Sed
2398 3369 2637 3419 vivimus
2665 3381 2791 3418 cum
2822 3380 2878 3416 eo
2901 3380 2964 3417 ex
2992 3365 3197 3416 virtute
3225 3363 3322 3416 Dei
3348 3365 3413 3416 in
3432 3363 3605 3416 nobis.

2011 3456 2367 3510 Manifestum
2381 3462 2467 3508 est
2489 3455 2622 3523 quia
2643 3453 2744 3506 sia
2766 3452 2994 3523 perﬁdis
3014 3449 3608 3522 inﬁrmabanturapud

2011 3546 2319 3611 credentes,
2342 3561 2455 3597 non
2478 3550 2600 3596 erat
2630 3541 2944 3607 inﬁrmitas,
2987 3540 3084 3593 sed
3126 3538 3429 3609 profectus,
3473 3539 3606 3611 quia

2012 3635 2139 3688 hinc
2160 3633 2500 3704 potentiores
2532 3633 2676 3684 ﬁunt
2704 3630 2914 3693 ﬁdeles,
2948 3630 3083 3682 dum
3112 3627 3493 3681 infirmantur.
3527 3627 3604 3684 Il-

2011 3724 2287 3790 lata-ergo
2316 3738 2466 3773 mors
2498 3737 2533 3773 a
2562 3719 2808 3789 perﬁdis,
2844 3718 2959 3769 vita
2989 3722 3077 3770 est
3103 3731 3240 3784 erga
3267 3715 3562 3771 credentes
3597 3733 3607 3765 :

2012 3812 2214 3864 virtute
2246 3809 2395 3862 enim
2416 3808 2518 3861 Dei
2548 3810 2862 3875 resurgent,
2894 3809 2959 3858 ut
2984 3803 3175 3857 vivant
3200 3818 3328 3856 cum
3361 3802 3603 3858 Christo.

2030 3901 2370 3965 Vosmetipsos
2394 3900 2611 3960 tentate,
2637 3898 2688 3948 si
2712 3897 2836 3946 estis
2866 3896 2927 3945 in
2950 3893 3053 3958 ﬁde
3075 3906 3095 3943 :
3118 3892 3227 3959 ipsi
3250 3906 3340 3943 vos
3361 3891 3607 3959 probate.

2015 3987 2257 4042 Invicem
2308 3990 2373 4038 ut
2418 4002 2477 4037 se
2522 3984 2727 4037 fratres
2773 3980 3094 4045 discutiant,
3128 3978 3422 4050 praecipit:
3459 3978 3613 4033 solli-

2013 4076 2236 4130 citiores
2266 4073 2412 4128 enim
2461 4074 2621 4135 ﬁunt,
2657 4072 2704 4124 si
2730 4086 2941 4124 secum
2997 4068 3233 4122 invicem
3291 4068 3601 4122 conferant.

2015 4164 2403 4219 'l‘entationem
2462 4179 2595 4232 ergo
2656 4161 2800 4214 hanc
2858 4157 3245 4230 probationem
3292 4157 3470 4211 voluit
3522 4156 3631 4231 in-_

2015 4254 2209 4323 telligi,
2243 4254 2374 4323 quia
2418 4251 2598 4305 omnis
2648 4249 2905 4321 probatio
2950 4246 3188 4302 tentatio
3218 4251 3321 4311 est,
3364 4262 3477 4300 non
3523 4252 3612 4299 ta-

2016 4360 2145 4397 men
2174 4343 2355 4397 omnis
2373 4341 2630 4404 tentatio,
2655 4338 2929 4410 probatio.
2957 4336 3015 4390 Si
3045 4336 3195 4390 enim
3218 4336 3368 4389 Deus
3387 4338 3609 4388 tentare

337 4430 522 4483 Achab
557 4430 617 4483 in
647 4431 816 4484 tertio
848 4432 1169 4501 Regnorum
1196 4432 1338 4485 libro
1359 4450 1424 4484 ex
1444 4448 1682 4502 persona
1703 4431 1933 4502 spiritus
1950 4426 1997 4485 D
2014 4432 2237 4495 dicitur,
2269 4430 2523 4501 probatio
2544 4435 2654 4493 est;
2701 4428 2747 4481 si
2773 4431 2963 4481 autem
2993 4423 3249 4477 diabolus
3278 4427 3497 4475 tentare
3526 4421 3611 4474 di-

241 4509 247 4513 ’
338 4519 619 4573 immundi
651 4538 663 4572 :
700 4521 988 4588 Egrediar,
1020 4526 1069 4573 et
1098 4537 1188 4573 ero
1213 4523 1447 4589 spiritus
1466 4522 1716 4584 mendax,
1748 4524 1809 4573 in
1842 4537 1933 4573 ore

338 4612 586 4662 omnium
616 4610 1011 4678 prophetarum
1044 4613 1159 4678 ejus
1192 4610 1300 4675 (ΙΙΙ
1325 4611 1446 4676 Reg.
1482 4612 1633 4675 xxn).
1670 4610 1748 4662 Ex
1774 4608 1934 4663 nobis

339 4704 523 4751 autem
552 4698 835 4764 oriuntur,
867 4714 995 4751 cum
1026 4715 1219 4752 eorum
1250 4714 1373 4768 qua:
1399 4698 1648 4767 gerimus
1674 4699 1760 4752 vel
1804 4716 1933 4767 ges-

340 4786 529 4853 simus,
562 4788 649 4840 vel
686 4787 1001 4841 audivimus
1030 4788 1365 4841 naturaliter
1412 4787 1775 4841 recordamur
1809 4805 1819 4838 :
1864 4788 1933 4841 de

341 4875 539 4943 quibus
549 4875 749 4929 beatus
779 4876 954 4929 David
970 4893 981 4927 :
1000 4876 1586 4946 Cogitavi,inquit,dies
1598 4880 1869 4945 antiquos,
1885 4883 1935 4930 et

338 4980 509 5017 annos
532 4970 760 5017 alternos
776 4967 841 5018 in
858 4969 1031 5017 mente
1043 4965 1285 5031 habui,et
1300 4967 1595 5018 meditatus
1614 4981 1739 5018 sum
1762 4971 1927 5031 nocte,

341 5068 400 5104 cu
407 5069 459 5105 m
474 5055 632 5106 corde
648 5070 762 5107 meo
774 5054 1116 5107 exercitabar
1129 5059 1175 5107 et
1187 5055 1459 5121 scopebam
1475 5056 1739 5121 spiritum
1755 5071 1935 5108 meum

343 5143 727 5211 (PSIIIJJKXW);
765 5148 823 5195 et
851 5142 1059 5195 iterum
1091 5160 1102 5195 :
1133 5143 1403 5195 Dominus
1446 5146 1545 5195 scit
1587 5145 1935 5209 cogitationes

342 5230 627 5284 hominum
656 5234 926 5299 quoniam
956 5246 1109 5284 vana:
1138 5233 1450 5298 sunt(Psal.
1487 5232 1733 5299 xmn).ln
1766 5232 1938 5284 Evan-

342 5318 484 5385 gelio
506 5335 728 5390 quoque
747 5319 1021 5373 Dominus
1043 5320 1112 5372 ad
1145 5319 1454 5373 Pharisaeos
1482 5339 1493 5372 :
1523 5320 1667 5387 Quid
1688 5323 1937 5387 cogitatis

350 5411 493 5459 mala
524 5411 583 5461 in
628 5411 886 5462 cordibus
915 5411 1105 5462 vestris
1154 5409 1368 5473 (Matth.
1404 5408 1524 5476 ix)?
1565 5408 1722 5463 Hanc
1768 5408 1940 5477 igitur

345 5493 677 5564 tripertitam
702 5497 983 5550 rationem
1014 5501 1237 5568 oportet
1256 5513 1357 5550 nos
1376 5497 1591 5565 jugiter
1618 5497 1932 5564 observare,

349 5590 399 5632 et
428 5584 716 5639 universas
756 5585 1144 5654 cogitationes,
1186 5601 1308 5654 quae
1341 5591 1638 5653 emergunt
1675 5586 1729 5638 in
1769 5603 1939 5640 carne

2015 4519 2436 4585 catur,tentatio
2463 4523 2574 4572 est:
2591 4516 2723 4586 quia
2750 4520 2999 4569 evertere
3030 4509 3500 4564 nititur.Ethomo
3515 4508 3614 4562 ali-

2016 4610 2239 4681 quando
2260 4613 2459 4671 tentat,
2479 4614 2543 4659 ut
2560 4605 2776 4675 probet,
2792 4600 3093 4671 aliquando
3104 4597 3380 4669 utcapiat.
3401 4597 3603 4665 (Grcg.)

2016 4699 2224 4754 Malum
2255 4712 2498 4766 namque
2547 4693 2695 4763 quod
2733 4688 2964 4744 consilio
3012 4686 3370 4758 praevenitur,
3419 4686 3612 4739 decer-

2014 4788 2156 4842 tanti
2187 4791 2383 4840 contra
2411 4801 2469 4838 se
2516 4781 2703 4835 animo
2734 4796 2800 4833 ex
2845 4776 3064 4831 ratione
3114 4774 3431 4847 subjicitur,
3480 4774 3613 4845 quia

2013 4881 2173 4931 tanto
2223 4874 2459 4945 quisque
2508 4870 2692 4923 minus
2730 4866 3064 4922 adversitate
3111 4865 3370 4930 vincitur,
3407 4869 3615 4935 quanto

2020 4971 2216 5019 contra
2244 4963 2399 5016 illam
2428 4958 2768 5031 prmsciendo
2809 4956 3059 5028 paratior
3107 4954 3408 5008 invenitur.
3459 4948 3621 5022 Saepe

2017 5054 2167 5107 enim
2185 5067 2354 5120 grave
2374 5048 2594 5103 timoris
2614 5047 2833 5119 pondus
2854 5063 2960 5100 usu
2971 5045 3263 5115 laevigatur
3278 5061 3290 5110 ;
3306 5057 3452 5112 saepe
3465 5057 3617 5094 mors

2018 5143 2141 5213 ipsa
2190 5140 2335 5194 sicut
2386 5137 2680 5207 inopinata
2730 5134 3041 5206 perturbat,
3094 5133 3177 5187 ita
3217 5128 3617 5185 deliberatione

2020 5234 2303 5302 prmventa
2349 5226 2611 5280 laetificat.
2668 5225 2827 5279 Unde
2880 5223 3029 5295 apud
3077 5221 3181 5275 Job
3212 5224 3364 5275 recte
3393 5218 3465 5273 de
3510 5217 3616 5272 hoc

2021 5336 2165 5390 equo
2184 5317 2418 5371 dicitur:
2447 5316 2671 5368 Fervens
2696 5318 2744 5366 et
2775 5315 3016 5380 fremens
3048 5311 3223 5362 sorbet
3257 5314 3485 5373 terram,
3523 5322 3621 5361 nec

2021 5411 2239 5476 reputat
2269 5406 2407 5457 tubae
2434 5418 2629 5457 sonare
2652 5406 2965 5467 clangorem
2998 5416 3009 5451 :
3045 5398 3142 5451 ubi
3163 5398 3414 5451 audierit
3443 5397 3621 5451 bucci-

2025 5496 2360 5559 nam,dieit:
2401 5493 2537 5555 Vah;
2563 5507 2698 5545 nam
2713 5486 3076 5557 subjungitur
3098 5503 3108 5537 :
3130 5488 3325 5554 procul
3356 5485 3623 5539 aduratur

2028 5588 2257 5643 bellum;
2277 5598 2341 5636 ac
2360 5581 2406 5634 si
2421 5579 2669 5649 apertius
2689 5578 2925 5631 dicatur.
2954 5574 3164 5630 Idcirco
3193 5570 3482 5644 quodlibet
3500 5587 3624 5623 cer-
