3966 6168
340 248 444 324 243

941 249 1000 303 Β.
1044 248 1313 306 RABANI
1355 246 1584 308 MAURI
1625 247 1959 307 ARCHIEP.
2001 245 2325 302 MOGUNT.
2369 243 2665 304 OPERUH
2703 241 2888 302 PARS
2924 240 3024 304 ΙΙΙ.

3515 241 3618 306 ιιι

343 380 534 432 tamen
553 378 868 446 exsuperat,
887 373 1277 444 quiamentem
1299 371 1590 429 certamini
1611 377 1742 430 ante
1753 377 1932 428 certa-
1949 375 2000 432 Α
2019 371 2321 426 vindictam
2351 376 2453 425 aut
2480 367 2909 439 correptionem.
2935 365 3012 420 Et
3025 366 3162 438 quid
3191 367 3426 434 mirum,
3441 367 3492 426 si
3516 384 3618 436 vas

345 480 474 524 men
485 469 664 534 parat.
687 463 902 518 Bellum
917 461 1121 532 quippe
1131 460 1326 530 procul
1342 460 1584 526 odorari,
1603 466 1690 516 est
1707 461 1940 516 adversa

345 569 582 624 quisque
607 551 790 610 adhuc
822 551 986 618 longe
1026 549 1212 620 posita
1239 547 1538 618 cogitando
1570 566 1934 620 praenoscere,

343 657 415 698 ne
442 641 679 696 fortasse
707 639 932 697 valeant
957 637 1264 709 improvisa
1281 654 1566 709 superare.
1593 639 1712 694 Hoc
1730 637 1938 694 bellum

345 730 538 800 procul
557 727 782 786 odorari
790 727 1097 798 discipulos
1112 727 1320 784 Paulus
1333 727 1692 794 admonebat,
1704 743 1834 782 cum
1853 726 1938 786 di-

340 824 492 878 ceret
525 836 540 876 2
583 820 925 885 Vosmctipsos
955 821 1153 871 tentate
1191 818 1242 870 si
1287 818 1411 872 estis
1457 818 1522 870 in
1550 817 1673 883 ﬁde,
1715 819 1824 885 ipsi
1852 833 1938 871 vos

338 908 582 976 probate.
601 891 681 962 Ac
695 906 743 966 si
771 910 968 976 aperte
985 904 1312 976 praeciperet
1332 903 1524 964 dicens
1547 923 1558 958 :
1587 905 1937 966 Persecutio-

341 1012 478 1054 num
503 995 815 1056 certamina
841 995 912 1054 ad
934 999 1183 1055 mentem
1202 993 1474 1060 reducite,
1499 993 1748 1053 etcordis
1768 994 1936 1050 vestri

342 1086 543 1145 intima
571 1091 742 1155 atque
761 1084 980 1138 occulta
1008 1088 1329 1154 pensantes,
1347 1083 1541 1153 quales
1566 1082 1716 1138 inter
1725 1083 1937 1154 suppli-

343 1175 431 1232 cia
450 1174 688 1234 existere
709 1173 960 1237 valeatis,
990 1172 1253 1228 invenite.
1273 1173 1392 1226 Hoc
1412 1171 1619 1226 bellum
1639 1171 1818 1231 sancti
1835 1172 1937 1228 viri

345 1263 538 1336 procul
569 1263 896 1324 odorantur,
929 1261 1156 1332 quando
1176 1265 1232 1314 et
1251 1260 1308 1314 in
1328 1277 1464 1331 pace
1483 1260 1814 1318 universalis
1835 1261 1936 1316 Ec-

343 1353 524 1412 clesiae.
544 1351 732 1424 positi,
755 1351 841 1408 vel
862 1351 1250 1407 haereticorum
1281 1349 1445 1416 bella,
1472 1351 1558 1404 vel
1587 1349 1940 1408 imminentia

342 1442 416 1500 ab
435 1440 756 1502 inﬁdelibus
777 1439 1234 1510 persecutionum
1253 1444 1540 1494 tormenta
1567 1439 1936 1510 conspiciunt.

344 1529 453 1594 Qui
478 1529 615 1587 dum
645 1534 798 1582 recte
835 1527 1045 1593 vivunt,
1081 1543 1228 1598 saepe
1255 1543 1357 1598 pro
1403 1526 1563 1582 bonis
1601 1528 1752 1582 mala
1797 1527 1940 1586 reci-

345 1616 1328 1690 piunt,detractionunﬁcontumelias
1338 1616 1936 1688 aequanimiterferunt:

343 1712 408 1762 ut.
426 1707 472 1762 si
495 1705 898 1776 persecutionis
910 1705 1126 1760 occasio
1139 1711 1420 1776 suppetat,
1433 1710 1592 1760 tanto
1604 1705 1727 1760 illos
1742 1705 1935 1764 fortio-
1955 1693 2001 1752 Β

345 1811 434 1854 res
454 1795 634 1866 aperti
657 1795 846 1851 hostes
864 1794 1172 1860 inveniant,
1186 1801 1396 1866 quanto
1408 1811 1504 1848 eos
1514 1799 1573 1848 et
1590 1795 1742 1848 intra
1759 1795 1942 1849 Eccle-

343 1873 484 1942 siam
514 1884 781 1942 falsorum
801 1883 1040 1942 fratrum
1061 1884 1253 1954 jacula
1281 1900 1394 1938 non
1421 1889 1761 1954 expugnant.
1797 1885 1943 1940 Nam

345 1973 439 2044 qui
449 1971 519 2029 ab
531 1977 684 2032 statu
693 1973 980 2044 patientiae
989 1977 1119 2031 ante
1133 1972 1453 2042 linguarum
1465 1973 1696 2030 vulnera
1707 1973 1938 2038 corruit,

345 2063 464 2134 ipse
483 2061 590 2118 sibi
608 2061 772 2119 testis
793 2067 882 2118 est
901 2061 1032 2132 quia
1051 2067 1247 2122 contra
1268 2061 1576 2116 manifestae
1598 2062 1941 2132 persecutio-

347 2151 433 2207 nis
451 2151 706 2224 gladium
726 2167 838 2206 non
853 2149 1126 2206 subsistit.
1145 2150 1236 2206 An
1265 2167 1376 2206 non
1395 2154 1712 2218 cognoscitis
1725 2156 1944 2208 vosmet-

347 2243 508 2308 ipsos,
539 2242 675 2309 quia
703 2239 951 2295 Christus
977 2241 1131 2294 Jesus
1154 2243 1216 2294 in
1235 2240 1380 2294 vobis
1411 2245 1502 2302 est,
1537 2243 1648 2292 nisi
1685 2241 1825 2306 forte
1855 2256 1942 2293 rc-

341 2329 506 2398 probi
531 2328 703 2384 estis?
739 2328 978 2398 (Ambr.)
1009 2329 1127 2384 Hoc
1155 2327 1309 2395 dicit,
1342 2327 1476 2400 quia
1505 2327 1553 2382 si
1582 2327 1820 2398 probare
1849 2345 1944 2382 vos

347 2416 584 2475 invicem
611 2416 858 2484 nescitis,
897 2433 1011 2473 non
1051 2417 1386 2488 cognoscitis
1417 2417 1550 2489 quia
1578 2418 1740 2472 Jesus
1781 2417 1943 2472 Chri-

348 2512 471 2566 stus
489 2512 577 2562 est
593 2507 654 2562 in
673 2505 849 2572 vobis,
874 2511 934 2564 et
943 2507 1048 2562 hoc
1059 2511 1147 2560 est
1163 2506 1468 2578 reprobum
1477 2522 1620 2571 esse,
1634 2507 1850 2562 nescire
1860 2524 1944 2562 re-

347 2594 572 2664 ligionis
589 2601 650 2652 et
665 2593 1025 2664 professionis
1039 2611 1156 2652 suae
1170 2595 1342 2656 ﬁdem
1365 2615 1375 2648 :
1397 2595 1493 2666 qui
1513 2595 1664 2654 enim
1683 2595 1813 2664 fidei
1827 2610 1942 2650 suae

350 2696 580 2744 senem
606 2681 666 2740 in
694 2682 864 2738 corde
890 2682 1078 2750 habet,
1111 2683 1202 2742 hic
1231 2684 1336 2738 scit
1364 2683 1650 2746 Christum
1677 2684 1706 2738 J
1711 2701 1870 2740 esum
1883 2685 1942 2740 in

347 2787 410 2826 se
438 2785 580 2826 esse.
611 2770 777 2840 Spero
812 2774 1164 2840 autemquod
1180 2775 1500 2839 cognoscetis
1528 2773 1672 2840 quod
1709 2789 1804 2828 nos
1835 2789 1946 2827 non

347 2875 543 2916 sumus
569 2861 804 2928 reprobi.
839 2861 1111 2918 Provocat
1137 2875 1234 2914 eos
1262 2860 1332 2918 ad
1375 2860 1670 2923 scientiam
1719 2861 1850 2921 ﬁdei
1889 2867 1946 2918 et

350 2953 515 3004 recte
540 2949 666 3004 vita
700 2965 865 3006 :cum
910 2949 1061 3004 enim
1108 2949 1379 3020 coeperint
1409 2950 1554 3006 scire
1582 2951 1822 3021 apostoli
1855 2951 1942 3008 sui

2022 459 2310 516 electionis
2349 475 2449 529 pro
2489 456 2702 511 Christi
2743 455 2943 526 gloria,
2991 461 3051 510 et
3103 454 3342 520 fratrum
3383 473 3614 522 suorum

2020 548 2400 614 conversione,
2417 538 2715 617 gentisque
2727 543 3020 618 privilegio
3033 544 3337 610 anathema
3363 545 3488 602 fieri
3515 561 3616 618 op-

2020 643 2104 700 tet
2127 654 2164 696 ει
2187 637 2430 702 Christo,
2445 651 2576 695 cum
2605 634 2864 691 Mioheeas
2893 650 3121 706 quoque
3145 633 3423 706 propheta
3446 635 3616 698 vellet

2020 744 2084 785 se
2097 726 2426 783 mendacem
2443 725 2588 794 fieri,
2609 729 2668 780 et
2693 723 2767 780 ab
2795 723 3168 796 inspiratione
3177 723 3356 790 sancti
3373 724 3616 796 Spiritus

2021 815 2292 882 alienum,
2321 813 2627 878 dummodo
2647 811 2982 885 plagasillas
3001 812 3410 886 etcaptivitatis
3424 811 3614 878 exitia,

2023 921 2148 976 quas
2192 920 2296 961 sua
2331 903 2730 966 vaticinatione
2768 901 3123 974 βεβίωται,
3172 900 3332 975 plebs
3373 901 3616 968 ιιιιάειὶοφ

2021 992 2267 1050 nationis
2293 992 2530 1051 evadat?
2561 993 2804 1054 Utinam,
2847 991 3128 1062 inquiens,
3169 1006 3283 1044 non
3326 1006 3488 1048 essem
3529 993 3618 1046 vir

2022 1083 2222 1136 habens
2263 1079 2538 1150 Spiritum
2567 1125 2579 1145 ,
2621 1087 2669 1134 et
2711 1079 3063 1138 mendacium
3105 1081 3284 1147 potius
3330 1082 3616 1149 loquerer!

2023 1172 2133 1236 (ΙΙΙ
2156 1171 2278 1238 Reg.
2312 1172 2469 1234 XXII.)

2091 1295 2201 1348 Hoc
2245 1298 2293 1346 ct
2339 1307 2564 1347 oramus
2607 1298 2844 1346 vestram
2893 1294 3439 1349 consummationem.
3471 1291 3622 1347 Petit

2025 1396 2212 1446 orans,
2255 1386 2320 1436 ut
2363 1381 2422 1435 in
2455 1397 2520 1435 eo
2559 1379 2942 1452 perﬁciantur,
2977 1393 3047 1432 ne
3094 1386 3323 1451 peccent
3365 1393 3619 1434 consum-

2021 1470 2162 1524 mati
2190 1471 2250 1524 in
2280 1470 2487 1525 virtute
2517 1469 2676 1525 bone
2705 1469 2832 1538 vitae
2870 1474 2928 1522 et
2964 1469 3292 1539 incorrupta
3336 1469 3466 1524 ﬁde.
3486 1471 3609 1525 Ideo

2021 1561 2133 1614 haec
2175 1561 2366 1614 absens
2411 1560 2607 1624 scribo,
2657 1563 2722 1612 ut
2762 1571 2872 1612 non
2907 1571 3146 1626 praesens
3183 1559 3388 1611 durius
3431 1572 3616 1626 agam.

2021 1649 2297 1720 Apertum
2327 1653 2412 1702 est
2441 1649 2575 1718 quia
2601 1647 2728 1702 ideo
2753 1645 2955 1701 absens
2985 1651 3305 1700 commonet
3335 1651 3401 1700 ut
3429 1660 3616 1701 corre-

2024 1737 2228 1792 ctiores
2259 1737 2384 1792 illos
2411 1736 2678 1802 inveniat,
2727 1742 2786 1791 et
2827 1749 2937 1789 non
2965 1735 3079 1788 illic
3123 1735 3340 1805 positus
3370 1735 3621 1806 increpet

2023 1841 2150 1880 cum
2160 1826 2391 1898 pudore,
2405 1830 2470 1878 ut
2480 1825 2773 1880 erubescat
2791 1824 2887 1894 qui
2897 1828 3092 1895 peccat
3108 1823 3167 1878 in
3187 1827 3332 1878 coetu
3347 1823 3615 1880 ﬁaterno.

2022 1913 2336 1970 Secundum
2359 1917 2674 1984 potestatem
2703 1927 2872 1984 quam
2904 1914 3174 1968 Dominus
3208 1913 3358 1966 dedit
3385 1913 3528 1971 mihi
3556 1917 3617 1967 in

2025 2005 2435 2071 adiﬁcatin
2465 2007 2516 2057 et
2535 2017 2649 2058 non
2665 2004 2730 2056 in
2749 2003 3192 2056 destructionem.
3217 1999 3348 2056 Haec
3373 2007 3621 2072 potestas

2025 2097 2129 2158 est,
2151 2105 2319 2162 quam
2339 2092 2599 2164 superius
2618 2095 2778 2162 Optat
2795 2104 2918 2145 esse
2937 2086 3196 2157 otiosam,
3212 2089 3300 2144 his
3318 2090 3616 2160 agentibus

2026 2181 2256 2235 bene:si
2277 2195 2391 2252 quo
2408 2180 2596 2235 minus
2624 2193 2881 2235 exercere
2923 2193 2987 2233 se
3022 2179 3079 2232 in
3121 2179 3226 2234 hac
3251 2184 3318 2234 ut
3343 2178 3619 2234 aediﬁcen-

2025 2275 2121 2324 tur
2148 2269 2411 2341 correpti,
2443 2285 2557 2324 non
2585 2268 2908 2324 mortiﬁcatl
2936 2271 3294 2339 peccatores;
3327 2281 3442 2322 non
3468 2269 3618 2322 enim

2025 2359 2412 2423 destruuntur,
2471 2359 2566 2429 qui
2613 2359 2932 2428 arguuntur
2966 2363 3034 2412 ut
3077 2357 3452 2428 corrigentur,
3519 2358 3618 2410 sed

2027 2447 2377 2502 aediﬁcantur
2403 2447 2474 2502 ad
2504 2447 2696 2500 vitam.

2094 2592 2168 2652 De
2193 2597 2399 2658 cetera,
2430 2593 2657 2659 fratres,
2689 2591 2934 2660 gaudete,
2961 2591 3192 2658 perfecti
3219 2594 3394 2654 estote,
3423 2590 3620 2646 eschar-

2026 2681 2248 2743 lamim‘,
2265 2681 2407 2734 idem
2427 2683 2615 2748 sapite,
2627 2695 2818 2750 pacem
2847 2679 3048 2750 habete,
3068 2683 3118 2732 ct
3147 2679 3286 2737 Deus
3310 2677 3618 2741 dilectionis

2028 2773 2084 2822 et.
2090 2771 2244 2836 pacis
2265 2771 2372 2824 crit
2389 2769 2682 2824 vobiscum.
2709 2766 2991 2832 Gaudium
3015 2766 3121 2822 hoc
3139 2766 3211 2820 de
3227 2765 3621 2832 emendatione

2027 2856 2154 2924 erit,
2186 2857 2336 2913 unde
2373 2862 2430 2914 et
2474 2857 2684 2927 poterit
2719 2856 3016 2928 provenire
3045 2854 3310 2926 perfectio
3334 2873 3349 2922 ;
3371 2855 3470 2910 sed
3487 2861 3619 2910 ante

2027 2945 2136 3002 erit
2146 2946 2472 3011 consolatio,
2487 2951 2552 3003 ut
2563 2963 2662 3018 spe
2677 2945 2998 3002 futurorum
3013 2941 3616 3016 deserantprasentcm

349 3043 564 3096 certam
589 3037 984 3098 auctoritatem
1015 3044 1072 3094 et
1092 3038 1356 3097 merltum
1384 3039 1534 3109 apud
1566 3039 1764 3105 Deum,
1789 3046 1944 3111 pote-
1963 3028 2009 3089 Ω
2027 3033 2474 3096 oblectationem.
2498 3037 2668 3101 Idem,
2691 3035 2791 3102 ait,
2812 3037 2984 3104 sapite
3002 3053 3017 3088 :
3038 3033 3142 3091 hoc
3169 3033 3252 3088 ait
3271 3037 3502 3104 propter
3521 3051 3618 3090 ve-

347 3132 484 3182 runt
502 3132 562 3182 et
583 3127 734 3182 circa
767 3143 827 3182 se
855 3145 976 3184 esse
1009 3127 1252 3184 solliciti.
1291 3128 1526 3184 Oramus
1555 3133 1740 3186 autem
1773 3130 1946 3184 Deum

349 3221 414 3271 ut
435 3217 584 3272 nihil
599 3219 740 3271 mali
755 3218 1118 3284 faciatismon
1129 3223 1191 3272 ut
1213 3233 1306 3278 nos
1329 3217 1549 3286 probati
1557 3231 1942 3286 apporeamus,

349 3306 442 3359 scd
451 3309 514 3360 ut
527 3319 616 3358 vos
643 3306 786 3374 quod
810 3306 1009 3359 bonum
1027 3311 1102 3359 est
1121 3307 1360 3372 faciatis,
1379 3321 1476 3360 nos
1499 3311 1678 3362 autem
1703 3311 1764 3365 ut
1785 3309 1946 3375 Quasi

349 3394 570 3464 reprobi
586 3395 866 3449 simus.Eo
885 3394 1086 3450 affectu
1106 3411 1216 3466 quo
1231 3409 1453 3466 semper
1467 3400 1594 3450 orat
1611 3411 1712 3466 pro
1729 3395 1811 3450 eis
1825 3400 1889 3457 ut
1908 3410 1944 3450 a

350 3481 514 3536 malis
545 3488 880 3554 temperent.
905 3483 1026 3539 Non
1055 3489 1117 3538 ut
1143 3498 1255 3548 nos,
1291 3483 1492 3554 inquit,
1521 3485 1742 3552 probati
1769 3499 1940 3552 appa-

349 3583 592 3638 reamus,
613 3572 672 3626 id
692 3577 796 3638 est,
811 3589 923 3627 non
942 3579 1008 3627 ut
1025 3572 1084 3628 in
1101 3573 1437 3630 auctoritate
1455 3572 1762 3642 videamur,
1786 3570 1940 3633 vobis

347 3661 724 3731 peccantibus.
748 3661 853 3721 Sed
873 3667 935 3716 ut
954 3678 1042 3716 vos
1055 3663 1200 3730 quod
1219 3663 1422 3718 bonum
1449 3667 1524 3718 est
1553 3663 1776 3730 faciatis
1797 3681 1814 3716 :
1847 3677 1944 3722 nos

347 3765 474 3804 vero
490 3753 726 3820 utquasi
738 3752 956 3820 reprobi
979 3750 1343 3815 sumus.Quid
1363 3755 1450 3806 est
1480 3750 1620 3809 hoc?
1635 3749 1776 3808 Orat
1790 3751 1940 3820 Apo-

347 3839 546 3906 stolus,
579 3843 643 3893 ut
670 3839 942 3910 reprobus
959 3839 1073 3898 sit?
1104 3841 1230 3894 Non
1260 3855 1428 3906 sane;
1451 3839 1549 3894 sed
1571 3839 1677 3893 hoc
1704 3845 1848 3904 orat,
1880 3844 1944 3898 ut

346 3926 436 3981 his
460 3927 604 3982 bene
640 3928 957 3997 agentibus,
997 3929 1133 3983 dum
1171 3945 1284 3982 non
1321 3929 1599 3986 auderent
1635 3927 1937 3998 corripere,

347 4015 510 4084 quasi
553 4015 940 4080 humiliantur,
975 4021 1039 4071 ut
1087 4015 1367 4072 humiliati
1395 4017 1481 4070 vel
1510 4015 1733 4086 reprobi
1764 4032 1940 4086 appa-

295 4171 298 4174 λ
345 4105 530 4156 nant.
540 4101 768 4157 Probati
779 4103 932 4157 enim
944 4117 977 4156 a
987 4105 1102 4158 Deo
1114 4104 1392 4170 videntur,
1408 4104 1543 4160 dum
1549 4105 1572 4174 j
1580 4104 1809 4161 udicant
1817 4119 1940 4174 pec-

2026 3129 2207 3184 terem
2237 3123 2592 3191 discordiam,
2623 3129 2688 3180 ut
2708 3124 2829 3194 jam
2857 3139 3038 3188 unum
3064 3121 3332 3185 sentiant.
3381 3121 3449 3178 In
3487 3139 3620 3191 pace

2026 3216 2188 3280 agite.
2211 3214 2352 3271 Cum
2383 3213 2686 3270 concordes
2714 3212 2946 3278 fuerint,
2985 3209 3275 3268 habebunt
3301 3227 3519 3284 pacem.
3551 3212 3619 3276 Et

2025 3303 2166 3356 Deus
2191 3305 2345 3372 pacis
2375 3309 2424 3357 et
2451 3304 2760 3360 dilectionis
2789 3305 2913 3366 erit,
2947 3299 3150 3372 inquit,
3172 3300 3622 3362 vobiscumneus

2025 3390 2178 3460 pacis
2199 3391 2457 3450 Christus
2485 3395 2588 3457 est,
2617 3388 2714 3461 qui
2739 3388 2882 3448 dixit
2911 3391 3136 3444 :Pacem
3165 3403 3343 3448 meam
3363 3389 3430 3450 do
3449 3391 3617 3456 vobis,

2019 3495 2207 3547 pacem
2233 3496 2411 3538 mcum
2440 3483 2694 3548 relinquo
2721 3479 2866 3534 vobis
2900 3479 3076 3548 (Joan.
3110 3479 3254 3545 xxv);
3303 3475 3425 3550 ipse
3451 3483 3538 3534 est
3563 3482 3624 3541 et

2024 3567 2174 3630 Deus
2183 3567 2618 3638 dilectionis,qui
2627 3567 2833 3626 iterum
2856 3566 2938 3626 ait
2955 3584 2967 3618 :
2985 3563 3197 3622 Novum
3211 3567 3540 3622 mandatum
3551 3567 3621 3621 do

2024 3659 2267 3723 vobis,‘ut
2278 3659 2525 3726 diligatis
2541 3659 2794 3712 invicem.
2811 3656 2878 3712 Et
2891 3659 2956 3710 in
2964 3655 3079 3722 hoc,
3090 3653 3292 3726 inquit,
3305 3661 3623 3726 cognoscent

2024 3761 2207 3802 mune:
2237 3749 2372 3814 quia
2399 3747 2664 3816 discipuli
2693 3748 2802 3802 mei
2829 3747 2974 3812 estis,
3024 3747 3075 3801 si
3113 3745 3475 3812 dilectionem,
3505 3759 3621 3814 qua

2025 3834 2189 3891 dilexi
2219 3851 2335 3899 vos,
2377 3836 2681 3891 habueritis
2727 3837 2800 3894 ad
2835 3835 3092 3896 invicem.
3126 3833 3255 3888 Alia
3290 3838 3482 3888 tamen
3509 3849 3621 3906 pax

2025 3923 2146 3990 Dei,
2179 3925 2292 3978 alia
2323 3924 2518 3983 mundi
2550 3930 2654 3990 est,
2679 3923 2814 3995 quia
2841 3928 2899 3976 et
2933 3921 3166 3992 maligni
3197 3925 3254 3976 et
3272 3920 3482 3992 spurici
3511 3921 3618 3977 ha—

2024 4012 2158 4068 bent
2175 4029 2388 4084 pacem,
2413 4013 2510 4068 sed
2533 4012 2602 4066 ad
2625 4011 3046 4074 damnationem
3071 4029 3082 4064 :
3109 4010 3318 4066 Christi
3338 4011 3490 4066 enim
3509 4026 3618 4082 pax

2023 4101 2316 4176 libera.est
2356 4118 2392 4156 a
2419 4101 2694 4172 peccatis;
2731 4097 3026 4172 perﬁdiam
3045 4099 3196 4160 enim
3225 4099 3390 4170 fugit,
3422 4099 3616 4154 dolum

344 4194 581 4256 estates,
609 4190 946 4246 auctoritate
965 4205 1248 4246 concessa.
1275 4191 1333 4246 Si
1353 4207 1486 4261 ergo
1510 4208 1651 4262 quos
1660 4192 1933 4260 judicent,
2021 4191 2256 4261 spernit,
2280 4190 2443 4248 factis
2462 4190 2625 4244 malis
2659 4194 2956 4260 repugnat.
2989 4185 3120 4244 Haec
3148 4189 3264 4244 Deo
3294 4187 3502 4259 placita
3529 4196 3621 4248 est

345 4293 459 4334 non
483 4279 617 4345 sint,
651 4285 906 4353 cessante
934 4280 992 4334 in
1023 4280 1110 4336 his
1135 4279 1489 4345 auctoritate.
1525 4281 1684 4351 quasi
1714 4280 1936 4350 reprobi
1953 4343 1996 4353 _
2019 4286 2078 4334 et
2103 4279 2304 4345 amica,
2333 4278 2554 4342 diabolo
2582 4282 2773 4338 autem
2802 4277 3058 4346 inimica;
3091 4277 3238 4334 hanc
3268 4277 3362 4349 qui
3397 4275 3617 4330 habue-

341 4343 618 4424 videntur.
641 4369 766 4424 Non
783 4343 932 4423 enim
948 4383 1236 4437 possumus
1261 4343 1484 4438 aliquid
1501 4343 1762 4429 adversus
1778 4343 1938 4424 -veri-
1953 4343 2002 4404 D
2019 4369 2112 4434 rit,
2143 4343 2374 4425 habebit
2399 4375 2458 4422 et
2483 4367 2841 4425 dilectionem
2878 4343 3054 4432 siinul
3096 4371 3154 4420 et
3190 4343 3370 4430 Deum
3417 4380 3616 4423 eorum

343 4459 528 4523 ωεοπι,
551 4459 645 4512 sed
661 4474 764 4528 pro
802 4461 1046 4512 veritate.
1080 4457 1198 4514 Hoc
1225 4457 1360 4513 dicit
1387 4457 1521 4528 quia
1549 4463 1796 4528 potestas
1825 4475 1936 4518 non
2019 4457 2092 4512 ad
2114 4455 2412 4514 tuitionem
2441 4463 2791 4528 perpetuam.
2819 4457 3068 4512 Salutate
3085 4457 3320 4512 invicem
3341 4457 3404 4516 in
3432 4457 3615 4510 osculo

340 4551 428 4606 est
457 4546 592 4602 dats
633 4552 834 4601 contra
860 4547 1172 4614 Veritatem,
1204 4551 1270 4600 ut
1303 4552 1546 4617 arguant
1571 4546 1716 4604 bene
1747 4548 1933 4611 viven-
2018 4553 2224 4602 sancto.
2259 4547 2390 4603 Haec
2428 4545 2694 4608 salutatio
2725 4543 3103 4601 ecclesiastica
3120 4549 3224 4610 est,
3251 4543 3386 4615 quia
3422 4542 3616 4598 oscula

335 4640 474 4700 tem,
495 4636 598 4689 sed
625 4649 726 4706 pro
753 4637 1010 4704 veritate,
1042 4641 1108 4691 ut
1136 4636 1420 4692 vindicent
1446 4637 1505 4692 in
1535 4653 1667 4697 eum
1699 4637 1794 4708 qui
1823 4637 1934 4692 ini-

333 4722 668 4794 micuslegis
683 4730 788 4792 est;
807 4725 1045 4796 ideoque
1056 4725 1297 4780 cessabit
1321 4731 1587 4796 potestas,
1603 4725 1651 4785 Ii
1664 4727 1814 4798 quod
1833 4727 1933 4782 bo-

335 4823 472 4865 num
509 4816 598 4868 est
622 4811 876 4867 fecerint.
913 4815 1074 4869 Unde
1103 4815 1178 4869 ad
1216 4815 1498 4870 Romanos
1529 4815 1610 4872 ait
1643 4833 1654 4870 ε
1710 4817 1792 4870 Vis
1821 4833 1934 4872 non

336 4902 530 4960 timere
550 4902 904 4970 pietatem?
932 4904 1146 4958 Bonum
1173 4905 1280 4971 fac,
1294 4909 1345 4957 et
1371 4904 1588 4958 habebis
1622 4907 1845 4962 tandem
1869 4922 1935 4959 ex

331 4991 437 5044 illa
468 4991 640 5058 (lim.
680 4994 816 5060 nn).
873 4992 1018 5046 Cum
1048 5005 1184 5062 ergo
1215 5009 1328 5050 non
1356 4992 1520 5048 timet
1559 4993 1765 5052 bonum
1794 5008 1930 5065 ope-

327 5078 1204 5152 mdo,svnwataestapudeum
1233 5069 1511 5152 potestas}
1528 5081 1633 5137 hoc
1643 5087 1747 5148 est,
1769 5083 1927 5153 quasi

327 5165 633 5238 κρῖ-σιω
667 5184 812 5236 esse,
847 5169 979 5240 quia
1015 5169 1122 5223 hoc
1150 5169 1209 5224 in
1240 5185 1308 5222 eo
1333 5177 1516 5224 cessat
1543 5171 1693 5228 unde
1721 5171 1924 5242 proba-

326 5261 424 5313 tur
451 5262 715 5327 potestas.
748 5258 1059 5314 Gaudemus
1087 5264 1272 5312 autem
1309 5261 1533 5326 quando
1581 5275 1676 5314 nos
1705 5263 1927 5328 inﬁrmi

327 5358 541 5411 sumus,
571 5361 662 5399 vos
686 5351 874 5400 autem
899 5351 1136 5414 potentes
1165 5349 1309 5399 estis.
1350 5346 1468 5400 Hoc
1503 5353 1589 5400 est
1627 5347 1920 5414 inﬁrmari,

325 5445 439 5486 non
451 5446 711 5488 exercere
730 5439 1086 5504 potestatem;
1102 5434 1204 5488 hos
1215 5440 1403 5490 autem
1417 5440 1576 5505 Optat
1591 5435 1765 5493 fortes
1777 5453 1919 5497 esse.

2017 4637 2134 4694 haec
2165 4652 2278 4700 non
2309 4635 2577 4702 carnalia,
2593 4635 2689 4692 sed
2704 4633 2982 4706 spiritalia
2993 4639 3148 4702 sunt,
3173 4649 3296 4704 quas
3317 4631 3616 4704 complexu

2015 4741 2314 4796 corporum
2323 4723 2539 4783 animos
2564 4724 2847 4795 copulant,
2864 4739 2978 4780 non
2995 4721 3278 4777 desiderio
3289 4720 3495 4787 carnis,
3511 4721 3612 4777 sed

2014 4815 2263 4886 spiritus.
2294 4813 2559 4874 Salutant
2585 4829 2674 4866 vos
2697 4815 2880 4870 sancti
2899 4827 3106 4872 omnes.
3136 4811 3410 4870 Provocat
3425 4825 3522 4877 eos
3539 4810 3614 4864 ad

2014 4905 2393 4963 sanctitatem.
2411 4907 2476 4956 ut
2496 4907 2555 4956 et
2567 4901 2676 4974 ipsi
2697 4899 3186 4963 sudeantreddere
3213 4899 3391 4963 vicem
3401 4899 3614 4963 sanctis

2015 4993 2075 5048 in
2100 4992 2470 5059 salutatione;
2511 4991 2637 5046 ideo
2677 4989 2828 5048 enim
2876 5005 2914 5050 a
2939 4988 3149 5047 sanctis
3177 4988 3521 5050 salutantur.
3547 4993 3615 5054 ut

2011 5082 2135 5138 illos
2162 5081 2474 5139 imitentur.
2501 5080 2697 5139 Gratia
2713 5081 2942 5134 Domini
2958 5080 3137 5134 nostri
3153 5079 3281 5140 Iesu
3303 5077 3528 5141 Christi,
3561 5083 3612 5130 et

2008 5171 2254 5230 clioritas
2285 5171 2383 5224 Dei
2411 5175 2460 5224 et
2479 5169 2904 5224 communicatio
2921 5168 3102 5225 sancti
3115 5166 3366 5234 Spiritus
3389 5167 3611 5230 sitcum

2008 5261 2262 5316 munibus
2289 5260 2453 5314 vobis.
2501 5259 2694 5320 Amen.
2725 5253 3016 5318 Trinitatis
3043 5253 3135 5321 hic
3161 5251 3470 5325 complexio
3495 5258 3603 5317 est,

2006 5354 2066 5404 et
2092 5348 2282 5406 unitas
2301 5347 2617 5418 potestatis,
2637 5363 2762 5417 quae
2791 5345 2966 5400 totius
2994 5342 3195 5400 salutis
3214 5341 3482 5414 perfectis
3496 5342 3602 5396 est.

2007 5436 2241 5493 Dilectio
2269 5435 2418 5496 enim
2466 5435 2566 5490 Dei
2614 5435 2772 5491 misit
2821 5431 2985 5496 nobis
3030 5432 3367 5488 salvatorem
3412 5429 3606 5492 Jesnm

322 5519 557 5622 ullane
583 5528 816 5592 agunto.
857 5523 996 5576 vitia
1045 5523 1290 5590 vincant,
1327 5528 1388 5578 et
1421 5523 1758 5594 prohibeant
1786 5542 1824 5582 ει
1860 5540 1921 5586 se
2002 5527 2164 5596 ciuus
2188 5524 2377 5596 vatis
2400 5523 2600 5588 animi
2641 5539 2867 5588 ssmssr
2907 5521 2985 5586 Ut
3022 5519 3414 5593 possideamur
3453 5517 3602 5584 hanc
