3966 6168
347 312 448 370 "247

943 315 1004 369 Β.
1046 312 1316 368 RABANI
1355 311 1585 366 MAURI
1623 310 1959 365 ARCHIEP.
2001 310 2323 365 MOGUNT.
2366 309 2662 364 OPERUM
2700 307 2884 362 PARS
2921 307 3019 362 III.

3510 302 3615 359 248

346 439 706 511 permittente
726 438 962 492 Domino
993 443 1050 490 et
1070 437 1371 505 adiuvante
1387 435 1638 487 studium
1668 438 1943 498 nostrum,
1959 438 2003 494 Α
2027 433 2174 504 quod
2196 449 2376 504 neque
2397 432 2466 486 ab
2499 431 2818 486 hominibus
2837 439 2940 495 est,
2973 445 3156 501 neque
3183 445 3284 500 per
3309 427 3612 495 hominem,

347 529 426 583 sic
453 527 858 584 consideranda
889 531 946 580 et
973 525 1270 579 tractanda
1298 523 1661 594 suscepimus.

843 632 1075 688 CAPUT
1136 630 1442 686 PRIMUM.

349 725 646 791 Redarguit
664 724 946 792 Apostolus
966 721 1188 778 Galatas
1207 721 1271 774 de
1298 721 1467 792 veloci
1493 717 1944 792 translationeab

421 788 723 862 Evangelia
744 792 970 854 Christi,
988 792 1133 860 quod
1159 795 1277 844 tum
1306 789 1592 859 Apostolus
1613 804 1724 842 non
1752 789 1821 842 ab
1848 788 1942 841 ho-

421 867 572 918 mine
599 866 820 932 accepit,
853 864 945 917 sed
971 879 1006 917 a
1025 863 1260 917 Christo.

421 972 630 1026 Paulus
655 972 930 1040 apostolus
959 984 1070 1022 non
1099 968 1168 1022 ab
1196 967 1538 1027 hominibus,
1557 981 1726 1035 neque
1737 980 1838 1034 per
1851 965 1946 1018 ho-

354 1062 580 1124 minem,
610 1059 703 1112 sed
726 1074 826 1127 per
869 1060 1055 1111 Jesum
1088 1055 1370 1110 Christum
1417 1060 1468 1108 et
1513 1056 1685 1108 Deum
1730 1055 1950 1107 Patrem

353 1151 452 1218 qui
478 1149 766 1202 suscitavit
783 1163 908 1200 eum
937 1162 972 1198 a
1001 1147 1258 1198 mortuis.
1279 1142 1518 1212 (A-mbr.)
1539 1141 1869 1213 Apostolum
1891 1157 1951 1194 se

353 1252 466 1291 non
486 1235 556 1290 ab
585 1233 905 1289 hominibus
934 1233 1192 1298 electum,
1217 1238 1274 1286 et
1305 1232 1539 1286 missum
1569 1230 1954 1302 adpraedican-

356 1325 490 1380 dum
519 1329 804 1378 testatur:
858 1323 1003 1376 sicut
1058 1327 1220 1375 erant
1277 1321 1505 1392 quidam
1553 1319 1647 1391 qui
1695 1319 1856 1372 electi
1885 1317 1955 1372 ab

357 1413 624 1486 apostolis
649 1411 1018 1466 mittebantur
1045 1411 1116 1464 ad
1147 1411 1420 1464 Ecclesias
1450 1408 1820 1474 roborandus;
1856 1423 1956 1460 ne-

361 1519 468 1574 que
495 1501 642 1556 sicut
668 1501 762 1555 alii
785 1500 882 1571 qui
928 1517 963 1554 a
997 1499 1205 1554 Iudaeis
1243 1497 1615 1552 mittebantur
1645 1497 1715 1550 ad
1748 1497 1958 1550 distur-

361 1591 572 1646 bandas
595 1589 893 1656 Ecclesias;
931 1605 1072 1660 quos
1100 1587 1598 1659 pseudoapostolos
1644 1591 1824 1650 vocat,
1861 1585 1958 1638 sed

362 1697 398 1735 a
425 1679 565 1736 Filio
592 1679 694 1734 Dei
739 1677 972 1732 missum
1003 1693 1082 1744 se,
1120 1693 1288 1747 quem
1318 1676 1376 1730 in
1418 1677 1523 1730 hac
1551 1690 1721 1730 causa
1751 1673 1958 1728 idcirco

2025 521 2121 575 sed
2152 538 2253 593 per
2279 523 2306 576 J
2311 538 2471 576 esum
2521 521 2807 575 Christum
2837 525 2894 574 et
2923 519 3102 573 Deum
3132 519 3358 573 Patrem
3387 536 3398 570 :
3442 516 3612 578 aliud,

2025 611 2175 680 quod
2203 627 2239 666 a
2268 611 2382 665 Deo
2413 609 2640 682 quidem
2669 615 2773 675 est,
2792 609 2890 662 sed
2914 607 3305 680 perhominem
3329 625 3341 660 :
3363 606 3614 670 tertium,

2027 700 2174 770 quod
2201 699 2272 754 ab
2300 699 2528 754 homine
2553 704 2612 754 et
2625 715 2783 754 nona
2801 699 2946 752 Deo:
2973 702 3255 768 quartum,
3271 695 3420 768 quod
3438 711 3620 768 neque

2027 804 2064 842 a
2091 789 2226 856 Deo,
2258 805 2440 860 neque
2458 805 2561 860 per
2588 787 2890 854 hominem,
2922 784 3182 858 nequeab
3203 784 3448 851 homine,
3468 785 3566 839 sed
3587 803 3622 838 a
3673 774 3681 781 ’

2029 877 2350 949 semetipso.
2386 879 2466 932 De
2493 878 2676 950 primo
2720 893 2925 948 genere
2970 880 3154 946 potest
3181 891 3305 929 esse
3340 873 3533 940 Isaias,
3567 884 3624 929 et

2030 967 2216 1020 caeteri
2261 967 2566 1039 prophetae,
2627 972 2684 1020 et
2737 967 2857 1038 ipse
2912 965 3198 1037 apostolus
3256 965 3486 1029 Paulus,
3527 963 3624 1034 qui

2033 1072 2214 1126 neque
2241 1055 2311 1109 ab
2331 1055 2652 1110 hominibus
2681 1072 2864 1126 neque
2884 1071 2984 1126 per
3011 1053 3428 1119 hominem,sed
3449 1069 3485 1106 a
3510 1052 3626 1106 Deo

2033 1145 2200 1198 Patre
2255 1151 2313 1198 et
2359 1145 2582 1198 Christo
2645 1143 2851 1198 missus
2903 1149 3006 1197 est.
3056 1143 3136 1197 De
3167 1141 3430 1207 secundo,
3464 1141 3628 1196 Jesus

2037 1233 2186 1288 ﬁlius
2213 1234 2384 1300 Nave,
2420 1233 2516 1304 qui
2543 1250 2579 1288 a
2623 1233 2738 1288 Deo
2781 1231 3023 1303 quidem
3051 1237 3138 1286 est
3163 1231 3450 1302 apostolus
3491 1246 3628 1284 con-

2037 1322 2288 1386 stitutus,
2323 1322 2420 1376 sed
2445 1339 2544 1394 per
2571 1321 2874 1386 hominem,
2899 1322 3148 1392 Moysen.
3181 1319 3433 1374 Tertium
3451 1335 3628 1389 genus

2040 1417 2143 1478 est,
2158 1427 2286 1466 cum
2295 1411 2588 1466 hominum
2605 1410 2794 1465 favore
2813 1415 2869 1464 et
2889 1409 3074 1464 studio
3095 1408 3297 1481 aliquis
3315 1407 3626 1474 ordinatur,

2041 1505 2106 1554 ut
2128 1517 2276 1554 nunc
2295 1501 2548 1554 videmus
2581 1500 2854 1572 plurimos
2887 1516 2998 1554 non
3029 1499 3129 1552 Dei
3150 1498 3380 1569 judicio,
3413 1497 3512 1551 sed
3539 1513 3630 1551 re-

2042 1589 2268 1661 dempta
2299 1590 2484 1644 favore
2503 1589 2655 1660 vulgi
2677 1589 2734 1643 in
2751 1588 3125 1642 sacerdotium
3136 1586 3447 1658 subrogari.
3461 1585 3638 1650 Quar-

2041 1683 2162 1731 tum
2193 1684 2281 1733 est
2300 1678 2916 1750 pseudoprophetarum
2946 1683 3004 1730 et
3021 1674 3634 1748 pseudoapostolorum,
3731 1703 3735 1706 -

363 1767 643 1823 hominem
674 1783 882 1838 negare
899 1766 1146 1820 videtur:
1174 1765 1308 1836 quia
1335 1770 1614 1836 praecepta
1633 1763 1791 1834 quasi
1812 1763 1962 1817 Deus
1981 1750 2026 1810 Β
2047 1767 2116 1820 de
2146 1767 2348 1838 quibus
2377 1767 2676 1838 Apostolus
2727 1785 2738 1819 :
2785 1765 3120 1830 Istiusmodi,
3162 1765 3364 1836 inquit,
3409 1764 3640 1833 pseudo-

363 1857 536 1926 dedit,
550 1872 663 1912 non
681 1855 842 1928 quasi
859 1855 1044 1921 homo,
1063 1859 1122 1908 et
1145 1870 1312 1925 quem
1337 1853 1526 1922 elegit,
1545 1852 1730 1906 divino
1751 1851 1963 1922 judicio

365 1947 552 2018 elegit.
586 1945 697 2000 Per
726 1944 875 2016 quod
903 1943 1168 1997 idoneum
1199 1946 1256 1996 et
1285 1945 1512 1996 ﬁrmum
1542 1957 1602 1994 se
1634 1940 1963 2012 praedicato-

366 2051 487 2090 rem
504 2033 818 2105 signiﬁcat:
861 2033 995 2104 quia
1031 2033 1210 2086 multo
1233 2031 1428 2102 utique
1450 2031 1650 2084 melior
1681 2035 1768 2084 est
1798 2045 1966 2100 quem

367 2124 536 2191 Deus,
566 2139 740 2195 quam
777 2137 944 2193 quem
974 2121 1143 2176 homo
1189 2119 1362 2190 eligit.
1397 2119 1594 2188 Neque,
1636 2117 1838 2188 inquit,
1869 2133 1968 2186 per

369 2215 666 2279 hominem,
687 2211 833 2266 sicut
861 2207 1280 2265 arbitrabantur
1299 2209 1369 2262 de
1390 2206 1612 2266 Christo
1633 2207 1728 2278 qui
1751 2207 1852 2260 hos
1872 2222 1966 2260 co-

367 2303 578 2374 gebant
601 2299 944 2366 circumcidi,
977 2300 1069 2353 sed
1090 2314 1190 2368 per
1221 2300 1408 2352 Jesum
1435 2298 1738 2359 Christum,
1771 2295 1827 2350 id
1859 2300 1964 2361 est,

371 2408 473 2464 per
490 2407 620 2446 eum
640 2389 736 2462 qui
757 2390 906 2444 Deus
937 2393 995 2443 et
1021 2388 1190 2442 homo
1219 2393 1322 2441 est.
1373 2385 1534 2450 Quod
1564 2385 1755 2439 statim
1788 2383 1971 2460 aperit

371 2497 500 2536 cum
529 2479 666 2534 dicit
697 2497 708 2532 :
739 2479 806 2532 Et
849 2479 1021 2532 Deum
1051 2479 1271 2531 Patrem
1319 2477 1418 2544 qui
1463 2477 1744 2544 suscitavit
1781 2489 1906 2526 eum
1933 2489 1970 2526 a

373 2565 630 2622 mortuis.
665 2567 784 2620 Hoc
810 2566 958 2620 dicto
989 2565 1129 2619 duas
1156 2539 1398 2618 haereses
1428 2539 1732 2628 damnavit,
1765 2567 1822 2615 et
1849 2562 1971 2614 Ma-

375 2656 574 2712 nichmi
603 2662 660 2709 et
701 2653 961 2720 Photini;
995 2652 1127 2724 quia
1175 2651 1514 2707 Manichmus
1553 2649 1838 2704 Christum
1867 2649 1971 2703 ho-

375 2745 585 2800 minem
607 2748 794 2814 negat,
828 2748 886 2796 et
905 2759 1018 2796 non
1037 2746 1206 2812 negat
1228 2740 1558 2794 cruciﬁxum
1582 2743 1593 2792 ἐ
1630 2745 1688 2792 et
1699 2737 1970 2792 Photinus

378 2833 666 2890 Christum
694 2832 873 2886 Deum
901 2847 1023 2886 esse
1051 2847 1165 2884 non
1196 2828 1468 2895 concedit,
1503 2834 1560 2882 et
1578 2835 1768 2882 tamen
1789 2827 1970 2898 ipsum

377 2939 458 2989 se,
489 2921 595 2975 hoc
623 2925 728 2985 est,
777 2935 979 2990 corpus
1010 2935 1174 2972 suum
1214 2916 1484 2972 excitasse
1525 2933 1560 2971 a
1586 2916 1824 2970 mortuis
1873 2932 1973 2969 ne-

379 3027 514 3083 gare
543 3025 657 3064 non
685 3008 887 3074 audet;
910 3013 974 3062 ut
1003 3006 1342 3062 Manichzeus
1361 3022 1489 3060 cum
1508 3005 1833 3060 cruciﬁxum
1863 3021 1974 3058 non

2045 1859 2292 1925 apostoli,
2329 1858 2576 1926 operarii
2589 1857 2929 1924 iniquitatis,
2985 1857 3448 1922 transﬁgurantes
3485 1867 3538 1906 se
3578 1855 3644 1906 in

2047 1948 2309 2015 apostolos
2331 1945 2538 2000 Christi
2553 1948 2654 2014 qui
2685 1946 2917 1998 dicunt:
2939 1943 3062 1998 Haec
3089 1944 3225 1997 dicit
3251 1944 3520 1997 Dominus
3551 1960 3567 1995 :
3596 1947 3647 1994 et

2049 2036 2318 2088 Dominus
2349 2049 2460 2088 non
2488 2036 2643 2088 misit
2671 2049 2753 2088 eos
2777 2033 2860 2100 (II
2887 2032 3008 2087 Cor.
3041 2035 3140 2101 xI).
3174 2031 3386 2086 Verum
3413 2046 3528 2086 non
3557 2036 3647 2084 ta-

2049 2123 2118 2177 lis
2134 2122 2437 2194 Apostolus
2457 2123 2685 2188 Paulus,
2719 2122 2816 2193 qui
2843 2137 3025 2192 neque
3045 2121 3114 2175 ab
3132 2119 3450 2174 hominibus
3461 2135 3644 2191 neque

2051 2229 2151 2283 per
2169 2211 2472 2277 hominem,
2505 2211 2601 2265 sed
2621 2229 2654 2264 a
2671 2211 2788 2266 Deo
2811 2211 2978 2264 Patre
3003 2225 3105 2280 per
3125 2209 3154 2263 J
3159 2225 3315 2263 esum
3359 2208 3647 2264 Christum

2051 2301 2256 2355 missus
2267 2306 2370 2354 est.
2378 2299 2454 2356 Ex
2465 2317 2576 2371 quo
2587 2299 2932 2372 approbatur
2944 2298 3168 2353 Ebionis
3179 2303 3236 2352 et
3244 2297 3466 2352 Photini
3477 2297 3646 2352 etiam

2051 2389 2180 2443 hinc
2193 2388 2420 2444 haeresis
2431 2389 2800 2454 retundenda,
2817 2387 2966 2459 quod
2985 2387 3258 2442 Dominus
3275 2391 3469 2441 noster
3485 2387 3514 2441 J
3518 2403 3648 2440 esus

2053 2477 2310 2532 Christus
2339 2478 2489 2532 Deus
2509 2478 2601 2544 sit,
2639 2478 2773 2532 dum
2802 2476 3103 2548 Apostolus
3137 2477 3232 2548 qui
3262 2493 3296 2530 a
3325 2476 3546 2530 Christo
3576 2475 3650 2529 ad

2054 2566 2504 2638 praedicationem
2538 2565 2819 2637 Evangelii
2851 2565 3058 2619 missus
3088 2571 3192 2631 est,
3226 2570 3395 2634 negat
3421 2581 3481 2618 se
3513 2563 3650 2618 mis-

2054 2673 2180 2710 sum
2197 2671 2318 2710 esse
2340 2655 2410 2710 ab
2432 2655 2674 2710 homine.
2692 2653 3128 2725 Subrepunthoc
3157 2655 3278 2708 loco
3291 2657 3504 2708 caetera
3532 2653 3648 2706 hae-

2054 2761 2224 2811 reses,
2257 2761 2379 2816 quae
2408 2745 2716 2816 putativam
2755 2743 2965 2799 Christi
3014 2757 3240 2798 carnem
3277 2742 3642 2806 vindicantes,

2053 2835 2233 2887 Deum
2263 2833 2423 2888 aiunt
2453 2833 2740 2888 Christum
2762 2850 2901 2899 esse,
2921 2850 3033 2888 non
3059 2832 3362 2886 hominem.
3397 2832 3512 2886 Nec
3535 2847 3650 2884 non

2057 2929 2114 2976 et
2133 2938 2276 2976 nova
2287 2922 2535 2987 haeresis,
2558 2939 2682 2993 quae
2701 2922 3050 2976 dimidiatam
3073 2921 3280 2976 Christi
3299 2919 3502 2975 asserit
3527 2919 3647 2973 dis-

2056 3011 2460 3081 pensationem.
2503 3012 2686 3082 Atque
2720 3011 2800 3064 ita
2843 3011 3100 3064 Ecclesiae
3138 3010 3278 3064 ﬁdes
3316 3009 3466 3063 inter
3491 3013 3650 3062 tanta

382 3102 570 3170 negat,
601 3098 772 3152 stulte
797 3113 928 3151 eum
955 3095 1242 3150 hominem
1271 3112 1386 3148 non
1413 3094 1577 3148 fateri
1607 3093 1886 3160 videatur;
1919 3097 1976 3147 et
1996 3107 2040 3168 α
2061 3097 2328 3152 falsorum
2357 3099 2686 3169 dogmatum
2733 3099 3026 3170 naufragia
3064 3099 3388 3162 constituta,
3420 3098 3468 3150 si
3490 3096 3655 3152 Chri-

382 3187 654 3242 Photinus
680 3185 968 3258 impietate
997 3185 1239 3256 quadam
1259 3184 1438 3238 Deum
1458 3199 1684 3253 negare,
1699 3199 1866 3254 quem
1895 3198 1978 3236 se-

380 3276 567 3348 ipsum
587 3273 870 3330 amortuis
885 3273 1153 3328 excitasse
1169 3272 1566 3342 fatetur.Legit
1586 3271 1734 3325 enim
1749 3271 1980 3325 dixisset

313 3426 324 3434 _
381 3365 686 3420 Dominum
707 3382 719 3416 :
743 3362 944 3418 Solvite
975 3367 1237 3431 templum
1265 3363 1444 3426 hoc,et
1471 3377 1562 3430 ego
1583 3363 1760 3415 tribus
1791 3361 1978 3414 diebus

383 3454 624 3508 excitabo
651 3455 827 3508 illud:
853 3453 950 3506 hoc
977 3456 1162 3504 autem
1193 3452 1402 3504 dicebat
1431 3452 1494 3504 de
1512 3452 1704 3518 templo
1736 3451 1976 3518 corporis

383 3545 476 3596 sui
491 3543 671 3610 (Joan.
686 3545 765 3611 ιι).
786 3541 966 3612 Igitur
987 3541 1108 3612 ipse
1128 3539 1374 3594 excitans
1384 3555 1444 3593 se
1457 3539 1756 3604 amortuis,
1775 3554 1976 3608 corpus

384 3647 549 3686 suum
571 3631 850 3702 signiﬁcat
867 3647 902 3684 a
920 3629 1158 3684 mortuis
1169 3645 1230 3683 se
1249 3628 1601 3694 excitasse,et
1617 3627 1978 3681 nihilominus

383 3726 575 3776 tamen
602 3737 637 3774 a
667 3721 835 3774 Patre
857 3734 959 3774 suo
971 3719 1176 3774 dicitur
1194 3718 1486 3783 excitatus,
1511 3721 1811 3788 propterea
1830 3715 1977 3786 quod

387 3808 568 3864 omnis
579 3809 756 3864 virtus
778 3808 900 3864 Filii
919 3809 989 3863 de
1006 3809 1174 3862 Patre
1193 3812 1366 3872 est,ut
1383 3812 1545 3878 gesta
1560 3805 1684 3860 Filii
1701 3805 1849 3860 facta
1869 3805 1982 3859 sint

387 3899 571 3954 Patris
592 3915 659 3952 ex
686 3915 796 3970 quo
817 3903 951 3952 sunt
976 3897 1182 3952 omnia.
1210 3897 1536 3965 (Hicr.)Nec
1547 3894 1982 3966 praetermitten-

387 3989 522 4042 dum
549 3987 698 4058 quod
708 3985 1259 4040 Hebrzeiaiuntinter
1277 3985 1428 4054 ipsos
1449 4001 1670 4056 quoque
1682 3983 1984 4054 prophetas

387 4081 445 4131 et
471 4081 696 4129 sanctos
723 4074 870 4127 viros
909 4089 1031 4128 esse
1071 4073 1343 4144 quosdam
1387 4072 1482 4144 qui
1529 4077 1586 4126 et
1613 4072 1900 4142 prophetae
1929 4077 1986 4124 et

389 4163 626 4235 apostoli
672 4162 803 4227 sint,
835 4162 975 4216 alios
1003 4178 1132 4215 vero
1179 4161 1274 4232 qui
1299 4167 1522 4214 tantum
1547 4161 1850 4232 prophetas.
1883 4161 1987 4214 De-

2060 3195 2210 3243 stum
2240 3187 2485 3242 fateatur
2512 3189 2815 3254 hominem,
2850 3187 3024 3242 Ebion
3056 3187 3441 3258 Photinusque
3459 3185 3657 3241 subre-

2061 3282 2204 3348 punt
2237 3295 2247 3329 :
2296 3277 2344 3330 si
2401 3278 2580 3332 Deum
2636 3295 2759 3332 esse
2805 3277 3172 3344 contenderit,
3217 3275 3556 3330 Manichmus
3601 3281 3659 3328 et

2060 3365 2326 3433 Marcion,
2360 3372 2417 3420 et
2473 3366 2673 3420 novelli
2729 3367 3008 3437 dogmatis
3043 3371 3300 3420 auctores
3359 3363 3654 3418 ebulliunt.

2059 3457 2122 3510 In
2144 3471 2439 3508 commune
2463 3455 2651 3526 itaque
2672 3455 2904 3510 audiant
2936 3455 3223 3510 Christum
3244 3459 3302 3508 et
3326 3453 3505 3508 Deum
3536 3468 3660 3506 esse

2058 3550 2114 3598 et
2135 3544 2443 3598 hominem:
2462 3561 2573 3598 non
2594 3545 2746 3616 quod
2766 3545 2909 3598 alius
2921 3545 3071 3599 Deus
3096 3545 3170 3598 sit
3187 3548 3245 3597 et
3265 3542 3410 3596 alius
3441 3541 3608 3596 homo
3645 3559 3656 3594 :

2059 3633 2156 3686 sed
2185 3633 2333 3703 quod
2365 3633 2460 3704 qui
2501 3633 2650 3688 Deus
2681 3650 2902 3704 semper
2932 3639 3073 3700 erat,
3097 3633 3266 3687 homo
3307 3630 3378 3686 ob
3407 3636 3659 3685 nostram

2062 3721 2301 3776 salutem
2329 3738 2452 3776 esse
2471 3721 2736 3792 dignatus
2756 3729 2859 3776 est.
2897 3724 3082 3792 (Aug.)
3117 3721 3224 3786 Qui
3243 3719 3314 3774 ab
3341 3717 3664 3775 hominibus

2063 3810 2325 3893 mittitur,
2369 3811 2606 3865 mendax
2645 3817 2767 3876 est;
2812 3811 2907 3882 qui
2941 3827 3040 3882 per
3076 3810 3360 3865 hominem
3397 3808 3666 3862 mittitur.

2065 3903 2250 3970 potest
2277 3916 2400 3953 esse
2426 3916 2590 3953 verax
2617 3919 2627 3952 :
2675 3899 2809 3971 quia
2855 3906 2912 3954 et
2941 3901 3092 3954 Deus
3147 3916 3313 3953 verax
3341 3901 3527 3969 potest
3565 3913 3673 3968 per

2065 3989 2349 4042 hominem
2368 3988 2610 4042 mittere.
2639 3989 2746 4053 Qui
2761 4006 2893 4060 ergo
2916 4005 3098 4059 neque
3109 3987 3179 4042 ab
3198 3986 3539 4052 hominibus,
3566 4003 3672 4042 ne-

2068 4093 2174 4147 que
2206 4094 2306 4147 per
2358 4077 2662 4143 hominem,
2696 4077 2794 4131 sed
2833 4094 2935 4149 per
2963 4078 3142 4131 Deum
3173 4076 3436 4142 mittitur,
3469 4074 3540 4130 ab
3568 4075 3671 4130 illo

2066 4182 2232 4219 verax
2263 4171 2385 4220 est:
2437 4165 2533 4236 qui
2563 4165 2732 4220 etiam
2764 4183 2864 4238 per
2893 4166 3176 4220 hominem
3215 4165 3416 4219 missos
3443 4181 3673 4218 veraces

387 4252 560 4322 nique
593 4251 843 4322 Moysen,
875 4250 965 4304 cui
1007 4249 1247 4304 dicitur:
1285 4251 1408 4304 Ecce
1449 4266 1540 4318 ego
1585 4253 1807 4304 mittam
1840 4255 1886 4302 te
1913 4250 1989 4303 ad
2067 4253 2446 4308 facit.Priores
2470 4271 2603 4324 ergo
2643 4254 2881 4325 apostoli
2925 4270 3168 4320 veraces,
3201 4253 3297 4324 qui
3326 4268 3437 4307 non
3464 4251 3534 4306 ab
3563 4251 3672 4306 ho-

389 4341 733 4395 Pharaonem
763 4339 951 4407 (Exod.
989 4339 1090 4409 In);
1125 4345 1182 4392 et
1202 4337 1321 4410 ipse
1347 4337 1684 4410 respondeat
1715 4355 1725 4390 :
1759 4339 1986 4392 Provide

2067 4341 2311 4396 minibus
2342 4343 2440 4396 sed
2473 4359 2507 4396 a
2535 4343 2650 4396 Deo
2679 4359 2780 4413 per
2807 4342 3090 4397 hominem
3119 4342 3276 4396 missi
3306 4346 3458 4406 sunt,
3491 4347 3548 4394 et
3565 4357 3674 4412 per

387 4431 571 4482 alium
599 4444 758 4498 quem
789 4431 978 4482 mittas
999 4429 1219 4494 (Ibid.);
1253 4433 1312 4482 et
1350 4426 1554 4482 Isaiam
1603 4427 1693 4482 cui
1736 4426 2260 4504 loquiturDJcsum
2309 4431 2594 4485 Christum
2643 4431 2855 4486 scilicet
2910 4432 3092 4484 adhuc
3129 4430 3444 4484 mortalem.
3483 4429 3670 4483 Verax

389 4519 538 4572 Deus
570 4535 582 4571 :
619 4518 786 4586 Quem
818 4521 1115 4582 mittam,et
1132 4520 1256 4586 quis
1282 4517 1382 4570 ibit
1405 4517 1480 4569 ad
1495 4519 1762 4586 populum
1777 4513 1984 4568 istum?

391 4608 520 4672 (lsa.
545 4613 780 4672 vi.)esse
809 4611 866 4660 et
893 4605 1175 4677 apostolos
1202 4611 1260 4659 et
1287 4605 1607 4676 prophetas.
1627 4604 1785 4659 Unde
1797 4609 1855 4658 et
1881 4620 1984 4656 nos

389 4710 688 4768 possumus
715 4693 1028 4764 intelligere
1055 4695 1329 4749 Joannem
1357 4710 1580 4766 quoque
1609 4693 1920 4764 Baptistam
1931 4697 1990 4746 et

392 4782 724 4855 prophetam
752 4787 810 4836 et
857 4783 1174 4852 apostolum
1226 4783 1642 4856 appellandum,
1687 4781 1984 4852 siquidem,

393 4871 477 4926 ait
489 4869 781 4942 Scriptura
798 4889 809 4924 :
829 4871 958 4926 Fuit
977 4872 1134 4926 homo
1155 4875 1354 4926 missus
1369 4888 1404 4926 a
1421 4873 1527 4926 Deo
1542 4874 1637 4925 cui
1660 4887 1856 4924 nomen
1868 4873 1987 4922 erat

391 4963 630 5014 Joannes
671 4959 936 5032 (Joan.1).
973 4961 1038 5015 Et
1081 4961 1139 5015 in
1179 4961 1429 5032 Epistola
1451 4961 1521 5014 ad
1553 4958 1828 5013 Heebraeos
1857 4973 1986 5028 pro-

394 5053 588 5120 pterea
597 5049 835 5105 Paulum
848 5050 1014 5105 solita
1027 5049 1449 5114 consuetudine,
1464 5065 1565 5102 nec
1583 5064 1788 5102 nomen
1799 5063 1984 5114 suum,

393 5153 497 5192 nec
523 5139 762 5210 apostoli
792 5138 1123 5193 vocabulum
1154 5137 1543 5208 praeposuisse,
1577 5135 1710 5207 quia
1729 5137 1797 5189 de
1825 5135 1989 5189 Chri-

394 5232 482 5281 sto
507 5233 632 5282 erat
656 5227 908 5282 dicturus
931 5245 943 5280 :
968 5227 1231 5282 Habentes
1259 5241 1384 5292 ergo
1406 5229 1716 5293 principem
1738 5225 1983 5278 sacerdo-

398 5321 516 5370 tum
530 5322 577 5371 et
587 5321 892 5386 apostolum
915 5316 1266 5382 confessionis
1287 5303 1485 5367 nostra:
1504 5313 1870 5386 JesumUlebr.
1907 5317 1984 5381 η).

397 5419 499 5459 nec
525 5403 698 5460 fuisse
727 5420 1038 5475 congruum
1070 5408 1136 5457 ut
1159 5401 1255 5456 ubi
1296 5402 1552 5456 Christus
1589 5403 1876 5472 apostolus
1903 5401 1991 5454 di-

397 5493 609 5550 cendus
636 5500 776 5560 erat,
809 5493 884 5546 ibi
913 5491 1082 5547 etiam
1112 5491 1322 5544 Paulus
1349 5491 1634 5562 apostolus
1661 5495 1983 5564 poneretur.

397 5581 652 5647 Quatuor
703 5587 894 5636 autem
939 5595 1148 5650 genera
1186 5579 1570 5650 apostolorum
1611 5585 1784 5634 sunt:
1813 5595 1990 5633 unum

2067 4519 2234 4574 etiam
2258 4519 2592 4574 novissimus
2623 4521 2929 4592 apostolus,
2947 4521 3042 4592 qui
3056 4536 3156 4591 per
3176 4520 3204 4574 J
3210 4535 3368 4574 esum
3380 4519 3669 4574 Christum

2066 4613 2248 4662 totum
2275 4609 2396 4678 jam
2435 4609 2615 4663 Deum
2652 4615 2782 4680 post
2808 4609 3278 4663 resurrectionem
3309 4608 3432 4678 ejus
3461 4605 3671 4660 missus

2069 4703 2171 4750 est.
2206 4697 2428 4751 Priores
2458 4703 2590 4752 sunt
2615 4698 2802 4751 caeteri
2841 4697 3078 4768 apostoli
3117 4713 3218 4768 per
3251 4695 3535 4751 Christum
3565 4693 3672 4749 ad-

2068 4785 2178 4839 huc
2206 4803 2274 4840 ex
2307 4792 2466 4858 parte
2510 4787 2814 4854 hominem,
2845 4787 2903 4841 id
2935 4792 3021 4840 est
3057 4786 3353 4840 mortalem
3383 4803 3394 4838 :
3431 4783 3671 4839 novissi-

2070 4890 2196 4928 mus
2224 4880 2312 4929 est
2339 4875 2549 4929 Paulus
2580 4876 2868 4947 apostolus
2895 4892 2998 4946 per
3025 4874 3314 4929 Christum
3328 4875 3448 4944 jam
3477 4877 3666 4926 totum

2072 4963 2270 5029 Deum,
2301 4963 2356 5016 id
2384 4969 2486 5028 est,
2511 4965 2666 5018 omni
2706 4981 2772 5018 ex
2811 4969 2970 5036 parte
3007 4961 3402 5017 immortalem.
3430 4961 3516 5016 Sit
3534 4975 3676 5030 ergo

2071 5051 2378 5104 testimonii
2400 5053 2522 5122 ejus
2561 5052 2792 5123 aequalis
2815 5051 3142 5117 auctoritas,
3174 5051 3232 5104 in
3264 5052 3426 5120 cujus
3457 5049 3676 5103 honore

2071 5139 2267 5210 implet
2294 5139 2619 5194 clariﬁcatio
2648 5139 2892 5205 Domini,
2923 5139 2969 5194 si
2999 5138 3132 5210 quid
3163 5138 3334 5192 habet
3362 5137 3498 5192 ordo
3526 5141 3678 5189 tem-

2071 5227 2222 5298 poris
2241 5227 2448 5282 minus.
2480 5229 2612 5282 Ideo
2645 5229 2798 5284 enim
2839 5245 2966 5284 cum
3005 5227 3255 5294 dixisset,
3287 5232 3334 5280 et
3365 5228 3535 5280 Deum
3564 5225 3680 5278 Pa-

2075 5322 2229 5380 trem,
2251 5316 2590 5386 addidit,qui
2615 5320 2900 5371 suscitavit
2919 5320 3086 5370 illum
3111 5333 3144 5368 a
3169 5317 3490 5378 mortuis,ut
3501 5311 3680 5366 etiam

2073 5422 2136 5457 ex
2164 5405 2267 5459 hoc
2279 5405 2445 5459 modo
2459 5407 2578 5477 jam
2591 5422 2627 5458 a
2645 5405 2950 5460 clariﬁcato
2973 5404 3208 5459 missum
3229 5421 3291 5458 se
3300 5419 3422 5458 esse
3433 5399 3683 5456 breviter

2073 5499 2540 5548 commenoraret.
2577 5495 2644 5548 Et
2673 5496 2772 5564 qui
2797 5510 3008 5548 mecum
3031 5497 3163 5547 sunt
3195 5494 3402 5561 fratres
3429 5490 3682 5545 Ecclesia:

2074 5581 2302 5637 Calatia:
2329 5581 2568 5649 (Ambr.)
2593 5582 2901 5652 Postquam
2923 5581 3318 5637 auctoritatem
3339 5594 3502 5636 suam
3512 5591 3673 5632 com-
