4034 6162
302 287 390 346 ἳ49

724 251 1308 346 ENARRATIONUld
1345 290 1422 344 IN
1471 290 1621 346 EPP.
1665 293 1876 349 PAULI
1897 241 2052 350 'LIB.
2087 295 2306 350 XIV.—
2325 296 2402 351 IN
2443 293 2662 349 EPIST.
2687 291 2782 347 AD
2821 291 3078 348 GALAT.

3437 294 3542 350 250

303 411 566 474 mendavit,
597 413 779 466 adhuc
800 419 978 484 auget
1003 414 1073 468 ad
1104 430 1352 480 causam,
1400 421 1465 468 ut
1503 421 1731 470 ceteros
1763 417 1861 487 qui
1879 419 1930 477 A
1947 420 2193 472 secunda
2212 419 2525 482 nativitate,
2560 417 2660 470 filii
2688 417 2790 471 Dei
2823 417 3108 487 appellati.
3142 418 3284 472 Cum
3303 417 3455 472 enim
3481 417 3542 472 in

299 517 462 555 secum
488 507 662 565 erant,
687 517 886 556 omnes
913 507 1222 556 commotos
1252 502 1518 556 adversus
1553 520 1648 557 eos
1679 511 1862 559 osten-

300 589 448 642 deret.
481 588 742 652 Quamvis
771 591 1057 646 sufficeret
1076 584 1554 662 auctoritas-ejus,
1599 609 1700 647 nec
1733 611 1861 665 pos-

298 684 370 732 set
393 677 634 744 refutari,
656 685 851 733 tamen
873 687 940 734 ut
963 686 1160 750 gravet
1185 680 1392 735 factum
1422 681 1667 747 illorum,
1692 699 1801 754 quo
1830 701 1866 738 a

299 767 454 836 prima
479 767 586 820 fide
639 768 995 834 destiterant,
1028 770 1234 823 multos
1275 785 1468 824 secum
1513 787 1773 826 accensos
1793 773 1864 826 ad

296 871 514 909 errorem
543 856 770 911 illorum
801 858 1152 928 arguendam
1189 858 1481 928 designat:
1513 859 1678 913 facile
1715 861 1864 915 enim

297 944 476 1014 poterit
501 945 631 1015 quis
659 945 976 1017 intelligere
1007 963 1196 1001 errare
1224 963 1302 1012 se,
1337 948 1438 1002 sia
1473 949 1667 1002 multis
1696 967 1756 1003 se
1791 950 1867 1004 vi-

295 1033 406 1087 deat
426 1034 778 1104 reprehendi.
808 1037 1002 1105 (Ilier.)
1036 1037 1100 1090 In
1119 1036 1245 1090 aliis
1277 1037 1537 1108 Epistolis
1566 1038 1866 1093 Sosthenes

296 1129 343 1175 et
369 1122 635 1189 Silvanus,
659 1123 948 1179 interdum
976 1131 1033 1178 et
1047 1124 1374 1179 Timotheus
1395 1125 1452 1179 in
1474 1127 1703 1180 exordio
1725 1143 1868 1197 prae-

296 1215 594 1282 ponuntur:
629 1212 689 1266 in
720 1213 824 1266 hac
853 1217 1094 1278 tantum,
1130 1213 1260 1284 quia
1282 1215 1598 1268 necessaria
1627 1221 1750 1270 erat
1767 1233 1868 1270 au-

293 1301 498 1354 ctoritas
527 1300 1189 1371 plurimorum,omnium
1210 1301 1446 1357 fratrum
1476 1319 1680 1357 nomen
1711 1321 1870 1359 assu-

293 1389 476 1442 mitur:
502 1389 603 1460 qui
634 1395 692 1444 et
719 1389 824 1460 ipsi
849 1389 1082 1444 forsitan
1111 1406 1178 1444 ex
1221 1392 1644 1446 circumcisione
1685 1400 1865 1460 erant,

292 1484 387 1530 eta
412 1478 628 1532 Galatis
657 1494 770 1532 non
798 1479 1142 1549 contemptui
1163 1479 1530 1534 ducebantur.
1557 1481 1868 1536 Plurimum

289 1566 474 1636 quippe
501 1566 643 1619 facit
663 1567 734 1620 ad
765 1567 1035 1638 populum
1058 1567 1468 1637 corrigendum,
1485 1570 1789 1625 multorum
1807 1571 1865 1624 in

288 1670 386 1707 una
411 1655 779 1709 resententia
801 1661 973 1726 atque
1001 1673 1321 1710 consensus.
1357 1657 1516 1722 Quod
1555 1665 1744 1712 autem
1766 1659 1862 1726 ait,

1943 507 2262 561 conditione
2284 494 2490 560 diaboli
2519 521 2699 575 genus
2726 504 3014 559 hominum
3034 510 3341 572 teneretur,
3357 507 3544 562 Salva-

1943 601 2035 650 tor
2052 595 2256 650 obtulit
2283 613 2343 650 se
2375 595 2582 650 volenti
2610 594 2850 660 diabolo,
2888 599 2952 648 ut
2993 594 3237 649 illudens
3267 611 3398 650 eum
3439 611 3538 667 po—

1944 691 2148 740 testate
2185 685 2409 739 virtutis
2458 700 2590 748 suae,
2650 699 2778 737 cum
2849 683 3102 753 accipere
3158 699 3287 738 eum
3345 684 3538 741 voluit.

1947 791 2112 845 quem
2151 774 2402 828 detinere
2444 789 2556 826 non
2595 773 2798 843 potuit,
2833 772 3082 826 auferret
3117 772 3189 838 ei,
3234 789 3357 842 qua;
3394 772 3541 826 malo

1941 863 2070 934 jure
2119 863 2348 916 tenebat
2403 861 2659 916 obnoxia.
2717 861 3049 931 Exspoliatis
3105 860 3298 932 itaque
3325 860 3538 926 inferis,

1946 952 2259 1022 trophzeum
2296 952 2612 1006 animarum
2655 949 2889 1021 pertulit
2934 950 3004 1002 ad
3041 950 3286 1015 Patrem,
3330 966 3396 1004 ex
3433 966 3544 1020 quo

1948 1047 2082 1094 sunt
2103 1041 2317 1102 omnia;
2336 1040 2483 1111 quod
2505 1041 2590 1093 lex
2605 1039 2800 1108 utique
2819 1039 3000 1091 facere
3019 1054 3130 1092 non
3146 1039 3346 1109 potuit.
3361 1039 3546 1103 Quan-

1951 1145 2119 1200 quam
2151 1129 2444 1200 profutura
2473 1128 2605 1182 data
2633 1128 2724 1193 sit,
2757 1127 2917 1180 nobis
2952 1132 3144 1180 tamen
3187 1127 3546 1198 peccantibus

1951 1234 2218 1272 conversa
2246 1223 2329 1271 est
2367 1223 2431 1271 ut
2468 1218 2629 1271 fieret
2666 1216 2913 1280 inimica,
2957 1221 3014 1269 et
3051 1217 3222 1286 coepit
3269 1216 3540 1282 occidere,

1952 1323 2066 1360 non
2099 1307 2372 1360 vivificare
2397 1325 2408 1360 :
2444 1306 2701 1360 Christus
2731 1311 2920 1358 autem
2940 1305 3156 1359 donans
3186 1304 3407 1371 delicta,
3429 1321 3544 1358 non

1952 1396 2133 1449 solum
2155 1395 2450 1449 vivificavit
2468 1412 2589 1458 nos,
2622 1394 2719 1448 sed
2751 1400 2809 1448 et
2829 1392 2934 1447 sibi
2955 1393 3205 1457 sociavit,
3231 1399 3294 1447 ut
3312 1393 3412 1447 ﬁlii
3442 1393 3544 1448 Dei

1951 1501 2214 1538 vocemur
2239 1483 2372 1538 facti
2407 1501 2509 1554 per
2555 1484 2742 1537 fidem.
2770 1483 3026 1547 Quantus
3073 1499 3205 1552 ergo
3257 1498 3414 1536 error
3462 1486 3548 1536 est

1951 1579 2078 1642 post
2094 1573 2337 1643 gratiam
2368 1573 2569 1626 reverti
2593 1571 2698 1625 sub
2726 1573 2928 1641 legem,
2962 1572 3065 1624 hoc
3097 1577 3182 1623 est
3222 1569 3347 1641 post
3387 1586 3544 1626 acce-

1950 1667 2104 1732 ptam
2123 1661 2438 1715 libertatem
2470 1661 2607 1714 velle
2637 1660 2862 1724 servire,
2879 1666 2944 1714 ut
2959 1665 3186 1730 ereptus
3213 1659 3420 1728 gladio.
3447 1660 3547 1713 im-

287 1742 514 1796 Ecclesiis
545 1745 801 1806 Galatia,
827 1750 884 1798 et
904 1745 1008 1797 hoc
1029 1746 1355 1806 notandum,
1383 1747 1515 1817 quia
1533 1747 1620 1800 hic
1641 1753 1862 1802 tantum
1887 1736 1931 1796 Β
1949 1765 2166 1804 memor
2178 1749 2451 1811 beneﬁcii,
2469 1750 2652 1803 denuo
2672 1767 2732 1802 se
2751 1750 2956 1802 vendat
2971 1748 3224 1802 lanistae?
3241 1750 3548 1802 Accusator

279 1832 608 1899 generaliter
633 1849 747 1886 non
767 1833 836 1886 ad
865 1849 1034 1887 unam
1056 1834 1357 1888 Ecclesiam
1380 1835 1547 1890 unius
1577 1836 1750 1902 urbis,
1770 1838 1866 1891 sed

283 1921 522 1975 adtotius
541 1919 848 1992 provinciae
869 1921 1076 1977 scribat
1115 1923 1388 1977 Ecclesiae
1431 1924 1776 1995 [Epistolas],
1813 1933 1870 1979 et

283 2009 534 2065 Ecclesias
551 2003 740 2073 vocet,
763 2026 904 2080 quas
921 2016 1113 2080 postea
1142 2028 1330 2065 errore
1363 2019 1566 2082 arguat
1595 2015 1866 2084 deprava-

279 2105 370 2152 tas.
403 2099 475 2153 Ex
505 2114 626 2169 quo
657 2099 1002 2153 noscendum
1031 2100 1332 2170 dupliciter
1371 2101 1674 2155 Ecclesiam
1705 2119 1868 2172 posse

279 2187 391 2253 dici,
422 2194 478 2242 et
503 2204 638 2241 eam
659 2205 783 2258 quae
813 2204 925 2241 non
955 2187 1159 2242 habeat
1189 2190 1488 2253 maculam,
1513 2197 1613 2243 aut
1644 2207 1862 2260 rugam,

281 2284 331 2330 et
353 2294 474 2330 vere
505 2293 722 2347 corpus
751 2276 959 2330 Christi
977 2275 1067 2343 sit,
1083 2284 1140 2330 et
1159 2294 1284 2331 eam
1316 2294 1438 2349 quae
1461 2278 1517 2332 in
1539 2276 1744 2332 Christi
1766 2296 1866 2334 no-

279 2365 412 2418 mine
441 2364 663 2435 absque
682 2365 861 2436 plenis
893 2365 1259 2437 perfectisque
1301 2366 1600 2421 virtutibus
1631 2384 1866 2438 congre-

278 2463 442 2522 getur.
476 2454 779 2517 Quomodo
822 2454 1104 2524 sapientes
1149 2454 1407 2509 bifariam
1446 2463 1862 2528 nuncupantur,

279 2550 380 2596 tam
401 2543 454 2596 hi
476 2544 578 2613 qui
622 2548 757 2596 sunt
795 2543 974 2614 plenae
1011 2543 1379 2614 perfectaeque
1415 2545 1655 2610 virtutis,
1699 2563 1868 2616 quam

277 2631 346 2683 illi
375 2631 467 2702 qui
489 2631 782 2701 incipiunt
801 2637 858 2684 et
889 2631 946 2685 in
970 2631 1220 2702 profectu
1250 2633 1417 2703 positi
1449 2639 1598 2687 sunt.
1634 2635 1715 2688 De
1738 2652 1866 2705 per-

1950 1845 2035 1892 est
2063 1839 2212 1892 enim
2243 1838 2529 1908 emptoris,
2545 1839 2639 1909 qui
2661 1837 2853 1891 relicto
2873 1853 2959 1902 eo,
2985 1854 3181 1891 rursus
3208 1838 3280 1890 ad
3300 1837 3546 1908 priorem

1949 1928 2240 1982 dominum
2271 1927 2432 1984 redit.
2463 1929 2526 1981 Ut
2560 1926 3054 1997 liberaret,inquit,
3077 1927 3272 1991 nos,de
3290 1931 3549 1995 presenti

1949 2020 2139 2070 saeculo
2168 2019 2440 2083 maligno.
2475 2016 2590 2069 Hoc
2613 2015 2764 2079 dicit,
2799 2015 2932 2086 quia
2964 2015 3090 2069 ideo
3120 2015 3288 2069 morti
3320 2031 3381 2068 se
3410 2032 3545 2068 con-

1949 2104 2117 2158 cessit
2142 2104 2432 2166 Dominus,
2467 2109 2531 2157 ut
2551 2120 2652 2157 nos
2681 2103 2752 2156 ab
2792 2120 2982 2157 errore
3025 2104 3213 2158 seaculi
3259 2103 3542 2169 liberaret,

1949 2193 2006 2246 id
2037 2199 2123 2247 est
2141 2198 2205 2246 ut
2231 2192 2303 2246 ab
2333 2191 2704 2260 intelligentia
2719 2192 2886 2260 hujus
2900 2193 3109 2258 saeculi,
3124 2193 3271 2262 quod
3293 2193 3543 2245 curricu-

1949 2282 2019 2334 lis
2039 2287 2362 2334 senescente
2391 2287 2554 2335 eetate
2584 2280 2836 2349 devergit
2865 2280 2923 2332 in
2965 2281 3153 2344 finem,
3192 2279 3362 2333 alieni
3390 2280 3541 2344 facti,

1950 2369 2123 2423 futuri
2143 2369 2330 2424 saeculi
2352 2369 2498 2440 quod
2523 2385 2783 2423 occasum
2815 2368 3008 2434 nescit,
3037 2368 3337 2439 participes
3370 2369 3546 2423 simus

1950 2459 2008 2512 in
2038 2475 2205 2512 sensu
2239 2459 2406 2512 unius
2427 2458 2546 2512 Dei.
2579 2457 2876 2511 Praesentis
2906 2457 3055 2510 enim
3094 2457 3282 2510 seaculi
3323 2457 3439 2511 hrec
3462 2464 3549 2511 est

1950 2547 2288 2616 malignitas.
2317 2547 2450 2618 quia
2478 2563 2590 2600 non
2623 2547 2806 2600 reddit
2835 2563 3140 2615 congruam
3171 2547 3544 2601 reverentiam

1950 2637 2191 2690 creatori
2229 2637 2328 2690 Dei
2370 2642 2426 2689 et
2463 2636 2831 2689 restauratori
2863 2636 3105 2700 Christo,
3158 2635 3293 2689 dum
3336 2636 3544 2690 multos

275 2717 416 2772 fectis
441 2719 690 2773 dicitur:
719 2721 938 2774 Mittam
959 2723 1023 2773 in
1050 2737 1139 2774 vos
1157 2724 1427 2790 sapientes
1441 2721 1657 2792 (Matth.
1693 2729 1867 2792 xxm).
1952 2723 2058 2778 sibi
2079 2725 2350 2793 confingit
2369 2726 2504 2778 deos
2525 2740 2685 2778 error
2715 2725 3015 2786 humanus,
3039 2730 3140 2777 aut
3159 2723 3293 2778 dum
3323 2725 3548 2779 Christo

279 2808 348 2861 De
387 2807 792 2878 insipientibus
833 2827 844 2860 :
909 2807 1094 2878 Argue
1130 2813 1447 2878 sapientem,
1507 2816 1556 2864 et
1584 2813 1776 2879 diliget
1825 2818 1872 2865 te
1951 2829 1988 2865 a
2013 2811 2368 2866 credentibus
2399 2811 2589 2864 debita
2617 2811 3044 2864 honorificentia
3070 2827 3182 2864 non
3210 2817 3544 2865 reservatur.

275 2897 434 2960 (Prov.
462 2906 563 2950 IX‘.
598 2896 709 2960 Qui
729 2896 882 2950 enim
912 2898 1088 2968 plenae
1107 2904 1619 2970 consummataeque
1649 2899 1871 2954 virtutis
1951 2899 2266 2954 Secundum
2287 2903 2622 2954 voluntatem
2657 2900 2754 2953 Dei
2783 2902 2982 2962 Patris,
3024 2903 3117 2953 cui
3142 2903 3324 2968 gloria
3364 2903 3426 2954 in
3452 2917 3549 2954 sa:-

271 2990 362 3050 est,
389 2985 756 3057 correptione
779 3002 890 3039 non
912 2985 1144 3056 indiget.
1167 2989 1336 3042 Juxta
1364 2988 1512 3042 hunc
1543 3005 1769 3042 sensum
1798 2989 1868 3043 de
1897 3053 1928 3058 Α
1955 2993 2081 3042 cula
2107 2992 2451 3052 seculorum,
2484 2992 2676 3042 Amen.
2703 2990 2892 3057 (Aug)
2916 2989 3152 3052 Quando
3173 2987 3349 3058 igitur
3369 2989 3550 3058 magis

272 3073 469 3128 caeteris
500 3053 738 3144 quoque
761 3053 1062 3128 virtutibus
1078 3076 1524 3146 intelligendum,
1547 3077 1695 3147 quod
1716 3077 1866 3130 scili-
1887 3053 1930 3111 θ
1952 3077 2207 3130 homines
2235 3091 2346 3130 non
2377 3075 2584 3129 debent
2611 3053 2945 3158 arroganter
2973 3077 3042 3129 ad
3075 3053 3290 3147 seipsos
3319 3053 3548 3134 referre.

271 3169 348 3216 cet
375 3163 536 3218 fortis
566 3170 635 3216 et
665 3164 932 3234 prudens,
957 3164 1102 3235 pius,
1125 3170 1332 3231 castus,
1361 3167 1550 3236 justus
1581 3172 1638 3219 et
1657 3171 1869 3236 tempe-
1950 3166 1997 3220 si
2029 3166 2162 3236 quid
2187 3171 2493 3235 operantur
2521 3165 2670 3230 boni,
2689 3165 2912 3236 quando
2943 3171 2999 3218 et
3028 3165 3147 3236 ipse
3167 3165 3270 3219 Dei
3291 3165 3464 3220 Filius
3493 3167 3549 3218 in

277 3267 413 3316 rans,
429 3252 730 3306 interdum
760 3253 1232 3324 plene,interdum
1258 3254 1483 3308 abusive
1499 3255 1864 3326 accipiantur.
1952 3253 2390 3324 Evangelio,non
2419 3253 2657 3324 gloriam
2690 3269 2849 3307 suam
2881 3270 2940 3307 se
2978 3270 3230 3324 quaerere
3263 3253 3421 3319 dixit,
3453 3269 3551 3308 ne-

273 3341 454 3395 Gratia
503 3343 662 3394 vobis
707 3347 756 3394 et
791 3357 906 3409 par
938 3359 974 3395 a
1001 3343 1105 3396 Deo
1137 3345 1298 3396 Patre
1327 3348 1510 3396 nostra
1547 3349 1597 3397 et
1636 3345 1868 3397 Domino
1952 3359 2061 3414 que
2089 3344 2433 3397 voluntatem
2463 3359 2622 3397 suam
2671 3343 2888 3396 venisse
2929 3343 3130 3409 facere,
3165 3343 3263 3397 sed
3301 3344 3550 3398 volunta-

273 3431 384 3482 Jesu
397 3429 844 3499 0hrist0.(.4ug.)
861 3430 1056 3484 Gratia
1067 3431 1167 3484 Dei
1187 3437 1273 3485 est
1286 3448 1397 3501 qua
1415 3431 1574 3484 nobis
1589 3432 1874 3486 donantur
1952 3438 2068 3485 tem
2099 3433 2223 3502 ejus
2253 3433 2347 3502 qui
2373 3449 2500 3485 eum
2525 3432 2696 3485 misit.
2711 3432 2894 3495 Quam
2913 3432 3277 3496 voluntatem,
3290 3432 3551 3501 gloriam—

270 3525 516 3588 peccata:
555 3524 626 3572 ut
659 3519 1090 3573 reconciliemur
1108 3520 1259 3574 Deo:
1293 3537 1399 3590 pax
1423 3525 1612 3573 autem
1641 3537 1753 3590 qua
1782 3537 1872 3574 re-
1955 3537 2063 3592 que
2099 3521 2282 3574 Patris
2312 3537 2458 3574 nunc
2495 3521 2954 3574 commemoravit
2989 3521 3306 3590 Apostolus,
3341 3527 3405 3574 ut
3433 3521 3551 3590 ipse

267 3607 630 3662 conciliamur
661 3607 799 3661 Deo.
847 3608 1085 3676 (Ambr.)
1117 3608 1420 3679 Utriusque
1449 3607 1718 3662 beneﬁcio
1749 3614 1866 3662 tam

269 3694 434 3751 Patris
451 3713 634 3768 quam
651 3696 780 3750 Filii
801 3713 980 3767 genus
999 3696 1289 3751 hominum
1311 3695 1661 3750 sublevatum
1682 3703 1866 3751 osten-

268 3785 354 3838 dit.
377 3787 492 3840 Nec
523 3786 814 3840 minorem
851 3785 1052 3840 Filium
1081 3787 1380 3856 significat,
1417 3802 1544 3840 cum
1589 3803 1718 3840 eum
1751 3787 1864 3840 Do-

267 3875 465 3928 minum
487 3881 758 3930 nostrum
778 3881 962 3928 vocat:
979 3890 1159 3946 neque
1179 3875 1403 3929 Patrem
1427 3877 1716 3945 majorem,
1733 3874 1866 3946 quia

265 3979 379 4017 eum
405 3965 598 4018 Deum
628 3969 890 4016 nostrum
929 3963 1211 4034 appellat;
1250 3963 1384 4034 quia
1417 3980 1528 4017 non
1562 3964 1669 4016 erit
1701 3981 1864 4018 verus

266 4051 398 4106 Deus
427 4053 624 4118 Pater,
651 4052 762 4105 nisi
793 4057 852 4104 et
879 4051 1150 4106 Dominus
1181 4052 1287 4116 sit;
1325 4068 1525 4122 neque,
1561 4069 1726 4105 verus
1749 4053 1862 4106 Do-

267 4141 436 4194 minus
467 4141 676 4203 Filius,
691 4140 796 4193 nisi
827 4144 884 4192 et
909 4140 1059 4194 Deus
1086 4140 1176 4194 sit.
1197 4141 1255 4194 Si
1273 4156 1406 4210 ergo
1430 4157 1542 4193 una
1559 4141 1746 4210 gratia
1765 4141 1865 4194 Pa-

265 4229 354 4282 tris
380 4236 438 4283 et
464 4230 598 4283 F'ilii
622 4245 760 4299 erga
788 4244 891 4282 nos
911 4234 1014 4294 est,
1049 4229 1183 4299 quid
1213 4234 1317 4294 est,
1351 4229 1554 4299 inquit,
1591 4235 1655 4282 ut
1676 4229 1745 4282 de
1772 4229 1863 4282 Fi-

1948 3625 2170 3680 quoque
2202 3609 2424 3663 Domini
2459 3609 2711 3679 exemplo
2731 3625 2766 3662 a
2788 3625 2898 3679 quo
2919 3609 3122 3662 missus
3152 3614 3254 3674 est,
3270 3615 3327 3662 et
3354 3625 3466 3662 non
3491 3626 3550 3662 se

1948 3713 2197 3768 quaerere
2233 3698 2472 3766 gloriam
2507 3714 2668 3750 suam
2707 3697 3068 3766 significaret,
3102 3713 3203 3750 nec
3233 3697 3414 3750 facere
3443 3713 3540 3749 vo-

1948 3786 2222 3839 luntatem
2243 3802 2402 3840 suam
2432 3787 2489 3838 in
2513 3785 2907 3856 praedicatione
2927 3785 3230 3854 Evangelii,
3245 3784 3391 3838 sicut
3409 3800 3548 3854 pau-

1946 3874 2000 3928 lo
2029 3879 2156 3945 post
2182 3874 2317 3928 dicit
2347 3892 2358 3926 :
2395 3875 2456 3928 Si
2483 3875 2799 3927 hominibus
2817 3877 3107 3942 placerem.
3132 3874 3338 3928 Christi
3365 3888 3549 3926 servus

1947 3979 2057 4016 non.
2082 3980 2266 4018 essem.
2301 3962 2539 4030 (Ambr.)
2575 3963 2650 4016 Ut
2695 3963 2921 4016 firmum
2966 3961 3038 4016 sit
3086 3963 3428 4033 plenumque
3457 3978 3552 4016 au-

1946 4052 2205 4105 ctoritate
2227 4053 2373 4122 quod
2403 4052 2558 4115 dicit,
2595 4051 2729 4121 quia
2757 4051 3013 4104 Christus
3036 4067 3138 4104 nos
3159 4051 3432 4116 liberavit,
3451 4053 3550 4105 ad-

1945 4140 2046 4202 dit,
2067 4140 2201 4210 quia
2221 4141 2371 4194 istud
2395 4140 2577 4194 Patris
2599 4139 2730 4194 fecit
2747 4156 2874 4194 cum
2896 4141 3200 4194 voluntate.
3220 4142 3419 4208 (Ilier.)
3441 4141 3552 4194 Nec

1947 4228 2121 4282 Filius
2149 4245 2209 4282 se
2241 4229 2396 4282 dedit
2415 4247 2514 4301 pro
2547 4229 2790 4300 peccatis
2812 4229 3018 4283 nostris
3039 4228 3250 4299 absque
3268 4229 3552 4282 voluntate

265 4317 330 4370 lio
355 4319 547 4372 minus
577 4317 910 4382 sentientes,
939 4317 1120 4387 legem
1159 4316 1239 4370 illi
1287 4316 1540 4387 eequetis,
1566 4323 1630 4370 ut
1658 4317 1920 4388 partim_
1949 4317 2152 4382 Patris,
2184 4334 2366 4388 neque
2387 4319 2555 4372 Pater
2575 4317 2807 4371 tradidit
2835 4317 3040 4372 Filium
3061 4317 3182 4370 sine
3214 4317 3339 4370 Filii
3363 4317 3553 4370 volun-

267 4405 494 4473 Christo,
509 4405 730 4478 partim
745 4406 856 4475 legi
878 4382 1281 4470 serviatis,cum
1299 4382 1548 4475 [egeritis
1566 4382 2084 4460 Dominuthate.
2121 4407 2230 4460 Sed
2272 4382 2386 4460 haec
2427 4413 2514 4459 est
2553 4407 2808 4460 voluntas
2847 4405 2946 4458 filii
2979 4405 3322 4458 voluntatem
3368 4404 3553 4457 Patris

267 4495 573 4550 dicentem:
599 4495 1026 4562 QuiaDomi/ms
1041 4497 1117 4548 est
1127 4495 1532 4562 ﬁtiushominis
1559 4496 1867 4548 etiamsab-
1951 4495 2204 4565 implere,
2230 4501 2294 4548 ut
2323 4495 2442 4566 ipse
2463 4495 2712 4564 loquitur
2727 4494 2785 4546 in
2805 4494 3019 4564 psalmo
3051 4509 3062 4544 :
3097 4493 3162 4546 Ut
3191 4494 3429 4559 facerem
3450 4508 3554 4545 υο-

270 4583 402 4636 bati?
455 4585 616 4649 (Luc.
684 4586 782 4650 vr.)
827 4590 891 4637 ut
939 4600 1040 4654 per
1083 4583 1187 4637 hoc
1217 4583 1443 4637 videant
1486 4589 1699 4653 quanta
1743 4600 1869 4636 con-
1952 4587 2224 4637 lunlatem
2255 4590 2432 4644 tuam,
2469 4585 2605 4636 Deus
2635 4599 2802 4645 meus,
2839 4579 3413 4652 volui{1’sal.xxxrx).
3447 4573 3550 4634 De-

269 4673 488 4727 tumelia
529 4671 608 4726 ab
649 4673 731 4726 eis
767 4670 1004 4726 Domino
1035 4673 1336 4742 irrogetur,
1372 4689 1498 4726 cum
1541 4678 1871 4742 comparant
1950 4673 2036 4724 dit
2061 4689 2122 4725 se
2143 4677 2332 4726 autem
2364 4671 2557 4735 Filius,
2575 4677 2640 4724 ut
2657 4668 3000 4738 injustitiam
3016 4685 3139 4740 qua).
3157 4669 3351 4724 eratin
3369 4668 3548 4734 nobis,

273 4760 566 4816 Dominum
613 4760 856 4816 famulae.
893 4761 999 4827 Qui
1043 4763 1191 4816 dedit
1232 4765 1577 4830 semetipsum
1601 4777 1704 4829 pro
1749 4779 1867 4830 pec-
1945 4760 2295 4830 justitiaipse
2307 4756 2927 4824 subverteretgtradidit
2946 4775 3005 4812 se
3025 4759 3300 4829 sapientia
3332 4764 3400 4813 ut
3413 4759 3550 4812 insi-

269 4853 389 4902 cati:
423 4853 664 4914 nostris,
715 4847 790 4903 'ul
840 4853 1070 4918 eriperet
1115 4867 1209 4903 nos
1256 4851 1320 4903 de
1369 4852 1629 4918 praesenti
1677 4855 1868 4904 seculo
1949 4847 2218 4920 pientiam
2250 4853 2624 4919 expugnaret;
2662 4847 2931 4901 sanctitas
2953 4853 3010 4901 et
3035 4847 3306 4902 fortitudo
3351 4864 3412 4902 se
3450 4848 3550 4901 ob-

271 4941 522 5006 maligno.
566 4940 760 5006 (Aug)
792 4937 1070 4992 Saeculum
1115 4954 1361 5009 praesens
1392 4937 1723 5007 malignum,
1748 4955 1872 5009 pro-

273 5031 380 5094 pter
395 5027 690 5096 malignos
711 5027 1004 5092 homines;
1039 5027 1134 5097 qui
1165 5027 1224 5080 in
1245 5027 1339 5080 illo
1367 5033 1517 5092 sunt,
1551 5027 1870 5098 intelligen-

271 5113 385 5168 dum
401 5121 508 5179 est,
535 5116 692 5168 sicut
709 5115 953 5168 dicimus
973 5121 1030 5168 et
1049 5116 1356 5186 malignam
1377 5115 1626 5178 domum,
1645 5122 1874 5186 propter

275 5203 537 5284 malignos
557 5202 947 5257 inhabitantes
967 5202 1024 5257 in
1041 5220 1126 5257 ea.
1145 5207 1202 5271 (Α
1215 5206 1384 5272 mbr.)
1402 5205 1610 5274 Aperte
1625 5205 1872 5258 ostendit

273 5292 394 5346 nihil
413 5293 693 5364 prodesse
717 5293 919 5364 legem,
941 5292 1165 5363 quando
1205 5292 1490 5347 Christum
1531 5293 1671 5345 dicit
1705 5292 1870 5346 obtu-

275 5379 384 5434 lisse
410 5397 491 5447 se,
527 5388 602 5434 ut
623 5397 724 5450 pro
753 5380 916 5434 nobis
947 5385 1253 5451 pateretur,
1285 5386 1350 5434 ut
1381 5397 1484 5434 nos
1511 5379 1866 5451 justificaret,

275 5483 397 5537 quos
439 5469 534 5524 lex
589 5484 720 5522 reos
763 5469 1018 5534 tenebat;
1045 5475 1111 5523 ut
1150 5469 1295 5522 eruti
1320 5486 1356 5523 a
1393 5469 1517 5539 lege
1557 5486 1659 5540 per
1703 5469 1871 5523 fidem

277 5554 488 5624 Christi,
515 5560 654 5628 jam
672 5574 780 5612 non
811 5564 1132 5629 peccatores
1152 5573 1421 5616 essemus,
1453 5557 1551 5614 sed
1579 5557 1869 5626 justificati

1952 4938 2101 5003 tulit,
2134 4943 2197 4991 ut
2227 4936 2555 5008 spurcitiam
2585 4935 3083 5005 infirmitatemque
3104 4936 3335 4990 deleret.
3368 4936 3552 5006 Atque

1954 5025 2034 5079 ita
2054 5043 2165 5080 non
2195 5027 2378 5080 solum
2401 5025 2458 5079 in
2485 5024 2676 5079 futuro
2693 5025 2897 5079 saeculo
2911 5026 3075 5094 juxta
3091 5025 3398 5095 promissas
3425 5041 3553 5094 spes

1955 5131 2094 5184 quas
2123 5115 2423 5180 credimus,
2457 5114 2556 5168 sed
2601 5113 2771 5167 etiam
2806 5113 2894 5166 hic
2924 5114 2994 5166 de
3025 5111 3286 5184 praesenti
3316 5128 3418 5165 nos
3449 5129 3552 5166 sa:-

1953 5204 2079 5256 culo
2109 5201 2393 5256 liberavit:
2415 5202 2550 5256 dum
2579 5201 2912 5255 commortui
2935 5199 3158 5254 Christo
3186 5200 3552 5270 transﬁgura-

1954 5308 2082 5345 mur
2137 5292 2195 5344 in
2242 5291 2546 5345 novitatem
2588 5307 2807 5355 sensus,
2831 5295 2890 5344 et
2935 5304 3047 5342 non
3087 5304 3286 5342 sumus
3340 5289 3411 5342 de
3451 5289 3555 5343 hoc

1954 5380 2182 5445 mundo,
2217 5396 2252 5432 a
2271 5395 2382 5450 quo
2409 5379 2612 5434 merito
2637 5395 2739 5433 nec
2779 5393 3055 5432 amamur.
3101 5377 3384 5441 Quaeritur
3412 5393 3552 5448 quo-

1954 5469 2120 5523 modo
2149 5484 2395 5540 praesens
2424 5469 2692 5524 saeculum
2735 5466 2947 5520 malum
2979 5465 3192 5520 dictum
3231 5466 3322 5520 sit.
3359 5467 3554 5521 Solent

1953 5558 2158 5628 quippe
2198 5556 2444 5613 haeretici
2485 5557 2614 5612 hinc
2653 5571 2854 5627 capere
2891 5555 3231 5617 occasiones,
3268 5561 3333 5608 ut
3377 5553 3550 5608 alium
