4034 6162
480 364 586 422 255

1076 363 1136 415 Β.
1178 360 1450 414 RABANI
1490 359 1718 415 MAURI
1758 361 2092 416 ARCHIEP.
2137 360 2464 416 MOGUNT.
2508 357 2803 413 OPERUM
2841 355 3024 410 PARS
3064 357 3160 410 IlI.

3650 355 3756 412 256

477 487 592 542 Deo
613 488 836 558 placere
848 485 1101 547 docebat,
1123 501 1239 538 non
1259 482 1498 538 timebat
1516 483 1769 537 homines
1780 483 2082 550 olfendere,
2100 489 2150 545 A
2163 501 2325 540 suam
2342 483 2582 554 gloriam
2613 499 2887 552 qumrens,
2921 483 3018 536 sed
3058 481 3162 535 Dei
3182 487 3246 535 ut
3275 480 3412 535 salvi
3437 481 3594 546 ﬂant,
3637 497 3753 536 non

475 577 779 630 dummodo
809 575 909 629 Dei
935 574 1173 644 gloriam
1205 573 1651 626 commendaret:
1704 571 1890 626 omnia
1923 572 2072 626 enim

476 665 772 736 praesentia
791 655 1456 735 postponens,futuris'se
1486 660 1915 716 commendabat
1944 678 2072 732 spe-

481 755 598 818 bus,
621 759 686 808 ut
699 751 904 806 Christi
942 752 1177 807 idoneus
1205 769 1397 806 servus
1431 770 1442 804 :
1479 751 1665 805 idonei
1711 757 1899 804 autem
1929 750 2072 804 servi

477 858 597 895 esse
625 857 736 896 non
767 848 990 912 posunt,
1031 841 1124 912 qui
1155 841 1260 894 sub
1300 841 1524 894 nomine
1566 839 1800 894 Domine
1832 840 2072 910 propriis

479 929 644 984 lucris
663 929 908 984 student.
925 931 1124 999 (tl-ter.)
1144 931 1273 983 Non
1296 935 1556 1000 putemus
1577 928 1646 982 ab
1665 929 1931 998 Apostolo
1968 918 2070 982 nes

475 1019 682 1083 doceri,
715 1024 780 1073 ut
806 1019 1058 1088 exemplo
1072 1035 1173 1072 suo
1193 1017 1484 1071 hominum
1507 1016 1722 1087 judicia
1749 1022 2069 1070 contemna-

475 1124 618 1172 mus,
667 1107 762 1178 qui
807 1108 866 1162 in
903 1106 1011 1160 alio
1041 1108 1162 1160 loco
1201 1105 1403 1160 dixerit
1431 1108 1514 1173 (ΙΙ
1540 1106 1662 1159 Cor.
1697 1110 1752 1174 v)
1783 1124 1792 1158 :
1832 1107 2068 1160 Scientes

475 1211 600 1263 ergo
641 1199 894 1250 timorem
925 1197 1037 1260 Dei,
1073 1193 1729 1268 hominibussuademus,
1756 1195 1856 1247 Deo
1885 1199 2068 1246 autem

479 1285 762 1352 manifesti
789 1301 981 1337 smnus
996 1303 1014 1348 ;
1049 1289 1105 1338 et
1125 1283 1261 1337 illud
1295 1285 1346 1349 (Ι
1363 1283 1558 1350 σοι’.)ι)
1589 1301 1599 1334 :
1636 1283 1766 1337 Sine
1786 1284 2074 1348 offensione

477 1378 633 1426 estote
651 1373 855 1426 Judaiis
883 1378 932 1426 et
957 1374 1229 1440 gentibus,
1254 1377 1302 1424 et
1332 1373 1576 1425 Ecclesia
1602 1373 1718 1438 Dei,
1751 1373 1894 1426 sicut
1914 1377 1962 1424 et
1983 1387 2074 1438 ego

2149 574 2270 643 jam
2291 571 2628 630 hominibus,
2671 571 2770 624 sed
2801 571 2916 624 Deo
2937 560 3119 640 pfacet
3153 589 3164 636 ;
3199 575 3300 624 aut
3319 575 3473 624 certe
3486 571 3606 640 jam
3627 585 3758 624 cum

2155 669 2214 716 et
2231 663 2346 717 Deo
2377 662 2577 733 placet.
2593 659 2758 714 simul
2784 665 2842 714 et
2871 659 3208 725 hominibus,
3221 675 3333 713 non
3348 658 3540 730 utique
3571 659 3756 713 homi-

2153 749 2316 805 nibus
2329 750 2514 821 placet
2533 768 2544 816 ;
2560 748 2714 802 aliud
2725 753 2812 802 est
2827 747 2976 801 enim
2989 747 3210 818 placere
3230 746 3568 812 hominibus,
3601 747 3756 801 aliud

2154 845 2212 892 et
2242 840 2356 894 Deo
2410 843 2468 892 et
2495 836 2831 892 hominibus.
2865 837 3026 902 item,
3054 835 3148 906 qui
3187 835 3508 889 hominibus
3528 841 3761 906 propter

2153 927 2444 981 veritatem
2485 927 2686 998 placet,
2721 941 2835 978 non
2883 924 3034 978 enim
3083 925 3201 995 ipse
3243 923 3372 989 illis,
3413 924 3510 977 sed
3551 923 3760 978 veritas

2153 1017 2334 1086 placet
2358 1034 2370 1082 ;
2389 1020 2603 1084 placere
2625 1020 2812 1068 autem
2843 1012 2998 1080 dixit,
3024 1019 3297 1083 quantum
3337 1012 3394 1066 in
3423 1012 3604 1084 seipso
3642 1019 3746 1066 est.

2151 1110 2424 1176 quantum
2465 1105 2536 1158 ad
2569 1103 2692 1173 ejus
2711 1103 3056 1156 voluntatem
3085 1101 3306 1165 attinet,
3338 1118 3404 1154 ac
3444 1101 3489 1154 si
3518 1101 3750 1167 diceret,

2152 1193 2371 1265 placere
2393 1193 2622 1247 vellem:
2661 1208 2773 1246 non
2792 1191 2942 1244 enim
2965 1190 3129 1244 sihoc
3159 1207 3225 1243 eo
3257 1206 3368 1243 non
3401 1195 3602 1260 agente
3631 1191 3756 1260 pla-

2157 1288 2282 1336 ceat
2309 1281 2495 1347 alicui,
2529 1281 2688 1352 quasi
2717 1285 2948 1350 propter
2993 1279 3258 1350 seipsum,
3291 1283 3349 1332 et
3376 1295 3489 1332 non
3525 1285 3760 1350 propter

2157 1373 2336 1426 Deum
2356 1376 2524 1442 atque
2556 1368 2934 1439 Evangelium,
2969 1369 3116 1439 quod
3138 1368 3455 1434 annuntiat,
3478 1367 3758 1439 superbiae

475 1461 732 1514 omnibus
753 1477 856 1528 per
879 1463 1070 1515 omnia
1095 1463 1296 1529 placeo,
1332 1476 1444 1513 non
1473 1475 1720 1527 quarens
1751 1443 1894 1528 quod
1931 1460 2074 1512 mihi
2155 1459 2330 1531 ipsius
2378 1458 2564 1530 potius
2597 1475 2766 1529 quam
2797 1457 2974 1511 errori
3004 1457 3239 1526 ejus,cui
3261 1473 3520 1527 perverse
3543 1457 3749 1526 placet.

476 1552 614 1604 utile
644 1555 738 1614 est,
767 1551 860 1603 sed
888 1551 1031 1618 quod
1060 1553 1270 1613 multis,
1305 1554 1367 1602 ut
1395 1551 1700 1602 salvantur.
1736 1548 1846 1602 Sed
1874 1548 1922 1600 si
1953 1549 2074 1602 ﬁeri
2156 1547 2516 1603 tribuendum
2549 1552 2652 1600 est.
2686 1548 2798 1601 Iste
2817 1547 3008 1616 itaque
3038 1563 3234 1600 sensus
3255 1552 3341 1598 est
3369 1565 3380 1598 :
3415 1545 3579 1599 Modo
3619 1562 3756 1614 ergo

477 1643 676 1708 potest,
711 1644 776 1692 ut
800 1637 1014 1708 pariter
1048 1643 1106 1691 et
1142 1639 1258 1691 Deo
1289 1643 1346 1690 et
1375 1635 1695 1690 hominibus
1734 1637 2071 1707 placeamus,
2157 1637 2475 1691 hominibus
2505 1636 2715 1690 suadeo
2735 1651 2806 1688 an
2837 1635 2970 1701 Deo,
2999 1641 3098 1688 aut
3121 1634 3254 1704 quia
3283 1632 3602 1688 hominibus
3621 1650 3758 1688 sua-

479 1727 811 1797 placendum
843 1732 930 1780 est
959 1731 1017 1780 et
1037 1725 1374 1780 hominibus.
1409 1726 1506 1779 Sin
1535 1731 1724 1778 autem
1758 1725 1922 1778 aliter
1961 1741 2073 1778 non
2156 1727 2278 1790 deo,
2315 1742 2502 1796 quaero
2535 1723 2854 1778 hominibus
2874 1723 3092 1794 placere
3114 1722 3212 1776 ?Si
3227 1722 3408 1776 adhuc
3437 1721 3762 1776 hominibus

477 1817 761 1886 placemus
791 1815 1129 1880 hominibus,
1181 1815 1287 1868 nisi
1331 1815 1446 1868 Deo
1489 1813 1882 1885 displiceamus
1913 1833 1924 1867 :
1959 1803 2464 1884 Dequuzererem
2489 1814 2728 1884 placere,
2763 1812 2968 1866 Christi
2999 1828 3192 1865 servus
3211 1828 3322 1865 non
3354 1827 3552 1866 essem.
3588 1811 3758 1866 Jubet

476 1903 655 1974 magis
667 1920 834 1975 quam
864 1903 1182 1958 hominibus
1203 1904 1423 1974 placere
1439 1901 2000 1972 debemuszalioquin
2019 1908 2076 1955 et
2157 1903 2306 1956 enim
2331 1903 2421 1956 ille
2452 1901 2625 1955 servis
2673 1901 2806 1968 suis,
2841 1907 2904 1954 ut
2934 1900 3152 1955 discant.
3181 1899 3252 1953 ab
3291 1900 3410 1970 ipso
3440 1899 3606 1954 mites
3634 1917 3760 1954 esse

474 1993 594 2062 ipse
641 1991 828 2057 infert,
870 2008 972 2046 cur
1025 1991 1286 2046 omnibus
1335 2008 1437 2062 per
1477 1991 1666 2046 omnia
1689 1991 1926 2061 placeat,
1963 2007 2075 2045 non
2157 1996 2213 2045 et
2243 1991 2484 2045 humiles
2511 1991 2679 2044 corde
2711 1990 2923 2057 (Matth.
2957 1992 3028 2056 χι)
3067 2009 3077 2042 :
3117 1989 3264 2059 quod
3286 1988 3439 2042 nullo
3466 1988 3632 2042 modo
3654 2005 3762 2059 po-

472 2097 738 2150 querens,
763 2081 1038 2152 inquiens,
1067 2083 1211 2150 quod
1229 2083 1374 2134 mihi
1392 2083 1528 2134 utzte
1545 2085 1639 2144 est,
1661 2082 1752 2134 sed
1771 2081 1912 2148 quod
1925 2083 2073 2134 mut-

475 2173 544 2224 tis
581 2176 644 2223 ut
681 2173 988 2228 salvantur.
1026 2169 1134 2234 Qui
1167 2175 1356 2226 autem
1391 2186 1457 2223 ex
1479 2169 1772 2233 charitate,
1807 2185 1930 2239 quae
1961 2185 2072 2221 non

475 2257 677 2329 quaerit
703 2275 828 2329 quae
846 2273 949 2312 sua
977 2263 1128 2322 sunt,
1160 2257 1257 2312 sed
1288 2275 1411 2328 quae
1443 2257 1645 2322 aliena,
1678 2257 1864 2330 placet
1889 2257 2071 2311 omni-

475 2347 597 2413 bus,
629 2336 1026 2414 ut'salventur;
1063 2345 1256 2417 utique
1279 2347 1394 2401 Deo
1445 2347 1690 2417 primum
1740 2347 1940 2417 placet,
1977 2346 2072 2402 .cui

474 2437 626 2490 salus
652 2437 944 2490 hominum
973 2452 1123 2490 curae
1153 2441 1255 2489 est.
1291 2435 1474 2489 Habet
1501 2442 1690 2489 autem
1736 2440 1792 2488 et
1842 2433 2072 2489 verbum

475 2525 622 2594 quod
645 2524 734 2577 hic
752 2523 1070 2594 specialiter
1097 2524 1352 2578 additum
1381 2529 1485 2585 est,
1511 2525 1692 2581 modo.
1726 2524 1810 2576 vel
1840 2525 2064 2594 placen-

475 2612 610 2666 dum
643 2627 765 2664 esse
795 2627 896 2682 pro
923 2618 1177 2682 tempore
1199 2611 1614 2665 hominibusvel
1639 2612 2064 2682 displicendum,

473 2707 537 2753 ut
555 2715 666 2768 quo
694 2699 860 2752 modo
872 2715 983 2752 non
997 2699 1181 2769 placet
1195 2705 1424 2770 propter
1449 2699 1731 2768 Evangelii
1751 2700 2064 2766 veritatem,

473 2786 746 2858 placuerit
755 2787 1036 2857 quondam
1046 2787 1115 2840 ob
1129 2788 1368 2840 salutem
1381 2787 1748 2858 plurimorum
1758 2788 2073 2842 .Placuerat

474 2875 682 2930 Paulus
696 2875 996 2947 aliquando
1013 2877 1040 2930 J
1048 2877 1240 2952 udzeis,
1256 2893 1382 2929 cum
1396 2876 1690 2930 aemulator
1708 2876 1950 2931 existens
1969 2895 2070 2948 pa-

2156 2085 2284 2146 test,
2318 2080 2414 2150 qui
2462 2085 2694 2150 propter
2748 2096 2807 2132 se
2851 2078 3055 2148 ipsum,
3091 2077 3147 2130 id
3177 2084 3280 2142 est,
3314 2083 3542 2148 propter
3595 2093 3762 2131 suam

2157 2168 2316 2240 quasi
2336 2167 2610 2238 privatam
2643 2172 2702 2220 et
2719 2166 3002 2238 propriam
3015 2166 3252 2236 gloriam
3269 2167 3487 2236 placere
3517 2166 3760 2220 homini-

2155 2257 2258 2311 bus
2295 2257 2513 2328 quazrit,
2553 2256 2688 2310 dicit
2725 2261 2916 2309 autem
2952 2254 3084 2308 alibi
3121 2272 3132 2306 :
3181 2256 3509 2308 [luminibus
3553 2256 3759 2308 suade-

2154 2363 2294 2410 mus,
2320 2348 2423 2400 Deo
2443 2351 2629 2412 autem
2659 2347 3006 2412 mani/estalt
3028 2359 3220 2397 sumus
3240 2345 3458 2410 (11001:.
3484 2347 3538 2407 ν)
3562 2363 3574 2409 ς
3594 2349 3659 2396 ut
3677 2344 3763 2396 in-

2153 2435 2374 2504 telligas
2401 2435 2549 2504 quod
2573 2433 2664 2487 hic
2681 2433 2764 2486 ait
2789 2434 3106 2486 hominibus
3127 2435 3326 2486 suadeo
3363 2449 3438 2486 an
3470 2435 3572 2486 Deo
3597 2452 3610 2494 ;
3643 2449 3762 2486 non

2149 2523 2344 2594 utique
2381 2524 2518 2589 Deo,
2551 2523 2648 2576 sed
2694 2521 3016 2576 hominibus
3053 2521 3422 2575 suadendum.
3460 2522 3585 2574 Non
3622 2539 3762 2590 ergo

2151 2618 2373 2666 moveat
2400 2611 2547 2681 quod
2579 2610 2710 2664 alibi
2740 2610 2912 2664 dixit:
2962 2608 3116 2663 Sicut
3145 2615 3194 2662 et
3238 2626 3330 2676 ego
3379 2611 3634 2662 omnibus
3659 2627 3764 2679 per

2151 2704 2340 2754 omnia
2363 2703 2546 2768 ptaceo
2578 2701 2625 2767 (Ι
2654 2703 2774 2756 Cor.
2799 2703 2884 2768 x);
2919 2699 3137 2752 addidit
3155 2698 3328 2765 enim,
3353 2715 3464 2751 non
3482 2715 3756 2766 quaerens.

2152 2791 2294 2857 quod
2321 2789 2463 2842 mihi
2501 2789 2738 2857 prodest,
2771 2789 2861 2840 sed
2899 2789 3043 2856 quod
3070 2790 3283 2843 muttis,
3321 2792 3382 2839 ut
3412 2789 3562 2843 δαιτί
3591 2789 3759 2854 ﬁant.

2152 2877 2303 2930 Nulli
2325 2882 2513 2930 autem
2535 2878 2764 2946 prodest
2780 2881 2846 2930 ut
2865 2875 3050 2929 salvus
3070 2877 3184 2940 fiat,
3205 2875 3250 2928 si
3265 2875 3431 2929 homo
3453 2875 3503 2928 ei
3530 2883 3766 2946 propter

379 3689 384 3692 ‘
474 3674 590 3728 Hoc
601 3680 688 3728 est
715 3691 848 3744 ergo
879 3675 1027 3744 quod
1054 3674 1160 3728 ait:
1197 3674 1464 3744 Nunquid
1495 3691 1683 3744 quaero
1703 3673 1910 3728 Judaeis
1947 3675 2068 3746 pla-

473 2973 765 3019 ternarum
785 2964 1151 3018 traditionum
1184 2966 1323 3031 (Gal.
1356 2968 1416 3033 ι),
1451 2965 1570 3018 sine
1601 2967 1829 3036 querela
1855 2973 1985 3020 ante
2013 2967 2070 3020 in
2151 2965 2397 3036 seipsum
2409 2966 2643 3036 placeat,
2661 2965 2758 3035 qui
2772 2981 2882 3018 non
2899 2965 3080 3034 placet
3093 2963 3443 3025 utiliter,nisi
3469 2981 3598 3018 cum
3626 2982 3763 3036 pro-

478 3055 599 3123 lege
621 3059 874 3108 versatus
884 3061 994 3107 est:
1011 3059 1068 3108 et
1085 3059 1308 3108 tantum
1330 3052 1597 3108 habuitin
1617 3056 1896 3125 majorum
1909 3072 2072 3111 caere-
2102 3119 2132 3125 _
2152 3059 2282 3124 pter
2309 3055 2486 3108 Deum
2500 3053 2766 3125 placet,id
2791 3060 2894 3116 est,
2941 3059 3006 3106 ut
3024 3053 3174 3106 Deus
3211 3053 3431 3123 placeat
3459 3059 3514 3106 et
3541 3053 3764 3122 gloriﬁ—

477 3119 678 3196 moniis
698 3141 916 3196 ardoris
938 3149 996 3196 et
1024 3142 1174 3209 ﬁdei,
1199 3143 1332 3197 utin
1347 3143 1614 3213 Stephani
1631 3119 1765 3196 nece
1794 3144 2073 3214 particeps
2092 3119 2136 3179 δ
2155 3119 2316 3196 betur
2334 3159 2436 3212 per
2462 3119 2610 3207 eum,
2645 3159 2773 3196 cum
2812 3143 2960 3195 dona
2997 3143 3120 3212 ejus
3149 3119 3521 3195 attenduntur
3547 3119 3616 3194 in
3657 3141 3762 3195 ho-

476 3231 653 3296 fieret,
695 3236 752 3284 et
809 3232 1143 3285 Damascum
1184 3231 1493 3302 perrexerit
1523 3232 1593 3286 ad
1623 3249 1718 3286 eos
1748 3232 1841 3302 qui
1869 3249 1904 3286 a
1950 3233 2073 3302 lege
2156 3231 2324 3296 mine,
2387 3237 2486 3284 aut
2540 3248 2643 3302 per
2686 3229 3063 3284 ministerium
3102 3230 3345 3284 hominis
3383 3230 3760 3300 accipiuntur.

470 3320 838 3386 desciverant,
871 3319 1192 3374 vinciendos
1225 3321 1360 3388 (Act.
1399 3324 1495 3389 ιχ).
1548 3321 1656 3374 Sed
1687 3326 1984 3392 postquam
2015 3321 2074 3376 in
2157 3322 2298 3374 Cum
2328 3325 2517 3374 autem
2558 3320 2636 3374 sic
2683 3319 2851 3373 homo
2892 3320 3113 3389 placet,
3137 3319 3257 3388 jam
3289 3335 3400 3372 non
3432 3319 3617 3384 homo,
3663 3321 3762 3373 sed

473 3424 566 3463 vas
590 3408 878 3462 electionis
905 3409 974 3462 de
1005 3415 1360 3479 persecutore
1381 3410 1688 3464 translatus
1703 3415 1807 3474 est,
1833 3416 1891 3464 et
1909 3411 2076 3480 coepit
2157 3410 2308 3463 Deus
2317 3394 2502 3480 placet
2519 3428 2530 3476 ;
2547 3414 2848 3479 utrumque
2867 3425 3000 3477 ergo
3015 3413 3166 3461 recte
3187 3408 3294 3461 dici
3317 3412 3518 3478 potest,
3543 3414 3619 3471 et,
3646 3407 3766 3477 Ego

469 3497 970 3568 praedicareﬁdem,
999 3513 1174 3567 quam
1198 3497 1484 3567 quondam
1508 3505 1940 3568 expugnaverat,
1964 3515 2076 3551 cce—
2158 3499 2369 3568 placeo,
2391 3504 2568 3551 etnon
2582 3515 2686 3566 ego
2698 3497 2918 3568 placeo:
2954 3497 3000 3550 si
3031 3497 3180 3550 enim
3209 3496 3358 3549 adsit
3387 3495 3564 3550 bonus
3595 3497 3765 3549 intel-

471 3585 553 3656 pit
565 3587 778 3656 pariter
810 3585 1106 3656 displicere
1120 3585 1344 3646 Judaeis,
1383 3584 1586 3656 quibus
1607 3593 1738 3639 ante
1767 3586 2072 3656 placuerat.
2158 3587 2350 3652 lector,
2371 3587 2608 3657 piusque
2628 3586 2896 3656 pulsator,
2924 3584 3138 3655 patebit
3159 3591 3478 3654 utrumque,
3513 3593 3569 3638 et
3607 3585 3766 3638 nulla

2152 3675 2302 3730 inter
2328 3692 2389 3729 se
2419 3675 2793 3745 repugnantia
2822 3674 3056 3744 repellet
3081 3674 3410 3727 intrantem.

469 3779 615 3829 cere,
635 3763 836 3834 quibus
853 3762 1216 3832 displicendo,
1233 3763 1348 3816 Deo
1363 3763 1580 3833 placui?
1597 3763 1653 3816 Si
1666 3763 1817 3816 enim
1830 3763 1939 3816 illis
1954 3764 2070 3834 pla-
2221 3765 2425 3819 Notum
2459 3767 2611 3817 enim
2635 3765 2784 3816 vobis
2805 3765 2969 3830 facio,
2994 3765 3218 3830 fratres,
3234 3763 3600 3830 Evangetium
3623 3764 3769 3830 quod

467 3867 672 3918 ceram,
690 3851 873 3906 adhuc
896 3852 1103 3906 Christi
1145 3868 1337 3906 servus
1376 3868 1488 3905 non
1531 3869 1738 3905 essem:
1759 3869 2067 3907 assererem
2149 3856 2589 3920 erangetizatum
2608 3857 2684 3905 est
2702 3868 2738 3905 a
2761 3868 2862 3914 me,
2882 3854 3014 3920 quia
3034 3867 3146 3904 non
3163 3857 3238 3905 est
3257 3853 3556 3904 sectmdum
3583 3853 3764 3903 homi-

469 3940 673 4012 quippe
689 3941 964 4012 legem,et
975 3941 1258 4010 Evangelii
1268 3941 1509 4010 gratiam
1523 3941 2068 3996 destruerem.Nunc
2151 3957 2275 3994 nem
2309 3961 2324 3995 :
2350 3958 2520 4010 neque
2540 3944 2688 3994 enim.
2725 3933 2818 4006 ego
2845 3941 2913 3993 ab
2939 3941 3160 3993 homine
3187 3943 3367 4008 accepi
3402 3939 3566 4003 itlud,
3594 3956 3767 4006 neque

469 4035 657 4082 autem
680 4029 1165 4098 proptereanecin
1194 4029 1608 4082 simulationem
1629 4029 1855 4099 quidem
1877 4029 2068 4084 obser-
2149 4031 2336 4092 didici,
2390 4031 2481 4083 sed
2520 4045 2621 4096 per
2666 4032 3052 4082 re-retationem
3079 4031 3204 4081 Jesu
3244 4029 3471 4082 Christi.
3522 4026 3764 4092 (Ambr.)

468 4116 661 4170 vandie
681 4117 821 4186 legis
851 4117 1124 4170 adducor:
1147 4117 1278 4186 quia
1306 4133 1418 4170 non
1436 4134 1624 4186 quarm
1638 4123 1695 4172 et
1705 4119 1819 4172 Deo
1851 4119 2070 4188 placere
2151 4119 2313 4171 Nunc
2331 4117 2607 4187 principia
2627 4118 2887 4188 Epistolae
2910 4117 3094 4187 aperit
3118 4135 3130 4183 ;
3159 4117 3340 4186 ipsum
3363 4116 3514 4168 enim
3533 4132 3766 4180 sensum

470 4204 683 4274 pariter
712 4204 1004 4268 etJudteis,
1039 4203 1242 4273 quibus
1263 4204 1582 4274 quicunque
1611 4206 1813 4275 placet,
1839 4207 1953 4260 Deo
1985 4207 2069 4259 di-
2151 4207 2270 4259 vult
2315 4205 2680 4270 manifestari,
2729 4205 2862 4276 quia
2901 4221 3014 4258 non
3059 4223 3124 4258 ea
3155 4221 3278 4274 quae
3309 4203 3545 4259 docebat
3563 4203 3632 4257 ab
3659 4205 3764 4258 ho-

469 4291 685 4364 splicet.
703 4293 772 4346 Et
787 4292 970 4362 ipsum
1003 4308 1224 4362 quoque
1254 4291 1485 4345 verbum
1515 4295 1764 4360 suadere,
1788 4295 2070 4348 dehuma-
2152 4293 2302 4347 mine
2329 4293 2618 4358 didicerat,
2647 4310 2716 4347 ne
2753 4293 2894 4348 forte
2927 4293 3283 4348 dubitaretur
3311 4293 3379 4346 de
3401 4293 3487 4348 his
3513 4309 3637 4362 qua:
3658 4293 3763 4347 do-

469 4399 543 4436 no
578 4399 686 4436 usu
724 4386 1011 4452 sumptum
1047 4387 1150 4444 est,
1186 4397 1313 4433 cum
1344 4380 1470 4450 quis
1499 4381 1554 4434 id
1587 4383 1734 4452 quod
1761 4383 1881 4452 ipse
1902 4381 2316 4492 habetDcebat
2349 4401 2359 4435 :
2397 4399 2579 4452 neque
2610 4383 2920 4436 secundum
2949 4383 3258 4436 humanum
3273 4381 3546 4451 judicium
3567 4387 3764 4452 aptata

478 4477 525 4492 ,Α
559 4488 666 4492 --μ-
684 4471 723 4492 ,1
759 4470 975 4492 ε---ι.ξι.ει
1049 4469 1208 4492 -Δ.Ζ-..μ.
1249 4469 1457 4492 ,μΑ--;-
1503 4475 1736 4492 --.Αᾼ4---.
1773 4471 2012 4492 3..--μΑμ-
2162 4477 2274 4492 -__-A.
2297 4471 2613 4492 “_.__I1--42__
2673 4476 2733 4492 --Α
2765 4471 2987 4492 2___l£___.-
3031 4471 3208 4492 .IIZ__2__-
3245 4470 3573 4492 --__.L_-_.:A..L_
3608 4470 3730 4492 -.ΞΔ-

471 4477 528 4526 et
553 4471 728 4526 semel
758 4470 995 4537 imbibit,
1043 4469 1214 4523 etiam
1243 4469 1458 4524 caeteris
1499 4475 1736 4524 conatur
1772 4471 2019 4526 inserere
2052 4492 2062 4525 :
2085 4469 2134 4492 ν
2154 4477 2278 4524 erat
2297 4471 2638 4541 prmdicatio,
2673 4476 2737 4524 ut
2764 4471 2996 4540 indigna
3025 4471 3216 4524 divina
3243 4470 3576 4524 auctoritate
3608 4470 3764 4524 vide-

470 4566 528 4615 et
553 4559 612 4614 in
633 4561 890 4631 plurimis
914 4559 1335 4630 Scripturarum
1367 4558 1502 4611 locis
1531 4559 1754 4628 legitur,
1774 4575 1840 4612 ex
1869 4560 2070 4630 quibus
2153 4565 2336 4615 retur:
2353 4560 2450 4612 sed
2472 4578 2506 4613 a
2537 4559 2640 4614 Dei
2679 4559 2818 4613 Filio
2838 4559 2974 4612 dicit
2993 4576 3052 4612 se
3072 4559 3331 4613 didicisse
3346 4575 3446 4628 per
3473 4545 3764 4612 revelatio-

469 4649 608 4702 illud
629 4655 716 4702 est
742 4667 753 4701 :
789 4647 988 4702 Suasio
1016 4649 1124 4702 hac
1165 4663 1276 4701 non
1317 4653 1394 4700 est
1432 4663 1496 4701 ea:
1531 4663 1588 4700 eo
1617 4651 1718 4717 qui
1745 4652 1952 4702 vocavit
1983 4665 2072 4702 vos
2153 4665 2302 4713 nem,
2337 4665 2464 4702 cum
2511 4649 2630 4717 jam
2660 4655 2786 4718 post
2815 4647 3292 4701 resurrectionem
3323 4651 3472 4700 esset
3499 4647 3557 4700 in
3587 4647 3758 4700 caelis.

483 4737 626 4802 (Gal.
651 4739 728 4803 v);
763 4753 864 4790 nec
895 4753 1007 4790 non
1039 4741 1096 4789 et
1119 4737 1177 4790 in
1206 4735 1440 4804 Actibus
1463 4736 1876 4806 apostolorum:
1915 4739 2074 4792 l’cne—
2159 4737 2319 4804 (Aug.
2320 4737 2347 4808 )
2377 4735 2735 4806 Evangelium
2767 4737 2917 4806 quod
2964 4737 3274 4790 secundum
3327 4736 3610 4788 hominem
3655 4743 3758 4802 est,

474 4829 612 4877 runt
630 4839 755 4892 ergo
781 4827 856 4876 ad
883 4840 1008 4876 eum
1035 4827 1216 4878 Judaei
1246 4831 1310 4878 in
1337 4827 1638 4894 hospitium
1666 4829 1854 4892 multi,
1873 4829 2074 4896 quibus
2159 4824 2516 4879 mendacium
2532 4830 2634 4890 est,
2651 4827 2830 4878 omnis
2844 4825 2996 4878 enim
3011 4827 3167 4878 homo
3184 4826 3593 4891 mendaa'(Psat.
3609 4828 3758 4894 cxv):

473 4912 780 4980 exponebat,
831 4916 1134 4965 contestans
1177 4929 1260 4965 eos
1296 4915 1359 4965 de
1399 4929 1566 4980 regno
1594 4915 1710 4979 Dei,
1739 4916 2077 4984 suadensque
2161 4913 2295 4984 quia
2319 4913 2590 4982 quidquid
2611 4912 2862 4966 veritatis
2886 4913 3169 4966 invenitur
3189 4914 3244 4966 in
3269 4913 3512 4976 homine,
3538 4929 3650 4966 non
3676 4921 3759 4967 est

471 5003 547 5054 eis
589 5001 652 5053 de
693 5002 840 5065 Jesu,
872 5015 936 5052 er
982 5003 1091 5064 tege
1144 5001 1320 5065 Moysi
1367 5006 1415 5052 ct
1455 5003 1749 5069 prophetis,
1799 5019 1968 5070 usque
2003 5005 2077 5056 ad
2159 5001 2228 5055 ab
2259 5001 2504 5065 homine,
2531 5002 2626 5054 sed
2658 5018 2692 5054 a
2714 5002 2828 5055 Deo
2849 5018 2951 5072 per
2979 5001 3286 5055 hominem.
3312 5001 3444 5054 Ideo
3469 5002 3589 5070 jam
3614 5003 3763 5072 quod

471 5103 756 5158 vesperum
787 5089 922 5154 (Act.
957 5089 1171 5154 xxvm).
1205 5087 1320 5142 Hoc
1353 5093 1543 5142 autem
1575 5095 1760 5143 totum
1788 5090 1912 5144 ideo
1943 5091 2076 5162 quia
2158 5090 2468 5144 secundum
2494 5090 2778 5143 hominem
2810 5095 2912 5154 est,
2944 5107 3045 5144 nec
3076 5089 3441 5160 Evangelium
3463 5090 3764 5144 dicendum

471 5178 822 5232 diﬁamatum
851 5175 920 5228 de
953 5190 1019 5228 eo
1051 5175 1252 5241 fuerat,
1271 5177 1486 5230 occulte
1499 5177 1658 5231 illum
1689 5177 1970 5232 custodire
1991 5179 2073 5232 le-
2157 5184 2259 5244 est,
2295 5178 2460 5248 quale
2482 5177 2560 5231 illi
2591 5179 2917 5245 atierebant,
2941 5179 3122 5250 quiin
3148 5179 3475 5232 servitutem
3503 5195 3570 5232 ex
3593 5178 3765 5232 liber-

470 5282 600 5335 gem
621 5271 680 5320 et
707 5263 1109 5334 Hierosolymis
1127 5280 1255 5316 cum
1274 5265 1360 5318 his
1373 5265 1468 5334 qui
1476 5265 2075 5335 judaizabantconsorl-
2156 5271 2272 5320 tate
2328 5266 2689 5320 attrahebant
2737 5285 2851 5332 eos,
2903 5284 3043 5338 quos
3093 5268 3242 5321 Deus
3272 5284 3336 5320 ex
3378 5267 3650 5320 servitute
3707 5269 3768 5320 in

469 5354 615 5408 tium
633 5353 1468 5421 miscuisse.(Aug.)NemoDeo
1493 5354 1712 5418 suadet,
1731 5355 1867 5424 quia
1893 5356 2076 5410 mani-
2156 5355 2476 5409 libertatem
2515 5355 2764 5408 vocabat.
2801 5358 2994 5422 (Hiera)
3033 5357 3100 5409 Et
3131 5372 3197 5408 ex
3238 5355 3343 5408 hoc
3378 5355 3501 5409 loco
3538 5355 3768 5410 Ebionis

472 5443 616 5503 festa
643 5448 778 5496 sunt
792 5441 874 5494 illi
890 5440 1106 5507 omnia;
1131 5441 1229 5494 sed
1251 5439 1570 5495 hominibus
1601 5441 1695 5496 ille
1721 5442 1860 5496 bene
1877 5444 2080 5498 suadet
2159 5450 2220 5498 et
2248 5443 3023 5513 Photinidogmaconteritur,
3062 5443 3210 5514 quod
3229 5444 3378 5497 Deus
3400 5443 3764 5509 sitChristus,

471 5530 568 5602 qui
597 5545 710 5584 non
731 5545 792 5582 se
817 5529 927 5583 illis
954 5529 1176 5600 placere
1209 5529 1344 5594 vult,
1379 5529 1478 5582 sed
1498 5529 1674 5600 ipsam
1689 5547 1857 5600 quam
1881 5533 2082 5588 suadet
2162 5540 2222 5587 et
2247 5549 2360 5586 non
2379 5537 2603 5586 tantum
2623 5533 2809 5586 homo.
2839 5533 2896 5587 Si
2919 5533 3070 5586 enim
3101 5532 3464 5602 Evangelium
3477 5532 3639 5586 Pauli
3651 5549 3769 5587 non

471 5616 918 5681 veritatem.Qui
945 5617 1096 5672 enim
1129 5618 1314 5688 placet
1351 5616 1686 5685 hominibus,
1719 5636 1833 5674 non
1857 5619 1926 5674 ab
1945 5620 2081 5692 ipsis
2165 5626 2250 5675 est
2279 5621 2588 5676 secundum
2617 5621 2922 5682 hominem,
2959 5638 3140 5691 neque
3179 5620 3250 5675 ab
3279 5621 3505 5675 homine
3551 5621 3776 5690 accepit.
