4034 6162
665 279 1244 335 ENARRATIONUM
1278 280 1357 334 IN
1395 281 1546 335 EPP.
1589 281 1803 336 PAULI
1844 283 1980 337 LIB.
2023 283 2168 337 XIV.
2205 314 2269 324 —
2302 285 2379 338 IN
2418 283 2640 338 EPIST.
2681 286 2777 338 AD
2818 285 3074 339 GALAT.
3409 285 3513 341 258

295 409 421 464 illud.
445 415 534 461 aut
555 405 754 466 didicit,
777 405 879 459 sed
902 421 1003 476 per
1031 405 1423 460 revelationem
1444 406 1472 459 J
1479 422 1575 458 esu
1598 405 1824 470 Christi,
1849 407 2012 472 Atio,
2033 409 2312 478 quomodo
2331 408 2558 472 Paulus,
2583 412 2832 464 vastator
2861 409 3144 480 quondam
3163 409 3437 472 Ecclesiae,
3462 417 3520 464 et

295 514 381 553 non
397 503 469 550 est
484 494 662 565 utique
679 494 846 548 homo
877 495 906 548 J
911 511 1038 548 esus
1059 495 1318 548 Christus
1340 494 1436 564 qui
1457 495 1630 548 Paulo
1651 495 1831 550 Evan-
1914 497 2187 550 Judaismi
2213 497 2519 550 acerrimus
2544 497 2882 563 defensator,
2909 499 2980 552 ad
3011 498 3217 553 Christi
3240 498 3409 553 fidem
3437 515 3522 552 re-

289 587 457 656 gelium
482 583 746 637 revelavit.
780 584 942 647 Quod
967 583 1014 636 si
1034 600 1146 636 non
1168 591 1254 638 est
1274 584 1461 645 homo,
1485 599 1830 654 consequen-
1913 591 2081 656 pente
2116 603 2415 639 conversus
2445 585 2538 650 sit,
2571 591 2628 639 et
2655 587 2759 640 hoc
2787 603 2853 640 eo
2893 593 3165 658 tempore,
3199 604 3310 658 quo
3339 587 3521 641 cruci-

291 683 358 728 ter
381 675 508 727 Deus
531 677 637 736 est;
671 687 782 725 non
810 673 958 742 quod
993 671 1274 725 hominem
1317 689 1585 741 negemus
1613 688 1831 726 assum-
1915 674 2056 727 ﬁxus
2087 673 2329 744 primum
2361 673 2804 728 annuntiabatur
2831 675 2890 728 in
2921 675 3148 740 mundo,
3175 693 3285 745 quo
3317 692 3518 731 novum

289 773 414 838 ptum
443 780 453 814 :
479 761 571 815 sed
603 760 748 832 quod
793 766 1016 815 tantum
1047 761 1331 814 hominem
1362 777 1684 815 renuamus.
1717 762 1832 814 Nec
1913 761 2119 831 dogma
2139 769 2195 816 et
2215 780 2249 816 a
2267 761 2530 829 gentibus
2550 769 2608 816 et
2635 780 2670 816 a
2698 763 2905 818 Iudaeis
2935 763 3110 818 totius
3139 763 3289 818 orbis
3318 764 3520 820 ﬁnibus

290 858 501 922 putemus
527 849 580 902 in
627 848 804 902 verbis
833 849 1250 920 Scripturarum
1297 866 1417 902 esse
1450 849 1828 919 Evangelium,
1914 850 2245 920 pellebatur.
2271 851 2466 905 Dicere
2487 851 2636 904 enim
2658 858 2952 922 poterant:
2981 852 3039 907 Si
3058 852 3152 906 ille
3171 853 3266 923 qui
3289 870 3322 906 a
3343 870 3515 924 parva

297 285 376 340 '25?

287 940 426 992 sedin
451 954 635 992 sensu:
661 954 769 992 non
791 938 848 991 in
869 938 1180 1008 superﬁcie,
1204 939 1300 991 sed
1323 938 1381 992 in
1405 939 1681 992 medulla:
1721 955 1831 992 non
1913 945 2078 993 zetate
2121 940 2528 994 Pharismorum
2585 941 2875 994 institutus
2914 948 2999 995 est
3039 941 3366 1012 disciplinis,
3417 942 3512 1012 qui

285 1029 332 1081 in
353 1043 642 1081 sermonum
661 1025 825 1092 foliis,
849 1027 946 1082 sed
969 1027 1028 1080 in
1057 1027 1244 1081 radice
1265 1027 1514 1081 rationis.
1539 1027 1756 1081 Dicitur
1775 1027 1832 1080 in
1915 1044 2108 1082 omnes
2135 1035 2448 1083 coaetaneos
2467 1045 2599 1083 suos
2622 1029 2679 1082 in
2707 1029 2940 1084 Iudaica
2967 1030 3266 1084 traditione
3285 1047 3514 1102 supera-

285 1116 509 1188 propheta
533 1115 598 1168 de
623 1115 736 1169 Deo
768 1133 780 1167 :
808 1116 1093 1171 Sermones
1121 1119 1236 1184 ejus
1267 1117 1396 1169 boni
1421 1121 1552 1169 sunt
1585 1131 1713 1170 cum
1753 1134 1827 1169 eo.
1914 1115 2028 1182 bat,
2063 1133 2212 1171 nunc
2241 1117 2487 1172 defendit
2517 1118 2839 1182 Ecclesiam,
2873 1135 3042 1190 quam
3060 1119 3344 1190 quondam
3374 1119 3514 1174 vali-

286 1205 408 1258 Tunc
423 1204 710 1274 Scriptura
736 1203 891 1258 utilis
922 1211 1008 1258 est
1052 1204 1427 1267 audientibus,
1459 1222 1588 1258 cum
1624 1204 1833 1275 absque
1915 1205 2143 1259 dissime
2163 1205 2632 1277 persequebatur;
2657 1213 2715 1259 et
2743 1206 2923 1277 magis
2952 1206 3160 1261 Christi
3185 1207 3428 1278 gratiam
3457 1215 3514 1262 et

285 1293 466 1347 Christo
501 1309 608 1346 non
635 1292 861 1358 dicitur,
893 1309 1024 1346 cum
1049 1292 1260 1364 absque
1280 1295 1448 1347 Patre
1477 1311 1588 1348 non
1617 1294 1832 1365 profer—
1915 1295 2216 1348 novitatem
2245 1295 2365 1349 vult
2393 1294 2598 1348 habere
2629 1312 2757 1348 cum
2795 1295 3002 1350 invidia
3040 1297 3311 1361 omnium,
3344 1313 3512 1368 quam

282 1391 368 1444 tur,
387 1399 500 1436 cum
520 1381 638 1436 sine
659 1382 874 1452 Spiritu
895 1398 1008 1435 non
1027 1399 1152 1436 eam
1180 1382 1429 1436 insinuat
1455 1383 1548 1436 ille
1575 1383 1670 1452 qui
1689 1400 1831 1453 prze-
1917 1389 2252 1437 vetustatem
2281 1383 2420 1453 legis
2441 1400 2568 1437 cum
2600 1383 2765 1437 laude
2794 1384 3130 1450 multorum;
3155 1385 3289 1455 quid
3316 1401 3418 1440 nos
3436 1385 3514 1439 fa-

281 1471 426 1524 dicat:
445 1469 686 1542 alioquin
704 1476 764 1524 et
783 1469 1038 1524 diabolus
1051 1471 1146 1541 qui
1159 1471 1409 1542 loquitur
1425 1471 1493 1524 de
1507 1471 1826 1542 Scripturis,
1921 1488 2046 1525 rere
2073 1476 2310 1542 oportet.
2345 1471 2438 1541 qui
2469 1489 2531 1525 ex
2563 1472 2876 1540 gentilitate
2907 1473 3178 1543 cmpimus
3206 1491 3328 1528 esse
3359 1474 3514 1528 Chri-

281 1569 326 1611 et
347 1575 514 1612 omnes
541 1559 780 1612 hereses
817 1559 1122 1613 secundum
1175 1559 1426 1612 Ezechiel
1457 1560 1664 1626 (Ezech.
1701 1566 1833 1626 xm),
1919 1560 2130 1614 stiani?
2146 1561 2381 1614 Pulchre
2395 1578 2525 1614 vero
2542 1561 3515 1631 adjunxit,supramodumpersequc-

283 1647 383 1700 inde
397 1645 490 1700 sibi
507 1653 786 1701 consuunt
809 1647 1122 1712 cervicalia,
1146 1664 1268 1718 quae
1292 1654 1502 1718 ponant
1521 1647 1624 1701 sub
1644 1647 1829 1702 cubito
1855 1717 1884 1720 _
1923 1650 2023 1702 bar
2042 1650 2337 1702 Ecclesium.
2356 1651 2471 1714 Dei,
2496 1656 2560 1703 ut
2579 1650 2707 1703 hinc
2743 1667 2966 1720 quoque
2991 1650 3290 1704 admiratio
3319 1667 3514 1706 nasce-

279 1735 506 1788 universa:
537 1736 744 1790 atatis.
776 1736 1001 1790 Grande
1041 1717 1353 1807 periculum
1384 1742 1470 1790 est
1498 1736 1558 1790 in
1589 1717 2093 1803 EcclesiaBretur,
2147 1738 2294 1808 quod
2337 1755 2449 1791 non
2499 1717 2891 1809 unusquisque
2941 1739 3010 1792 de
3058 1739 3146 1792 his
3185 1739 3281 1810 qui
3323 1739 3517 1795 leviter

281 1825 417 1894 loqui,
439 1840 502 1877 ne
529 1824 670 1878 forte
699 1823 1164 1896 interpretatione
1195 1841 1477 1896 perversa,
1503 1825 1573 1878 de
1594 1825 1836 1894 Evange-
1917 1827 2399 1896 persequebantur
2438 1827 2759 1892 Ecclesiam,
2796 1827 2893 1881 sed
2933 1827 3026 1880 ille
3069 1827 3166 1897 qui
3197 1833 3428 1884 casteros
3457 1829 3516 1882 in

278 1913 334 1966 lio
356 1912 560 1976 Christi,
584 1913 830 1967 hominis
857 1915 959 1967 fiat
977 1912 1359 1984 Evangelium,
1375 1919 1491 1978 aut,
1508 1913 1655 1984 quod
1676 1915 1836 1984 pejus
1917 1914 2300 1985 persecutione
2339 1915 2610 1980 vincebat,
2645 1932 2946 1969 conversus
2997 1915 3066 1969 ad
3107 1915 3275 1970 ﬁdem
3321 1916 3413 1971 sit.
3449 1917 3518 1972 Et

277 2011 356 2066 est,
369 2001 575 2056 diaboli.
592 2001 753 2056 Inter
774 2003 1025 2073 accipere
1040 2008 1230 2056 autem
1251 2007 1308 2056 et
1327 2003 1557 2065 discere,
1581 2002 1685 2056 hoc
1698 2002 1837 2056 inte-
1917 2003 2223 2074 prudenter
2239 2004 2374 2057 dum
2395 2005 2548 2057 aliud
2569 2011 2782 2069 narrat,
2809 2004 3096 2058 interserit
3126 2021 3239 2059 non
3268 2010 3386 2058 tam
3414 2005 3516 2060 Dei

275 2097 382 2155 rest,
411 2090 549 2161 quod
575 2090 674 2144 ille
705 2091 907 2162 accipit
926 2092 1288 2160 Evangelium
1316 2091 1404 2144 cui
1435 2091 1678 2161 primum
1707 2090 1838 2144 insi-
1917 2109 1977 2145 se
2006 2093 2240 2146 servisse
2269 2093 2377 2162 legi
2408 2110 2576 2163 quam
2596 2093 2864 2164 paternis,
2887 2093 2943 2146 id
2968 2099 3070 2158 est,
3105 2093 3514 2149 Pharisaeorum

275 2185 462 2244 uuam,
493 2185 549 2233 et
575 2179 650 2233 ad
685 2180 853 2233 fidem
884 2181 1006 2250 ejus
1037 2180 1352 2238 adducitur.
1387 2185 1452 2233 ut
1481 2179 1675 2233 credat
1707 2196 1838 2233 vera
1916 2181 2331 2244 traditionibus,
2347 2182 2442 2251 qui
2461 2182 2663 2235 docent
2676 2182 2957 2236 doctrinas
2971 2188 3027 2236 et
3049 2183 3315 2236 mandata
3333 2183 3515 2236 homi-

272 2285 369 2321 esse
393 2285 506 2338 quae
533 2268 748 2339 scripta
775 2274 942 2334 sunt;
968 2269 1132 2323 discit
1161 2274 1350 2322 autem
1381 2269 1445 2334 is,
1471 2268 1567 2340 qui
1595 2285 1680 2334 ea,
1715 2285 1837 2338 quae
1918 2286 2074 2334 num,
2107 2275 2162 2322 et
2191 2270 2452 2340 rejiciunt
2480 2271 2660 2339 legem
2690 2271 2790 2324 Dei
2821 2276 2884 2323 ut
2903 2275 3156 2324 statuant
3184 2270 3514 2326 traditiones

275 2357 318 2409 in
333 2357 414 2410 illo
440 2373 536 2427 per
562 2357 872 2427 aenigmata
897 2363 956 2412 et
980 2357 1274 2429 parabolas
1303 2359 1546 2427 figurata
1573 2362 1724 2423 sunt,
1750 2374 1838 2410 ex-
1919 2375 2068 2412 suas.
2103 2358 2283 2422 Quam
2320 2359 2544 2428 elegans
2584 2364 2774 2412 autem
2821 2358 3152 2424 observatio,
3186 2359 3516 2430 pondusque

273 2445 464 2514 pinnata
483 2452 538 2500 et
554 2445 803 2500 disserta
823 2447 1126 2517 cognoscit,
1149 2453 1206 2500 et
1227 2445 1514 2516 cognoscit
1531 2462 1645 2500 non
1665 2445 1838 2500 homi—
1919 2445 2220 2500 verborum
2239 2453 2353 2500 est:
2372 2449 2619 2500 Audistis
2631 2451 2805 2511 enim;
2828 2447 3030 2516 inquit,
3052 2450 3516 2501 conversationem

275 2551 329 2586 ne
352 2534 636 2598 revelante,
677 2537 776 2590 sed
807 2535 1055 2598 Christo,
1089 2535 1184 2606 qui
1213 2535 1478 2589 revelavit
1506 2535 1700 2599 Paulo,
1741 2540 1840 2588 aut
1919 2552 2100 2590 meam
2121 2537 2428 2603 aliquando
2441 2538 2504 2588 in
2525 2535 3114 2605 Judaismo?(Aug.)Si
3130 2535 3516 2606 persequendo

273 2640 353 2693 per
367 2623 666 2678 Paulumin
683 2641 794 2695 quo
807 2625 1056 2696 loquitur
1068 2625 1344 2678 Christus.
1360 2623 1605 2678 Verbum
1617 2640 1838 2694 quoque
1919 2629 1977 2677 et
2006 2623 2277 2678 vastando
2311 2623 2613 2677 Ecclesiam
2635 2623 2756 2688 Dei,
2781 2623 3107 2694 proficiebat
3127 2624 3184 2678 in
3203 2623 3513 2690 Judaismo,

275 2711 423 2781 ipsum
482 2713 897 2791 ἀποκαλύψεως,
944 2713 1000 2767 id
1049 2719 1154 2778 est,
1200 2711 1574 2777 revelationis,
1615 2712 1839 2783 proprie
1919 2718 2153 2784 apparet
2171 2712 2514 2766 contrarium
2535 2729 2656 2766 esse
2678 2713 2934 2766 Ecclesiae
2950 2713 3070 2776 Dei,
3089 2729 3202 2767 non
3229 2729 3329 2784 per
3358 2713 3518 2767 illam

274 2801 656 2872 Scripturarum
687 2807 790 2860 est.
815 2808 923 2855 eta
943 2801 1097 2854 nullo
1126 2800 1462 2872 sapientium
1483 2798 1670 2854 saeculi
1689 2799 1838 2870 apud
1919 2801 2227 2872 spiritalem
2254 2801 2454 2870 legem,
2489 2818 2658 2872 quam
2687 2807 3022 2872 acceperunt
3048 2801 3257 2856 Judaei:
3292 2803 3392 2856 sed
3419 2819 3520 2873 per

272 2890 456 2944 Graecos
472 2897 834 2962 usurpatum.
858 2890 1016 2944 Unde
1033 2889 1169 2943 mihi
1190 2889 1451 2943 videntur
1470 2888 1835 2960 quemadmo-
1919 2891 2199 2943 carnalem
2240 2889 2717 2944 conversationem
2759 2889 3042 2954 servitutis
3071 2889 3346 2960 ipsorum.
3372 2890 3442 2945 Et
3470 2891 3516 2944 si

272 2977 380 3032 dum
391 2979 442 3033 in
457 2979 578 3034 aliis
587 2979 774 3034 verbis
789 2995 912 3050 quae
924 2979 993 3032 de
1005 2978 1238 3032 Hebraeo
1255 2977 1313 3031 in
1326 2977 1582 3032 Graecum
1599 2977 1836 3048 Septua-
1919 2979 2229 3041 aemulator,
2263 2977 2320 3032 id
2347 2983 2451 3042 est,
2475 2978 2727 3032 imitator
2750 2965 3115 3048 paternarum
3143 2995 3377 3033 suarum
3405 2984 3518 3033 tra-

271 3067 400 3135 ginta
415 3069 749 3140 interpretes
767 3068 1196 3132 transtulerunt,
1220 3067 1300 3120 ita
1323 3072 1381 3120 et
1402 3065 1461 3120 in
1481 3066 1587 3120 hoc
1611 3082 1839 3135 magno-
1853 3053 1895 3112 C
1917 3066 2192 3120 ditionum
2223 3065 2664 3137 persequebatur
2694 3067 2902 3120 Paulus
2937 3067 3240 3120 Ecclesiam
3263 3067 3393 3132 Dei;
3424 3084 3519 3138 pa-

274 3172 378 3224 pere
403 3173 516 3211 esse
535 3163 792 3220 conatos,
819 3163 884 3210 ut
899 3157 1299 3228 proprietatem
1319 3155 1601 3226 peregrini
1625 3165 1840 3208 sermo-

271 3245 341 3298 nis
361 3247 748 3317 exprimerent,
782 3262 926 3299 nova
951 3245 1108 3300 novis
1136 3243 1302 3299 rebus
1331 3244 1499 3298 verba
1518 3245 1792 3312 ﬁngentes
1823 3261 1835 3295 ε

271 3339 317 3383 et
333 3349 535 3399 sonam,
556 3351 694 3389 cum
715 3333 850 3404 quid
871 3340 1080 3388 tectum
1103 3339 1160 3388 et
1181 3333 1442 3399 velatum,
1467 3329 1652 3386 ablato
1674 3332 1841 3385 desu-

271 3437 351 3490 per
373 3423 739 3494 operimento.
774 3422 1089 3477 ostenditur
1129 3427 1188 3476 et
1225 3421 1506 3492 profertur
1541 3421 1600 3474 in
1636 3421 1839 3491 lucem.

273 3510 368 3564 Hoc
383 3516 442 3565 ut
465 3511 824 3566 manifestius
852 3513 970 3576 fiat,
993 3511 1226 3582 accipite
1245 3509 1559 3581 exemplum
1583 3528 1594 3563 :
1623 3509 1842 3580 Moyses

270 3615 376 3653 cum
391 3600 500 3655 Deo
527 3601 786 3656 revelata
804 3606 862 3654 et
881 3605 1076 3671 aperta
1102 3600 1242 3654 facie
1269 3597 1620 3669 loquebatur,
1649 3597 1706 3651 id
1737 3601 1839 3662 est,

273 3686 451 3759 absque
467 3689 750 3744 velamine
777 3707 787 3740 :
814 3689 884 3742 ad
914 3689 1181 3760 populum
1211 3693 1400 3741 autem
1428 3687 1680 3756 loquens,
1713 3685 1845 3756 quia

275 3776 455 3832 mltum
485 3781 610 3850 ejus
645 3778 936 3832 attendere
959 3793 1070 3831 non
1096 3776 1374 3841 valebant,
1398 3775 1650 3829 valamen
1678 3789 1845 3844 pone-

272 3863 350 3918 bat
373 3867 425 3920 in
451 3867 608 3921 facie.
647 3869 792 3921 Ante
821 3883 1010 3920 arcam
1049 3881 1270 3936 quoque
1307 3863 1630 3918 testamenti
1659 3863 1844 3916 velum

272 3970 552 4026 oppansum
573 3962 705 4011 erat
728 3973 739 4008 :
764 3956 914 4026 quod
931 3971 1060 4009 cum
1082 3955 1279 4008 fuisset
1300 3953 1612 4017 reductum,
1635 3966 1703 4005 ea
1722 3967 1846 4021 qua;

274 4049 382 4097 ante
417 4044 750 4100 abscondita
785 4044 1027 4109 fuerant,
1071 4041 1470 4114 prodebantur,
1511 4045 1568 4094 et
1617 4045 1682 4094 ut
1726 4039 1847 4110 ipso

278 4131 420 4188 verbo
445 4140 593 4191 utar.
621 4135 1033 4188 revelabantur.
1080 4135 1288 4187 Paulus
1329 4133 1603 4198 apostolus
1644 4144 1756 4182 non
1778 4129 1848 4182 ab

278 4221 570 4278 hominibus
601 4239 777 4292 neque
820 4237 919 4291 per
953 4223 1252 4285 hominem,
1302 4218 1384 4273 ita
1412 4223 1469 4272 et
1496 4217 1555 4272 in
1584 4215 1847 4288 praesenti

279 4307 378 4364 loco
401 4309 626 4384 oblique
645 4311 704 4365 in
727 4311 954 4365 Petrum
973 4309 1168 4381 accipi,
1189 4313 1247 4362 et
1272 4307 1332 4361 in
1361 4313 1590 4361 caeteros
1609 4321 1847 4378 praeces-

1917 3162 2092 3209 ternae
2111 3154 2285 3226 ipsius
2303 3154 2635 3208 traditiones
2655 3154 2951 3209 contrariae
2970 3161 3104 3208 sunt
3124 3155 3379 3210 Ecclesia:
3393 3155 3513 3210 Dei.

1920 3245 2046 3297 Non
2075 3248 2265 3297 autem
2288 3242 2428 3313 legis
2458 3243 2608 3296 illius
2626 3244 2792 3314 culpa
2812 3249 2897 3297 est
2920 3262 2930 3296 :
2965 3243 3052 3297 lex
3070 3243 3222 3297 enim
3250 3243 3519 3314 spiritalis

1921 3339 2025 3398 est,
2053 3349 2156 3386 nec
2183 3331 2486 3386 carnaliter
2514 3349 2572 3385 se
2600 3332 2750 3402 cogit
2773 3331 3039 3402 intelligi;
3063 3332 3160 3386 sed
3189 3331 3414 3387 illorum
3434 3332 3516 3386 vi-

1919 3421 2063 3474 tium
2093 3426 2196 3486 est,
2223 3420 2320 3492 qui
2349 3425 2407 3474 et
2425 3420 2524 3474 illa
2547 3437 2669 3491 quae
2698 3427 3054 3491 acceperunt,
3076 3421 3377 3477 carnaliter
3397 3437 3518 3476 sen-

1919 3509 2087 3573 tiunt,
2111 3516 2168 3563 et
2193 3510 2373 3563 multa
2405 3508 2574 3562 etiam
2604 3527 2708 3563 sua
2735 3509 3110 3575 tradiderunt,
3133 3509 3515 3570 dissolventes.

1921 3598 2064 3652 sicut
2084 3599 2356 3652 Dominus
2376 3597 2529 3662 dicit,
2549 3598 2877 3652 mandatum
2897 3597 2997 3651 Dei
3023 3604 3251 3668 propter
3268 3597 3520 3652 traditio-

1922 3703 2022 3740 nes
2044 3702 2194 3740 suas.
2221 3688 2419 3752 (llier.)
2452 3686 2945 3742 Conrersationem.
2972 3703 3084 3739 non
3109 3685 3382 3756 gratiam;
3415 3689 3520 3740 ali-

1923 3775 2160 3843 quando,
2198 3789 2310 3826 non
2336 3773 2537 3838 modo;
2572 3777 2636 3826 in
2661 3775 2965 3836 Judaismo,
3005 3789 3116 3826 non
3153 3772 3212 3826 in
3245 3773 3369 3842 lege
3393 3773 3514 3827 Dei.

1925 3863 2200 3930 Quomodo
2219 3877 2391 3929 supra
2423 3862 2644 3914 modum
2679 3861 3042 3929 persequebar
3075 3861 3371 3915 Ecclesium
3399 3863 3518 3928 Dei,

1925 3955 1972 4003 et
1997 3950 2346 4003 devastabam
2371 3951 2553 4003 illam.
2589 3949 2715 4002 Non
2747 3947 3190 4018 persequebatur
3217 3953 3282 4002 ut
3309 3948 3514 4014 caeteri,

1925 4038 2024 4092 sed
2038 4054 2208 4108 supra
2221 4037 2450 4092 modum
2469 4055 2480 4090 :
2496 4053 2598 4091 nec
2619 4036 2929 4091 suﬂiciebat
2951 4036 3204 4108 quamvis
3224 4036 3522 4092 vehemens

1927 4127 2258 4198 persecutio.
2283 4126 2380 4181 sed
2401 4125 2562 4197 quasi
2583 4126 2813 4196 quidam
2831 4130 3119 4196 grassator
3138 4124 3442 4180 Ecclesium
3465 4131 3523 4180 et

1927 4215 2115 4287 praedo
2143 4215 2414 4270 vastabat.
2439 4216 2554 4271 Nec
2573 4214 2672 4280 ait,
2709 4215 3005 4270 Ecclesium
3035 4216 3261 4281 Christi,
3293 4219 3359 4270 ut
3385 4220 3520 4270 tunc

1928 4303 2182 4376 putabat,
2197 4321 2364 4376 quem
2386 4303 2626 4358 ducebat
2653 4303 3016 4374 contemptui,
3042 4319 3211 4374 quem
3229 4319 3523 4374 perseque-

277 4382 554 4470 aeracius,
568 4399 724 4472 quod
736 4399 1054 4470 nulliuspro
1067 4399 1190 4468 lege
1208 4402 1265 4451 et
1275 4395 1610 4452 auctoritate
1631 4382 1914 4450 movea-D
1929 4392 2128 4447 batur:
2152 4392 2251 4446 sed
2279 4399 2346 4447 ut
2371 4409 2520 4447 nunc
2549 4393 2746 4455 credit,
2765 4393 3055 4446 Ecclesium
3085 4394 3200 4456 Dei,
3225 4391 3312 4444 vel
3331 4391 3522 4462 ipsum

277 4491 371 4548 tur,
389 4488 480 4559 qui
499 4488 792 4544 Christum
811 4488 993 4541 solum
1012 4485 1295 4557 Evangelii
1315 4484 1522 4540 habeat
1539 4488 1846 4556 praecepto-

279 4590 394 4630 rem.
447 4577 628 4632 Porro
683 4575 1078 4631 revelationem
1131 4575 1287 4629 illam
1342 4573 1622 4644 signiﬁcat
1643 4613 1658 4638 ,
1719 4588 1848 4626 cum

279 4662 587 4720 Damascum
622 4664 830 4720 vadens
863 4664 922 4718 in
949 4663 1148 4718 itinere
1179 4662 1386 4718 Christi
1422 4678 1614 4716 vocem
1640 4660 1850 4715 meruit

278 4753 464 4822 audire,
495 4761 557 4809 et
581 4753 805 4809 caecatis
840 4753 1035 4818 oculis,
1066 4768 1261 4807 verum
1299 4751 1492 4805 lumen
1526 4749 1724 4805 mundi
1757 4749 1847 4803 in-

277 4841 430 4896 tuitus
455 4848 542 4898 est
572 4844 714 4908 (Act.
736 4850 838 4908 rx).

331 4933 567 4987 Audistis
595 4935 750 4987 enim
767 4932 1232 4986 conversationem
1249 4945 1432 4984 meam
1461 4929 1764 4997 aliquando
1780 4929 1846 4980 in

275 5019 549 5084 Judaismo,
561 5023 835 5090 quoniam
851 5035 1025 5088 supra
1039 5019 1267 5072 modum
1279 5017 1641 5087 persequebar
1668 5016 1843 5070 Eccle-

277 5109 398 5160 sium
424 5109 540 5175 Dei,
561 5114 614 5164 et
633 5109 1016 5178 “pugnabam
1036 5110 1218 5172 illam,
1233 5111 1282 5160 et
1295 5105 1646 5174 proﬁciebam
1666 5107 1730 5157 in
1746 5105 1844 5158 Ju-

277 5195 459 5252 daismo
476 5214 655 5267 supra
679 5201 882 5252 multos
906 5201 1194 5250 coztaneos
1213 5197 1277 5248 in
1295 5209 1490 5262 genere
1508 5207 1643 5258 meo,
1667 5192 1844 5246 abun-

277 5283 776 5342 dantiuszmulator
784 5289 1015 5339 existens
1023 5289 1394 5352 paternarum
1403 5297 1657 5336 mearum
1671 5280 1847 5334 tradi-

281 5374 486 5429 tionum.
504 5371 1122 5445 (Ambr.)Propositum
1139 5387 1305 5426 suum
1336 5369 1484 5441 quod
1511 5368 1669 5440 prius
1681 5369 1845 5438 juxta

281 5473 476 5517 amem
493 5461 736 5534 vigebat,
747 5477 1069 5534 repugnans
1087 5459 1363 5524 Ecclesiae,
1376 5457 1618 5512 breviter
1630 5473 1844 5511 memo-

285 5555 368 5601 rat.
389 5552 586 5616 (Πίον.)
608 5550 716 5605 Sed
733 5549 1040 5622 plurimum
1057 5548 1287 5619 prodest
1298 5545 1514 5601 Galatis
1532 5545 1642 5600 ista
1655 5561 1846 5600 nan‘a-

1930 4482 2217 4536 Christum
2238 4481 2417 4536 Deum
2438 4497 2561 4535 esse
2611 4479 2961 4550 signiﬁcans;
3002 4479 3088 4532 vel
3109 4478 3364 4548 ejusdem
3419 4479 3520 4534 Dei

1930 4586 2051 4625 esse
2091 4569 2413 4634 Ecclesiam,
2456 4568 2551 4639 qui
2590 4567 2872 4639 quondam
2913 4566 3052 4636 legis
3099 4567 3264 4620 dator
3297 4565 3422 4620 fuit.
3454 4568 3522 4621 Et

1924 4660 2298 4728 proﬁciebam,
2323 4656 2524 4726 inquit,
2545 4658 2609 4709 in
2619 4657 2906 4709 Judaismo
2923 4669 3096 4722 supra
3112 4657 3313 4708 multos
3335 4660 3520 4710 cocta-

1929 4763 2053 4802 neos
2067 4750 2132 4800 in
2143 4761 2336 4814 genere
2345 4744 2867 4801 meo.abundantius
2885 4746 3176 4797 aemulator
3185 4745 3522 4813 existenspa-

1930 4841 2222 4890 ternarum
2240 4848 2495 4887 mearum
2517 4832 2909 4885 tractationum.
2941 4831 3189 4886 Rursum
3210 4830 3522 4902 profectum

1925 4940 2040 4979 non
2060 4922 2198 4994 legis
2217 4921 2338 4987 Dei,
2361 4921 2460 4975 sed
2479 4917 2755 4979 Judaismi
2774 4924 2936 4974 vocat
2955 4937 2969 4986 ;
2993 4936 3096 4974 nec
3113 4936 3285 4992 super
3304 4937 3517 4988 omnes,

1926 5011 2024 5067 sed
2044 5027 2214 5083 super
2231 5009 2503 5083 plurimos
2522 5028 2536 5076 ;
2560 5024 2662 5063 nec
2689 5024 2858 5079 super
2876 5024 3060 5074 senes,
3081 5009 3180 5064 sed
3197 5026 3366 5081 super
3385 5026 3520 5065 coae-

1925 5106 2140 5157 taneos.
2171 5105 2238 5154 ut
2265 5103 2324 5154 et
2349 5098 2600 5152 studium
2627 5113 2795 5152 suum
2824 5096 3060 5152 referret
3085 5097 3144 5151 in
3173 5097 3313 5167 lege,
3347 5104 3404 5152 et
3424 5098 3515 5168 ja-

1925 5189 2196 5244 ctantiam
2209 5187 2542 5244 declinaret:
2558 5192 2820 5258 paternas
2838 5190 3028 5240 autem
3041 5185 3391 5251 traditiones,
3405 5201 3516 5240 non

1925 5277 2150 5334 Domini
2181 5277 2446 5332 mandata
2475 5291 2938 5339 commemorans,
2971 5279 3030 5328 et
3055 5290 3118 5328 se
3147 5273 3513 5342 Phariseum,

1926 5383 1992 5421 ex
2042 5365 2339 5421 Pharisaais
2384 5364 2666 5428 indicavit,
2723 5368 2782 5418 et
2835 5361 3098 5418 habuisse
3145 5362 3372 5436 quidem
3426 5381 3518 5420 ze-

1926 5455 2046 5510 lum
2066 5455 2188 5520 Dei,
2209 5453 2310 5508 sed
2331 5469 2443 5508 non
2469 5452 2776 5508 secundum
2800 5451 3112 5507 scientiam.
3134 5451 3324 5524 Usque
3352 5452 3516 5510 hodie

1929 5549 2118 5598 autem
2146 5542 2241 5614 qui
2267 5541 2500 5596 Judaico
2509 5557 2678 5596 sensu
2691 5539 3009 5610 Scriptum
3034 5539 3376 5612 intelligunt.
3394 5558 3518 5612 per-
