3966 6168
475 273 576 329 263

1091 271 1153 324 B.
1189 271 1458 325 RABANI
1489 273 1720 328 MAURI
1747 273 2082 328 ARCHIEP.
2113 273 2438 328 MOGUNT.
2475 272 2772 328 OPERUM
2799 272 2982 327 PARS
3013 273 3112 328 IlI.

3633 276 3736 334 264

477 398 809 459 referantur,
842 413 904 450 se
941 411 1054 450 non
1090 394 1160 448 ab
1204 394 1427 448 homine
1456 395 1683 450 doctum
1713 413 1854 463 esse,
1901 397 1999 450 sed
2029 414 2063 450 a
2080 399 2128 458 A
2146 399 2256 450 cia}.
2281 397 2479 466 (Hier.)
2498 397 2634 450 Post
2651 396 3052 467 Hierosolyma:
3075 396 3344 467 visionem
3363 399 3515 454 venit
3543 399 3616 454 ad
3639 401 3738 470 Sy-

475 489 610 542 Deo.
626 489 664 542 A
675 491 819 542 lium
834 490 1018 539 autem
1036 487 1404 552 apostolorum
1425 487 1545 538 vidi
1559 487 1708 538 nemi
1711 502 1831 538 nem
1851 488 1966 539 nisi
1975 487 2067 540 Ja-

475 579 664 631 cobum
693 577 928 642 fratrem
946 575 1191 626 Domini.
1213 571 1450 640 (Ambr.)
1472 573 1740 626 Jacobum
1777 573 1913 627 vidit
1941 573 2068 628 Hie-

377 680 382 684 ‘
476 663 788 736 rosolymis,
830 661 964 731 quia
999 660 1113 713 illic
1149 667 1272 714 erat
1307 661 1646 716 constitutus
1683 661 1752 714 ab
1800 662 2066 732 apostolis

475 752 782 824 episcopus,
805 749 899 820 qui
912 755 968 804 et
981 749 1100 820 ipse
1115 748 1268 820 prius
1281 749 1814 816 fueratincredulus,
1835 751 2068 805 sicutdi-

471 842 548 894 cit
562 838 904 908 evangelista
917 841 1096 904 (Joan.
1117 841 1230 905 vn),
1245 837 1378 908 quia
1395 855 1489 892 nec
1507 841 1712 906 fratres
1722 839 2062 909 ejus,inquit,

435 942 438 946 '
470 929 650 982 adhuc
678 929 962 982 credebant
988 931 1052 980 in
1085 944 1228 980 eum.
1256 927 1452 995 (Hier)
1485 928 1674 980 Potest
1700 933 1756 980 et
1773 927 1878 982 hoc
1904 927 2069 982 aliter

469 1015 725 1086 intelligi,
759 1015 906 1086 quod
928 1021 1156 1086 propter
1183 1015 1438 1086 egregios
1471 1033 1654 1069 mores
1684 1022 1739 1070 et
1780 1015 2065 1086 incompa-

469 1103 705 1162 rabilem
742 1105 930 1170 ﬁdem,
963 1103 1408 1175 sapientiamque
1444 1121 1554 1157 non
1597 1104 1860 1169 mediam,
1893 1105 2068 1169 frater

469 1195 652 1248 dictus
680 1193 758 1246 sit
780 1193 1023 1258 Domini,
1057 1199 1114 1246 et
1141 1193 1290 1263 quod
1321 1193 1535 1264 primus
1566 1193 1615 1246 ei
1647 1193 1900 1248 Ecclesiae
1929 1210 2066 1264 prie-

470 1283 659 1349 i'uerit,
693 1299 816 1353 quae
846 1281 1027 1353 prima
1052 1281 1110 1335 in
1155 1281 1438 1336 Christum
1468 1282 1720 1348 credens,
1757 1298 1822 1336 cx
1859 1282 2065 1337 Judaeis

469 1371 655 1426 fuerat
697 1375 1053 1441 congregata.
1085 1370 1360 1424 Dicuntur
1389 1370 1615 1441 quidem
1635 1376 1692 1424 et
1719 1371 2063 1441 caeteriApo-

471 1461 598 1514 stoli
629 1459 831 1513 fratres
869 1459 1114 1523 Domini,
1146 1459 1291 1513 sicut
1321 1459 1380 1512 in
1415 1459 1714 1529 Evangelio
1747 1477 1757 1512 :
1806 1461 1939 1514 Vade
1977 1461 2068 1514 die

469 1550 745 1615 fratribus
772 1551 906 1601 meis
926 1567 943 1602 :
979 1549 1112 1600 Vado
1129 1549 1203 1600 ad
1227 1549 1447 1601 Patrem
1467 1565 1650 1601 meum
1669 1554 1718 1600 et
1739 1551 1960 1602 Patrem
1977 1563 2066 1601 ve-

471 1643 670 1700 strum,
705 1639 881 1692 Deum
912 1651 1100 1689 meum
1130 1641 1180 1690 et
1207 1638 1378 1690 Deum
1409 1641 1648 1690 vestrum
1675 1637 1890 1700 (Matth.
1912 1653 2063 1702 smn,

2147 485 2311 550 riam,
2345 502 2468 558 quae
2497 483 2788 538 nobiscum
2813 484 3022 538 dicitur
3046 488 3248 540 excelsa
3275 493 3443 558 atque
3461 489 3734 543 sublimis.

2147 573 2360 626 Deinde
2390 573 2617 626 transiit
2660 573 2732 626 ad
2763 573 3032 638 Ciliciam,
3074 591 3243 644 quam
3291 575 3352 630 in
3393 575 3502 630 ﬁde
3533 576 3740 632 Christi

2147 661 2410 731 cupiebat
2426 678 2732 727 assumere,
2767 661 3152 732 evangelizans
3180 663 3228 716 ei
3245 663 3588 718 vocationem
3619 681 3739 736 poe-

2148 749 2433 813 nitentiae;
2478 750 2672 804 Cilicia
2717 749 2922 821 quippe
2968 750 3372 822 interpretatur
3417 757 3737 822 assumptio,

2148 837 2264 890 sive
2291 842 2496 892 vacatio
2521 840 2912 893 lamentabilis.
2944 839 3117 892 Eram
3142 845 3328 894 autem
3355 843 3570 909 ignotus
3599 843 3742 910 facie

2149 926 2399 979 Ecclesiis
2431 928 2644 992 Judaa',
2681 943 2801 996 qua
2827 932 2986 980 erant
3025 930 3088 982 in
3121 929 3333 982 Christo
3361 931 3507 986 Jesu.
3552 929 3738 1001 (Aug.)

2145 1013 2720 1068 Animadvertendum
2751 1030 2862 1068 non
2881 1015 2939 1068 in
2967 1015 3086 1069 sola
3115 1015 3503 1088 Hierosolyma
3520 1017 3742 1072 Iudaeos

2146 1101 2206 1154 in
2227 1101 2448 1156 Christo
2481 1102 2816 1169 credidisse;
2844 1119 2946 1157 nec
2975 1109 3091 1157 tam
3121 1121 3326 1175 paucos
3344 1105 3533 1170 fuisse,
3553 1113 3616 1162 ut
3645 1106 3766 1162 Ec-'

2145 1189 2328 1243 clesiis
2357 1189 2613 1260 gentium
2641 1190 3028 1258 miscerentur,
3065 1192 3164 1246 sed
3204 1199 3321 1247 tam
3353 1194 3561 1248 multos
3588 1199 3650 1248 ut
3676 1210 3744 1248 ex

2145 1277 2257 1332 illis
2273 1278 2527 1333 Ecclesia
2547 1280 2766 1332 ﬁerent.
2781 1282 3018 1334 Tantum
3037 1282 3298 1335 auditum
3314 1283 3598 1348 habebant,
3612 1299 3744 1351 quo-

2147 1369 2305 1420 niam
2335 1371 2434 1436 qui
2444 1369 2870 1437 persequebatur
2892 1385 2988 1422 nos
3005 1371 3329 1438 aliquando,
3345 1386 3494 1425 nunc
3512 1387 3743 1440 evange-

2147 1457 2284 1509 Iizat
2299 1457 2652 1524 ﬁdem,quam
2673 1458 2954 1526 quondam
2967 1459 3385 1525 eapugnabat,“
3401 1461 3462 1512 in
3477 1476 3562 1514 me
3573 1462 3745 1528 glori-

2145 1544 2384 1612 ﬁcabant
2413 1545 2604 1598 Deum.
2632 1546 2821 1614 (Aug)
2854 1545 2971 1598 Hoc
2998 1551 3086 1598 est
3111 1545 3258 1616 quod
3279 1546 3450 1600 etiam
3469 1546 3744 1602 Dominus

2147 1631 2284 1685 dicit
2311 1633 2488 1699 (Matt.
2515 1636 2571 1700 v)
2600 1651 2610 1684 :
2646 1634 2840 1687 Luceat
2871 1636 2970 1687 tua:
2997 1639 3178 1687 vestra
3201 1651 3385 1688 coram
3404 1635 3740 1699 hominibus,

468 1727 630 1780 Joan.
652 1729 769 1794 xx).
787 1725 896 1778 Sed
913 1725 970 1777 in
992 1725 1208 1796 psalmo
1229 1743 1245 1778 :
1269 1725 1526 1778 Narrabo
1548 1741 1744 1778 nomen
1764 1730 1929 1778 tuum
1947 1710 2126 1793 fra-B
2147 1725 2210 1774 ut
2239 1721 2461 1774 videant
2483 1722 2623 1774 bona
2642 1723 2791 1788 facta
2811 1727 3064 1788 vestra,et
3083 1725 3387 1790 gloriﬁcent
3411 1725 3631 1778 Patrem
3651 1741 3745 1778 ce-

472 1815 650 1868 lribus
679 1817 830 1876 meis,
865 1816 928 1867 in
957 1814 1138 1866 media
1173 1814 1410 1866 Ecclesia
1441 1813 1670 1866 cantabo
1708 1813 1986 1882 [laudabo]
2018 1819 2065 1868 te

473 1904 640 1967 (Psal.
689 1905 827 1970 xxx).
865 1901 976 1956 Sed
1009 1901 1284 1973 praecipue
1310 1901 1399 1955 hic
1425 1901 1600 1954 frater
1626 1900 1849 1966 dicitur,
1885 1901 1974 1955 cui
2003 1903 2068 1955 ﬁ-

469 1990 573 2045 lios
588 1990 785 2044 matris
804 2007 920 2044 suae
930 1991 1001 2044 ad
1028 1991 1253 2044 Patrem
1273 1990 1542 2044 Dominus
1554 1989 1760 2042 vadens
1779 2005 2064 2044 commen-

471 2079 718 2134 daverat.
744 2079 813 2133 Et
839 2078 1121 2149 quomodo
1148 2077 1252 2132 Job
1283 2083 1340 2132 et
1367 2077 1553 2132 caeteri
1573 2077 1905 2148 patriarchae
1932 2078 2066 2132 dicti

469 2173 604 2223 sunt
628 2167 854 2240 quidem
882 2167 1076 2222 famuli
1103 2167 1223 2232 Dei,
1263 2167 1362 2221 sed
1392 2167 1551 2237 quasi
1583 2166 1868 2236 egregium
1910 2166 2068 2237 quid-

469 2256 601 2310 dam
641 2256 862 2327 Moyses
890 2254 1089 2309 habuit
1116 2256 1298 2322 (Hebr.
1339 2257 1436 2323 m),
1485 2260 1550 2308 ut
1577 2253 1842 2308 scribitur
1870 2254 1942 2308 de
1966 2271 2060 2308 eo:

469 2342 574 2398 Sed
610 2361 722 2399 non
757 2348 900 2399 sicut
942 2347 1145 2411 Moyses
1175 2346 1425 2412 famulus
1454 2359 1634 2408 meus;
1673 2343 1750 2396 sic
1787 2348 1845 2396 et
1869 2341 2065 2397 beatus

467 2432 707 2487 Jacobus
733 2433 1050 2504 specialiter
1073 2432 1246 2488 frater
1264 2431 1506 2496 Domini,
1548 2437 1614 2486 ut
1644 2437 1775 2486 ante
1802 2431 2060 2498 diximus,

472 2521 784 2593 appellatus
820 2528 922 2576 est.
969 2524 1096 2588 Quae
1125 2527 1311 2577 autem
1342 2523 1518 2574 scribo
1547 2522 1710 2586 vobis,
1741 2537 1851 2575 ecce
1880 2537 2069 2574 coram

469 2611 572 2662 Deo
599 2612 734 2677 quia
766 2626 877 2664 non
904 2613 1164 2663 mentior.
1201 2609 1401 2676 (Hier.)
1424 2608 1547 2664 Sive
1575 2609 1903 2679 simpliciter
1920 2609 2066 2663 acci-

468 2697 758 2766 piendum,
807 2702 872 2750 ut
903 2697 1008 2751 sit:
1063 2698 1198 2761 Quae
1249 2697 1432 2750 scribo
1479 2697 1633 2751 vobis
1661 2713 1794 2750 vera
1822 2703 1972 2764 sunt,
2007 2704 2066 2752 et

471 2786 587 2840 Deo
606 2789 750 2840 teste
771 2787 1058 2850 conﬁrmo,
1088 2785 1222 2856 quia
1248 2786 1403 2839 nulla
1421 2790 1543 2840 arte
1564 2785 1878 2852 verborum,
1907 2787 2061 2840 nullo

469 2877 604 2929 sunt
629 2873 817 2928 fucata
851 2874 1162 2928 mendacio.
1196 2866 1536 2939 Sive'altius,
1568 2879 1633 2928 ut
1650 2874 1872 2944 legatur
1893 2892 1904 2926 :
1927 2874 2061 2938 Quae

468 2961 650 3016 scribo
679 2961 834 3016 vobis
857 2979 1047 3016 coram
1070 2963 1185 3017 Deo
1213 2968 1363 3027 sunt,
1395 2961 1452 3016 id
1468 2967 1572 3028 est,
1597 2962 1697 3016 Dei
1727 2961 1897 3032 digna
1925 2979 2056 3016 con-

2145 1814 2326 1862 strum
2347 1811 2445 1878 qui
2465 1811 2528 1862 in
2546 1811 2688 1862 caelis
2704 1815 2798 1863 est.
2823 1809 3026 1878 (Hier.)
3066 1809 3345 1877 Ecclesiae,
3361 1828 3482 1882 qua
3503 1817 3666 1867 erant
3683 1811 3746 1867 in

2146 1897 2356 1962 Judaea,
2389 1897 2626 1950 Paulum
2645 1903 2866 1952 tantum
2886 1915 3112 1952 rumore
3131 1906 3521 1970 cognoverant,
3536 1917 3602 1955 ex
3623 1901 3748 1973 qui-

2146 1983 2251 2039 bus
2261 1985 2539 2056 pleraeque
2549 2001 2680 2040 eum
2692 1986 2872 2056 magis
2884 1994 3300 2058 persecutorem
3319 2005 3491 2064 quam
3509 1989 3749 2061 Aposto-

2147 2071 2264 2127 lum
2283 2073 2564 2128 viderant:
2581 2074 2746 2145 Syria
2755 2091 2885 2129 vero
2909 2080 2968 2130 et
2989 2081 3178 2147 partes
3199 2075 3421 2144 Ciliciae,
3455 2077 3670 2132 Arabia
3688 2085 3754 2134 et

2147 2162 2500 2228 Damascum,
2531 2179 2598 2216 ex
2615 2163 2773 2217 vultu
2803 2180 3024 2235 quoque
3049 2182 3180 2220 eum
3194 2165 3429 2221 forsitan
3446 2173 3742 2229 noverant,

2148 2249 2280 2320 quia
2297 2249 2493 2304 doctor
2507 2251 2764 2321 gentium
2780 2252 3143 2323 Evangelium
3163 2253 3369 2309 Christi
3378 2271 3490 2310 non
3504 2255 3737 2321 Judaeis,

2147 2339 2245 2393 sed
2287 2337 2550 2410 gentibus
2581 2339 2936 2410 praedicabat.
2967 2341 3171 2396 Totum
3199 2347 3390 2398 autem
3418 2343 3566 2414 quod
3593 2345 3736 2415 agit,

2147 2427 2285 2482 illud
2333 2434 2438 2494 est,
2485 2435 2550 2486 ut
2591 2429 2788 2483 doceat
2844 2446 2904 2484 se
2944 2446 3236 2501 nunquam
3285 2431 3354 2487 de
3390 2438 3754 2504 persecutore

2147 2516 2297 2588 apud
2319 2533 2414 2570 eos
2435 2515 2588 2588 ipsos
2611 2534 2750 2588 quos
2765 2517 2922 2589 prius
2933 2525 3259 2590 persecutus
3273 2519 3474 2587 fuerat,
3491 2520 3751 2592 potuisse

2147 2603 2384 2658 existere
2404 2605 2731 2675 gloriosum,
2758 2607 2866 2660 nisi
2897 2607 3218 2677 praedicatio
3236 2608 3358 2678 ejus
3373 2625 3564 2663 eorum
3601 2625 3750 2681 quo-

2147 2709 2272 2764 que,
2334 2694 2430 2764 qui
2471 2701 2604 2748 ante
2649 2711 2779 2749 eum
2818 2695 2962 2749 male
3005 2703 3295 2763 noverant,
3344 2703 3492 2752 esset
3520 2697 3744 2768 judicio

2143 2781 2521 2852 comprobata.
2553 2783 2625 2837 Et
2667 2783 2737 2837 ad
2767 2783 3116 2855 propositum
3146 2785 3359 2840 occulte
3401 2785 3586 2850 rediit,
3618 2792 3746 2841 tam

2145 2869 2306 2924 breve
2344 2877 2567 2942 tempus
2609 2887 2670 2926 se
2713 2871 2773 2925 in
2809 2872 3004 2928 Judaea
3027 2872 3226 2928 fecisse
3265 2875 3620 2941 conﬁrmans,
3671 2883 3747 2930 ut

2143 2958 2316 3012 etiam
2343 2959 2500 3014 vultu
2527 2959 2886 3014 credentibus
2917 2967 3067 3015 esset
3111 2961 3354 3032 ignotus.
3399 2963 3475 3016 Ex
3501 2979 3611 3034 quo
3640 2979 3741 3017 os-

468 3055 680 3123 spectu.
715 3051 900 3114 Quare
918 3056 1106 3105 autem
1127 3051 1230 3105 Dei
1250 3022 1421 3122 digna
1441 3022 1932 3120 conspectulQuia
1949 3050 2056 3104 sci-
2080 3022 2122 3078 Ο
2141 3046 2324 3100 tendit
2352 3063 2465 3100 non
2495 3048 2745 3114 Petrum,
2775 3065 2887 3102 non
2913 3022 3199 3116 Jacobum,
3233 3067 3345 3105 non
3374 3022 3646 3106 Joannem
3675 3069 3746 3106 se

467 3139 597 3194 licet
622 3155 737 3194 non
765 3140 1026 3194 mentior.
1057 3140 1127 3194 Et
1153 3139 1448 3210 quomodo,
1479 3139 1636 3194 Oculi
1656 3141 1880 3194 Domini
1897 3155 2060 3208 super
2141 3135 2402 3189 habuisse
2431 3135 2707 3204 doctores,
2747 3138 2846 3191 sed
2891 3137 3196 3205 Christum,
3233 3138 3329 3210 qui
3357 3138 3464 3194 sibi
3493 3139 3747 3210 Evange-

457 3229 636 3296 justos
677 3229 842 3294 (Psal.
876 3231 1092 3296 χχχιιι),
1133 3227 1335 3282 avertit
1380 3233 1570 3281 autem
1611 3227 1808 3282 faciem
1837 3244 2000 3282 suam
2026 3244 2060 3281 a
2141 3223 2278 3278 lium
2311 3225 2626 3279 revelasset.
2647 3225 2826 3280 Simul
2853 3232 3041 3281 autem
3070 3227 3380 3282 notandum
3403 3228 3550 3299 quod
3567 3245 3748 3299 supra

465 3321 764 3388 conspectu
793 3315 1096 3387 impiorum
1119 3317 1144 3368 ’ἶ
1197 3317 1284 3370 Ita
1330 3332 1478 3370 nunc
1523 3332 1590 3369 ea
1637 3333 1760 3386 quae
1801 3315 2054 3369 scribun-
2139 3311 2652 3368 diciturEcclesiam
2673 3315 3136 3385 expugnasse,hic
3151 3315 3338 3382 ﬁdem,
3356 3315 3433 3370 ibi
3452 3316 3736 3384 homines,

465 3409 560 3458 tur
607 3420 798 3458 coram
841 3404 1080 3458 Domino
1109 3410 1260 3468 sunt,
1297 3421 1387 3458 me
1444 3420 1558 3458 non
1607 3404 1914 3458 mentiente
1959 3403 2055 3474 qui
2137 3399 2226 3454 hic
2242 3417 2390 3467 rem;
2414 3407 2479 3456 ut
2502 3419 2651 3456 nunc
2679 3403 3048 3474 opportunius
3077 3403 3414 3458 inferretur:
3441 3405 3743 3474 Evangeli-

466 3489 646 3546 scribo
671 3509 684 3557 ;
720 3509 843 3564 quae
862 3508 975 3547 non
1004 3498 1193 3547 essent
1219 3509 1405 3546 coram
1432 3491 1670 3546 Domino
1691 3491 1738 3546 si
1763 3491 2050 3546 mentirer.
2135 3494 2227 3542 zat'
2255 3491 2414 3555 ﬁJem
2446 3507 2616 3559 quam
2648 3493 2954 3560 aliquando
2983 3494 3345 3562 expugnabat.
3379 3493 3460 3548 De
3491 3493 3746 3549 Ecclesia

468 3579 584 3633 Hoc
609 3585 711 3634 aut
723 3597 836 3634 non
858 3581 1041 3635 solum
1069 3581 1138 3634 de
1169 3580 1256 3634 his
1277 3597 1402 3651 quae
1418 3596 1568 3634 nunc
1585 3578 1778 3634 scribit
1795 3580 1867 3634 ad
1888 3579 2056 3634 Gala-
2139 3577 2290 3630 enim
2304 3577 2562 3632 similiter
2575 3595 2774 3633 sonare
2789 3595 2898 3634 non
2909 3585 3186 3651 poterant.
3205 3581 3264 3648 (Α
3274 3583 3406 3650 mb.)
3422 3581 3562 3636 Cum
3576 3581 3747 3636 Chri-

465 3675 554 3722 tas
574 3673 758 3739 potest
772 3669 980 3740 accipi;
1007 3670 1106 3723 sed
1125 3674 1183 3722 et
1209 3667 1547 3739 generaliter
1561 3668 1630 3722 de
1650 3653 1909 3723 omnibus
1934 3669 2059 3739 Epi-
2140 3665 2214 3718 sti
2231 3665 2318 3719 lex
2337 3665 2489 3720 aliud
2514 3667 2864 3738 impenderet
2881 3685 3050 3739 quam
3074 3667 3423 3735 Judaismus;
3447 3669 3559 3724 illic
3575 3671 3739 3726 enim

468 3755 659 3823 stolis,
691 3756 826 3828 quia
853 3774 966 3812 non
993 3763 1128 3812 sunt
1153 3758 1296 3811 falsa
1325 3774 1448 3828 quae
1477 3755 1698 3823 scribat,
1735 3761 1790 3810 et
1818 3773 1914 3810 cor
1936 3757 2060 3827 ejus
2141 3753 2486 3808 circumcisio
2505 3755 2690 3817 carnis
2703 3761 2806 3822 est,
2827 3756 2920 3810 hic
2941 3757 3149 3811 cordis:
3182 3756 3294 3811 illic
3310 3757 3414 3812 sub
3437 3757 3746 3814 elementis

465 3844 743 3916 verbaque
769 3862 883 3900 non
911 3845 1228 3917 discrepent
1255 3848 1442 3914 (Aug.)
1474 3844 1581 3909 Qui
1611 3843 1747 3899 dicit
1771 3863 1782 3897 :
1824 3846 1954 3900 Ecce
1983 3861 2063 3898 co-
2143 3842 2386 3897 servitur
2412 3843 2722 3898 neomeniis
2752 3849 2809 3899 et
2835 3843 3085 3910 sabbato,
3121 3844 3209 3899 hic
3233 3845 3337 3900 soli
3368 3845 3484 3900 Deo
3512 3845 3571 3900 in
3611 3847 3747 3919 Spi-

462 3949 592 3988 ram
621 3936 724 3989 Deo
754 3951 868 3988 non
895 3938 1153 4000 mentior,
1189 3935 1347 4004 jurat
1375 3933 1588 4004 utique.
1635 3933 1705 3986 Et
1759 3933 1892 4003 quid
1931 3949 2060 3987 san-

463 4021 608 4080 ctius
635 4022 742 4076 hac
765 4022 1085 4091 juratione?
1116 4023 1226 4076 Sed
1243 4038 1358 4076 non
1387 4027 1475 4076 est
1501 4026 1698 4076 contra
1723 4027 2063 4092 praeceptum

2143 3930 2274 3996 ritu,
2309 3931 2443 4002 quia
2469 3932 2636 3986 corde
2661 3931 2948 4000 creditur;
2993 3933 3108 3987 illic
3151 3932 3395 3988 conditio
3451 3939 3538 3988 est
3563 3950 3746 3990 causa

2142 4019 2373 4090 peccati,
2398 4020 2488 4074 hic
2507 4020 2738 4076 libertas
2759 4038 2826 4075 ex
2857 4021 3185 4076 remissione
3204 4037 3519 4093 peccorum.
3555 4023 3745 4079 Multa

458 4109 670 4178 juratio
701 4125 822 4180 qua:
851 4125 886 4164 a
905 4113 1056 4164 malo
1083 4116 1177 4176 est,
1210 4126 1322 4164 non
1343 4109 1610 4180 jurantis,
1637 4109 1734 4163 sed
1763 4099 2062 4164 inéreduli-
2141 4107 2332 4178 itaque
2360 4107 2630 4163 distantia
2655 4115 2758 4164 est.

464 4195 600 4252 tatis
628 4197 753 4266 ejus
783 4196 872 4250 cui
898 4198 1092 4268 jurare
1119 4197 1374 4268 cogitur;
1409 4214 1542 4252 nam
1573 4197 1704 4250 hinc
1725 4196 2061 4268 intelligitur

463 4284 546 4339 ita
573 4285 874 4340 Dominum
901 4285 1250 4356 prohibuisse
1280 4303 1315 4339 a
1326 4286 1590 4356 jurando,
1623 4290 1690 4340 ut
1708 4291 1980 4357 quantum
1997 4287 2057 4341 in

463 4373 584 4444 ipso
614 4378 702 4429 est
729 4375 967 4446 quisque
999 4391 1110 4428 non
1149 4375 1322 4444 juret.
1347 4374 1508 4438 Quod
1533 4373 1696 4428 multi
1724 4373 1953 4441 faciunt,
1993 4375 2053 4430 in

463 4480 561 4518 ore
574 4462 843 4518 habentes
853 4463 1198 4534 jurationem
1212 4468 1483 4534 tanquam
1492 4479 1763 4533 magnum
1777 4468 1878 4518 aut
1887 4480 2057 4518 suave

463 4551 695 4623 aliquid.
727 4553 872 4607 Nam
901 4552 1098 4624 utique
1123 4558 1356 4607 noverat
1383 4551 1688 4623 Apostolus
1716 4558 2056 4624 praeceptum

462 4640 704 4707 Domini,
737 4647 796 4695 et
816 4641 1030 4712 juravit
1055 4649 1266 4695 tamen.
1299 4641 1426 4695 Non
1453 4641 1604 4695 enim
1631 4640 1894 4695 audiendi
1922 4647 2058 4696 sunt

463 4727 560 4798 qui
578 4729 680 4782 has
687 4729 1000 4799 jurationes
1015 4745 1138 4784 esse
1149 4746 1264 4784 non
1279 4734 1512 4800 putant:
1540 4729 1674 4800 quid
1691 4728 1841 4783 enim
1853 4729 2057 4784 facient

2757 4234 2990 4290 CAPUT
3028 4235 3098 4290 II.

2067 4370 2115 4430 D
2141 4339 2383 4424 Ostendit
2409 4340 2694 4430 Apostolus
2719 4344 3206 4430 circumi-inanem.
3223 4358 3336 4430 non
3363 4359 3470 4430 esse
3499 4357 3748 4398 necessa-

2209 4413 2360 4484 riam
2385 4427 2451 4464 βω
2474 4415 2864 4484 approbatione
2890 4417 2940 4466 et
2967 4415 3294 4468 auctoritate
3323 4416 3573 4468 aliorum
3601 4429 3744 4484 apo-

2207 4483 2494 4534 stolorum.
2526 4483 2594 4536 Et
2622 4485 2824 4536 restitit
2851 4488 3086 4552 apostolo
3113 4486 3286 4548 Petro,
3319 4487 3421 4553 qui
3443 4483 3748 4539 videbatur

2207 4555 2685 4606 circumcisionem
2727 4556 3052 4622 aliqualiter
3089 4557 3350 4622 palliare,
3407 4556 3746 4610 concludens

2209 4625 2408 4690 legatio
2439 4639 2550 4676 non
2570 4639 2675 4678 esse
2702 4625 2992 4678 servanda.

2204 4729 2412 4782 Dehinc
2436 4734 2554 4797 post
2582 4745 2756 4784 annos
2790 4732 3205 4798 quatuordecim
3244 4747 3476 4786 rursum
3513 4736 3751 4788 ascendi

467 4815 538 4869 de
563 4814 692 4869 illa:
717 4817 966 4883 Quotidie
997 4833 1209 4872 morior
1217 4833 1318 4886 per
1338 4823 1575 4872 vestram
1591 4821 1832 4885 gloriam
1849 4819 2054 4885 fratres
2134 4817 2573 4884 Hierosolymam
2603 4833 2730 4872 cum
2758 4820 3038 4885 Barnaba,
3075 4825 3351 4888 assumpto
3380 4825 3429 4874 et
3467 4821 3602 4874 Tito.
3629 4825 3750 4877 As-

462 4919 633 4972 quam
668 4905 833 4958 habeo
869 4907 934 4959 in
967 4906 1182 4960 Christo
1209 4908 1336 4960 Jesu
1365 4907 1601 4960 Domino
1639 4901 1832 4959 nostro"
1853 4906 1914 4972 (Ι
1929 4905 2049 4960 θον.
2135 4907 2292 4958 cendi
2317 4909 2502 4960 autem
2530 4907 2830 4960 secundum
2859 4911 3264 4973 reuelationem,
3287 4914 3339 4962 et
3365 4911 3578 4963 contuli
3605 4926 3750 4966 cum

463 4995 579 5062 xv),
603 5008 774 5064 quam
790 4992 985 5048 Graeca
1009 4993 1352 5065 exemplaria
1376 4993 2054 5063 manifestissimamjura-
2134 4995 2210 5046 eis
2237 4992 2618 5061 Evangeliam,
2651 4995 2794 5062 quod
2829 4996 3064 5064 practice
3105 4998 3169 5049 in
3214 4997 3484 5064 gentibus.
3529 4997 3746 5070 (Cass.)

460 5081 672 5136 tionem
702 5098 824 5136 esse
851 5082 1229 5137 convincunt?
1255 5083 1540 5146 Quantum
1563 5097 1696 5152 ergo
1721 5081 1780 5134 in
1806 5081 1928 5153 ipso
1944 5087 2046 5147 est,
2134 5079 2270 5143 Quis
2300 5095 2434 5150 ergo
2461 5086 2578 5134 tam
2605 5089 2978 5154 praesumptor
3003 5088 3060 5137 et
3087 5099 3262 5139 caecus
3281 5084 3372 5151 sit,
3405 5085 3502 5155 qui
3539 5101 3599 5139 se
3630 5103 3752 5141 au-

461 5185 576 5224 non
598 5171 758 5242 jurat
791 5171 1109 5242 Apostolus,
1149 5187 1262 5226 non
1291 5171 1441 5225 enim
1471 5170 1686 5241 appetit
1703 5170 2050 5240 jurationem
2133 5168 2265 5223 deat
2311 5184 2415 5222 suo
2445 5169 2659 5239 judicio
2708 5171 3142 5244 discretionique
3181 5173 3550 5241 committere,
3597 5177 3749 5232 cum

459 5258 766 5330 cupiditate
791 5265 892 5315 aut
907 5259 1204 5315 dilectione
1225 5257 1476 5328 jurandi,
1503 5260 1749 5326 amplius
1778 5264 1855 5312 est
1877 5257 2048 5324 enim,
2135 5274 2230 5312 vas
2277 5255 2536 5312 elationis
2567 5257 2874 5330 indiguisse
2909 5277 2971 5315 se
3013 5261 3461 5333 coapostolorum
3489 5278 3748 5320 suorum

461 5362 650 5418 quam,
672 5349 767 5403 Est
794 5353 908 5402 est:
927 5349 1069 5414 Non,
1093 5363 1225 5410 non,
1249 5351 1308 5400 et
1331 5345 1458 5400 ideo
1487 5362 1524 5400 a
1551 5349 1698 5401 malo
1725 5351 1828 5412 est;
1851 5347 1951 5402 sed
1969 5346 2052 5400 in-
2133 5345 2431 5402 collatione
2474 5351 2719 5402 testatur
2735 5348 2762 5400 ’l
2789 5349 2948 5404 Unde
2984 5349 3445 5406 manifestissime
3468 5367 3744 5423 compro-

460 5435 742 5492 ﬁrmitatis
761 5441 862 5492 aut
879 5433 1284 5490 incredulitatis
1297 5449 1490 5488 eorum
1504 5433 1601 5506 qui
1619 5450 1734 5489 non
1751 5435 1918 5490 aliter
1934 5451 2051 5490 mo-
2129 5433 2314 5500 batur,
2335 5433 2476 5489 nulli
2504 5451 2542 5488 a
2565 5435 2803 5492 Domino
2821 5437 2968 5492 viam
2983 5437 3337 5509 perfectionis
3361 5438 3601 5506 ostendi,
3620 5443 3740 5512 qui

463 5525 750 5579 vcnturad
777 5524 964 5578 ﬁdem.
995 5524 1198 5577 Deinde
1223 5525 1347 5575 veni
1367 5525 1430 5575 in
1441 5527 1628 5591 partes
1641 5521 1825 5590 ,δεμνίων
1842 5528 1892 5577 et
1918 5526 2048 5580 Cili-
2131 5522 2342 5578 habens
2389 5523 2538 5578 unde
2587 5524 2771 5580 valeat
2795 5526 3024 5582 erudiri.
3056 5526 3370 5582 doctrinam
3409 5527 3732 5596 seniorum,
