4034 6162
309 247 388 304 965

673 245 1251 300 ENARRATIONUM
1288 247 1364 301 IN
1406 248 1556 302 EPP.
1599 247 1813 302 PAULI
1857 247 1992 302 LIB.
2035 247 2179 302 XIV.
2217 279 2281 288 —
2327 249 2404 303 IN
2444 249 2664 304 EPIST.
2704 248 2801 303 AD
2841 249 3096 304 GALAT.

3421 253 3526 310 266

310 374 376 426 vel
395 371 622 426 instituta
661 369 1080 441 wntempserit,
1119 371 1526 442 parvipendens
1565 371 1704 426 illud
1734 372 1851 426 elo-
1869 374 1913 432 Α
1934 371 2067 442 quid
2097 373 2212 426 veri
2241 377 2445 437 tacere,
2471 371 2610 426 utile
2629 377 2732 425 est.
2759 371 3162 428 Perfectionem
3183 375 3362 446 ipsius
3385 393 3527 450 opus

307 461 476 531 quium,
499 459 639 530 quod
665 459 1322 530 oportetdiligentissime
1343 459 1610 514 custodiri
1635 478 1646 512 :
1677 463 1850 515 Inter-

307 566 407 616 roga
417 554 610 616 patrem
632 553 814 607 tuum.
837 553 885 600 et
904 548 1271 601 annuat-inhit
1291 549 1395 601 tibi
1413 567 1430 602 :
1450 551 1688 603 seniores
1709 554 1844 615 tuos,

301 639 507 691 ddiem!
531 637 632 690 tibi
665 637 848 706 (Deut.
888 641 1084 703 xxxn).

351 725 572 782 Ssorsum
601 729 789 778 autem
810 725 896 777 his
925 727 1024 792 qui
1053 725 1386 781 videbantur
1409 727 1764 794 aliqm’dcsse,
1782 743 1850 780 ne

295 816 474 882 [Mein
501 829 736 866 vacuum
766 828 1070 876 currcrem,
1099 819 1198 866 aut
1221 817 1610 868 cucurrissem.
1647 816 1842 882 (Ilion)

298 902 516 956 Ascendit
537 901 850 972 igiturpost
873 901 1296 972 quatuordecim
1324 919 1502 956 annos
1529 903 1848 973 Hierosoly-

295 1007 432 1056 mam,
448 991 600 1061 etqui
613 991 770 1060 prius
779 990 851 1044 ad
865 990 1164 1044 videndum
1173 995 1398 1044 tantum
1412 997 1735 1062 perrexerat
1749 992 1849 1044 Pe-

294 1088 431 1145 trum,
455 1085 507 1134 et
523 1078 722 1133 diebus
733 1079 1052 1150 quindecim
1065 1085 1352 1134 manserat
1361 1080 1509 1150 apud
1532 1097 1680 1146 eum,
1701 1097 1850 1134 nunc

295 1185 340 1222 se
362 1167 478 1222 dicit
503 1168 629 1222 ideo
653 1167 982 1238 perrexisse,
1025 1174 1088 1222 ut
1116 1167 1395 1222 conferret
1413 1185 1541 1223 cum
1569 1169 1849 1240 Apostolis

289 1257 631 1326 Evangelium,
657 1262 948 1327 assumpto
976 1256 1233 1311 Bamaba
1260 1257 1604 1324 circumciso,
1639 1261 1698 1311 et
1722 1257 1848 1312 Tito

289 1361 340 1398 ex
353 1345 594 1414 gentibus
621 1344 866 1399 habente
894 1345 1249 1417 praeputium,
1276 1351 1341 1400 ut
1364 1345 1467 1399 sub
1495 1363 1590 1400 ore
1607 1346 1849 1402 duorum

284 1435 488 1488 ettrium
499 1434 730 1488 testium
741 1440 921 1488 staret
930 1450 1096 1488 omne
1111 1434 1362 1488 verbum.
1377 1434 1544 1488 Aliud
1561 1440 1648 1489 est
1657 1441 1847 1488 autem

282 1523 511 1586 conferre,
551 1522 710 1576 aliud
738 1523 974 1576 discere.
1008 1523 1162 1576 Inter
1179 1524 1529 1577 conferentes
1557 1523 1847 1593 aequalitas

279 1618 362 1674 est,
382 1612 518 1666 inter
533 1612 835 1666 docentem
867 1617 926 1666 et
951 1611 1275 1677 discentem,
1309 1612 1495 1666 minor
1522 1619 1608 1666 est
1627 1611 1719 1666 ille
1750 1611 1846 1683 qui

1931 465 2054 514 erat
2072 466 2136 514 ut
2151 460 2360 515 scirent
2379 460 2564 514 ceteri
2585 460 2842 531 apostoli.
2861 461 2987 515 Non
3007 461 3158 517 enim
3186 464 3528 536 sequebatur

1931 552 1995 600 ut
2037 548 2086 602 si
2141 549 2321 602 ﬁdelis
2362 553 2526 612 esset,
2572 565 2875 624 veramque
2931 555 2989 603 et
3041 557 3253 606 rectam
3308 559 3528 609 teneret

1933 635 2120 702 ﬁdem,
2149 637 2269 706 jam
2297 637 2469 692 etiam
2498 637 2783 707 apostolus
2817 653 2942 691 esse
2970 637 3216 694 deberet.
3250 641 3392 696 Illud
3423 659 3525 698 au-
3615 640 3636 661 "

1930 730 2046 777 tem
2067 725 2215 795 quod
2241 724 2550 795 subjungit,
2575 726 2652 779 Ne
2679 727 2820 792 forte
2850 729 2908 778 in
2937 743 3175 782 vacuum
3215 745 3521 796 currercm,

1927 818 2026 866 aut
2055 816 2443 878 cucurr-issem,
2473 831 2586 867 non
2609 813 2678 867 ad
2711 813 2836 868 illos
2866 831 2992 868 cum
3027 815 3230 886 quibus
3271 834 3524 874 seorsum

1929 901 2166 955 contulit
2198 901 2581 972 Evangelium,
2628 902 2726 956 sed
2774 903 2845 956 ad
2883 903 3038 968 istos,
3075 903 3277 973 quibus
3311 907 3522 973 scribit,

1931 989 2090 1059 quasi
2111 1005 2212 1060 per
2225 989 2722 1060 interrogationem
2737 990 2950 1045 dictum
2971 991 3400 1063 intelligendum
3417 1001 3521 1062 est,

1930 1083 1994 1130 ut
2013 1093 2078 1131 ex
2095 1094 2161 1131 eo
2182 1084 2482 1148 appareret
2499 1094 2612 1132 non
2642 1095 2774 1133 eum
2803 1079 2859 1132 in
2887 1096 3125 1134 vacuum
3149 1097 3393 1149 currere,
3425 1090 3526 1138 aut

1929 1165 2238 1221 cucurrisse
2261 1184 2272 1218 :
2301 1167 2434 1237 quia
2451 1168 2572 1236 jam
2594 1167 2764 1220 etiam
2785 1168 3145 1222 attestatione
3171 1175 3520 1238 ceterorum,

1929 1254 2071 1308 nihil
2105 1254 2174 1308 ab
2215 1255 2499 1326 Evangelii
2539 1255 2774 1310 veritate
2815 1255 3115 1310 dissentire
3159 1259 3521 1329 approbatur.

1933 1344 2172 1410 (Ambr.)
2201 1345 2345 1398 Nam
2389 1343 2658 1414 quoniam
2703 1344 2882 1398 multo
2920 1351 3175 1416 tempore
3212 1345 3364 1402 fama
3402 1349 3524 1418 ejus

1930 1431 2313 1486 crebrescebat
2346 1433 2495 1502 apud
2523 1449 2718 1488 omnes
2747 1433 2986 1499 Iudaeos,
3025 1434 3166 1489 facie
3193 1441 3384 1491 autem
3412 1454 3524 1492 non

1928 1519 2222 1576 videbatur
2245 1539 2257 1587 ;
2289 1519 2718 1591 perambulabat
2743 1522 2894 1575 enim
2917 1521 3154 1576 fundare
3177 1529 3236 1577 et
3262 1523 3526 1580 roborare

1929 1609 2189 1663 ecclesias
2235 1609 2402 1663 solita
2445 1609 2760 1664 constantia
2808 1610 2958 1664 inter
2993 1617 3210 1681 gentes,
3249 1629 3285 1666 a
3319 1613 3526 1670 Iudaeis

278 1699 426 1754 discit.
446 1701 506 1754 In
535 1699 815 1770 principio
831 1699 982 1764 ﬁdei,
998 1700 1055 1753 in
1068 1700 1313 1754 transitu
1332 1701 1626 1771 Apostolos
1646 1701 1797 1755 videt
1825 1718 1837 1752 :
1863 1685 1910 1744 Β
1928 1702 2118 1751 autem
2141 1713 2311 1752 causa
2328 1697 2488 1767 legis,
2512 1699 2664 1752 mala
2684 1698 2766 1752 illi
2797 1698 2969 1753 ﬁebat
2985 1700 3194 1770 opinio,
3222 1702 3390 1773 quasi
3416 1702 3528 1758 dis-

275 1795 377 1858 post
399 1805 592 1855 annos,
633 1794 700 1842 ut
719 1789 838 1859 ipse
867 1787 965 1854 ait,
991 1789 1181 1842 decem
1207 1795 1265 1842 et
1283 1795 1498 1859 septem
1521 1789 1684 1859 plene
1713 1806 1842 1843 cum

274 1877 338 1931 eis
358 1877 621 1948 loquitur;
648 1885 709 1931 et
729 1895 790 1930 se
829 1877 1107 1942 humiliat,
1143 1884 1201 1931 et
1229 1894 1300 1931 ne
1329 1877 1472 1932 forte
1517 1877 1574 1931 in
1607 1893 1844 1932 vacuum

271 1971 353 2020 aut
373 1971 620 2020 curreret
643 1973 747 2020 aut
761 1966 1118 2032 cucurrisset,
1153 1965 1390 2038 inquirit
1423 1985 1435 2032 ;
1469 1966 1748 2038 duplicem
1776 1965 1846 2020 ob

272 2071 486 2120 causam,
521 2071 635 2126 quo
673 2061 732 2108 et
756 2055 1051 2110 humilitas
1096 2055 1488 2111 ostenderetur
1538 2055 1716 2121 Pauli,
1753 2055 1847 2126 qui

271 2141 438 2197 doctor
472 2144 531 2198 in
573 2149 702 2198 toto
746 2143 882 2198 orbe
906 2145 1027 2214 jam
1069 2143 1336 2198 Gentium
1365 2143 1438 2198 ad
1484 2160 1848 2214 praecessores

267 2231 519 2299 apostolus
547 2231 913 2297 cucurrisset,
947 2235 1004 2285 et
1021 2231 1233 2286 Galatae
1265 2231 1563 2295 discerent,
1611 2247 1724 2285 non
1763 2247 1848 2285 re-

263 2318 498 2388 pmbasse
527 2319 903 2390 Evangelium
920 2321 1060 2390 ejus,
1094 2336 1189 2374 eos
1209 2335 1432 2390 quoque
1451 2319 1547 2390 qui
1577 2319 1635 2372 in
1655 2319 1848 2374 Judzea

264 2399 495 2462 Ecclesiis
531 2407 938 2479 praesidebant.
972 2408 1151 2462 Simul
1191 2413 1382 2462 autem
1412 2412 1470 2461 et
1494 2407 1633 2462 illud
1661 2408 1840 2474 docet,

265 2495 390 2564 quod
441 2513 542 2566 pno
562 2496 782 2552 Christi
809 2497 918 2550 ﬁde
950 2502 1008 2550 et
1027 2496 1311 2566 Evangelii
1341 2495 1620 2562 libertate,
1655 2497 1725 2550 ad
1750 2513 1845 2550 eos

263 2582 391 2652 ipsos
411 2585 504 2655 qui
535 2585 608 2639 de
639 2601 711 2638 eo
745 2585 910 2656 plura
939 2591 1332 2654 cognoverant,
1369 2584 1518 2654 quod
1547 2585 1728 2656 legem
1755 2584 1844 2638 in-

259 2669 520 2742 fringeret,
556 2673 799 2744 Moysen
816 2673 1152 2737 destrueret,
1187 2672 1668 2727 circumcisionem
1691 2673 1845 2743 peni-

255 2765 330 2813 tus
347 2761 610 2826 auferret,
637 2777 816 2816 ausus
833 2761 908 2814 sit
921 2761 1124 2816 ducere
1150 2761 1339 2816 Titum
1361 2761 1647 2816 hominem
1672 2761 1842 2816 incir-

252 2850 554 2914 cumcisum,
570 2850 797 2904 etinter
823 2855 1040 2904 tantam
1065 2850 1386 2904 Judaaorum
1424 2849 1843 2904 multitudinem

249 2942 298 2989 et
311 2937 558 2994 inimicos
571 2956 733 3006 suos,
752 2939 849 3010 qui
867 2937 1029 3010 quasi
1039 2937 1108 2992 ob
1126 2939 1304 2992 zelum
1338 2938 1478 3008 legis
1505 2938 1840 3008 sanguinem

1926 1785 2183 1840 cordaret
2209 1802 2244 1840 a
2272 1786 2667 1857 praedicatione
2695 1793 3024 1842 caaterorum
3045 1789 3446 1860 apostolorum,
3470 1797 3528 1846 et

1926 1873 2056 1928 hinc
2085 1873 2255 1928 ﬁebat
2297 1875 2491 1930 multis
2518 1876 2833 1946 scrupulus,
2873 1875 2954 1930 ita
2982 1882 3046 1931 ut
3069 1883 3268 1948 gentes
3297 1887 3527 1950 possent

1927 1963 2264 2033 perturbari,
2298 1980 2368 2018 ne
2410 1964 2468 2017 in
2501 1963 2654 2018 aliud
2697 1963 3095 2020 inducerentur
3131 1966 3202 2020 ab
3235 1984 3320 2034 eo,
3355 1985 3524 2039 quam

1928 2051 2226 2106 tradebant
2253 2052 2510 2123 apostoli,
2544 2052 2638 2122 qui
2677 2069 2806 2107 cum
2836 2053 3076 2108 Domino
3102 2054 3345 2110 fuerant.
3379 2057 3524 2111 Nam

1930 2139 2035 2194 hac
2061 2140 2185 2211 ipsa
2219 2141 2506 2195 occasione
2543 2139 2792 2194 subversi
2823 2147 2958 2195 sunt
2993 2141 3207 2198 Galatae
3239 2161 3275 2198 a
3314 2144 3524 2200 Iudaeis

1927 2228 2256 2294 dicentibus,
2299 2229 2433 2299 quia
2475 2228 2628 2282 aliud
2671 2228 2932 2282 tradebat
2971 2230 3178 2284 Paulus
3215 2247 3386 2302 quam
3425 2232 3526 2286 Pe-

1925 2323 2068 2371 trus.
2094 2317 2236 2370 Hinc
2257 2317 2464 2370 factum
2494 2322 2597 2380 est,
2620 2323 2686 2370 ut
2707 2317 3029 2373 admonitus
3050 2319 3389 2374 revelatione
3418 2321 3524 2375 Do-

1927 2405 2087 2470 mini,
2106 2405 2436 2460 ascenderet
2453 2405 2902 2476 Hierosolymam
2925 2423 3053 2461 cum
3070 2407 3308 2463 testibus
3326 2408 3525 2480 praedi-

1925 2493 2162 2548 cationis
2195 2510 2327 2560 suae,
2360 2493 2417 2547 id
2455 2499 2558 2560 est,
2595 2493 2854 2548 Barnaba
2885 2501 2944 2549 et
2975 2495 3121 2561 Tito,
3163 2512 3278 2550 uno
3325 2514 3391 2552 ex
3429 2498 3524 2552 Ju-

1925 2581 2062 2647 daeo,
2095 2588 2151 2636 et
2178 2583 2355 2636 altero
2386 2599 2450 2636 ex
2477 2582 2696 2652 gentili,
2741 2586 2807 2637 ut
2832 2583 2880 2636 si
2917 2582 3014 2654 qui
3056 2584 3126 2638 de
3155 2601 3220 2638 eo
3250 2585 3525 2641 haberent

1924 2671 2269 2737 scandalum,
2290 2671 2494 2728 horum
2510 2671 2836 2726 testimonio
2857 2672 3166 2738 tolleretur,
3191 2674 3525 2745 adaperiens

1925 2758 2038 2812 illis
2066 2776 2296 2814 sensum
2325 2759 2738 2831 praedicationis
2769 2776 2883 2814 suae
2907 2779 2920 2828 ;
2952 2777 3080 2815 cum
3100 2763 3368 2834 apostolis
3393 2779 3525 2819 vero

1923 2854 2137 2902 secreto
2165 2849 2419 2914 contulit,
2455 2855 2520 2904 ut
2555 2848 2764 2904 scirent
2802 2865 2914 2904 non
2951 2849 3112 2904 illum
3141 2851 3461 2907 discordare
3491 2870 3526 2907 a

1924 2937 2121 3006 regula
2138 2938 2458 3008 evangelica
2481 2955 2492 2990 :
2524 2938 2631 2992 hoc
2659 2943 2746 2992 est
2771 2954 2843 2992 ne
2874 2944 3139 3009 putarent
3158 2939 3318 2994 illum
3344 2940 3404 2995 in
3433 2958 3524 2996 va-

249 3027 353 3094 ejus
397 3027 630 3082 haurire
687 3027 988 3098 cupiebant
1019 3045 1032 3092 ;
1064 3043 1168 3080 nec
1185 3027 1304 3098 ipse
1333 3043 1435 3080 nec
1463 3027 1622 3081 Titus
1653 3027 1842 3098 aliquo
1863 3001 2090 3079 chum
2125 3042 2350 3080 currere
2381 3032 2481 3080 aut
2502 3026 2832 3090 cucurrisse,
2867 3026 3012 3082 sicut
3044 3027 3400 3084 aestimabant
3426 3029 3524 3084 ali-

247 3113 345 3169 sint
370 3120 588 3171 terrore
619 3117 877 3188 superati
905 3115 1225 3170 necessitati
1258 3115 1474 3181 cedere,
1509 3132 1632 3186 quae
1660 3117 1844 3187 potuit

247 3202 431 3258 habere
461 3206 716 3270 veniam,
768 3205 853 3259 vel
897 3220 998 3276 pro
1049 3205 1188 3269 loco,
1222 3203 1308 3258 vel
1359 3221 1460 3275 pro
1509 3204 1841 3258 auctoritate

245 3293 527 3364 majorum,
563 3295 658 3348 vel
691 3311 794 3364 pro
823 3310 1060 3347 numero
1090 3292 1482 3358 Ecclesiarum,
1511 3309 1632 3364 quae
1661 3310 1728 3348 ex
1748 3295 1842 3347 Ju-

243 3381 360 3436 dazis
387 3383 444 3436 in
475 3383 718 3437 Christo
735 3381 1056 3446 credebant,
1081 3383 1166 3436 vel
1187 3399 1288 3452 pro
1315 3386 1587 3452 tempore,
1621 3399 1691 3436 ne
1719 3387 1842 3436 tan-

245 3475 344 3524 tam
369 3471 541 3526 simul
571 3471 854 3526 invidiam
883 3471 1244 3526 sustinerent.
1277 3469 1519 3535 Quidam
1546 3475 1673 3540 post
1701 3487 1840 3540 qua-

243 3560 534 3615 tuordecim
597 3575 786 3615 annos
841 3576 972 3614 eum
1015 3559 1464 3631 Hierosolymam
1523 3559 1840 3613 ascendisse

243 3652 359 3700 tunc
383 3649 605 3715 dicunt,
642 3648 874 3720 quando
894 3647 1193 3703 inActibus
1204 3648 1583 3718 apostolorum
1597 3649 1667 3702 de
1695 3664 1842 3718 quae-

240 3735 497 3792 stionibus
517 3737 896 3792 observandae
914 3737 999 3790 vel
1011 3736 1500 3808 praetermittenda:
1520 3736 1677 3806 legis,
1692 3736 1842 3790 inter

242 3824 516 3880 credentes
548 3824 873 3880 Antiochiae
923 3830 1047 3879 orta
1094 3825 1370 3880 dissensio
1410 3829 1513 3887 est,
1549 3830 1607 3878 et
1633 3824 1843 3896 placuit

241 3911 299 3966 iri
311 3913 777 3986 Hierosolymam
795 3920 852 3968 et
861 3913 1197 3968 sententiam
1208 3915 1486 3984 majorum
1497 3912 1808 3984 praestolari
1823 3932 1834 3966 :

239 4003 444 4068 quando
464 4004 596 4074 ipse
630 4019 858 4073 quoque
879 4003 1089 4068 Paulus
1101 4008 1160 4056 et
1185 4001 1474 4057 Barnabas
1502 4001 1657 4056 missi
1687 4007 1838 4056 sunt.

237 4087 401 4145 Ethoc
413 4109 545 4146 esse
569 4091 732 4163 quod
761 4091 822 4146 in
853 4090 1135 4146 codicibus
1154 4090 1344 4145 latinis
1363 4091 1606 4161 legatur:
1634 4092 1840 4158 Quibus

1925 3114 2019 3185 qui
2041 3131 2106 3168 ex
2135 3115 2342 3169 Iudaeis
2373 3115 2751 3170 credentibus.
2789 3116 2904 3170 Nec
2931 3115 3084 3170 enim
3111 3117 3324 3188 aliquid
3351 3117 3422 3172 ab
3442 3117 3522 3174 eis

1923 3202 2138 3257 discere
2179 3209 2416 3274 poterat,
2453 3203 2586 3275 quia
2613 3221 2648 3258 a
2674 3204 2790 3259 Deo
2813 3203 2998 3258 fuerat
3043 3204 3369 3261 instructus.
3411 3207 3520 3262 Sed

1921 3297 2152 3362 propter
2179 3293 2534 3347 concordiam
2564 3299 2622 3346 et
2650 3309 2864 3364 pacem,
2901 3293 3000 3347 Dei
3028 3299 3169 3350 nutu
3198 3294 3406 3350 factum
3437 3301 3524 3350 est

1922 3386 1986 3434 ut
2025 3381 2320 3435 tolleretur
2362 3381 2657 3452 scrupulus
2697 3387 2796 3435 aut
2833 3381 3076 3453 suspicio
3111 3383 3378 3438 fratribus
3423 3390 3523 3440 aut

1923 3469 2257 3540 coapostolis
2279 3470 2328 3540 ej
2337 3486 2420 3536 us,
2438 3475 2496 3524 et
2514 3475 2578 3524 ut
2595 3469 2858 3540 gentibus
2875 3471 3171 3541 proﬁceret
3189 3488 3522 3542 cognoscen-

1921 3556 2071 3611 tibus
2109 3557 2240 3628 quia
2271 3557 2646 3612 concordabat
2673 3559 3037 3628 Evangelium
3081 3561 3203 3630 ejus
3231 3576 3361 3614 cum
3389 3577 3519 3632 apo-

1921 3645 2098 3700 stolis.
2123 3647 2404 3700 Prmterea
2429 3662 2556 3700 cum
2578 3647 2761 3716 legem
2783 3646 3070 3702 dedissent
3090 3664 3202 3702 non
3230 3648 3518 3705 molestari

1922 3750 2016 3788 eos
2047 3734 2142 3804 qui
2171 3751 2236 3788 ex
2253 3733 2518 3804 gentibus
2541 3733 2842 3788 credebant
2863 3751 2874 3786 :
2898 3736 2996 3789 sed
3017 3741 3081 3790 ut
3099 3735 3169 3789 ab
3189 3735 3276 3790 his
3296 3740 3518 3792 tantum

1922 3821 2301 3887 observarent,
2336 3823 2393 3876 id
2423 3828 2528 3886 est,
2571 3840 2606 3877 a
2645 3823 2919 3892 sanguine
2957 3829 3016 3878 et
3056 3823 3422 3880 fornicatione
3461 3833 3520 3882 et

1923 3911 2261 3966 idololatria.
2275 3912 2438 3966 Nunc
2467 3910 2660 3966 dicant
2681 3911 2945 3983 sophistae
2960 3913 3282 3968 Graecorum
3297 3914 3393 3986 qui
3411 3915 3518 3971 sibi

1925 3999 2186 4071 peritiam
2220 4000 2524 4067 vindicant,
2547 4000 2884 4056 naturaliter
2898 4001 3208 4058 subtilitate
3228 4003 3440 4075 ingenii
3459 4023 3519 4060 se

1921 4088 2128 4159 vigere,
2155 4105 2276 4160 quae
2303 4089 2514 4143 tradita
2542 4095 2677 4144 sunt
2693 4089 2957 4160 gentibus
2983 4091 3367 4148 observanda?
3393 4111 3517 4167 qum

237 4179 297 4230 ad
319 4180 517 4234 horam
555 4183 835 4234 cessimus
861 4181 1202 4250 subjectiom‘,
1239 4185 1302 4234 ut
1329 4182 1530 4234 veritas
1551 4179 1841 4247 Evangelii
1920 4177 2258 4248 ignorabant
2277 4194 2352 4232 an
2373 4195 2496 4249 qua;
2523 4177 2813 4234 sciebant?
2834 4179 2944 4236 Sed
2967 4183 3246 4252 quomodo
3275 4183 3397 4238 ﬁeri
3423 4201 3520 4255 po-

233 4273 596 4332 pmweraret
629 4270 786 4338 apud
810 4285 920 4323 vos.
950 4269 1112 4333 Quod
1139 4267 1352 4322 scilicet
1378 4267 1587 4322 Paulus
1629 4273 1686 4322 et
1705 4269 1838 4322 Bar-
1858 4316 1903 4339 η
1921 4270 2050 4332 test,
2072 4272 2140 4321 ut
2157 4266 2360 4338 aliquis
2381 4283 2448 4321 ea
2466 4265 2645 4328 discat
2662 4284 2788 4339 quae
2805 4268 3002 4323 novit?
3023 4269 3169 4339 Ergo
3188 4271 3304 4324 haec
3323 4271 3520 4326 illicita

1857 4316 1903 4375 D

236 4353 389 4410 nabas
417 4358 491 4412 de
521 4373 592 4411 re
645 4356 947 4412 manifesta
995 4359 1154 4428 qnasi
1202 4356 1374 4412 dubia
1400 4373 1460 4411 se
1507 4356 1657 4410 mitti
1687 4355 1837 4428 passi
1857 4353 1902 4375 ν
1921 4371 2062 4420 esse,
2097 4361 2322 4410 ostensa
2350 4361 2484 4410 sunt
2503 4355 2764 4426 gentibus
2792 4372 2914 4426 quae
2941 4357 3215 4427 putabant
3241 4357 3428 4425 licere,
3453 4375 3518 4413 ac

235 4443 330 4498 sint
367 4445 859 4516 Hierosolymam,
910 4451 974 4501 ut
1027 4447 1306 4517 majorum
1355 4462 1576 4517 quoque
1625 4445 1838 4516 judicio

1920 4461 2021 4514 per
2039 4444 2144 4498 hoc
2165 4461 2277 4499 non
2299 4443 2496 4516 utique
2516 4443 2586 4498 ab
2606 4443 2906 4498 homicidio
2927 4443 3193 4514 prohibiti
3215 4451 3364 4511 sunt,
3387 4463 3513 4502 cum

238 4529 504 4604 Evangelii
551 4521 755 4605 gratia
805 4535 1137 4590 conﬁrmata
1186 4533 1540 4588 credentibus
1578 4533 1838 4604 probare-
1913 4532 2186 4604 jubentur
2212 4550 2248 4586 a
2272 4533 2548 4602 sanguine
2569 4531 2862 4587 observare
2887 4549 2901 4598 ;
2933 4531 3030 4586 sed
3061 4532 3164 4586 hoc
3181 4543 3517 4606 acceperunt

239 4625 330 4686 tur,
386 4631 444 4676 et
502 4623 665 4678 nulli
704 4623 978 4678 resideret
1016 4625 1168 4677 ultra
1221 4622 1498 4678 dubitatio
1554 4621 1840 4676 circumci-

234 4707 383 4763 sionis
437 4712 686 4766 omissae
709 4751 724 4775 ,
775 4727 904 4766 cum
979 4712 1360 4782 apostolorum
1415 4715 1566 4764 esset
1635 4709 1838 4764 litteris

236 4794 584 4869 imperatum,
615 4801 824 4870 jugum
854 4799 994 4871 legis
1021 4799 1092 4854 ab
1120 4799 1208 4854 his
1239 4799 1334 4870 qui
1366 4800 1425 4853 in
1456 4799 1745 4854 Christum
1771 4815 1838 4852 ex

235 4887 471 4952 gentibus
491 4887 880 4943 crediderant
895 4888 1280 4943 auferendum.
1301 4887 1362 4958 (A
1375 4887 1492 4960 ag.)
1518 4887 1679 4952 Quod
1689 4903 1838 4941 seor-

236 4976 622 5049 mmexposuit
655 4976 1021 5048 Evangelium
1052 4976 1134 5030 eis
1175 4975 1270 5047 qui
1295 4975 1620 5030 eminebant
1649 4975 1708 5029 in
1740 4976 1838 5029 Ec-

235 5061 393 5130 clesia,
427 5083 570 5120 cum
599 5065 731 5134 jam
763 5064 901 5120 illud
949 5064 1296 5136 exposuisset
1335 5080 1524 5119 coram
1555 5063 1832 5130 omnibus,

241 5153 459 5208 nonideo
468 5154 705 5208 factum
717 5158 820 5220 est,
839 5154 988 5224 quod
999 5153 1192 5224 aliqua
1205 5153 1345 5208 falsa
1354 5153 1589 5218 dixerat,
1610 5157 1676 5207 ut
1689 5169 1840 5207 seor-

237 5254 336 5295 mn
360 5239 747 5314 paucioribus
775 5257 908 5296 vera
923 5242 1137 5296 diceret
1163 5260 1175 5296 :
1212 5241 1310 5296 sed
1339 5241 1528 5312 aliqua
1556 5245 1832 5304 tacuerat,

240 5341 339 5396 qua
364 5331 558 5386 adhuc
571 5329 807 5403 parvuli
829 5335 1054 5401 portare
1067 5347 1180 5386 non
1198 5335 1478 5402 poterant,
1496 5329 1754 5400 qualibus
1776 5346 1837 5383 se

241 5416 295 5468 ad
311 5419 652 5476 Corinthios
683 5417 767 5472 lac
793 5419 931 5474 dicit
946 5419 1165 5474 dedisse
1185 5435 1298 5473 non
1317 5435 1502 5472 escam
1526 5420 1576 5485 (Ι
1591 5419 1792 5486 vomu)
1821 5436 1833 5482 ;

243 5503 418 5562 falsum
447 5509 615 5564 enim
653 5506 841 5562 dicere
861 5507 1004 5562 nihil
1031 5508 1177 5575 licet,
1210 5506 1513 5580 aliquando
1531 5512 1719 5561 autem
1740 5507 1839 5561 ali-

639 5607 912 5668 ΡΑτιιοι.
942 5607 1097 5668 CXII

1920 4621 2068 4692 quod
2081 4622 2199 4676 Noe
2211 4623 2368 4676 aDeo
2381 4620 2742 4687 didicerat,ut
2751 4619 3112 4676 observarent
3123 4639 3184 4676 se
3195 4639 3230 4676 a
3239 4623 3515 4695 sanguine

1920 4709 2135 4764 edendo
2167 4725 2297 4764 cum
2318 4725 2504 4764 carne.
2537 4710 2684 4764 Nam
2717 4710 2998 4780 quomodo
3030 4711 3152 4766 ﬁeri
3181 4717 3421 4782 poterat,
3453 4721 3519 4770 ut

1921 4799 2188 4853 Romanis
2206 4797 2424 4868 legibus
2445 4797 2666 4864 imbuti,
2691 4813 2930 4869 quorum
2951 4805 3113 4854 tanta
3131 4802 3434 4857 auctoritas
3454 4802 3514 4858 in

1919 4887 2208 4942 servandis
2239 4885 2524 4942 mandatis
2557 4891 2659 4952 est,
2691 4885 2976 4942 nescirent
3005 4887 3369 4945 homicidium
3406 4909 3519 4946 non

1920 4992 2041 5030 esse
2066 4975 2383 5030 faciendum
2408 4993 2420 5042 ;
2445 4975 2650 5046 quippe
2674 4991 2800 5029 cum
2824 4975 3108 5031 adulteros
3127 4981 3183 5032 et
3207 4978 3516 5036 homicidas

1921 5071 1978 5120 et
2005 5064 2172 5119 falsos
2203 5069 2374 5118 testes
2402 5070 2460 5118 et
2487 5063 2636 5118 fures
2675 5068 2736 5118 et
2769 5064 3052 5120 maleﬁcos
3094 5071 3152 5120 et
3187 5072 3515 5124 caeterorum

1921 5153 2199 5207 malorum
2228 5151 2568 5208 admissores
2588 5151 2828 5224 puniant
2855 5153 3008 5225 leges
3034 5154 3336 5210 Romanae?
3355 5156 3519 5212 Deni-

1920 5258 2028 5312 que
2045 5241 2155 5296 tria
2174 5241 2291 5296 haec
2314 5241 2581 5296 mandata
2599 5241 2669 5294 ab
2691 5241 2962 5312 apostolis
2977 5247 3036 5296 et
3051 5241 3366 5300 senioribus
3384 5245 3514 5302 data

1919 5330 2281 5401 reperiuntur
2305 5346 2428 5401 quae
2457 5329 2722 5401 ignorant
2746 5329 2900 5400 leges
2920 5329 3204 5390 Romana).
3229 5331 3286 5386 id
3317 5339 3420 5394 est.
3454 5341 3519 5391 ut

1919 5418 2239 5473 abstineant
2251 5435 2311 5472 se
2327 5417 2398 5472 ab
2419 5418 2752 5489 idololatria,
2770 5435 2804 5472 a
2823 5417 3116 5489 sanguine,
3141 5419 3286 5476 sicut
3305 5423 3442 5489 Noe,
3459 5431 3517 5478 et

1921 5525 1956 5562 a
1974 5507 2340 5562 fornicatione
2361 5525 2374 5574 ;
2397 5524 2520 5580 qum
2539 5506 2805 5578 sophistae
2825 5508 3148 5563 Gmcorum
3166 5526 3276 5564 non
3305 5511 3513 5566 intelli-

3157 5603 3196 5664 9
