4034 6162
641 272 740 328 '36?
1240 274 1300 325 Β.
1349 271 1610 324 ΗΛΙΒΛΝ]
1656 270 1885 324 MALTRI
1937 269 2268 323 Alit‘lllEP.
2313 269 2633 322 MUGUN’I‘.
2677 267 2971 321 UPERUM
3015 267 3196 320 PARS
3235 268 3333 322 lll.

642 407 867 469 gentes,
901 399 1138 452 scientes
1187 404 1375 450 tamen
1423 413 1455 447 ει
1492 393 1762 462 sanguine
1819 393 2234 454 abstinendum,
2259 389 2491 452 Aenim,
2527 392 2570 444 si
2626 391 2800 446 ﬁlium
2837 391 3043 446 Judzeae
3089 390 3552 447 incircumcisum
3615 391 3846 462 suscip

647 481 2241 554 adulterarumScripturam,quartummandatumadden—
2325 485 2586 549 parantes
2615 479 2965 541 seditionem,
3000 479 3098 549 qui
3147 479 3196 532 si
3225 479 3296 533 de
3327 480 3542 534 Graecis
3607 486 3846 534 contra

647 583 732 630 tes
751 583 810 630 et
829 591 865 628 a
885 574 1152 628 suﬁocato
1179 571 1608 628 observandum,
1625 570 1792 639 quod,
1806 575 1962 639 puto,
1977 585 2124 624 nunc
2140 568 2242 622 Dei
2327 567 2422 621 bat
2442 584 2554 621 non
2585 585 2705 621 esse
2726 566 3224 633 circumcidendos,
3259 569 3406 622 sicut
3457 573 3522 622 et
3581 569 3846 639 Epistol

640 669 788 720 nutu
815 661 1154 716 intellecturi
1191 666 1342 726 sunt,
1387 660 1522 730 quia
1543 661 1665 729 jam
1700 657 2083 743 suprpdictum
2123 660 2246 710 erat
2329 655 2592 726 apostolis
2621 656 2690 709 de
2720 655 2823 709 hac
2845 672 2904 708 re
2932 655 3116 710 fuerat
3142 657 3292 722 data,
3325 657 3428 712 vel.
3465 657 3634 712 ﬁlios
3663 658 3846 712 Israe

649 748 1274 821 quodaddiderunt.Sed
1293 765 1460 816 neque
1481 750 2248 816 Titusquimeeumeratcum.
2329 744 2566 800 cumcidi
2596 761 2710 798 non
2751 750 2980 805 vetaret,
3017 745 3151 814 quia
3183 745 3322 798 nihil
3362 745 3431 800 de
3459 744 3556 798 his
3593 745 3662 799 in
3729 745 3846 816 Epi

647 845 775 894 esset
797 856 863 893 es;
881 840 1150 907 gentibus,
1175 841 1484 906 compulsus
1517 853 1629 889 non
1655 841 1730 889 est
1751 837 2096 888 eirmtmcidi.
2132 835 2250 888 Hoc
2330 833 2524 886 eadem
2553 832 3004 902 signiﬁcaveiant
3029 833 3286 902 apostoli,
3321 850 3385 887 ex
3405 835 3580 904 cujus
3615 842 3846 888 auctor

649 935 754 993 est,
776 927 870 982 illo
899 935 1152 997 tempore
1181 927 1302 997 ipso
1333 941 1443 996 quo
1473 925 1572 989 fui,
1595 924 1798 994 inquit,
1822 923 2244 994 Hierosolymis,
2331 922 2454 992 plus
2485 921 2847 978 insaeviebant
2870 921 3164 976 credentes
3193 922 3390 988 Judaei,
3431 923 3577 992 quia
3625 939 3760 977 non
3800 941 3845 992 ρ

649 1017 808 1071 Titus
824 1017 920 1086 qui
941 1032 1162 1072 mecum
1183 1020 1307 1068 erat
1323 1013 1646 1084 compulsus
1662 1029 1778 1066 non
1801 1017 1888 1066 est
1902 1011 2245 1076 circumcidi,
2333 1010 2498 1064 bebat
2525 1011 2553 1066 J
2561 1010 2746 1065 “(13305
2759 1009 2904 1064 ﬁlios
2923 1027 3054 1066 suos
3083 1011 3486 1067 circumcidere
3509 1012 3654 1082 ipsa
3689 1012 3846 1082 Epis

647 1121 777 1160 cum
791 1103 992 1175 utique
1018 1104 1168 1158 inter
1193 1102 1477 1173 apostolos
1496 1107 1553 1155 et
1574 1118 1669 1154 eos
1692 1101 1789 1171 qui
1813 1118 1879 1154 ex
1899 1099 2106 1154 Iudaeis
2135 1115 2251 1154 cre-
2339 1101 2508 1163 Tunc,
2537 1098 2738 1168 inquit,
2770 1103 3042 1166 accipiens
3071 1102 3422 1154 circumcidit
3449 1118 3589 1154 eun;
3611 1107 3842 1169 propte

649 1193 910 1249 diderant
931 1209 1202 1256 essemus,
1224 1207 1390 1245 nemo
1409 1190 1590 1254 illum,
1614 1189 1672 1245 id
1694 1196 1799 1253 est,
1813 1189 2004 1244 Titum
2027 1205 2252 1259 compu—
2333 1189 2469 1242 deos
2508 1190 2608 1255 qui
2645 1192 2806 1240 erant
2847 1186 3070 1241 initocis
3099 1191 3212 1242 illis
3246 1208 3262 1242 :
3303 1189 3371 1244 de
3391 1188 3736 1258 gentilibus
3784 1207 3846 1244 at

649 1282 716 1337 lit
745 1281 1086 1338 circumcidi.
1112 1281 1182 1334 Et
1198 1278 1658 1348 subintelligitur,
1686 1277 1818 1347 quid
1841 1283 1928 1331 est
1946 1282 2011 1330 ut
2031 1294 2126 1331 vos
2149 1276 2251 1330 cir-
2333 1277 2657 1330 scandalum
2689 1293 2801 1330 non
2829 1275 3129 1342 habebant,
3162 1277 3310 1332 unde
3339 1277 3509 1333 Titus.
3533 1294 3666 1332 non
3703 1285 3806 1332 est
3841 1303 3846 1326 4

649 1369 1065 1430 cumoidamini,
1083 1385 1210 1422 cum
1229 1367 1390 1422 Titus
1404 1365 1474 1420 ab
1496 1365 1896 1436 apostolis,qui
1919 1364 2252 1418 videbantur
2333 1365 2527 1434 pulsus
2558 1363 2896 1417 circumcidi.
2921 1364 3005 1417 Ad
3037 1364 3236 1418 horam
3266 1381 3400 1434 ergo
3420 1365 3622 1430 cessit,
3671 1371 3746 1420 ut
3776 1383 3846 1420 ve

649 1459 861 1530 aliquid
882 1474 1023 1522 esse,
1056 1472 1168 1510 non
1198 1462 1284 1510 est
1306 1455 1627 1525 compulsus
1646 1453 1988 1516 circumcidi,
2013 1453 2111 1507 sed
2132 1470 2250 1507 sus—
2334 1452 2617 1522 Evangelii
2648 1457 2977 1522 permaneat
2990 1454 3139 1522 apud
3160 1459 3376 1521 gentes.
3400 1471 3529 1507 cum
3555 1471 3626 1509 se
3649 1471 3779 1508 non
3807 1471 3846 1508 δ’

649 1551 843 1617 ceptus
886 1550 970 1600 est
1017 1541 1482 1598 iucircumcisus?
1528 1544 1757 1610 Propter
1803 1542 2248 1596 subintroductos
2332 1541 2487 1595 ciunt
2517 1540 2944 1595 circumcisioni.
2973 1542 3137 1610 Apud
3184 1542 3406 1598 Judteos
3438 1549 3646 1598 autem
3697 1560 3826 1596 non

653 1639 837 1690 autem
865 1635 1030 1700 falsos
1060 1634 1284 1700 fratres,
1333 1634 1432 1700 qui
1467 1632 1924 1684 subintraverunt
1965 1633 2248 1698 crptorare
2332 1629 2536 1684 veritas
2569 1629 2870 1699 Evangelii,
2909 1629 3042 1699 quia
3061 1629 3353 1684 credentes
3370 1630 3845 1686 circumcidebai

655 1723 962 1778 libertatem
991 1725 1241 1776 nostram
1273 1735 1440 1788 quam
1473 1720 1732 1772 habemus
1764 1721 1822 1772 in
1851 1719 2066 1774 Christo
2101 1721 2246 1772 Jesu.
2272 1709 2442 1772 Blios
2471 1735 2603 1772 suos
2631 1737 2642 1770 :
2691 1721 2758 1772 In
2797 1719 3012 1773 Chr-isto
3051 1722 3201 1772 enim
3237 1721 3361 1773 Jesu
3403 1736 3582 1788 neque
3606 1727 3846 1788 pracput

660 1812 722 1866 (lt
747 1827 842 1866 nos
861 1815 928 1864 in
945 1813 1263 1864 servitutem
1299 1809 1650 1876 s-ubjieerent,
1671 1809 1746 1861 ad
1771 1808 1966 1861 horam
1999 1811 2252 1860 cessimus
2339 1824 2506 1874 neque
2533 1809 2878 1861 circumcisio
2900 1811 3038 1861 valet
3069 1809 3403 1876 aliquid,se(t
3425 1810 3560 1875 ﬁdes
3587 1824 3701 1876 per
3719 1811 3845 1861 dile-

653 1901 997 1967 subjectioni,
1019 1903 1079 1950 ut
1096 1900 1298 1950 veritas
1321 1896 1608 1963 Evangelii
1631 1901 1951 1964 permaneat
1970 1898 2122 1963 apud
2141 1912 2246 1948 vos.
2337 1913 2460 1948 nem
2486 1911 2716 1964 operam
2732 1896 2870 1961 (Gal.
2890 1900 2984 1963 γι).
3007 1896 3198 1965 [Aug]
3221 1896 3415 1950 Potest
3431 1903 3489 1950 et
3515 1897 3606 1954 ita
3634 1896 3846 1967 legiseu

655 1987 864 2051 Titum,
883 1985 1019 2056 quia
1032 1985 1256 2040 Graecus
1277 1991 1400 2039 erat
1413 1983 1560 2038 sicut
1578 1984 1809 2041 Galatae.
1830 1990 2000 2054 negat
2018 1984 2252 2037 circum-
2333 1984 2467 2038 dum
2493 1983 2551 2038 id
2580 1983 2728 2056 quod
2748 1983 2958 2041 habent
2987 1984 3166 2038 Graeci
3194 1984 3429 2051 codices,
3454 1986 3566 2040 hoc
3595 1990 3711 2051 est,
3747 1989 3837 2052 Qu

655 2091 868 2132 (usum:
895 2091 1004 2144 quo
1032 2073 1180 2126 dicto
1211 2073 1312 2126 hos
1351 2072 1556 2141 arguit,
1581 2073 1676 2142 qui
1706 2078 2034 2142 paterentur
2059 2071 2251 2149 secir-
2336 2089 2504 2141 neque
2539 2074 2613 2126 ait
2656 2073 2850 2126 horam
2893 2075 3148 2127 cessimus
3189 2075 3532 2142 subjectioni,
3583 2073 3730 2145 quia
3774 2075 3846 2128 Ti

655 2162 896 2218 cumcidi
915 2178 1040 2216 cum
1061 2168 1249 2216 essent
1271 2160 1466 2214 Graeci.
1493 2160 1603 2214 Sed
1625 2178 1694 2214 ne
1715 2161 1855 2214 forte
1875 2167 2253 2232 opponeretur
2334 2161 2528 2214 theum
2559 2167 2856 2234 propterea
2883 2161 3232 2216 circumcidit
3258 2179 3328 2215 ne
3359 2162 3571 2217 Judaeis
3605 2167 3668 2216 et
3708 2180 3846 2217 max

657 2251 727 2316 ei,
746 2251 882 2322 quia
897 2251 1017 2321 ipse
1037 2249 1468 2304 circumcideret
1484 2249 1864 2314 Timotheum,
1891 2267 2038 2306 nunc
2055 2266 2250 2303 causas
2335 2249 2653 2318 cognationi
2671 2249 2794 2319 ejus
2812 2254 3082 2304 materna:
3093 2249 3170 2303 sic
3200 2249 3524 2304 viderentur
3536 2250 3640 2320 qui
3661 2269 3732 2304 ex
3765 2267 3840 2320 ge

657 2339 886 2410 exponit
897 2355 998 2396 cur
1016 2339 1226 2400 fecerit,
1247 2338 1396 2408 quod
1409 2337 1725 2392 faciendum
1746 2337 2004 2407 negabat,
2028 2338 2245 2397 dicens:
2339 2337 2440 2392 bus
2469 2337 2827 2392 crediderunt
2855 2337 2912 2394 in
2945 2338 3228 2392 Christum
3274 2339 3544 2393 detestari
3569 2339 3846 2393 circumci

660 2430 893 2496 Propter
915 2429 1356 2481 subintroductos
1379 2432 1564 2480 autem
1585 2429 1751 2492 falsos
1780 2429 2114 2494 fratres,qui
2131 2427 2252 2480 διιιι-
2338 2443 2486 2490 nem,
2503 2426 2646 2480 sicut
2663 2425 2978 2480 idololatria
3004 2427 3337 2481 detestanda
3367 2435 3470 2492 est,
3496 2444 3632 2483 cum
3659 2428 3822 2484 illam

663 2517 2083 2583 intraveruntcaptorumlibertatemnastram,quam
2101 2515 2256 2568 habe-
2341 2514 2524 2570 minus
2553 2513 2674 2568 ﬁeri
2685 2515 3029 2585 praeceperit,
3055 2515 3196 2570 hanc
3219 2516 3456 2570 Satanas
3485 2516 3846 2586 persuaserit

663 2621 786 2657 mus
814 2607 874 2656 in
897 2605 1112 2657 Chr-isto
1129 2606 1274 2666 Jesu,
1296 2609 1356 2654 ut
1381 2619 1476 2656 nos
1495 2605 1554 2655 in
1573 2619 1691 2655 ,ςιννν
1700 2606 1739 2655 it
1747 2608 1890 2656 atem
1909 2605 2252 2671 subjiecrent,
2339 2603 2524 2658 Titum
2539 2609 2836 2674 propterea
2844 2620 2955 2658 non
2967 2604 3408 2667 circumcidit,ne
3421 2605 3781 2660 occasionem
3795 2606 3846 2658 dt

661 2693 735 2746 ad
761 2692 956 2746 horam.
991 2693 1244 2744 cessimus
1272 2692 1612 2756 .suhjcctioni,
1651 2696 1709 2744 ut
1749 2695 1951 2745 veritas
1975 2692 2261 2758 Evangelii
2342 2692 2422 2745 eis
2434 2693 2530 2762 qui
2551 2691 2671 2748 sine
2692 2693 2791 2746 illa
2813 2693 3233 2747 circumcisione
3253 2693 3516 2750 dicebant
3532 2700 3739 2764 gentes
3765 2695 3846 2749 sal

661 2784 981 2848 permaneat
1009 2780 1159 2846 apud
1189 2795 1294 2831 vos.
1328 2779 1504 2832 Graeci
1533 2795 1562 2831 e
1591 2783 1789 2832 contra
1818 2779 2028 2837 dicunt,
2067 2796 2161 2832 nec
2186 2781 2260 2834 ad
2341 2797 2462 2835 esse
2473 2797 2582 2836 non
2597 2781 2920 2850 posse,etad
2931 2781 3584 2852 deceptionemgentium
3596 2784 3846 2838 hocPaul

662 2871 858 2922 horam
887 2871 1161 2922 cessimus.
1195 2867 1264 2920 Et
1282 2867 1388 2920 hoc
1408 2867 1570 2923 aiunt
1589 2867 1886 2922 convenire
1905 2884 2102 2930 causai,
2129 2868 2260 2937 quia
2339 2869 2548 2923 sentire
2561 2870 2860 2939 jactarent.
2893 2870 3054 2934 Quod
3082 2870 3200 2940 ipse
3221 2871 3360 2926 satis
3389 2871 3677 2940 signiﬁcat
3695 2871 3789 2926 ubi
3814 2889 3846 2925 a

663 2956 758 3027 qui
782 2956 908 3012 ﬁeri
927 2955 1276 3027 prohibebat,
1302 2972 1412 3012 non
1435 2956 1746 3026 oportebat,
1770 2955 2051 3027 inquiunt,
2075 2957 2259 3010 dicere
2291 3023 2322 3027 _
2341 2959 2445 3014 Sed
2476 2975 2642 3026 neque
2669 2960 2839 3024 Titus,
2865 2961 2962 3026 qui
2993 2976 3203 3014 mecum
3233 2962 3370 3022 erat,
3396 2977 3524 3014 cum
3549 2966 3678 3014 esset
3702 2961 3846 3016 Graec

662 3023 722 3100 se
738 3023 953 3110 fecisse,
971 3061 1041 3098 ne
1058 3043 1322 3114 probaret
1335 3061 1457 3098 esse
1470 3023 1810 3101 iaciendum.
1828 3023 1936 3099 S_ed
1957 3045 2259 3116 Apostolus
2281 3023 2325 3083 Ο
2341 3023 2650 3116 compulsus
2671 3053 2746 3099 est
2767 3023 3108 3111 circumcidi,
3131 3054 3352 3117 propter
3367 3050 3811 3104 subintroduetos
3835 3067 3846 3116 Α

665 3134 747 3186 vir
763 3133 1005 3198 divinus,
1029 3133 1211 3188 sciens
1235 3149 1395 3203 posse
1424 3133 1526 3188 hoc
1558 3133 1782 3203 opponi,
1817 3133 1938 3204 ipse
1967 3133 2104 3186 illud
2138 3151 2259 3204 pro-
2340 3152 2422 3188 sos
2438 3137 3510 3206 fratresquisubintroieruntcrptorare
3524 3139 3827 3192 libertatem

664 3221 840 3292 ponit,
875 3227 942 3275 ut
969 3221 1275 3292 praeveniat
1309 3221 1704 3286 calumniosos,
1741 3228 1799 3275 et
1839 3221 2024 3276 reddit
2062 3238 2258 3275 causas
2339 3230 2513 3277 stram
2537 3229 2596 3277 ut
2613 3241 2709 3278 nos
2722 3227 2779 3277 in
2796 3227 3111 3282 servitutem
3127 3227 3452 3294 redigerent,
3470 3227 3669 3294 quibus
3685 3242 3846 3293 nequc

663 3309 866 3380 quibus
895 3311 1217 3381 compulsus
1246 3316 1332 3364 est
1358 3310 1540 3365 facere
1573 3311 1722 3380 quod
1750 3309 1993 3364 nolebat.
2033 3313 2258 3379 Propter
2341 3313 2533 3366 horam.
2559 3315 2814 3366 cessimus
2833 3314 3244 3381 subjectioni,ut
3277 3317 3478 3369 veritas
3501 3315 3785 3383 Evangelii
3800 3331 3846 3382 μ.

661 3401 1104 3456 subintroductos
1133 3405 1339 3474 autem.
1371 3399 1574 3469 inquit,
1604 3403 1768 3464 falsos
1797 3403 2018 3466 fratres.
2053 3399 2256 3452 Subin-
2344 3406 2562 3454 maneat
2581 3402 2730 3469 apud
2745 3417 2852 3454 vos.
2873 3401 3262 3472 Hincapparet
3277 3401 3409 3472 quid
3431 3401 3846 3473 eoscaptareint

663 3487 948 3543 troductos
981 3487 1134 3550 dicit,
1168 3487 1302 3558 quia
1337 3504 1464 3542 cum
1505 3487 1632 3542 dolo
1664 3487 2032 3542 intraverunt.
2068 3495 2258 3541 osten-
2342 3489 2627 3553 lexerit,ut
2651 3505 2761 3544 non
2797 3490 3006 3544 faceret
3037 3491 3186 3559 quod
3217 3489 3274 3546 in
3302 3491 3594 3548 Timotheo
3623 3490 3844 3550 fecerat,

661 3578 860 3632 dentes
885 3593 948 3631 se
976 3576 1195 3640 fratres,
1221 3593 1348 3632 cum
1378 3582 1566 3630 essent
1591 3575 1940 3644 inimicitia-1'
1968 3579 2257 3630 suln'ntra—
2343 3579 2488 3648 quod
2507 3577 2845 3632 ealibertatc
2861 3579 3042 3632 facere
3053 3583 3472 3650 poterat,quam
3483 3580 3846 3644 ostenderet,i

664 3671 882 3731 verunt,
895 3665 1002 3724 hoc
1020 3671 1124 3728 est,
1140 3681 1268 3720 cum
1286 3664 1604 3721 humilitate
1621 3664 1973 3718 intraverunt
1988 3667 2260 3734 tingentes
2343 3672 2713 3730 sacramenta,
2738 3683 2840 3721 nec
2871 3671 3140 3737 tanquam
3169 3667 3487 3724 necessaria
3502 3667 3698 3722 debere
3715 3685 3846 3738 appr

665 3753 993 3817 amcitiam,
1019 3757 1304 3822 captm'arc
1327 3755 1630 3811 libertatem
1659 3759 1903 3806 nostram
1920 3769 2088 3820 quam.
2106 3754 2262 3807 habc-
2347 3772 2448 3809 nec
2464 3761 2735 3825 tanquam
2751 3755 3024 3825 sacrilega
3037 3755 3242 3810 debere
3263 3756 3537 3813 damnari.
3555 3759 3631 3812 Ab
3649 3758 3846 3814 histum

667 3859 788 3896 mus
809 3846 871 3896 in
892 3843 1106 3899 Christo
1123 3845 1269 3906 Jesu,
1287 3848 1346 3895 ut
1371 3859 1465 3896 nos
1489 3845 1548 3895 in
1577 3845 1894 3896 serritutem
1911 3843 2260 3910 subjicercnt.
2346 3847 2444 3912 qui
2463 3845 2792 3898 videbantur
2808 3847 3027 3913 aliquid
3039 3849 3356 3912 esse,quatcs
3369 3847 3846 3914 aliquando/iterm

595 3944 600 3950 '
667 3931 964 4000 implorare
1001 3936 1088 3983 est
1125 3930 1204 3984 sic
1248 3931 1480 3993 intrare,
1514 3937 1578 3983 ut
1606 3929 1759 3984 aliud
1790 3931 1967 3999 ﬁngat
2012 3936 2070 3984 et
2109 3929 2262 3984 aliud
2347 3933 2493 3986 nihil
2509 3949 2630 3985 mea
2643 3935 3328 4002 interest.Deuspersonam
3344 3936 3582 3988 hominis
3596 3937 3846 3998 noiiaceip

666 4024 884 4087 quaerat
897 4034 1008 4086 quo
1028 4017 1207 4088 possit
1221 4035 1486 4074 accusare
1502 4020 1808 4072 libertatem
1827 4023 2075 4072 nostram.
2095 4035 2262 4086 quam
2348 4019 2556 4083 (Amb.)
2589 4021 2707 4074 Hoc
2733 4019 3014 4088 signiﬁcat
3044 4021 3178 4092 quia
3204 4021 3443 4092 apostoli
3469 4021 3617 4092 prius
3654 4021 3846 4092 simplii

667 4107 928 4160 habemus
957 4109 1021 4160 in
1049 4107 1266 4162 Christo
1293 4109 1440 4162 Jesu.
1476 4105 1728 4160 Libertas
1763 4106 1822 4158 in
1852 4105 2078 4162 Christo
2107 4107 2259 4168 Jesu,
2346 4109 2601 4164 homines
2620 4113 2799 4173 erant,
2824 4115 2881 4162 et
2899 4109 3164 4180 imperiti,
3184 4109 3396 4167 nullius
3416 4109 3846 4179 dignitatisinleg

667 4195 786 4251 haec
835 4199 940 4255 est,
991 4209 1106 4252 non
1151 4193 1353 4263 subjici
1399 4193 1531 4262 legi.
1587 4195 1646 4248 (lt
1696 4211 1790 4247 nos
1838 4197 1898 4247 in
1947 4198 2261 4250 servitutem
2345 4197 2442 4250 sed
2473 4197 2576 4250 hoc
2595 4214 2707 4251 non
2747 4196 2978 4265 obesse;
3011 4197 3137 4268 quis
3159 4197 3311 4254 enim
3339 4204 3559 4256 accuset
3583 4215 3701 4254 eum
3749 4215 3846 4268 que

664 4283 1012 4350 subjicerent,
1047 4281 1150 4336 hoc
1187 4287 1292 4345 est,
1335 4281 1404 4336 ad
1435 4282 1539 4335 hoc
1583 4281 1935 4340 intraverunt
1962 4299 2099 4356 cum
2135 4283 2262 4337 dolo
2279 4286 2494 4358 1‘Deus
2515 4286 2776 4340 excusat?
2796 4285 2942 4350 Quia
2959 4303 3071 4344 non
3101 4287 3387 4357 quaeritur,
3433 4287 3554 4358 quis
3582 4287 3702 4358 quid
3727 4287 3846 4342 fueu

667 4377 726 4426 et
740 4369 976 4437 fallacia,
1003 4377 1070 4425 ut
1090 4377 1343 4426 nostram
1369 4369 1690 4424 libertatem
1710 4370 1770 4424 in
1789 4371 2114 4425 servitutem
2135 4371 2263 4426 sub-
2279 4369 2326 4395 ”
2344 4375 2442 4428 sed
2472 4375 2606 4445 quid
2621 4374 3014 4430 sit.Praeterita
3034 4376 3184 4430 enim
3207 4392 3308 4432 nec
3325 4375 3685 4431 condemnant
3694 4392 3786 4428 nec
3795 4377 3842 4428 vi

660 4460 918 4530 jicerent,
943 4466 1206 4530 cogentes
1225 4475 1328 4514 nos
1345 4457 1547 4529 subjici
1569 4458 1677 4528 legi
1699 4458 2157 4519 circumcisionis.
2181 4462 2264 4514 Ad
2342 4463 2535 4518 dicant
2569 4483 2579 4516 :
2613 4463 2710 4518 sed
2731 4468 2922 4518 tamen
2942 4464 3061 4518 vult
3086 4464 3486 4536 intelligi,quia
3505 4470 3558 4519 et
3575 4465 3763 4536 peritus
3785 4482 3846 4518 er;

668 4549 865 4605 horam
894 4552 1150 4604 cessimus
1177 4550 1521 4616 subjectioni,
1558 4547 1664 4602 hoc
1692 4553 1795 4611 est,
1829 4548 1901 4602 ad
1933 4548 2131 4605 horam
2161 4565 2263 4602 nos
2344 4551 2403 4606 in
2430 4552 2572 4621 lege,
2624 4560 2682 4606 et
2729 4553 2911 4610 clarus
2941 4552 3072 4618 vita,
3123 4570 3188 4608 ac
3244 4570 3345 4624 per
3393 4555 3512 4618 hoc,
3549 4559 3601 4608 et
3633 4553 3846 4624 di-spcns:

663 4635 1292 4704 subiecimusservituti,
1311 4637 1676 4696 humiliantes
1695 4653 1796 4692 nos
1809 4636 2264 4705 legi,utcircum-
2343 4639 2497 4695 tione
2527 4641 2810 4710 Evangelii
2841 4641 3152 4712 praecipuus
3181 4641 3458 4701 minister.
3491 4645 3622 4698 Mihi
3645 4646 3774 4696 enim
3801 4659 3846 4712 ιιι

669 4724 783 4778 ciso
817 4722 1111 4780 Timotheo
1147 4731 1393 4784 cessaret
1428 4725 1590 4784 dolus
1621 4731 1679 4778 et
1695 4725 2024 4786 scandalum
2049 4726 2264 4780 Judaeo—
2345 4732 2743 4786 existimantur
2771 4732 2990 4798 aliquid
3009 4747 3116 4787 esse
3139 4732 3287 4785 nihil
3312 4735 3662 4787 contulerunt.
3683 4731 3846 4786 Nihil:

664 4828 814 4879 rum.
835 4813 1024 4874 Parati
1039 4813 1190 4870 enim
1208 4822 1386 4878 erant,
1406 4814 1550 4870 sicut
1567 4815 1737 4873 datur
1747 4813 2006 4885 intelligi,
2023 4831 2266 4870 commo-
2345 4817 2483 4872 dicit
2511 4817 2580 4871 ab
2601 4818 2870 4888 apostolis
2900 4825 3282 4883 consecutum,
3315 4821 3412 4876 sed
3441 4838 3476 4879 a
3495 4821 3628 4886 Deo;
3661 4820 3774 4890 quia
3800 4837 3846 4890 ql

670 4918 796 4956 vere
829 4901 912 4956 illi
945 4903 1253 4964 tumultum
1282 4909 1338 4957 et
1367 4903 1723 4958 seditionem.
1753 4903 1884 4958 Fuit
1916 4903 2067 4958 enim
2095 4920 2263 4960 causa
2347 4905 2620 4976 imperitis
2672 4906 2869 4964 tribuit
2913 4923 3144 4964 sensum
3221 4907 3527 4979 disciplinae
3576 4907 3846 4965 Christiana

669 4989 948 5060 quomodo
963 4989 1239 5046 haberent
1265 4992 1482 5046 aditum
1501 4991 1795 5047 calumnia-3
1823 4991 2110 5056 facienda},
2129 4993 2265 5062 quia
2345 4995 2462 5065 ipse
2485 5001 2543 5049 et
2564 4995 2722 5060 mihi,
2735 4995 2934 5066 inquit,
2968 5012 3100 5052 cum
3130 5012 3310 5052 essem
3339 4996 3478 5066 legis
3490 4996 3692 5067 peritus,
3713 4996 3846 5067 dign:

666 5080 994 5137 Timotheus
1021 5086 1146 5134 erat
1171 5086 1350 5136 matre
1381 5081 1610 5150 quidem
1638 5081 1849 5144 Judzea,
1883 5085 2043 5152 patre
2069 5087 2260 5142 autem
2343 5089 2434 5138 tus
2455 5089 2541 5140 est
2568 5083 2858 5155 impertire
2886 5099 3116 5140 sensum
3143 5083 3380 5140 rationis
3411 5085 3716 5156 hujusmodi.
3753 5085 3846 5150 Qui

670 5169 880 5233 Graeco.
905 5168 1067 5224 Unde
1082 5167 1294 5230 factum
1315 5174 1400 5222 est
1416 5173 1484 5222 ut
1498 5169 1809 5224 secundum
1823 5169 2009 5239 legem
2028 5170 2262 5226 circum-
2344 5173 2508 5228 modo
2539 5189 2674 5243 ergo
2699 5173 2826 5228 ﬁeri
2845 5177 3070 5242 poterat
3087 5178 3150 5229 ut
3179 5173 3272 5228 hic
3298 5171 3370 5228 ab
3399 5173 3488 5229 his
3506 5173 3846 5244 duceretque:

667 5257 817 5310 cisus
831 5257 1019 5310 infans
1034 5251 1151 5312 non
1168 5261 1336 5312 esset.
1362 5255 1566 5310 Volens
1591 5263 1780 5312 autem
1799 5258 2100 5328 Apostolus
2131 5277 2261 5314 eum
2345 5261 2588 5331 peritum
2615 5261 2922 5327 inveniens,
2955 5261 3282 5332 peritiorem
3310 5261 3444 5321 fecit
3485 5262 3644 5333 gmtia
3660 5263 3838 5319 Christi

669 5360 956 5398 assumere
988 5351 1052 5398 ut
1075 5344 1368 5398 ordinaret
1395 5344 1556 5398 illum
1585 5345 1904 5415 episcopum
1935 5345 2082 5400 sicut
2111 5345 2258 5411 fecit,
2341 5351 2448 5405 Sed
2477 5367 2502 5403 ι’
2532 5357 2725 5408 contra
2761 5367 2884 5406 cum
2921 5352 3184 5409 vidissent
3209 5353 3355 5420 quod
3395 5340 3726 5407 creditum'est
3750 5355 3846 5408 mih

669 5431 2264 5502 qitiatestimoziiumei,inquit,bunumpcrhabebantomnes
2349 5438 2710 5506 Evangetium
2723 5441 3004 5507 przputii,
3019 5443 3161 5496 sicut
3197 5442 3356 5496 Petro
3373 5442 3772 5506 circumitionis;
3785 5457 3846 5509 qu

671 5527 773 5576 ιυσὶ
789 5525 962 5585 illius,
980 5520 1214 5577 insidias
1226 5536 1422 5592 passus
1435 5526 1524 5575 est
1535 5522 1560 5574 J
1569 5521 1873 5578 udaeorum.
1891 5523 2265 5592 Explorabant
2347 5529 2496 5580 enim
2511 5532 2764 5595 operatus
2775 5533 2848 5586 est
2859 5529 2947 5584 Pet
2955 5544 3016 5582 ro
3028 5531 3469 5598 iitapostotatum
3477 5531 3846 5585 circumcisionis
