4034 6162
335 222 412 277 269

707 218 1282 287 ENARRATIONUM
1323 218 1396 271 ΙΝ
1437 217 1588 270 EPP.
1633 217 1845 271 PAULI
1893 217 2026 270 LIB.
2074 216 2214 268 XIV.
2250 246 2311 254 —
2343 216 2417 269 1N
2460 216 2677 268 EPIST.
2722 218 2815 271 Al)
2855 220 3110 273 GALAT.

3447 219 3549 272 2ἷο

332 350 529 413 operatus
556 348 630 395 est
658 348 705 394 ct
732 343 872 395 mihi
894 346 1040 395 inter
1053 347 1234 409 gentes
1255 360 1267 401 ;
1287 346 1334 394 et
1358 359 1479 394 cum
1505 344 1871 407 cognovissent
1893 347 1935 400 Α
1955 340 2249 408 Evangelio
2279 339 2489 393 dictum
2511 346 2628 393 est:
2656 340 2893 409 Accipiet
2928 346 2989 396 in
3017 345 3113 396 hoc
3141 346 3333 396 su'cuto
3359 346 3548 410 septies

331 436 521 500 gratiam
556 433 663 494 Uri,
689 448 808 498 qua?
826 432 957 483 data
987 436 1061 483 cst
1085 432 1243 489 mihi,
1268 432 1459 482 Petrus
1478 436 1524 482 et
1551 432 1796 491 Jacobus,
1826 435 1873 481 et

327 526 517 575 Joannes
544 522 646 586 qui
677 521 1007 573 ridebantur
1035 523 1301 572 columnae
1323 536 1444 581 esse,
1481 520 1697 571 dextras
1727 520 1876 571 delle-

330 616 434 662 runt
452 609 579 661 mihi
598 614 645 660 et
662 609 929 661 Barnabas
949 611 1235 669 societatis,
1254 614 1313 660 ut
1345 624 1438 660 nos
1469 611 1528 660 in
1547 613 1745 675 gentes,
1772 609 1877 674 ipsi

324 703 472 751 autem
493 701 545 749 in
580 699 1074 750 circumcisiom’m.
1103 697 1291 765 (Aug)
1315 696 1460 759 Quia
1478 701 1534 748 et
1564 696 1660 765 qui
1691 694 1878 748 viden-

327 794 399 840 tur
412 802 515 839 esse
527 784 759 855 aliquid.
776 784 1095 839 carnalibus
1118 784 1440 838 hominibus
1469 784 1728 837 videntur
1756 801 1877 838 esse

327 875 533 944 aliquid;
566 890 697 928 nam
730 890 841 927 non
867 880 1001 927 sunt
1031 874 1136 943 ipsi
1166 874 1397 943 aliquid,
1422 880 1479 926 et
1507 873 1553 926 si
1576 873 1725 927 enim
1746 873 1876 927 boni

327 962 528 1016 ministri
558 963 659 1018 Dei
686 968 837 1022 sunt,
873 962 1130 1015 Christus
1152 962 1209 1015 in
1242 962 1353 1015 illis
1384 968 1469 1015 est
1503 962 1733 1032 aliquid,
1769 979 1878 1016 non

326 1052 409 1122 ipsi
425 1068 512 1121 per
527 1069 606 1104 se.
641 1052 785 1103 Nam
806 1051 854 1103 si
869 1051 973 1121 ipsi
992 1068 1092 1120 per
1109 1066 1169 1103 se
1192 1058 1381 1104 essent
1400 1051 1632 1121 aliquid,
1658 1068 1881 1121 semper

322 1141 516 1193 fuissent
556 1139 789 1210 aliquid,
835 1140 1028 1209 quales
1076 1140 1381 1209 aliquando
1418 1139 1646 1201 fuerint,
1690 1139 1744 1192 id
1796 1146 1882 1192 est

323 1229 429 1298 quia
448 1236 501 1281 et
543 1228 650 1298 ipsi
682 1234 999 1298 peccatores
1026 1228 1273 1291 fuerunt.
1311 1228 1465 1281 Nihil
1496 1246 1600 1281 sua
1628 1228 1764 1282 dicit
1794 1228 1880 1281 in-

320 1324 511 1381 teresse,
531 1317 667 1387 quia
680 1318 830 1371 Deus
854 1317 1097 1370 hominis
1118 1334 1414 1387 personam
1435 1331 1548 1371 non
1572 1317 1789 1387 accipit,
1824 1317 1879 1369 id

321 1412 403 1469 est,
432 1406 544 1458 sine
572 1422 942 1474 personarum
970 1405 1291 1475 acceptione
1323 1422 1517 1461 omnes
1547 1406 1616 1459 ad
1639 1406 1879 1459 salutem

320 1495 514 1559 vocavit,
550 1511 661 1547 non
703 1502 972 1565 reputans
1001 1494 1111 1547 illis
1149 1494 1358 1547 delicta
1393 1511 1609 1547 eorum.
1659 1495 1727 1548 Et
1757 1495 1881 1547 ideo

317 1582 610 1636 absentibus
638 1583 748 1636 illis
770 1584 864 1653 qui
890 1584 1101 1653 priores
1139 1583 1267 1636 facti
1289 1590 1425 1636 sunt
1453 1583 1710 1653 apostoli,
1745 1584 1884 1637 Pau-

1959 435 2173 482 tantum
2211 448 2223 489 ;
2257 446 2321 481 ac
2362 428 2406 480 si
2450 430 2700 482 diceret:
2751 432 2922 496 Quasi
2959 433 3102 486 nihil
3145 432 3414 494 habentes,
3463 433 3554 484 sed

1958 521 2147 569 omnia
2181 519 2506 585 possidentes
2538 518 2617 583 (Il
2644 519 2764 571 σοι’.
2807 522 2898 584 v1).
2924 520 3083 574 Unde
3110 519 3279 573 etiam
3309 520 3554 574 Joannes

1959 606 2029 659 ad
2068 611 2283 675 septem
2327 605 2519 659 scribit
2564 606 2836 661 Ecclesias
2876 608 3057 675 (Apoc.
3092 610 3148 673 ι),
3194 625 3316 678 quae
3360 608 3556 678 utique

1960 694 2339 749 universitatis
2362 696 2620 753 Ecclesia:
2641 712 2937 765 personam
2956 701 3192 765 gerunt;
3214 697 3300 750 vel
3318 703 3469 755 certe
3491 698 3561 765 ad

1959 783 2332 853 septenariam
2358 784 2741 853 operationem
2774 785 3017 855 Spiritus
3040 785 3236 850 sancti,
3264 785 3444 855 magis
3474 802 3560 839 re-

1960 872 2138 925 fertur
2155 872 2506 941 septenarius
2529 889 2798 926 numerus
2821 874 3242 931 columnarum:
3261 873 3551 943 sapientiae

1962 966 2018 1014 et
2038 961 2370 1020 intellectus,
2394 961 2609 1015 consilii
2631 969 2687 1014 et
2709 961 3076 1025 fortitudinis,
3103 962 3349 1027 scientiae
3372 968 3428 1018 et
3450 962 3561 1033 pie-

1962 1050 2112 1113 tatis,
2146 1056 2202 1102 et
2218 1049 2437 1103 timoris
2470 1050 2567 1103 Dei
2594 1052 2721 1115 (lsa.
2756 1060 2856 1118 x1).
2894 1050 3097 1120 quibus
3129 1050 3555 1121 operationibus

1963 1138 2162 1193 domus
2192 1137 2317 1191 Filii
2350 1138 2467 1203 Dei,
2504 1139 2606 1193 hoc
2636 1146 2722 1192 est
2752 1139 2997 1195 Ecclesia
3027 1140 3364 1199 continetur.
3401 1140 3561 1209 Quod

1964 1233 2154 1280 autem
2175 1227 2255 1280 ait
2280 1244 2293 1285 ;
2333 1228 2569 1281 Tantum
2596 1234 2655 1281 ut
2675 1244 2985 1296 pauperum
3024 1245 3283 1283 memores
3308 1246 3560 1295 essemus,

1965 1319 2106 1385 quod
2126 1322 2174 1369 et
2193 1318 2387 1369 studui
2405 1318 2501 1369 hoc
2524 1320 2705 1384 ipsum
2724 1321 2921 1384 facere.
2947 1318 3276 1379 Communis
3291 1335 3426 1380 cura
3445 1324 3568 1372 erat

1963 1404 2223 1458 omnibus
2264 1405 2530 1474 apostolis
2561 1406 2629 1458 de
2684 1405 3027 1476 pauperibus
3076 1413 3420 1474 sanctorum,
3469 1407 3565 1478 qui

1965 1494 2204 1547 erantin
2226 1493 2419 1548 Judzea
2443 1512 2453 1544 :
2478 1494 2573 1563 qui
2594 1511 2785 1551 rerum
2807 1512 3036 1549 suarum
3059 1496 3414 1551 venditarum
3437 1513 3565 1567 pre-

1964 1582 2045 1635 tia
2062 1582 2133 1634 ad
2152 1582 2319 1651 pedes
2336 1583 2719 1651 apostolorum
2742 1590 3067 1654 posuerant.
3089 1584 3179 1639 Sic
3194 1601 3327 1654 ergo
3346 1585 3416 1639 ad
3432 1601 3569 1655 gen-

321 1673 389 1725 lus
413 1689 443 1724 a
468 1672 710 1725 Domino
731 1651 1013 1742 perfectus
1033 1676 1135 1734 est,
1168 1680 1233 1725 ut
1262 1651 1504 1741 quando
1516 1689 1643 1725 cum
1664 1671 1744 1725 eis
1763 1688 1888 1725 con-
1908 1651 1948 1711 U
1969 1674 2054 1723 tes
2092 1670 2249 1724 missi
2304 1677 2437 1724 sunt
2484 1672 2691 1725 Paulus
2743 1651 2798 1724 et
2852 1672 3156 1739 Barnabas,
3203 1651 3285 1727 uti
3312 1651 3569 1731 EcclEsiae

319 1761 439 1814 tulit.
465 1760 607 1815 nihil
627 1767 778 1814 esset
806 1761 952 1831 quod
985 1761 1311 1830 perfectioni
1329 1762 1451 1830 ejus
1470 1761 1758 1826 adderent,
1790 1760 1887 1814 sed

319 1850 473 1919 potius
492 1850 1022 1904 viderenteumdem
1040 1849 1341 1903 Dominum
1364 1851 1555 1903 Jesum
1578 1850 1883 1913 Christum,

315 1938 393 2009 qui
420 1939 531 1992 sine
564 1955 939 2009 personarum
971 1940 1292 2008 acceptione
1314 1940 1492 1991 salvos
1512 1938 1662 1995 facit,
1682 1940 1783 1991 hoc
1798 1938 1890 1992 de-

317 2026 442 2080 disse
470 2028 667 2092 Paulo,
700 2035 766 2091 ut
811 2027 1158 2081 ministraret
1204 2027 1485 2096 gentibus,
1519 2027 1667 2096 quod
1719 2026 1890 2080 etiam

318 2117 457 2168 Petro
484 2117 740 2177 dederat,
776 2124 841 2169 ut
871 2116 1221 2169 ministraret
1246 2116 1471 2170 Judaeis.
1506 2116 1629 2169 Non
1652 2132 1784 2185 ergo
1804 2114 1891 2169 in-

319 2205 445 2258 venti
460 2211 589 2258 sunt
611 2205 670 2259 in
693 2205 883 2274 aliquo
916 2204 1215 2258 dissentire
1245 2205 1314 2258 ab
1338 2205 1449 2269 illo,
1471 2211 1533 2257 ut
1555 2221 1679 2259 cum
1712 2203 1806 2256 ille
1837 2220 1895 2256 se

316 2293 596 2361 perfectum
623 2280 989 2361 Evangelium
1020 2293 1298 2363 accepisse
1329 2293 1559 2355 diceret,
1600 2293 1683 2346 illi
1724 2309 1896 2360 nega-

318 2389 425 2434 Ient
449 2390 501 2434 et
519 2382 742 2451 aliquid
773 2382 978 2435 vellent
1015 2389 1286 2451 tanquam
1316 2382 1639 2451 imperfecto
1656 2382 1893 2447 addere;

313 2470 395 2523 sed
420 2488 447 2522 e
475 2471 766 2537 contrario
796 2487 898 2540 pro
927 2469 1892 2541 reprehensor-ibusimperfectionis,

316 2558 701 2627 upprobatores
729 2558 1086 2629 perfectionis
1109 2559 1352 2623 fuerunt,
1388 2566 1444 2611 et
1469 2558 1746 2611 dederunt
1765 2558 1896 2611 dex-

313 2646 733 2713 trassocietatis,
750 2647 806 2700 id
818 2652 921 2711 est,
946 2647 1459 2702 consensueruntin
1482 2647 1827 2713 societatem,
1844 2653 1901 2700 et

314 2744 611 2805 paruerunt
624 2736 900 2789 voluntati
913 2736 1155 2800 Domini,
1176 2736 1589 2789 consentientes
1609 2741 1673 2789 ut
1695 2736 1901 2789 Paulus

314 2832 363 2876 et
380 2824 672 2878 Barnabas
690 2825 837 2879 irent
854 2826 923 2878 ad
939 2829 1137 2894 gentes
1162 2844 1171 2877 :
1197 2824 1303 2894 ipsi
1327 2824 1587 2878 autemin
1617 2824 1903 2877 circumci-

313 2913 529 2979 sionem,
547 2931 681 2984 quae
696 2914 989 2984 praeputio,
1015 2914 1071 2967 id
1083 2918 1183 2977 est,
1190 2912 1454 2981 gentibus
1465 2913 1749 2966 contraria
1758 2913 1904 2965 vide-

312 3008 409 3054 tur.
424 3003 567 3056 Nam
582 3003 762 3056 etiam
774 3003 1048 3073 sicpotest
1069 3001 1307 3071 intelligi
1329 3002 1474 3071 quod
1499 3002 1594 3057 ita.
1625 3019 1650 3053 e
1680 3006 1901 3055 contra-

316 3094 407 3149 rio,
440 3099 503 3145 ut
532 3092 679 3145 ordo
707 3091 813 3144 iste
844 3092 942 3144 sit:
971 3091 1107 3145 Mihi
1130 3091 1279 3144 enim
1304 3091 1397 3160 qui
1421 3090 1904 3160 videnturaliquid

313 3195 422 3231 isse
440 3180 582 3234 nihil
595 3185 1004 3250 apposuerunt,
1020 3179 1116 3233 sed
1128 3196 1157 3232 e
1168 3180 1468 3241 contrario,
1495 3186 1559 3232 ut
1567 3195 1668 3232 nos
1679 3178 1904 3249 quidem

312 3267 363 3320 in
381 3276 576 3338 gentes
588 3269 826 3333 iremus,
854 3285 974 3338 quae
1003 3274 1139 3322 sunt
1151 3268 1445 3322 contrariae
1474 3268 1901 3332 circumcisioni,

314 3355 408 3425 ipsi
430 3364 628 3411 autem
650 3357 709 3410 in
737 3356 1237 3421 circumcisionem,
1261 3362 1664 3411 consenserunt
1685 3356 1821 3409 mihi
1852 3361 1909 3410 et

316 3445 594 3505 Barnabze,
628 3446 737 3499 hoc
747 3452 833 3499 est
852 3446 1108 3500 dexteras
1128 3446 1412 3499 societatis
1432 3445 1591 3499 nobis
1610 3445 1903 3498 dederunt.

316 3533 496 3603 Neque
526 3535 587 3588 in
621 3534 1027 3588 contumeliam
1047 3550 1444 3603 praecessorum
1456 3535 1578 3603 ejus
1605 3538 1765 3603 putet
1784 3534 1909 3603 quis

311 3620 374 3673 ab
402 3640 465 3676 eo
495 3623 741 3685 dictum,
776 3626 876 3690 qui
906 3625 1162 3676 videntur
1192 3624 1412 3690 aliquid
1440 3640 1563 3686 esse,
1594 3626 1780 3689 quales
1808 3625 1913 3675 ali-

315 3713 523 3775 quando
535 3714 762 3779 fuerint
781 3712 924 3763 nihil
942 3728 1057 3764 mea
1072 3713 1294 3764 interest
1310 3729 1323 3772 ;
1340 3717 1396 3763 et
1407 3710 1485 3763 illi
1501 3727 1629 3764 eum
1644 3716 1911 3781 tanquam

314 3798 588 3867 spiritales
620 3798 749 3861 viri,
784 3798 1043 3853 volebant
1090 3799 1273 3852 resisti
1311 3799 1645 3859 carnalibus,
1683 3798 1776 3868 qui
1811 3815 1913 3869 pu—

314 3886 501 3941 tabant
527 3888 751 3965 aliquid
769 3888 917 3958 ipsos
941 3905 1081 3951 esse,
1114 3896 1172 3942 et
1195 3904 1308 3941 non
1335 3888 1521 3958 potius
1541 3888 1825 3941 Christum
1858 3888 1915 3940 in

312 3976 385 4028 eis
416 3996 427 4027 :
454 3978 823 4046 multumque
848 3976 1172 4046 gaudebant
1200 3994 1327 4031 cum
1358 3977 1794 4047 persuaderetur
1814 3976 1916 4029 ho-

312 4065 555 4119 minibus
585 4072 649 4119 et
664 4065 877 4136 seipsos
899 4082 1262 4137 praacessores
1285 4066 1463 4131 Pauli,
1492 4066 1637 4119 sicut
1656 4066 1915 4119 eumdem

314 4152 567 4220 Paulum,
604 4170 678 4207 ex
697 4154 1080 4225 peccatoribus
1100 4154 1437 4224 justificatos
1464 4171 1585 4208 esse
1604 4171 1638 4207 a
1656 4154 1914 4219 Domino,

314 4243 399 4310 qui
420 4259 736 4313 personam
755 4243 1001 4297 hominis
1028 4260 1139 4297 non
1162 4243 1381 4314 accipit,
1410 4244 1543 4313 quia
1560 4243 1659 4296 Dei
1679 4243 1916 4313 gloriam

313 4332 665 4399 quaerebant,
701 4348 813 4387 non
836 4349 1018 4387 suam.
1044 4333 1151 4386 Sed
1164 4333 1299 4403 quia
1327 4333 1579 4385 carnales
1610 4338 1667 4386 et
1694 4331 1918 4403 superbi

315 4420 591 4485 homines,
618 4421 669 4474 si
692 4421 827 4491 quid
855 4422 923 4475 de
962 4421 1075 4475 vita
1102 4422 1351 4492 ipsorum
1385 4421 1668 4491 prmterita
1695 4420 1917 4485 dicitur,

314 4508 659 4577 irascuntur,
685 4516 743 4564 et
774 4511 831 4564 in
853 4511 1253 4566 contumeliam
1282 4510 1581 4580 accipiunt,
1615 4527 1679 4564 ex
1732 4510 1921 4563 animo

314 4616 407 4651 suo
435 4600 763 4669 conjiciunt
791 4600 1071 4670 apostolos
1102 4619 1113 4653 :
1150 4601 1346 4654 Petrus
1375 4606 1565 4653 autem
1586 4604 1643 4652 et
1660 4598 1916 4663 Jacobus,

314 4694 365 4739 et
389 4688 650 4743 Joannes
669 4688 1058 4743 honoratiores
1076 4688 1135 4743 in
1158 4689 1424 4758 apostolis
1446 4693 1625 4753 erant,
1644 4687 1923 4757 quiaipsis

314 4776 488 4831 tribus
505 4794 569 4832 se
590 4778 655 4831 in
676 4783 867 4832 monte
882 4778 1156 4833 Dominus
1180 4777 1425 4831 ostendit
1444 4778 1499 4831 in
1514 4777 1923 4846 signiﬁcatione

318 4866 470 4934 regni
491 4867 611 4921 sui.
645 4882 776 4919 cum
804 4872 938 4920 ante
966 4883 1057 4920 sex
1088 4866 1207 4930 dies
1225 4866 1481 4920 dixisset:
1511 4865 1653 4919 Sunt
1680 4866 1768 4919 hic
1798 4868 1924 4934 qui-

317 4955 435 5007 dam
460 4958 527 5009 de
560 4956 1077 5020 circumstantibus,
1100 4959 1200 5023 qui
1229 4972 1339 5009 non
1368 4956 1667 5021 gustabunt
1695 4960 1922 5007 mortem

319 5043 479 5097 donec
488 5046 726 5097 videant
735 5046 796 5110 ﬁt
801 5047 861 5096 iu
869 5060 921 5096 ιη
933 5044 1173 5099 hominis
1186 5047 1245 5096 in
1260 5060 1426 5110 regno
1441 5046 1621 5097 Patris
1633 5060 1695 5096 su
1704 5043 1921 5109 i(.l[atth

321 5146 421 5190 xw,
459 5134 649 5186 Marc.
685 5140 762 5199 ιι)
791 5150 803 5197 ;
831 5148 934 5185 nec
970 5132 1077 5202 ipsi
1118 5139 1280 5186 erant
1318 5132 1608 5195 columnae,
1645 5132 1741 5183 sed
1772 5131 1924 5183 vide-

326 5218 526 5273 bantur
550 5240 562 5273 :
595 5226 831 5275 noverat
859 5220 1009 5275 enim
1030 5221 1238 5274 Paulus
1259 5220 1592 5291 sapientiam
1626 5221 1927 5274 aedificasse

323 5307 418 5361 sibi
450 5310 720 5373 domum,
754 5317 811 5362 et
831 5325 942 5362 non
971 5314 1086 5361 tres
1105 5309 1393 5362 columnas
1423 5308 1797 5372 constituisse,
1832 5309 1929 5361 sed

274 5432 275 5441 η
326 5402 539 5465 septem
580 5417 591 5448 :
636 5397 729 5467 qui
762 5413 1031 5451 numerus
1058 5398 1143 5450 vel
1163 5397 1233 5449 ad
1266 5396 1539 5450 unitatem
1565 5397 1931 5449 Ecclesiarum

1969 1759 2223 1827 gentium
2240 1775 2362 1829 quae
2380 1760 2482 1812 hoc
2498 1776 2609 1813 non
2625 1760 2889 1821 fecerant,
2909 1761 3301 1817 ministrarent
3315 1762 3569 1829 oratione

1972 1848 2220 1918 ipsorum
2242 1848 2323 1901 eis
2356 1849 2450 1918 qui
2476 1850 2579 1902 hoc
2608 1849 2871 1916 fecerant,
2899 1850 3046 1903 sicut
3075 1851 3146 1904 ad
3177 1852 3460 1906 Romanos
3490 1851 3573 1905 di-

1971 1936 2047 1990 cit
2078 1939 2247 2001 (Itom.
2269 1937 2391 2005 xv):
2427 1939 2589 1991 Nunc
2617 1945 2803 1991 autem
2828 1955 3056 2006 pergam
3088 1942 3434 1995 Hierusalem
3468 1944 3567 1994 mi-

1976 2028 2216 2079 nistrare
2246 2029 2485 2079 sam-tis:
2516 2031 2727 2094 placuit
2758 2031 2904 2080 enim
2940 2030 3262 2082 Macedonia:
3281 2036 3329 2083 et
3357 2032 3573 2085 Achaia-

1975 2130 2145 2167 comm
2158 2132 2231 2166 un
2242 2118 2413 2167 ioncm
2431 2118 2679 2182 aliquam
2695 2118 2871 2182 facere
2886 2120 2945 2168 in
2959 2134 3221 2184 pauperes
3233 2124 3574 2184 sanctorum,

1978 2206 2077 2269 qui
2107 2206 2330 2259 suntin
2353 2204 2691 2256 Hierusalem
2718 2222 2729 2260 ;
2760 2207 2971 2269 placuit
3006 2209 3151 2259 enim
3190 2209 3323 2270 illis,
3359 2213 3405 2260 et
3434 2209 3576 2261 debi-

1982 2297 2118 2344 tores
2134 2307 2323 2343 eorum
2346 2296 2495 2343 sunt.
2518 2292 2579 2344 Si
2595 2294 2739 2343 enim
2763 2294 3110 2358 spiritalibus
3128 2309 3313 2345 eorum
3338 2311 3581 2348 commu-

1984 2382 2307 2433 nicaverunt
2324 2384 2523 2445 gentes,
2544 2380 2731 2431 debent
2755 2385 2801 2433 et
2825 2383 2887 2433 in
2910 2382 3232 2434 carnalibus
3254 2385 3578 2437 ministrare

1982 2471 2073 2520 eis.
2114 2469 2175 2520 In
2205 2468 2359 2521 nulla
2391 2483 2524 2536 ergo
2556 2467 2917 2522 simulatione
2959 2469 3167 2525 Paulus
3208 2470 3398 2539 lapsus
3429 2478 3568 2533 erat,

1983 2555 2115 2625 quia
2143 2556 2470 2609 servabatur
2509 2555 2716 2626 ubique
2759 2557 2905 2626 quod
2946 2574 3288 2626 congregare
3330 2558 3572 2625 videbat,

1982 2644 2095 2697 sive
2126 2644 2383 2698 Ecclesiis
2401 2644 2676 2713 gentium,
2702 2645 2816 2698 sive
2837 2646 3177 2711 Judzeorum,
3204 2652 3268 2701 ut
3286 2664 3575 2719 nunquam

1983 2732 2230 2786 auferret
2255 2734 2658 2789 consuetudine
2689 2750 2927 2804 regnum
2967 2735 3067 2789 Dei
3096 2752 3106 2786 :
3137 2742 3360 2793 tantum
3382 2737 3578 2792 admoo

1984 2838 2141 2886 nens,
2179 2839 2248 2876 ne
2287 2822 2409 2891 quis
2449 2822 2506 2876 in
2552 2823 2851 2893 superﬂuis
2894 2831 3129 2894 poneret
3167 2842 3321 2895 spem
3357 2826 3574 2891 salutis,

1985 2911 2155 2963 etiam
2186 2910 2231 2963 si
2263 2911 2726 2965 consuetudinem
2755 2912 2814 2965 in
2846 2913 2927 2966 eis
2960 2920 3190 2983 propter
3214 2914 3577 2973 offensionem

1986 2999 2339 3053 inﬁrmorum
2370 3000 2651 3053 custodire
2677 3001 2876 3055 vellet:
2904 3002 3049 3056 sicut
3066 3003 3137 3056 ad
3166 3003 3484 3075 Corinthios
3505 3003 3584 3057 di-

1987 3087 2064 3141 cit
2094 3089 2141 3153 (l
2170 3088 2289 3142 (lor.
2339 3094 2465 3153 vn):
2503 3092 2872 3145 Circumcisus
2915 3094 3039 3159 quis
3075 3098 3293 3149 vocatus
3328 3074 3423 3161 est,
3470 3109 3583 3147 non

1988 3177 2230 3230 adducat
2256 3176 2612 3247 praeputium,
2657 3177 2714 3231 in
2754 3179 3027 3249 praeputio
3059 3180 3185 3250 quis
3214 3185 3440 3236 vocatus
3466 3187 3579 3251 est.

1991 3282 2100 3319 non
2129 3268 2592 3320 circumsidetur?
2621 3268 2978 3321 Circumcisio
3008 3270 3152 3323 nihil
3180 3275 3274 3335 est,
3300 3276 3347 3324 et
3373 3286 3587 3340 praepu-

1991 3357 2132 3407 tium.
2167 3355 2308 3407 nihil
2331 3360 2420 3417 est,
2439 3356 2530 3407 sed
2549 3340 2847 3408 observatio
2872 3358 3266 3412 mandatorum
3282 3359 3398 3422 Dei,
3417 3375 3588 3421 unus-

1991 3446 2217 3510 quisque
2244 3446 2302 3495 in
2316 3459 2425 3509 qua
2444 3447 2720 3498 vocatione
2740 3450 2957 3497 vocatus
2976 3451 3069 3509 est,
3089 3449 3149 3500 in
3169 3463 3231 3500 αι
3244 3430 3586 3518 permaneat.

1996 3531 2110 3583 Hoc
2131 3530 2279 3584 enim
2304 3531 2373 3585 ad
2406 3548 2500 3585 eas
2531 3532 2960 3587 consuetudines
2980 3535 3065 3586 vel
3086 3535 3435 3595 conditiones
3464 3537 3589 3593 vitze

1994 3619 2188 3673 retulit
2225 3636 2348 3689 quae
2387 3620 2526 3672 nihil
2560 3620 2766 3673 obsunt
2808 3621 2955 3685 fidei,
3006 3621 3276 3693 bonisque
3318 3624 3585 3693 moribus.

1999 3710 2194 3777 (Μίαν.)
2217 3708 2342 3761 Non
2373 3708 2523 3761 enim
2555 3708 2601 3760 si
2632 3709 2776 3762 latro
2798 3716 2922 3762 erat
2950 3710 3187 3780 quisque
3217 3728 3344 3767 cum
3366 3720 3593 3770 vocatus

1999 3802 2102 3859 est,
2126 3795 2292 3849 debet
2322 3796 2375 3849 in
2398 3795 2691 3850 latrocinio
2717 3813 3065 3866 permanere.
3092 3799 3453 3869 lIyperbaton
3481 3810 3584 3865 est,

2000 3892 2056 3937 et
2082 3884 2273 3938 multis
2301 3900 2422 3955 quae
2453 3884 2510 3938 in
2542 3884 2723 3938 medio
2750 3892 2884 3940 sunt
2912 3886 3210 3958 interjecta
3230 3888 3485 3954 sublatis,
3515 3892 3593 3945 sic

2000 3973 2244 4027 breviter
2257 3973 2367 4044 legi
2379 3978 2564 4044 potest
2579 3992 2589 4025 :
2608 3974 2746 4027 Mihi
2761 3979 2907 4028 enim
2924 3980 3023 4045 qui
3036 3979 3262 4031 videban
3272 3983 3365 4034 tur
3377 3982 3597 4049 aliquid

2000 4080 2103 4116 esse
2127 4064 2269 4117 nihil
2297 4067 2684 4117 contulerunt:
2708 4065 2799 4117 sed
2828 4071 3047 4120 econtra
3075 4068 3293 4128 (latras
3330 4069 3598 4125 dederunt

2000 4157 2046 4204 et
2071 4153 2333 4205 Barnaba'
2362 4154 2652 4206 societatis.
2682 4154 2875 4223 (Aug)
2907 4154 3055 4208 Dicit
3084 4155 3297 4210 venisse
3326 4174 3385 4210 se
3408 4158 3601 4215 Hiero-

1934 4285 1982 4343 D
2000 4240 2293 4309 solymam,
2328 4248 2385 4294 et
2414 4241 2777 4311 Evangelium
2817 4259 2946 4296 cum
2977 4244 3244 4313 apostolis
3274 4246 3594 4313 contulisse,

2002 4329 2225 4383 dextras
2255 4328 2360 4382 sibi
2392 4330 2552 4383 datas
2582 4330 2771 4395 fuisse,
2800 4331 2856 4384 id
2887 4337 2989 4395 est,
3016 4332 3247 4401 signum
3269 4335 3597 4399 concordiae,

2004 4417 2223 4487 signum
2240 4419 2637 4481 consonantiae,
2655 4420 2803 4490 quod
2820 4419 2889 4473 ab
2907 4420 2987 4473 eis
3006 4437 3128 4490 quae
3142 4421 3249 4490 ipsi
3266 4421 3595 4489 didicerant,

2004 4506 2063 4560 in
2083 4508 2258 4561 nihilo
2278 4508 2648 4579 discrepabat.
2672 4510 2896 4573 (Hieron
2909 4512 2944 4569 .)
2967 4509 3081 4562 Aut
3102 4516 3251 4563 certe
3270 4509 3364 4564 ille
3392 4511 3603 4583 absque

1992 4596 2300 4665 jactatione
2329 4598 2416 4651 sui
2454 4597 2704 4650 occultus
2741 4602 2826 4650 est
2864 4613 3080 4661 sensus,
3128 4598 3266 4653 mihi
3307 4600 3401 4671 qui
3441 4600 3594 4655 vide-

2007 4684 2214 4739 bantur
2243 4686 2453 4756 aliquid
2486 4702 2608 4739 esse
2639 4685 2778 4739 nihil
2809 4687 3171 4742 contulerunt
3204 4705 3214 4739 :
3247 4689 3343 4743 sed
3374 4696 3603 4745 econtra

2007 4791 2042 4827 a
2071 4790 2160 4827 me
2182 4775 2261 4827 eis
2291 4775 2555 4828 collatum
2577 4780 2678 4837 est,
2704 4774 2839 4827 dum
2864 4776 3007 4830 fiunt
3029 4776 3085 4829 in
3120 4778 3403 4849 Evangelii
3421 4779 3605 4853 gratia

2010 4863 2302 4916 ﬁrmiores.
2351 4865 2553 4931 Totum
2582 4869 2770 4917 autem
2802 4864 2951 4934 quod
2989 4865 3142 4933 dicit,
3187 4867 3289 4921 hoc
3320 4873 3422 4932 est,
3460 4885 3607 4924 unus

2005 4958 2174 5021 atque
2205 4951 2353 5005 idem
2374 4951 2511 5005 mihi
2542 4952 2904 5021 Evangelium
2925 4955 3201 5025 prteputii,
3219 4961 3277 5010 et
3301 4957 3469 5010 Petro
3496 4957 3604 5012 cir—

2006 5040 2361 5094 cumcisionis
2390 5040 2654 5099 credidit;
2678 5058 2768 5095 me
2797 5042 2953 5096 misit
2981 5044 3051 5097 ad
3078 5050 3297 5112 gentes,
3324 5045 3481 5099 illum
3512 5063 3609 5117 po-

2008 5130 2122 5183 suit
2143 5130 2201 5182 in
2222 5130 2414 5184 Judwa
2439 5148 2449 5181 :
2475 5148 2575 5183 nec
2597 5136 2793 5200 gentes
2814 5138 3076 5202 poterant
3094 5133 3286 5187 adulta
3300 5135 3421 5203 jam
3443 5140 3608 5190 aetate

2012 5236 2122 5272 non
2175 5220 2466 5289 profuturo
2515 5220 2953 5273 circumcisionis
3000 5221 3190 5275 dolore
3241 5223 3497 5289 cruciari,
3554 5232 3607 5279 et

2009 5307 2288 5361 abstinere
2317 5325 2375 5361 se
2405 5309 2474 5360 ab
2503 5310 2639 5362 escis
2663 5309 2865 5380 quibus
2893 5326 3114 5380 semper
3133 5312 3521 5378 adsueverant,
3550 5323 3605 5368 et

2017 5413 2156 5467 quas
2180 5399 2323 5450 Deus
2351 5404 2636 5451 creaverat
2655 5398 2725 5451 ad
2756 5398 3025 5451 utendum
3053 5418 3063 5463 ;
3086 5417 3183 5453 nec
3204 5402 3277 5465 hi,
3305 5403 3399 5473 qui
3422 5420 3485 5456 ex
3507 5404 3607 5457 Ju-

324 5485 595 5540 refertur.
657 5486 810 5540 Solet
859 5484 1011 5539 enim
1060 5502 1160 5555 pro
1206 5485 1464 5539 universo
1504 5485 1653 5554 poni.
1695 5485 1839 5538 sicut
1880 5486 1937 5538 in
2020 5486 2152 5540 desis
2183 5486 2539 5541 crediderant
2567 5494 2623 5541 et
2650 5487 2963 5540 circumcisi
2996 5498 3175 5547 erant.
3203 5496 3258 5544 et
3290 5509 3353 5544 ex
3384 5509 3614 5548 consue-
