3966 6168
402 226 500 284 ⁵271

988 229 1050 283 Β.
1092 228 1361 283 RABANI
1400 229 1630 284 MAURI
1676 230 2011 286 ARCHIEP.
2053 232 2378 291 MOGUNT.
2423 233 2723 288 OPERUM
2758 234 2944 289 PARS
2983 235 3082 290 III.

3567 237 3673 296 272

400 353 597 410 tudine
616 353 778 428 quasi
797 353 1042 408 secunda
1059 358 1265 407 natura
1282 351 1558 424 putabant
1583 370 1643 408 se
1671 370 1707 407 a
1724 370 1759 408 a
1779 355 1994 410 caeteris
2011 359 2059 416 Α
2074 358 2222 421 stoli,
2256 362 2314 412 et
2342 357 2584 412 maxime
2612 357 2832 422 Petrus,
2854 356 3096 412 Jacobus
3109 363 3167 412 et
3183 359 3446 425 Joannes,
3484 376 3516 413 e
3547 359 3674 432 qui-

397 443 660 516 gentibus
699 444 825 515 plus
863 441 1086 507 habere,
1129 440 1292 495 facile
1329 447 1688 504 contemnere
1734 450 1996 514 poterant

401 550 468 588 ea
502 533 561 588 in
603 531 805 605 quibus
839 528 1247 602 gloriabantur.
1285 529 1646 585 Providentia
1669 530 1863 602 itaque
1891 532 1992 587 Dei

399 621 543 677 alius
563 620 848 693 apostolus
877 617 1222 673 circumcisis
1247 618 1416 672 datus
1445 624 1549 685 est,
1573 618 1669 690 qui
1697 619 1837 690 legis
1864 637 1993 675 um-

396 710 513 766 bris
540 709 826 765 videretur
843 706 1197 779 acquiescere
1218 725 1234 774 ;
1255 707 1400 762 alius
1420 707 1478 761 in
1500 707 1772 779 praeputio
1790 709 1995 764 consti-

395 798 554 866 tutis,
584 797 682 870 qui
711 795 997 868 Evangelii
1021 795 1268 866 gratiam
1286 812 1400 850 non
1427 802 1656 867 putaret
1676 812 1800 852 esse
1825 798 1994 852 servi-

395 891 559 955 tium,
588 886 689 942 sed
717 885 952 940 liberam
992 885 1179 952 ﬁdem,
1215 901 1289 939 ne
1329 884 1434 939 sub
1474 885 1666 957 aliqua
1701 886 1991 942 occasione

393 975 861 1050 impedimentum
891 973 1022 1028 ﬁdei
1040 977 1386 1041 nasceretur,
1416 980 1474 1028 et
1500 978 1732 1046 propter
1748 975 1991 1030 circum-

394 1065 665 1122 cisionem
693 1064 810 1120 sive
845 1063 1205 1136 praeputium,
1241 1078 1356 1118 non
1387 1062 1715 1119 crederetur
1738 1063 1797 1118 in
1833 1063 1992 1119 Chri-

392 1161 565 1212 stum.
596 1155 715 1210 Nec
742 1153 848 1208 hoc
873 1151 1133 1220 dicimus,
1166 1151 1318 1223 quod
1344 1151 1547 1207 Petrus
1573 1152 1672 1224 qui
1701 1157 1759 1206 et
1785 1152 1905 1224 ipse
1930 1152 1990 1209 in

392 1243 624 1303 Actibus
678 1241 1061 1316 apostolorum
1115 1241 1251 1308 (Act.
1299 1243 1378 1311 x),
1427 1240 1647 1296 nullum
1702 1241 1990 1296 hominem

393 1348 748 1390 communem
778 1348 901 1386 esse
940 1335 1183 1386 testatus
1211 1335 1315 1396 est,
1361 1335 1420 1384 et
1459 1329 1519 1384 in
1547 1329 1644 1384 illo
1680 1347 1809 1385 vase
1839 1331 1990 1403 quod

393 1429 637 1496 quatuor
663 1420 883 1492 angulis
909 1419 980 1474 de
998 1419 1140 1473 ccelo
1167 1417 1464 1474 dimissum
1483 1417 1703 1474 viderat
1724 1419 1990 1474 edocetur

391 1512 534 1568 nihil
559 1511 832 1567 interesse
859 1507 1087 1565 Judaeus
1114 1507 1190 1562 sit
1215 1507 1420 1579 aliquis
1449 1523 1523 1563 an
1552 1507 1798 1579 gentilis,
1829 1508 1989 1580 quasi

391 1601 598 1658 oblitus
647 1599 919 1673 priorum,
970 1612 1142 1668 super
1188 1596 1474 1667 Evangelii
1520 1596 1765 1667 gratiam
1805 1597 1989 1668 legem

2074 444 2178 500 bus
2208 446 2320 501 duo
2350 462 2479 500 cum
2507 445 2746 501 Domino
2767 446 3071 501 ascendere
3099 451 3395 502 merentur
3424 449 3483 503 in
3510 465 3674 504 mon-

2073 540 2208 602 tem,
2234 551 2475 606 quorum
2505 551 2652 590 unus
2670 535 2733 588 in
2751 535 3086 607 Apocalypsi
3117 535 3463 591 Salvatorem
3494 537 3675 592 intro-

2074 623 2229 678 ducit
2248 624 2598 695 loquentem:
2621 624 2730 691 Qui
2744 626 2970 694 vicerit,
2986 627 3194 693 faciam
3214 641 3339 679 eum
3357 629 3671 681 columnam

2074 715 2139 766 in
2181 716 2374 782 templo
2416 713 2517 767 Dei
2554 715 2666 766 mei
2711 712 2890 782 (Apoc.
2935 715 3034 780 III),
3066 713 3272 768 docens
3317 731 3514 769 omnes
3559 732 3678 770 cre-

2073 801 2269 856 dentes
2317 801 2413 873 qui
2459 801 2844 856 adversarium
2891 801 3129 856 vicerint
3173 819 3337 873 posse
3384 804 3677 860 columnas

2073 889 2329 945 Ecclesiae
2357 889 2499 944 ﬁeri.
2534 890 2619 945 Ad
2650 890 3009 945 Timotheum
3036 907 3168 946 vero
3188 892 3396 947 Paulus
3425 891 3675 948 scribens

2073 979 2186 1034 ait:
2225 979 2288 1034 Ut
2315 982 2453 1034 sciat
2486 980 2753 1048 quomodo
2780 984 3021 1049 oporteat
3049 985 3098 1034 te
3135 983 3199 1035 in
3238 981 3398 1035 domo
3424 981 3523 1036 Dei
3548 997 3675 1036 con-

2071 1071 2303 1134 versari,
2325 1083 2446 1137 quae
2457 1073 2534 1122 est
2560 1068 2801 1123 Ecclesia
2828 1068 2927 1123 Dei
2952 1071 3089 1135 civi,
3116 1072 3378 1124 columna
3406 1076 3595 1125 autem
3623 1076 3674 1126 el

2072 1159 2493 1233 ﬁrmamentum
2534 1159 2784 1211 veritatis
2825 1157 2877 1226 (Ι
2918 1157 3058 1212 Tim.
3090 1158 3190 1227 nr).
3226 1156 3326 1213 His
3364 1162 3423 1212 et
3452 1159 3673 1214 caeteris

2070 1245 2534 1300 instruimurtam
2544 1246 2844 1316 apostolos,
2863 1262 3170 1319 omnesque
3180 1247 3670 1319 credentes,un

2069 1334 2250 1406 ipsam
2281 1350 2501 1406 quoque
2530 1334 2836 1389 Ecclesiam
2882 1335 3202 1390 columnam
3248 1335 3308 1390 in
3356 1336 3662 1408 Scripturis

2069 1423 2359 1495 appellari,
2382 1427 2440 1478 et
2457 1422 2599 1478 nihil
2623 1423 2896 1479 interesse
2926 1424 2996 1479 de
3017 1440 3249 1496 corpore
3268 1424 3403 1496 quid
3420 1425 3659 1491 dicatur,

2070 1529 2143 1566 an
2167 1510 2453 1578 membris,
2473 1528 2602 1566 cum
2622 1517 2681 1566 et
2706 1529 2909 1585 corpus
2927 1513 3213 1568 dividatur
3235 1513 3297 1568 in
3310 1513 3580 1581 membra,
3615 1522 3675 1570 et

2070 1600 2326 1655 membra
2333 1600 3020 1672 sintcorporis.Dederunt
3030 1602 3221 1674 itaque
3234 1603 3437 1657 Petrus
3447 1606 3505 1657 et
3512 1603 3541 1658 Ι
3545 1620 3672 1658 aco-

391 1671 672 1765 putaverit
698 1687 1103 1744 observandam
1134 1704 1148 1754 ;
1180 1686 1281 1740 sed
1311 1691 1376 1740 ut
1404 1685 1526 1757 ipse
1552 1701 1775 1758 quoque
1802 1685 1985 1757 legem
2003 1671 2052 1733 Β
2067 1688 2506 1757 bus,etJoannes
2517 1671 2613 1761 qui
2626 1671 3263 1758 videbanturcolumnae,
3280 1690 3504 1746 dextras
3515 1691 3669 1748 Pau-

390 1779 673 1837 custodire
689 1795 751 1833 se
779 1775 1072 1844 simulans,
1098 1774 1372 1848 paulatim
1399 1773 1623 1830 Iudaeos
1651 1773 1723 1829 ab
1753 1774 1986 1847 antiquo
2068 1779 2122 1833 lo
2131 1784 2190 1833 et
2200 1777 2471 1834 Barnabas
2481 1778 3024 1846 societatis,sedTito
3037 1779 3134 1851 qui
3145 1794 3274 1834 cum
3285 1779 3368 1834 eis
3379 1780 3663 1847 erat,dex-

390 1868 610 1927 vivendi
631 1883 788 1924 more
807 1866 1128 1922 deduceret.
1151 1865 1279 1920 Non
1306 1863 1458 1919 enim
1474 1868 1738 1935 poterant
1762 1869 1987 1918 tantum
2066 1872 2186 1923 tras
2205 1883 2320 1922 non
2351 1866 2632 1923 dederunt
2662 1885 2674 1921 :
2716 1869 2957 1923 necdum
2986 1867 3192 1940 quippe
3211 1869 3283 1923 ad
3301 1885 3428 1923 eam
3446 1885 3673 1924 mensu-

390 1956 794 2015 observationis
832 1954 1101 2021 laborem,
1133 1958 1192 2008 et
1215 1952 1419 2008 veteris
1446 1953 1573 2008 vitae
1602 1951 1985 2008 cautissimam
2067 1973 2191 2011 ram
2209 1962 2557 2029 pervenerat,
2589 1960 2655 2010 ut
2673 1956 2883 2012 Christi
2902 1956 3119 2028 possint
3138 1956 3192 2012 ei
3212 1957 3669 2013 mercimoniaex

389 2045 867 2105 conversationem
897 2042 1058 2116 quasi
1086 2046 1464 2114 purgamenta
1491 2040 1676 2096 subito
1701 2046 1759 2096 et
1777 2041 1987 2096 damna
2065 2062 2226 2117 sequo
2259 2061 2391 2100 cum
2425 2043 2735 2116 majoribus
2763 2044 2936 2112 credi,
2970 2052 3029 2101 et
3055 2045 3320 2101 eumdem
3346 2051 3540 2102 tenere
3566 2062 3665 2102 ne-

388 2142 769 2206 contemnere.
785 2134 866 2190 Ex
891 2149 1001 2204 quo
1028 2130 1414 2203 perspicimus,
1436 2135 1735 2202 propterea
1759 2130 1985 2184 dextras
2065 2133 2388 2205 gotiationis
2397 2133 2604 2202 locum,
2624 2149 2795 2206 quem
2814 2133 3103 2190 Barnabas
3115 2134 3347 2190 tenebat
3357 2140 3416 2190 et
3434 2135 3664 2190 Paulus.

389 2227 552 2282 datas
578 2223 754 2280 Paulo
783 2227 842 2278 et
884 2219 1154 2277 Barnabae
1199 2219 1486 2274 societatis
1529 2236 1565 2274 a
1606 2219 1772 2274 Petro
1801 2223 1860 2274 et
1887 2219 1984 2274 Ja-
2071 2223 2133 2278 Ut
2162 2239 2277 2290 nos,
2306 2221 2510 2294 inquit,
2541 2225 2607 2277 in
2632 2225 2900 2291 gentibus,
2927 2226 3036 2293 ipsi
3061 2228 3250 2279 autem
3279 2226 3345 2279 in
3373 2226 3669 2280 circumci-

389 2315 547 2383 cobo,
595 2319 656 2370 et
689 2314 925 2378 Joanne,
968 2327 1039 2366 ne
1085 2309 1145 2364 in
1186 2307 1575 2364 observatione
1612 2307 1769 2362 varia
1807 2307 1985 2363 diver-
2065 2314 2234 2377 sione,
2269 2316 2492 2366 tantum
2511 2315 2574 2365 ut
2597 2327 2910 2382 pauperum
2941 2328 3204 2368 memores
3234 2329 3486 2367 essemus.
3513 2313 3665 2380 Quod

388 2422 516 2463 sum
549 2401 761 2459 Christi
788 2399 1153 2471 Evangelium
1182 2402 1495 2470 putaretur,
1530 2396 1629 2452 sed
1661 2402 1720 2452 et
1741 2396 1984 2463 circum-
2064 2402 2233 2455 etiam
2257 2402 2527 2455 sollicitus
2553 2401 2646 2469 fui
2671 2400 2768 2454 hoc
2796 2402 2981 2470 ipsum
3003 2403 3185 2470 facere
3217 2400 3492 2470 (Hieron.)
3527 2401 3668 2456 San-

388 2495 635 2550 cisorum
653 2495 713 2546 et
728 2488 1060 2544 habentium
1078 2486 1417 2559 praeputium
1437 2492 1585 2541 esset
1603 2502 1720 2541 una
1737 2502 1986 2540 commu-
2064 2489 2140 2544 cti
2164 2504 2441 2561 pauperes
2460 2504 2701 2560 quorum
2716 2488 2994 2560 praecipue
3011 2489 3082 2544 ab
3097 2489 3366 2562 apostolis
3396 2490 3572 2544 Paulo
3608 2496 3671 2544 et

390 2583 504 2638 nio.
546 2580 786 2636 Pulchre
824 2580 1015 2632 autem
1054 2575 1372 2646 prmstruxit
1415 2575 1606 2629 dicens
1637 2592 1649 2628 :
1686 2576 1794 2642 Qui
1833 2577 1984 2628 enim
2064 2576 2335 2632 Bamabte
2353 2593 2493 2632 cura
2511 2577 2814 2632 mandatur
2830 2576 2889 2632 hi
2917 2583 3067 2643 sunt,
3104 2577 3203 2648 qui
3225 2595 3291 2632 ex
3315 2577 3522 2633 Iudaeis
3540 2594 3668 2632 cre-

389 2675 642 2742 operatus
681 2673 757 2722 est
804 2668 960 2722 Petro
1005 2667 1070 2720 in
1113 2666 1478 2733 apostolatum
1523 2665 1980 2729 circumcisionis,
2064 2665 2279 2733 dentes,
2303 2665 2486 2738 pretia
2514 2665 2930 2738 possessionum
2960 2682 3192 2721 suarum
3220 2665 3291 2721 ad
3323 2666 3492 2738 pedes
3520 2671 3660 2739 'apo—

388 2776 462 2816 ne
491 2757 619 2832 quis
648 2771 780 2811 eum
808 2758 1038 2827 putaret
1065 2750 1366 2807 detrahere
1403 2751 1588 2818 Petro,
1623 2751 1723 2806 sed
1758 2756 1824 2807 ut
1857 2751 1982 2806 lau-
2064 2754 2274 2809 stolum
2318 2753 2661 2821 deferebant,
2698 2754 2991 2825 egentibus
3031 2755 3323 2825 largienda
3353 2773 3366 2809 :
3400 2755 3485 2810 vel
3525 2755 3662 2827 quia

388 2847 554 2905 dibus
610 2846 732 2918 ejus
777 2847 909 2899 ante
963 2839 1267 2914 praemissis
1326 2838 1741 2911 intelligeretur
1781 2840 1982 2894 Petrus

387 2938 515 2994 ideo
572 2931 1052 2992 circumcisionem
1097 2929 1291 3002 aliqua
1345 2946 1413 2984 ex
1464 2933 1625 3000 parte
1675 2928 1976 3000 suscipere,

388 3032 455 3084 ut
469 3042 568 3083 eos
585 3023 683 3097 qui
699 3022 808 3078 sibi
824 3037 893 3076 ex
911 3019 1120 3076 Judaeis
1141 3017 1343 3074 crediti
1362 3017 1589 3073 fuerant
1605 3017 1975 3085 lucrifaceret,

270 3110 277 3115 ’
387 3121 447 3172 et
464 3115 525 3170 in
548 3111 761 3169 Christi
779 3110 890 3169 ﬁde
907 3114 966 3164 et
992 3107 1290 3180 Evangelia
1310 3107 1634 3162 custodiret.
1661 3106 1982 3162 Subintelli-

384 3205 473 3278 git
480 3203 655 3259 etiam
663 3199 814 3273 quod
823 3198 874 3254 si
882 3198 976 3253 ille
989 3197 1199 3269 absque
1208 3197 1372 3268 culpa
1386 3196 1597 3250 faceret
1608 3200 1666 3251 et
1674 3195 1747 3251 ad
1755 3200 1980 3268 tempus

385 3290 730 3350 observando
751 3286 901 3361 quod
923 3302 1037 3342 non
1053 3286 1202 3353 licet,
1216 3302 1288 3340 ne
1309 3284 1416 3339 sibi
1435 3284 1677 3340 creditos
1697 3284 1974 3357 perderet,

385 3398 448 3438 se
476 3379 658 3453 magis
674 3394 778 3452 pro
805 3375 1092 3447 Evangelii
1110 3375 1346 3430 veritate
1369 3374 1552 3430 facere
1581 3372 1804 3440 debere,
1831 3373 1980 3445 quod

386 3470 494 3527 sibi
511 3468 790 3526 creditum
809 3470 896 3521 est
919 3465 979 3520 in
1005 3463 1298 3536 praeputio,
1323 3480 1394 3519 ne
1418 3469 1616 3534 gentes
1643 3461 1783 3534 legis
1811 3479 1980 3519 onere

388 3565 448 3616 et
473 3557 806 3615 difﬁcultate
826 3553 1110 3610 deterritas
1133 3569 1168 3607 a
1195 3551 1403 3608 Christi
1428 3552 1538 3608 ﬁde
1569 3556 1627 3606 et
1647 3549 1980 3607 credulitate

387 3647 756 3706 discederent.
781 3645 1018 3713 (Ambr.)
1036 3643 1270 3699 Petrum
1295 3636 1479 3696 solum
1508 3640 1763 3696 nominat
1789 3645 1847 3695 et
1874 3639 1980 3695 sibi

383 3740 693 3810 comparat,
725 3733 860 3806 quia
895 3731 1205 3804 primatum
1230 3729 1351 3802 ipse
1386 3729 1601 3802 accepit
1636 3729 1708 3784 ad
1736 3729 1980 3784 tundan-

386 3828 517 3884 dam
548 3823 888 3881 Ecclesium:
923 3837 982 3877 se
1013 3836 1234 3893 quoque
1271 3819 1396 3892 pari
1435 3819 1602 3874 modo
1641 3818 1883 3873 electum
1916 3822 1982 3873 ut

384 3915 689 3989 primatum
717 3911 924 3966 habeat
954 3910 1013 3964 in
1050 3908 1353 3964 fundandis
1385 3907 1642 3978 gentium
1681 3906 1976 3974 Ecclesiis;

384 4004 468 4060 ita
492 4009 686 4058 tamen
705 4005 771 4056 ut
787 4005 846 4055 et
871 4000 1072 4054 Petrus
1093 3997 1428 4069 praedicaret
1450 3996 1712 4068 gentibus
1742 3995 1791 4050 si
1811 4013 1982 4050 causa

2063 2842 2489 2909 contribulibus,
2514 2843 2766 2914 cognatis
2792 2848 2852 2898 et
2876 2843 3205 2915 parentibus
3226 2844 3360 2911 suis,
3374 2843 3533 2916 quasi
3561 2843 3659 2899 de-

2063 2937 2305 2987 sertores
2322 2931 2484 3003 legis,
2508 2936 2567 2986 et
2592 2932 2653 2986 in
2677 2931 3003 2987 cruciﬁxum
3030 2932 3320 2988 hominem
3339 2932 3650 2997 credentes,

2062 3020 2419 3076 detestationi
2449 3025 2507 3075 et
2531 3021 2752 3093 piaculo
2773 3020 3140 3076 ducebantur.
3172 3021 3238 3076 In
3257 3021 3461 3076 horum
3490 3020 3658 3076 mini-

2061 3109 2233 3164 sterio
2261 3115 2488 3164 sanctus
2515 3110 2803 3182 apostolus
2823 3109 3032 3164 Paulus
3053 3114 3264 3182 quanto
3286 3107 3476 3165 labore
3498 3109 3667 3165 suda-

2062 3197 2223 3265 verit,
2256 3197 2504 3270 epistola:
2543 3198 2666 3269 ejus
2709 3203 2884 3252 testes
2923 3204 3058 3253 sunt
3092 3198 3164 3253 ad
3207 3198 3542 3260 Corinthios,
3589 3199 3663 3254 ad

2059 3285 2597 3354 Thessalonicenses,
2645 3287 2718 3341 ad
2740 3302 2935 3342 omnes
2962 3286 3218 3357 gentium
3261 3287 3552 3354 Ecclesias,
3596 3292 3667 3342 ut

2060 3381 2379 3447 praeparent
2401 3391 2609 3430 munus
2635 3375 2740 3430 hoc
2766 3391 2870 3447 per
2885 3392 2964 3443 se,
2998 3376 3087 3430 vel
3115 3392 3218 3448 per
3249 3375 3408 3444 alios,
3443 3376 3541 3448 qui
3579 3375 3665 3430 eis

2060 3464 2402 3536 placuissent
2420 3464 2865 3537 Hierosolymam
2892 3463 3277 3519 deferendum.
3312 3464 3474 3520 Unde
3502 3481 3655 3519 nunc

2060 3553 2408 3608 conﬁdenter
2432 3553 2587 3621 dicit,
2600 3555 2744 3623 quod
2766 3556 2934 3609 etiam
2953 3556 3224 3609 sollicitus
3242 3555 3335 3622 fui
3350 3554 3529 3622 facere
3554 3555 3657 3608 hoc

2061 3645 2262 3711 ipsum.
2281 3643 2525 3697 Possunt
2545 3647 2736 3696 autem
2744 3647 2804 3696 et
2821 3641 2933 3696 alio
2941 3657 3150 3712 genere
3158 3657 3435 3714 pauperes
3451 3640 3651 3713 accipi.

2059 3730 2131 3784 de
2160 3729 2364 3801 quibus
2382 3729 2442 3784 in
2470 3729 2770 3802 Evangelia
2798 3729 3034 3784 dicitur:
3067 3732 3221 3786 Beati
3239 3745 3506 3799 pauperes
3530 3733 3650 3800 spi-

2060 3821 2198 3886 ritu,
2215 3823 2477 3889 quoniam
2492 3822 2742 3889 ipsorum
2752 3824 2829 3874 est
2842 3835 3079 3890 regnum
3089 3819 3659 3888 calorum(Hatth.v):

2061 3912 2353 3962 merentur
2362 3907 2568 3979 quippe
2588 3908 2732 3962 tales
2751 3907 2812 3962 in
2832 3907 3107 3962 memoria
3116 3923 3239 3962 esse
3253 3906 3660 3980 apostolorum.

2061 3995 2291 4052 Necnon
2319 4002 2377 4052 et
2401 3996 2484 4050 illi
2503 4010 2778 4068 pauperes
2797 3996 2867 4050 de
2886 3994 3088 4068 quibus
3114 3995 3176 4051 in
3199 3994 3498 4051 Salomone
3516 3995 3664 4050 scri-

385 4092 624 4158 fecisset,
654 4094 714 4144 et
751 4087 959 4144 Paulus
987 4085 1212 4152 Judaeis,
1245 4102 1380 4140 nam
1417 4091 1654 4156 uterque
1696 4083 1982 4139 invenitur
2059 4082 2240 4140 bitur:
2266 4085 2571 4154 Redemptio
2592 4087 2706 4140 viri
2721 4087 2926 4139 anima
2937 4086 3182 4154 propriae
3197 4085 3420 4149 divitiae,
3442 4099 3665 4154 pauper

382 4185 690 4251 utrumque
707 4176 903 4232 fecisse
927 4194 938 4230 :
973 4174 1073 4229 sed
1097 4178 1289 4228 tamen
1310 4174 1479 4245 plena
1498 4172 1803 4228 auctoritas
1824 4172 1977 4228 Petri
2060 4188 2185 4227 vero
2213 4188 2326 4228 non
2353 4175 2585 4228 sustinet
2625 4175 3111 4228 comminationem
3135 4170 3324 4242 (Prov.
3356 4175 3472 4240 xm)
3499 4189 3512 4225 :
3544 4188 3663 4228 non

383 4269 444 4326 in
459 4264 736 4326 Judaismi
754 4262 1150 4338 praedicatione
1174 4263 1309 4317 data
1337 4262 1715 4334 dignoscitur,
1730 4267 1788 4316 et
1816 4261 2042 4364 PauliD
2060 4260 2212 4316 enim
2258 4266 2445 4332 potest
2485 4260 2739 4316 futurum
2784 4277 3078 4333 pcenarum
3128 4260 3326 4364 audire
3354 4265 3654 4325 terrorem,

384 4358 631 4433 perfecta
649 4355 954 4412 auctoritas
982 4352 1042 4408 in
1072 4351 1465 4425 praedicatione
1484 4351 1742 4423 gentium
1768 4350 1980 4406 inveni—
1993 4347 2041 4364 ⁴¹¹
2058 4365 2273 4422 pauper
2295 4349 2355 4404 in
2369 4350 2496 4417 ﬁde,
2512 4367 2726 4423 pauper
2743 4350 2803 4404 in
2833 4349 3036 4420 gratia,
3059 4365 3173 4404 non
3200 4347 3414 4404 habens
3433 4348 3664 4404 divitias

383 4456 514 4516 tur;
534 4447 686 4505 unde
705 4449 764 4501 et
782 4442 1120 4514 magisz
1143 4457 1204 4496 se
1226 4445 1388 4496 vocat
1411 4440 1671 4511 gentium
1691 4440 1752 4495 in
1780 4440 1893 4495 ﬁde
1922 4445 1981 4495 et
2057 4439 2357 4511 spiritales,
2388 4455 2493 4494 nec
2539 4439 2833 4494 scientiam
2871 4438 3309 4510 Scripturarum,
3343 4454 3466 4510 quae
3513 4452 3657 4493 auro

383 4537 636 4604 veritate,
658 4532 1046 4606 unusquisque
1075 4529 1228 4586 enim
1258 4547 1360 4602 pro
1385 4528 1599 4585 viribus
1628 4529 1746 4584 suis
1775 4534 1834 4584 et
1861 4529 1978 4583 dis-
2060 4531 2118 4580 et
2143 4532 2397 4598 argento,
2425 4532 2486 4582 et
2512 4526 2758 4598 pretioso
2773 4525 2960 4610 lapide
2978 4531 3357 4598 comparatur.
3376 4524 3661 4591 Quoniam

384 4625 715 4700 pensatione
757 4621 992 4678 sortitus
1034 4625 1121 4676 est
1151 4639 1163 4674 :
1204 4618 1488 4674 difﬁcilius
1535 4617 1688 4673 enim
1732 4617 1841 4672 fuit
1883 4634 1978 4673 eos
2058 4614 2234 4686 igitur
2251 4632 2364 4671 non
2384 4615 2684 4688 egentsani
2700 4614 2936 4682 medico,
2960 4614 3059 4669 sed
3076 4614 3136 4669 hi
3157 4613 3254 4686 qui
3269 4614 3418 4669 male
3445 4612 3665 4669 habent

387 4715 485 4788 qui
512 4715 678 4785 longe
726 4715 891 4766 erant
926 4727 962 4765 a
1003 4709 1118 4765 Deo
1167 4709 1240 4763 ad
1284 4708 1454 4763 ﬁdem
1493 4724 1654 4762 suam
1693 4707 1978 4762 attrahere
2061 4707 2209 4775 (Luc.
2233 4704 2306 4776 v),
2329 4710 2629 4777 propterea
2655 4709 2714 4758 et
2731 4703 2997 4776 apostolis
3021 4703 3083 4758 in
3112 4702 3472 4758 dexterarum
3500 4718 3661 4757 com-

386 4819 557 4876 quam
587 4799 887 4874 proximos.
906 4798 1172 4867 (Hieron.)
1195 4798 1407 4863 Petrus,
1427 4797 1630 4868 inquit,
1652 4801 1700 4851 et
1716 4797 1972 4860 Joannes,
2059 4793 2442 4849 municatione
2459 4792 2751 4848 convenit:
2786 4809 2859 4847 ne
2890 4796 3224 4864 spernerent
3242 4807 3534 4864 pauperes,
3554 4806 3667 4846 nec

386 4898 435 4948 et
463 4891 694 4948 Iacobus
723 4891 822 4959 qui
849 4888 1184 4946 videbantur
1217 4889 1486 4942 columna:
1511 4902 1635 4940 esse.
1669 4884 1780 4940 Ter
1808 4900 1981 4956 supra
2059 4882 2413 4954 despicerent
2431 4885 2769 4954 peccatores,
2793 4881 2892 4936 sed
2908 4896 3133 4952 semper
3150 4879 3543 4935 meminissent
3561 4895 3668 4934 eo-

385 4983 598 5038 dictum
638 4979 708 5034 de
751 4976 1020 5050 apostolis
1064 4961 1323 5045 legimus,
1367 4974 1621 5030 Seorsum
1662 4979 1847 5028 autem
1893 4973 1979 5027 his
2059 4988 2204 5038 rum,
2219 4971 2367 5026 sicut
2379 4971 2586 5026 Paulus
2599 4969 2876 5026 Corinthii
2887 4969 3040 5024 illius
3051 4968 3327 5036 meminit,
3346 4983 3514 5041 quem
3528 4984 3669 5024 cum

385 5074 487 5142 qui
511 5071 842 5126 videbantur
867 5084 878 5120 :
905 5071 984 5131 et,
1015 5064 1094 5119 Ab
1123 5065 1210 5117 his
1239 5065 1340 5132 qui
1372 5063 1703 5117 ridebantur
1732 5078 1838 5116 esse
1867 5062 1980 5116 ali—
2060 5060 2120 5115 in
2132 5059 2304 5132 priori
2317 5059 2555 5132 epistola
2570 5057 3047 5114 contristassetad
3069 5062 3313 5130 tempus,
3332 5062 3397 5112 ut
3421 5072 3668 5128 corpore

388 5163 551 5232 quid:
569 5164 644 5223 et,
669 5157 810 5213 Mihi
826 5158 977 5210 enim
999 5155 1099 5222 qui
1116 5152 1447 5206 videbantur
1464 5167 1570 5204 esse
1589 5152 1813 5220 aliquid
1833 5151 1980 5205 nihil
2061 5165 2163 5220 per
2176 5148 2566 5220 paenitentiam
2586 5147 2896 5213 laborante,
2923 5145 3157 5218 spiritus
3183 5145 3369 5201 salvus
3396 5145 3578 5210 ﬁeret,
3602 5145 3670 5201 in

389 5251 760 5309 contulerunt,
794 5242 1065 5300 sollicitus
1094 5239 1285 5310 itaque
1318 5238 1673 5310 requirebam
1711 5238 1978 5311 quidnam
2060 5236 2325 5303 secunda,
2359 5254 2430 5292 ne
2466 5237 2524 5291 in
2554 5235 2756 5308 majori
2791 5235 3028 5291 tristitia
3053 5233 3464 5298 absorberetur,
3500 5249 3667 5289 revo-

389 5342 539 5394 esset
575 5334 724 5408 quod
764 5333 992 5395 diceret,
1021 5331 1121 5399 qui
1154 5329 1503 5383 videbantur.
1543 5327 1653 5383 Sed
1698 5344 1848 5382 nunc
1886 5344 1978 5382 mc
2059 5331 2150 5381 cat
2182 5326 2254 5381 ad
2304 5325 2628 5391 Ecclesium,
2661 5324 2912 5397 petitque
2956 5329 3186 5379 cunctos
3216 5329 3282 5378 ut
3320 5321 3664 5378 conﬁrment

390 5426 544 5484 omni
577 5422 839 5494 scrupulo
880 5416 1154 5481 liberavit,
1192 5414 1478 5486 adjiciens,
1511 5419 1610 5486 qui
1647 5417 1979 5472 videbantur
2059 5414 2118 5470 in
2147 5431 2277 5470 eum
2306 5414 2656 5480 charitatem,
2689 5419 2747 5468 et
2776 5413 2989 5469 donent
3013 5411 3194 5477 fratri,
3226 5409 3500 5482 sicutipse
3519 5411 3662 5467 uni-

390 5518 659 5577 columna
685 5525 810 5565 esse.
841 5507 1129 5563 Columna:
1169 5502 1344 5575 igitur
1380 5510 1513 5559 sunt
1555 5504 1809 5560 Ecclesia)
1847 5521 1978 5577 apo-
2058 5503 2262 5576 cuique
2320 5518 2516 5560 eorum
2544 5519 2604 5558 ιιι
2630 5501 2772 5557 facie
2796 5501 3005 5558 Christi
3059 5500 3381 5566 donaverat,
3414 5497 3667 5570 impleas
