4034 6162
338 369 421 426 273

727 363 1308 422 ENARRATIONUM
1344 363 1420 417 IN
1459 361 1612 416 EPP.
1655 362 1870 417 PAULI
1907 363 2024 417 LIB
2087 363 2232 417 XIV.
2265 393 2330 404 —
2363 364 2440 417 IN
2479 363 2698 418 EPIST.
2739 365 2836 420 AD
2875 366 3130 421 GALA'I‘.

3453 367 3556 427 274

334 503 518 568 pactum
547 493 686 564 quod
711 491 1118 564 Hierosolymis
1141 489 1368 556 fecerat,
1399 497 1462 546 ut
1487 508 1710 564 semper
1736 508 1876 563 pau-
1893 492 1949 552 Α
1967 497 2142 556 retur,
2178 489 2312 561 quia
2340 497 2395 545 et
2440 491 2746 547 secundum
2781 494 2965 564 legem
3003 495 3317 566 puriﬁcavit
3356 514 3416 554 se
3461 513 3556 553 co-

331 599 492 654 perum
517 580 924 636 recordaretur.

385 672 499 726 Cum
516 675 696 724 autem
711 674 942 724 venisset
965 672 1157 724 Petrus
1185 671 1556 737 Antiochiam,
1589 675 1652 725 in
1682 674 1879 740 faciem

325 764 365 812 ei
402 762 574 824 restiti,
615 761 751 828 quia
801 759 1242 828 reprehensibitis
1294 765 1415 812 erat
1461 759 1695 830 (Ambr.)
1748 761 1882 815 Post

322 846 629 902 concordiam
661 847 948 902 societatis
977 852 1034 901 et
1071 847 1559 902 honoriﬁcentiam
1601 849 1880 919 primatus

320 952 460 1008 quam
477 935 577 990 sibi
595 935 835 990 invicem
862 953 962 1007 per
981 935 1082 990 Dei
1096 935 1341 1005 gratiam
1369 935 1713 1003 detulerunt,
1729 953 1878 992 nunc

321 1025 685 1079 interveniente
712 1041 884 1078 causa
920 1024 1296 1095 negligentiae.
1321 1026 1407 1078 vel
1446 1026 1673 1090 erroris,
1715 1026 1878 1080 dissi-

313 1115 422 1166 dere
471 1114 612 1168 inter
654 1130 716 1167 se
757 1114 1018 1168 videntur
1071 1114 1346 1184 Apostoli,
1392 1131 1503 1168 non
1549 1115 1609 1168 in
1653 1116 1882 1186 propria

315 1219 470 1266 causa,
500 1201 592 1256 sed
623 1203 682 1256 in
711 1203 1087 1256 sollicitudine
1109 1203 1386 1257 Ecclesiae.
1423 1205 1488 1257 In
1537 1205 1731 1272 [aciem
1766 1209 1873 1271 illi,

313 1291 482 1360 inquit,
513 1294 731 1344 restiti:
753 1291 898 1356 Quid
937 1297 1024 1344 est
1053 1291 1155 1345 hoc
1189 1291 1212 1344 ?
1252 1291 1360 1345 nisi
1390 1292 1448 1346 in
1487 1293 1788 1363 praesentia
1825 1293 1878 1348 ei

310 1377 583 1432 contradixi
605 1378 630 1430 Τ
655 1379 724 1432 Et
743 1395 855 1451 qua
869 1396 1039 1433 causa
1054 1379 1362 1450 subjunxit,
1387 1381 1606 1434 dicens:
1633 1384 1773 1448 Quia
1797 1398 1879 1434 rr-

308 1467 666 1534 preliensibitis
686 1474 826 1522 erat.
847 1467 1325 1539 Reprehensibilis
1345 1470 1539 1540 utique
1557 1469 1626 1524 ab
1647 1487 1879 1538 evange-

309 1555 395 1609 lica
417 1555 663 1621 veritate,
681 1557 770 1610 cui
792 1557 898 1610 hoc
917 1557 1123 1610 factum
1145 1557 1566 1612 adversabatur.
1583 1559 1632 1612 Ν
1637 1575 1728 1612 am
1751 1559 1876 1629 quis

307 1659 472 1697 eorum
518 1645 759 1699 auderet
803 1645 970 1699 Petro
1020 1645 1202 1716 primo
1253 1647 1527 1716 apostolo,
1577 1647 1664 1700 cui
1695 1647 1875 1706 claves

305 1733 436 1802 regni
465 1733 736 1786 cmlorum
765 1734 1037 1787 Dominus
1067 1735 1241 1800 dedit,
1275 1735 1555 1800 resistere,
1592 1736 1699 1789 nisi
1732 1737 1874 1790 alius

1963 587 2139 646 actus,
2173 585 2230 634 et
2257 579 2616 635 Timotheum
2659 583 3011 638 circumcidit
3048 585 3274 640 invitus.
3298 586 3404 643 Sed
3431 604 3552 642 cum

1961 671 2217 722 vidissem
2244 672 2379 737 quia
2403 686 2516 723 non
2543 676 2690 724 recta
2716 675 2812 728 via
2841 674 3157 727 incedebant
3176 675 3252 728 ad
3274 679 3558 732 veritatem

1958 758 2264 826 Evangelii,
2300 759 2424 811 dixi
2449 760 2606 812 Petro
2635 776 2822 814 coram
2840 759 3114 816 omnibus.
3136 763 3269 818 Ideo
3286 762 3343 818 in
3375 764 3556 820 solum

1963 845 2196 902 Petrum
2217 847 2519 915 invehitur,
2543 853 2607 902 ut
2634 849 2692 902 in
2723 865 2788 904 eo
2809 850 2904 920 qui
2926 851 3143 922 primus
3161 856 3250 906 est
3274 851 3558 908 discerent

1962 935 2166 990 caeteri.
2199 935 2264 990 Si
2307 942 2366 990 tu
2395 953 2521 992 cum
2557 939 2778 992 Iudaeus
2805 941 2898 1006 sis,
2941 943 3224 1007 gentiliter
3253 947 3303 995 et
3330 956 3444 996 non
3462 945 3558 1011 ju-

1961 1026 2112 1079 daice
2140 1028 2298 1090 vivis,
2332 1027 2596 1094 quomodo
2629 1033 2810 1094 gentes
2852 1031 2994 1096 cogis
3011 1029 3355 1096 judaizare?
3393 1029 3557 1086 Nunc

1961 1113 2185 1184 aperuit
2209 1129 2436 1168 causam
2465 1115 2918 1186 reprehensionis
2943 1134 2956 1170 :
2994 1133 3107 1171 non
3157 1117 3309 1172 enim
3340 1117 3552 1190 aliquid

1960 1201 2156 1257 fuisset
2181 1205 2406 1265 erroris,
2439 1204 2485 1257 si
2509 1203 2880 1274 praesentibus
2907 1205 3115 1260 Judmis
3143 1206 3553 1263 dissimulasset

1960 1308 1994 1344 a
2011 1292 2333 1360 gentilibus,
2365 1293 2571 1346 timens
2601 1291 2925 1348 scandalum
2959 1315 2970 1348 :
2997 1295 3092 1348 sed
3125 1295 3216 1349 hic
3244 1301 3365 1352 tota
3385 1312 3554 1352 causa

1961 1381 2414 1450 reprehensionis
2468 1389 2572 1447 est,
2626 1381 2758 1452 quia
2804 1383 3228 1439 advenientibus
3272 1385 3482 1440 Judaeis
3519 1402 3552 1440 a

1959 1469 2183 1534 Jacobo,
2211 1487 2321 1522 non
2353 1469 2532 1522 solum
2572 1469 2906 1542 segregabat
2933 1489 2992 1525 se
3023 1471 3094 1526 ab
3122 1472 3222 1536 eis,
3255 1489 3381 1527 cum
3424 1474 3552 1544 qui-

1961 1557 2382 1627 busgentiliter
2408 1558 2639 1621 vixerat,
2671 1559 2768 1614 sed
2791 1565 2845 1614 et
2865 1560 3235 1631 compellebat
3251 1578 3346 1616 eos
3368 1562 3554 1632 judai-

1957 1663 2100 1711 zare,
2128 1664 2297 1700 causa
2326 1647 2547 1701 timoris
2579 1647 2826 1708 illorum,
2863 1656 2928 1702 ut
2956 1651 3091 1720 quid
3131 1651 3332 1704 borum
3359 1667 3550 1707 verum

1957 1742 2122 1802 esset,
2153 1736 2482 1804 ignorarent
2503 1737 2770 1806 gentiles:
2802 1737 3053 1794 sciebant
3080 1739 3431 1811 enimipsum
3461 1759 3549 1796 se-

303 1819 427 1887 talis,
457 1821 549 1891 qui
578 1821 790 1875 fiducia
810 1822 1098 1876 electionis
1126 1839 1260 1888 suae,
1279 1823 1458 1876 sciens
1475 1841 1534 1876 se
1555 1841 1668 1878 non
1691 1825 1871 1895 impa—
1896 1828 1940 1885 B
1957 1841 2087 1878 cum
2110 1842 2220 1878 non
2235 1825 2393 1895 quasi
2421 1825 2676 1878 Judaeum
2697 1825 2896 1881 vixisse
2926 1844 2937 1878 :
2971 1834 3096 1897 post
3111 1834 3301 1882 autem
3321 1830 3550 1884 audien-

303 1925 421 1973 rem,
447 1917 774 1964 constanter
804 1910 1165 1982 improbaret,
1199 1912 1348 1982 quod
1378 1913 1471 1965 ille
1493 1913 1613 1966 sine
1642 1913 1873 1968 consilio

302 1996 498 2052 fecerat.
535 1999 743 2066 (Greg.)
770 1999 916 2054 Sunt
942 2016 1070 2054 vero
1083 2001 1358 2066 nonnulli,
1383 2001 1479 2072 qui
1507 2018 1618 2054 non
1641 2003 1872 2056 Petrum

297 2088 658 2156 apostolorum
680 2088 1010 2159 principem,
1027 2089 1123 2142 sed
1143 2105 1264 2142 esse
1286 2090 1587 2160 quemdam
1609 2091 1783 2144 alium
1805 2108 1871 2145 eo

299 2175 516 2240 nomine,
549 2176 652 2246 qui
684 2193 718 2229 a
765 2177 940 2230 Paulo
983 2183 1068 2231 est
1113 2178 1506 2248 reprehensus,
1541 2179 1824 2250 accipiunt
1855 2199 1866 2233 :

292 2263 371 2332 qui
391 2264 435 2316 si
463 2264 622 2318 Pauli
663 2265 900 2335 apostoli
934 2266 1217 2320 studiosus
1244 2267 1414 2321 verba
1445 2267 1729 2338 legissent,
1763 2269 1872 2322 ista

295 2366 387 2404 non
412 2352 685 2406 dicerent.
719 2353 980 2408 Dicturus
1011 2355 1219 2408 etenim
1241 2357 1466 2420 Paulus,
1487 2357 1623 2412 Cum
1643 2361 1871 2411 venisset

288 2441 452 2493 Petrus
486 2443 865 2506 Antiochiam,
909 2447 974 2497 in
1001 2447 1200 2510 faciem
1233 2448 1285 2498 ei
1327 2449 1522 2511 restiti,
1558 2451 1620 2498 ut
1659 2446 1728 2498 de
1759 2461 1868 2516 quo

290 2527 432 2582 Petro
449 2529 786 2602 loqueretur
801 2531 1141 2598 ostenderet,
1170 2533 1226 2586 in
1247 2534 1365 2604 ipso
1388 2551 1501 2588 suae
1529 2535 1868 2589 narrationis

285 2615 423 2672 initio
451 2619 733 2689 praemisit
757 2620 984 2674 dicens:
1019 2621 1302 2676 Creditum
1339 2628 1416 2676 est
1451 2625 1595 2676 mihi
1628 2625 1870 2692 Evange-

287 2708 410 2760 lium
431 2711 721 2777 praeputii,
744 2712 890 2764 sicut
916 2711 1074 2764 Petro
1097 2715 1538 2766 ctrcumcisionis
1560 2731 1576 2776 ;
1603 2715 1702 2781 qui
1718 2715 1868 2766 enim

280 2801 507 2863 operatus
525 2804 602 2851 est
624 2799 789 2852 Petro
808 2802 872 2852 in
893 2803 1260 2868 apostolatum
1281 2804 1736 2866 circumcisionis,
1754 2819 1870 2870 ope-

279 2889 415 2937 ratus
441 2891 586 2940 estet
607 2888 760 2940 mihi
785 2891 938 2942 inter
962 2893 1162 2956 gentes.
1196 2889 1361 2943 Patet
1389 2906 1522 2960 ergo
1547 2889 1616 2944 de
1639 2906 1748 2961 quo
1769 2891 1869 2944 Pe-

282 2979 357 3024 tro
373 2973 576 3028 Paulus
593 2975 872 3046 loquitur,
896 2993 1063 3048 quem
1095 2983 1152 3031 et
1177 2979 1493 3049 apostolum
1515 2979 1788 3044 nominat,
1807 2984 1863 3035 et

283 3061 545 3129 praefuisse
594 3064 904 3135 Evangelia
930 3065 1370 3121 circumcisionis
1401 3073 1615 3122 narrat.
1648 3068 1716 3122 Et
1747 3067 1862 3122 fue-

1955 1919 2040 1966 tes
2077 1913 2146 1966 ab
2193 1931 2259 1966 eo
2297 1914 2431 1984 quia
2459 1914 2781 1968 Judaeorum
2819 1915 3000 1968 instar
3023 1917 3370 1987 sequendum
3405 1927 3544 1980 erat,

1955 2001 2289 2056 hmsitabant
2317 2003 2511 2073 utique
2541 2003 2673 2073 quid
2707 2010 2855 2057 esset
2880 2020 3094 2058 verum.
3129 2006 3186 2060 Si
3218 2004 3324 2060 hoc
3351 2023 3545 2061 verum

1956 2096 2151 2145 eratut
2163 2091 2534 2161 judaizarent,
2557 2092 2739 2162 ipsum
2757 2093 3238 2162 praivaricatorem
3259 2093 3545 2162 tenebant,
3626 2164 3632 2170 _

1956 2181 2088 2251 quia
2117 2181 2405 2249 gentiliter
2431 2180 2645 2233 vixerat
2670 2198 2680 2232 :
2703 2181 2749 2233 si
2771 2187 2962 2234 autem
3003 2182 3141 2235 illud
3172 2183 3374 2236 melius
3402 2191 3544 2250 erat,

1954 2276 2013 2322 et
2040 2285 2253 2333 verum,
2285 2276 2348 2322 ut
2367 2269 2697 2340 simpliciter
2714 2269 2981 2333 viverent,
3013 2270 3227 2324 eversio
3257 2277 3380 2326 erat
3404 2287 3546 2342 gen-

1954 2357 2140 2412 tilium
2172 2373 2272 2428 per
2290 2359 2412 2428 ejus
2441 2357 2738 2425 ignaviam,
2765 2355 2967 2427 quibus
2983 2358 3246 2428 adempto
3265 2357 3430 2425 bono,
3456 2376 3545 2414 res

1953 2445 2232 2500 laboriosa
2256 2451 2312 2498 et
2342 2445 2595 2498 inefficax
2630 2445 2976 2500 tradebatur.
3022 2447 3324 2516 Apostolus
3351 2454 3542 2502 autem

1951 2535 2160 2588 Paulus
2179 2534 2402 2604 quando
2418 2533 2486 2586 ad
2502 2533 2698 2586 horam
2711 2533 2896 2597 cessit,
2913 2549 3025 2588 non
3039 2534 3142 2588 hoc
3160 2536 3422 2600 etsuasit,
3444 2537 3542 2592 sed

1952 2639 2069 2676 rem
2101 2639 2159 2676 se
2187 2622 2532 2692 superﬂuam
2543 2621 2840 2676 etinanem
2857 2621 3042 2677 facere
3059 2623 3387 2691 clamitavit,
3419 2641 3544 2696 pro-

1952 2717 2077 2783 pter
2094 2711 2339 2765 furorem
2367 2709 2708 2764 Iudaeorum.
2730 2709 2834 2764 Cui
2854 2710 3082 2782 quidem
3109 2711 3192 2766 rei
3210 2727 3324 2766 non
3343 2729 3542 2768 succu-

1951 2799 2180 2865 buisset,
2215 2799 2322 2854 nisi
2373 2815 2544 2854 causa
2588 2798 2956 2866 interfuisset,
3010 2799 3146 2871 quia
3173 2799 3411 2856 audacia
3445 2801 3546 2858 Ju-

1949 2888 2197 2944 daeorum
2225 2889 2599 2959 plurimorum
2618 2903 2679 2942 se
2694 2889 2954 2958 jactaret.
2981 2887 3116 2943 Erat
3137 2893 3329 2944 autem
3355 2889 3542 2946 Timo-

1947 2978 2112 3032 theus
2138 2977 2286 3032 ﬁlius
2317 2977 2572 3032 mulieris
2603 2975 2829 3043 Iudaee,
2871 2982 3032 3048 patre
3059 2982 3250 3032 autem
3300 2977 3496 3034 Greco
3524 2998 3538 3046 ;

1944 3067 2093 3120 unde
2115 3065 2326 3120 factum
2348 3071 2452 3133 est,
2485 3071 2550 3119 ut
2576 3064 2762 3119 infans
2781 3065 3088 3120 secundum
3106 3065 3288 3136 legem
3309 3066 3542 3123 minime

279 3159 392 3202 runt
420 3151 658 3222 quidam
688 3153 786 3223 qui
812 3155 1116 3210 secundam
1138 3156 1291 3210 Petri
1312 3156 1628 3227 epistolam,
1659 3157 1720 3211 in
1751 3174 1862 3227 qua
1884 3147 2454 3210 Ccircumcideretur.
2487 3153 2906 3208 Insidiabantur
2949 3170 3082 3225 ergo
3115 3154 3472 3228 explorantes
3491 3156 3540 3211 si

274 3239 500 3308 epistolae
516 3241 690 3294 Pauli
701 3242 943 3298 laudatae
953 3250 1102 3310 sunt,
1121 3245 1244 3315 ejus
1259 3245 1511 3300 dicerent
1528 3262 1641 3300 non
1666 3245 1857 3312 fuisse,

277 3327 361 3379 sed
387 3329 430 3380 si
468 3331 735 3400 ejusdem
783 3332 1034 3402 epistolis
1063 3333 1234 3387 verba
1264 3351 1499 3404 pensare
1533 3334 1854 3401 voluissent,

271 3414 414 3485 longe
439 3418 612 3473 aliter
633 3419 847 3474 sentire
867 3427 1128 3491 poterant
1155 3439 1164 3474 :
1190 3423 1249 3476 in
1266 3439 1332 3476 ea
1363 3423 1567 3494 quippe
1587 3423 1858 3494 scriptum

273 3511 361 3570 est,
394 3525 417 3554 α
447 3523 582 3562 voce
601 3508 840 3580 delapsa
859 3510 930 3564 ad
951 3527 1080 3564 eum
1099 3511 1486 3580 hujuscemodi
1505 3529 1540 3566 a
1559 3512 1858 3582 magniﬁca

267 3592 428 3661 gloria
455 3615 479 3645 η
517 3617 530 3650 :
571 3598 682 3651 Hic
709 3603 787 3652 est
815 3599 993 3653 Filius
1019 3616 1172 3653 meus
1203 3602 1450 3665 dilectus,
1484 3603 1546 3654 in
1575 3618 1680 3669 quo
1718 3602 1860 3655 mihi

268 3687 557 3751 comptacui
587 3687 1000 3758 (Matthxvm);
1035 3695 1204 3759 atque
1229 3687 1700 3758 subjungiturzEt
1717 3690 1860 3744 hanc

267 3785 423 3826 vocem
436 3789 536 3828 nos
555 3775 909 3843 audivimus,
927 3794 1052 3830 cum
1072 3793 1305 3831 essemus
1322 3793 1447 3831 cum
1465 3781 1578 3846 ipso
1594 3780 1657 3831 in
1677 3783 1858 3831 monte

271 3866 454 3916 sancto.
476 3863 708 3934 Legant
717 3865 908 3936 itaque
925 3865 1308 3936 Evangelium,
1334 3871 1391 3919 et
1409 3865 1664 3936 protinus
1680 3882 1856 3936 agno-

269 3957 408 4004 scent
437 3953 579 4023 quia
601 3968 737 4006 cum
764 3970 866 4008 vox
895 3955 1004 4009 ista
1030 3955 1099 4009 de
1129 3956 1266 4009 ccelo
1289 3955 1458 4020 venit,
1492 3955 1693 4009 Petrus
1719 3971 1856 4026 apo-

263 4039 420 4094 stolus
447 4041 510 4094 in
541 4047 745 4096 monte
775 4059 904 4098 cum
925 4045 1164 4098 Domino
1193 4044 1368 4098 stetit.
1404 4045 1528 4114 Ipse
1557 4060 1690 4112 ergo
1713 4044 1858 4097 hanc

1944 3259 2074 3300 eum
2097 3243 2193 3315 qui
2215 3244 2441 3299 Iudaeus
2463 3248 2630 3297 natus
2651 3248 2792 3308 erat,
2817 3241 3268 3298 incircumcisum
3285 3259 3538 3300 assume-

1942 3339 2048 3398 ret,
2082 3331 2230 3406 quod
2259 3331 2514 3386 illicitum
2542 3331 2818 3402 putabant
2842 3331 3165 3386 Judaeorum
3192 3332 3389 3403 generi
3412 3349 3426 3386 :
3449 3348 3537 3390 oc-

1943 3422 2226 3476 casionem
2255 3427 2586 3492 quaerentes,
2621 3435 2734 3490 qua
2761 3435 2892 3474 eum
2931 3435 3245 3474 eversorem
3275 3427 3536 3477 tenerent

1942 3511 2081 3580 legis
2114 3529 2125 3563 :
2177 3510 2281 3564 hac
2329 3526 2498 3564 causa
2526 3509 2594 3562 ad
2639 3509 2836 3562 horam
2874 3508 3045 3562 cessit
3097 3507 3274 3562 furori
3315 3524 3530 3565 eorum.

1943 3601 2214 3668 (Hieron)
2239 3598 2444 3652 Utilem
2463 3613 2594 3650 vero
2621 3596 3038 3651 simulationem
3059 3601 3117 3650 et
3136 3597 3532 3652 assumendam

1940 3687 2000 3742 in
2026 3693 2297 3758 tempore,
2328 3687 2472 3740 Jehu
2501 3685 2650 3754 regis
2667 3684 2838 3738 Israel
2861 3683 3172 3738 nosdoceat
3189 3685 3526 3757 exemplum,

1941 3776 2036 3846 qui
2093 3791 2204 3830 non
2264 3773 2542 3846 potuisset
2597 3773 2915 3828 interﬁcere
2968 3772 3286 3827 sacerdotes
3345 3773 3490 3828 Baal
3515 3813 3531 3841 ,

1937 3865 2048 3920 nisi
2076 3881 2136 3918 se
2165 3863 2419 3918 ﬁnxisset
2459 3861 2599 3916 velle
2644 3859 2856 3916 idolum
2895 3859 3078 3916 colere
3121 3859 3312 3915 dicens
3343 3879 3359 3916 :
3390 3861 3531 3918 00n-

1938 3968 2104 4021 grega
2133 3952 2278 4005 mihi
2316 3965 2501 4004 omnes
2529 3950 2826 4004 sacerdotes
2857 3949 2990 4003 Baat
3022 3967 3038 4002 :
3075 3947 3141 4002 Si
3168 3951 3318 4003 enim
3344 3947 3530 4006 Achab

1937 4043 2161 4094 servivit
2189 4042 2323 4094 Baal
2371 4043 2434 4093 in
2481 4041 2691 4108 paucis,
2725 4053 2818 4105 ego
2853 4040 3092 4092 serviam
3120 4040 3186 4092 in
3215 4039 3408 4094 multis
3437 4039 3536 4106 (IV

263 4127 542 4198 epistolam
575 4131 828 4202 scripsit“,
854 4132 949 4202 qui
979 4133 1124 4186 hanc
1148 4150 1339 4188 vocem
1368 4133 1427 4188 in
1449 4140 1640 4186 monte
1661 4133 1730 4186 de
1751 4133 1857 4186 Do-
1937 4132 2059 4198 Reg.
2109 4132 2162 4198 x)
2190 4147 2202 4195 ;
2249 4135 2307 4182 et
2351 4127 2526 4182 David
2564 4127 2792 4199 quando
2840 4126 3080 4181 mutavit
3121 4125 3321 4182 faciem
3367 4143 3529 4182 suam

264 4215 396 4269 mino
425 4219 675 4273 audivit.
700 4223 869 4275 Prius
897 4225 1048 4276 enim
1079 4239 1248 4290 quam
1286 4225 1536 4276 venirent
1559 4223 1789 4290 quidam
1819 4237 1853 4274 a
1937 4235 2126 4273 coram
2154 4217 2495 4284 Abimelech,
2527 4222 2586 4272 et
2612 4215 2827 4272 dimisit
2852 4231 2982 4271 eum
3012 4222 3070 4270 et
3097 4214 3252 4270 abiit.
3273 4217 3390 4272 Nec
3420 4217 3527 4274 mi-

261 4305 454 4370 Jacobo,
491 4325 626 4361 cum
659 4311 912 4376 gentibus
939 4312 1161 4365 edebat:
1193 4327 1318 4364 cum
1345 4316 1529 4364 autem
1560 4313 1845 4374 venissent,
1935 4324 2080 4373 rum,
2115 4307 2368 4378 quamvis
2391 4307 2574 4376 justos
2593 4305 2870 4372 homines,
2899 4311 3092 4360 tamen
3133 4305 3324 4375 aliqua
3349 4303 3526 4360 simu-

259 4395 600 4450 :ubtraliebat
623 4413 698 4462 se,
714 4401 912 4452 timens
931 4416 1014 4453 eos
1034 4402 1134 4468 qui
1151 4416 1216 4453 ea:
1235 4401 1650 4453 circumcisione
1669 4396 1844 4463 erant,
1873 4467 1884 4468 ί
1935 4397 2052 4451 lare
2072 4413 2172 4468 pro
2196 4401 2470 4467 tempore,
2493 4394 2563 4448 ob
2591 4411 2753 4450 suam
2781 4399 2840 4449 et
2860 4393 3100 4448 aliorum
3113 4393 3372 4460 salutem,
3397 4409 3526 4448 cum

260 4485 302 4532 et
320 4485 684 4538 simulationi
710 4489 828 4554 ejus
844 4467 1247 4544 consenserunt
1272 4493 1322 4540 et
1350 4491 1529 4540 caeteri
1552 4488 1746 4549 Judaei,
1772 4489 1853 4540 ita
1871 4467 1919 4525 D
1937 4492 1995 4540 et
2013 4467 2132 4556 ipse
2162 4485 2432 4540 Dominus
2463 4500 2576 4538 non
2609 4482 2820 4538 habens
2849 4487 3140 4553 peccatum
3166 4495 3268 4535 nec
3297 4495 3525 4537 carnem

259 4575 312 4621 ut
336 4577 382 4623 ct
405 4574 708 4628 Barnabas
738 4576 1033 4629 duceretur
1063 4577 1132 4629 ab
1155 4577 1240 4630 his
1258 4579 1320 4629 in
1351 4579 1454 4629 illa
1474 4579 1848 4629 simulatione.
1935 4575 2144 4646 peccati
2164 4591 2174 4626 :
2193 4573 2608 4627 simulationem
2634 4568 2957 4642 peccatricis
2983 4568 3170 4623 carnis
3201 4585 3524 4641 assumpse-

262 4658 482 4722 (Ambr.)
512 4662 590 4715 Hi
626 4678 824 4718 omnes
859 4664 1034 4718 Judaei
1061 4664 1157 4735 qui
1187 4669 1590 4718 consenserunt
1617 4664 1850 4718 simula-

258 4746 378 4800 tioni
429 4751 593 4804 Petri
646 4756 700 4804 et
755 4752 1046 4818 Barnabas,
1083 4753 1240 4808 bonae
1271 4753 1400 4808 ﬁdei
1438 4753 1703 4818 fuerunt;
1752 4753 1848 4806 sed

261 4845 468 4906 propter
495 4839 835 4894 scandalum
865 4841 1091 4896 illorum
1113 4843 1208 4912 qui
1257 4842 1558 4896 veniebant
1581 4858 1616 4895 a
1645 4841 1848 4896 Jacobo

260 4927 421 4986 (erant
447 4927 614 4981 enim
643 4930 1000 4984 aemulatores
1015 4932 1175 5002 legis,
1201 4931 1295 5003 qui
1321 4938 1378 4985 et
1395 4932 1579 5000 legem
1613 4937 1671 4984 et
1693 4931 1850 4985 Chri-

259 5019 388 5068 stum
415 5033 584 5086 :equo
628 5017 757 5086 jure
816 5026 1236 5086 venerarentur,
1296 5021 1442 5092 quod
1493 5025 1687 5074 contra
1720 5019 1847 5072 fidei

259 5100 602 5174 disciplinam
625 5109 756 5175 est),
787 5109 1154 5178 praesentibus
1174 5109 1256 5162 eis
1283 5126 1395 5163 non
1417 5107 1849 5164 commisceban-

263 5195 340 5241 tur
353 5193 647 5261 gentibus.
681 5195 979 5252 Timebant
1008 5199 1159 5252 enim
1189 5199 1462 5268 impetum
1495 5197 1741 5251 audaciae
1760 5213 1850 5250 eo-

267 5293 370 5333 rum
397 5283 494 5353 qui
516 5283 940 5340 zemulabantur
958 5287 1158 5358 legem.
1178 5287 1338 5351 Quod
1358 5287 1404 5340 si
1421 5286 1603 5340 solum
1627 5285 1844 5351 fuisset,

269 5382 359 5421 non
387 5377 512 5426 erat
532 5374 1001 5444 reprehensibile,
1035 5377 1132 5430 sed
1161 5376 1220 5430 in
1261 5392 1371 5446 quo
1395 5380 1645 5428 erratum
1677 5380 1762 5428 est
1791 5375 1849 5427 in

269 5456 513 5528 subjectis
543 5465 796 5518 ostendit
819 5481 979 5518 :nam
995 5471 1062 5518 et
1080 5465 1199 5535 ipse
1220 5465 1416 5535 utique
1441 5463 1612 5518 cessit
1639 5463 1850 5516 animo-

272 5544 405 5600 sitati
421 5557 480 5602 et
502 5550 756 5607 audaciae
783 5553 1126 5619 Judeeorum,
1145 5554 1352 5607 timens
1372 5569 1442 5607 ne
1459 5569 1560 5623 per
1579 5552 1682 5605 hoc
1703 5551 1850 5622 quod

277 5631 412 5690 facile
441 5644 529 5692 est
559 5638 893 5715 subreperet
907 5643 1252 5707 scandalum,
1271 5643 1418 5714 quod
1441 5641 1667 5695 difﬁcile
1688 5640 1849 5694 seda—

1935 4665 2027 4728 rit,
2051 4669 2114 4716 ut
2142 4662 2520 4716 condemnans
2565 4659 2623 4714 in
2681 4673 2848 4712 carne
2879 4663 3190 4728 peccatum,
3235 4673 3338 4714 nos
3366 4657 3428 4712 in
3462 4675 3525 4713 se

1931 4751 2142 4806 faceret
2180 4749 2461 4821 justitiam
2515 4747 2635 4804 Dei.
2693 4748 2935 4817 Legerat
2987 4746 3184 4817 utique
3219 4747 3428 4802 Paulus
3464 4746 3524 4803 in

1932 4839 2230 4909 Evangelia
2260 4837 2561 4893 Dominum
2580 4834 2998 4908 praecipientem
3021 4835 3114 4892 :Si
3133 4841 3318 4891 autem
3341 4853 3525 4906 pecca-

1929 4931 2065 4984 verit
2089 4931 2152 4982 in
2169 4933 2216 4982 te
2231 4929 2411 4996 frater
2437 4931 2582 4990 tuus,
2609 4927 2741 4980 vade
2769 4930 2818 4978 et
2839 4927 3050 4994 corrige
3075 4941 3201 4978 eum
3230 4928 3379 4979 inter
3409 4931 3456 4979 te
3475 4931 3524 4980 et

1931 5021 2112 5088 ipsum
2131 5025 2330 5071 sctum.
2344 5015 2408 5070 Si
2423 5020 2468 5069 te
2480 5015 2747 5081 audierit,
2762 5015 3100 5082 tucrifeceris
3108 5015 3344 5080 fratrem
3361 5019 3522 5067 tuum

1933 5107 2143 5174 (Matth.
2203 5122 2346 5168 xvm,
2397 5105 2522 5157 Luc.
2568 5107 2714 5172 xvn).
2752 5103 2820 5157 Et
2869 5099 3150 5174 quomodo
3188 5116 3318 5154 cum
3347 5101 3520 5155 etiam

1931 5196 2000 5249 de
2020 5193 2267 5248 minimis
2295 5191 2564 5246 fratribus
2595 5192 2701 5246 hoc
2728 5191 3045 5246 faciendum
3062 5187 3316 5260 jusserit,
3350 5205 3522 5244 ausus

1931 5290 2023 5338 est:
2039 5283 2420 5354 apostolorum
2444 5280 2770 5346 maximum,
2793 5281 2853 5333 in
2883 5277 3162 5350 publicam
3182 5277 3383 5333 faciem
3403 5283 3522 5334 tam

1931 5371 2258 5444 procaciter,
2306 5376 2422 5424 tam
2464 5375 2788 5424 constanter
2823 5383 3079 5438 arguere,
3127 5366 3236 5422 nisi
3270 5374 3330 5422 et
3355 5367 3524 5423 Petro

1932 5462 2012 5515 sic
2029 5460 2330 5532 placuisset
2365 5459 2545 5529 argui,
2577 5464 2635 5512 et
2664 5458 2870 5512 Paulus
2897 5472 3011 5510 non
3045 5455 3098 5510 ei
3138 5456 3349 5512 faceret
3375 5457 3523 5529 inju-

1933 5550 2095 5614 riam,
2131 5550 2198 5602 de
2229 5565 2339 5619 quo
2369 5554 2499 5602 ante
2525 5547 2743 5601 dixerat
2773 5565 2784 5600 :
2832 5547 2956 5600 Veni
2981 5547 3417 5613 Hierosolymam
3444 5549 3524 5599 vi-

1933 5641 2058 5692 dere
2088 5641 2328 5700 Petrum,
2355 5642 2402 5690 et
2423 5639 2608 5690 mansi
2635 5635 2786 5706 apud
2812 5651 2934 5688 eum
2963 5635 3152 5688 diebus
3168 5634 3480 5702 quindecim
3506 5651 3522 5688 :
