  <div class='ocr_page' id='page_1' title='image "/cluster/home/n/w/nwhite01/storage/ocr_20150623/112/hvd.32044054759774/143.png"; bbox 0 0 4034 6162; ppageno 0'>
   <div class='ocr_carea' id='block_1_1' title="bbox 589 347 694 406">
    <p class='ocr_par' dir='ltr' id='par_1_1' title="bbox 589 347 694 406">
     <span class='ocr_line' id='line_1_1' title="bbox 589 347 694 406; baseline -0.01 0"><span class='ocrx_word' id='word_1_1' title='bbox 589 347 694 406; x_wconf 73' lang='grc'><strong>275</strong></span> 
     </span>
    </p>
   </div>
   <div class='ocr_carea' id='block_1_2' title="bbox 1184 344 3276 402">
    <p class='ocr_par' dir='ltr' id='par_1_2' title="bbox 1184 344 3276 402">
     <span class='ocr_line' id='line_1_2' title="bbox 1184 344 3276 402; baseline -0.001 0"><span class='ocrx_word' id='word_1_2' title='bbox 1184 349 1246 402; x_wconf 74' lang='grc' dir='ltr'><strong>Β.</strong></span> <span class='ocrx_word' id='word_1_3' title='bbox 1291 347 1562 402; x_wconf 76' lang='grc' dir='ltr'><strong>ΒΛΒΑΝῙ</strong></span> <span class='ocrx_word' id='word_1_4' title='bbox 1600 346 1831 402; x_wconf 80' lang='lat' dir='ltr'><strong>MAURI</strong></span> <span class='ocrx_word' id='word_1_5' title='bbox 1869 347 2206 402; x_wconf 82' lang='lat' dir='ltr'><strong>ARCHIEP.</strong></span> <span class='ocrx_word' id='word_1_6' title='bbox 2249 346 2573 401; x_wconf 75' lang='lat' dir='ltr'><strong>MOGUNT.</strong></span> <span class='ocrx_word' id='word_1_7' title='bbox 2617 346 2915 401; x_wconf 77' lang='lat' dir='ltr'><strong>OPERUM</strong></span> <span class='ocrx_word' id='word_1_8' title='bbox 2952 344 3136 400; x_wconf 78' lang='lat' dir='ltr'><strong>PARS</strong></span> <span class='ocrx_word' id='word_1_9' title='bbox 3176 345 3276 400; x_wconf 85' lang='lat' dir='ltr'><strong>IIl.</strong></span> 
     </span>
    </p>
   </div>
   <div class='ocr_carea' id='block_1_3' title="bbox 588 466 3858 540">
    <p class='ocr_par' dir='ltr' id='par_1_3' title="bbox 588 466 3858 540">
     <span class='ocr_line' id='line_1_3' title="bbox 588 466 3858 540; baseline -0.002 -12"><span class='ocrx_word' id='word_1_10' title='bbox 588 476 771 528; x_wconf 87' lang='lat' dir='ltr'><strong>alium</strong></span> <span class='ocrx_word' id='word_1_11' title='bbox 787 478 969 528; x_wconf 82' lang='lat' dir='ltr'><strong>autem</strong></span> <span class='ocrx_word' id='word_1_12' title='bbox 988 474 1359 540; x_wconf 69' lang='lat' dir='ltr'><strong>apostolorum</strong></span> <span class='ocrx_word' id='word_1_13' title='bbox 1380 470 1492 524; x_wconf 74' lang='lat' dir='ltr'><strong>vidi</strong></span> <span class='ocrx_word' id='word_1_14' title='bbox 1520 485 1641 522; x_wconf 72' lang='lat' dir='ltr'><strong>nem</strong></span> <span class='ocrx_word' id='word_1_15' title='bbox 1651 471 1798 523; x_wconf 74' lang='lat' dir='ltr'><strong>inem</strong></span> <span class='ocrx_word' id='word_1_16' title='bbox 1821 468 2020 531; x_wconf 72' lang='grc' dir='ltr'><strong>(σαιαι.</strong></span> <span class='ocrx_word' id='word_1_17' title='bbox 2040 471 2094 533; x_wconf 83' lang='grc' dir='ltr'><strong>ι).</strong></span> <span class='ocrx_word' id='word_1_18' title='bbox 2122 469 2186 523; x_wconf 86' lang='lat' dir='ltr'><strong>Si</strong></span> <span class='ocrx_word' id='word_1_19' title='bbox 2202 477 2249 535; x_wconf 84' lang='grc' dir='ltr'><strong>Α</strong></span> <span class='ocrx_word' id='word_1_20' title='bbox 2272 467 2423 522; x_wconf 84' lang='lat' dir='ltr'><strong>enim</strong></span> <span class='ocrx_word' id='word_1_21' title='bbox 2434 467 2593 536; x_wconf 84' lang='lat' dir='ltr'><strong>signa</strong></span> <span class='ocrx_word' id='word_1_22' title='bbox 2609 474 2743 521; x_wconf 91' lang='lat' dir='ltr'><strong>sunt</strong></span> <span class='ocrx_word' id='word_1_23' title='bbox 2752 483 2943 521; x_wconf 88' lang='lat' dir='ltr'><strong>rerum</strong></span> <span class='ocrx_word' id='word_1_24' title='bbox 2956 466 3314 539; x_wconf 75' lang='lat' dir='ltr'><strong>spiritalium.</strong></span> <span class='ocrx_word' id='word_1_25' title='bbox 3336 468 3539 523; x_wconf 81' lang='lat' dir='ltr'><strong>Mitem</strong></span> <span class='ocrx_word' id='word_1_26' title='bbox 3554 473 3806 523; x_wconf 83' lang='lat' dir='ltr'><strong>autem</strong></span> <span class='ocrx_word' id='word_1_27' title='bbox 3820 484 3858 521; x_wconf 82' lang='lat' dir='ltr'><strong>e</strong></span> 
     </span>
    </p>
   </div>
   <div class='ocr_carea' id='block_1_4' title="bbox 591 559 2189 634">
    <p class='ocr_par' dir='ltr' id='par_1_4' title="bbox 591 559 2189 634">
     <span class='ocr_line' id='line_1_4' title="bbox 591 559 2189 634; baseline -0.004 -19"><span class='ocrx_word' id='word_1_28' title='bbox 591 567 669 627; x_wconf 86' lang='lat' dir='ltr'><strong>tu,</strong></span> <span class='ocrx_word' id='word_1_29' title='bbox 702 562 906 634; x_wconf 84' lang='lat' dir='ltr'><strong>inquit,</strong></span> <span class='ocrx_word' id='word_1_30' title='bbox 933 578 1053 615; x_wconf 70' lang='lat' dir='ltr'><strong>cun;</strong></span> <span class='ocrx_word' id='word_1_31' title='bbox 1085 561 1308 612; x_wconf 64' lang='lat' dir='ltr'><strong>.Iuda’us</strong></span> <span class='ocrx_word' id='word_1_32' title='bbox 1326 561 1420 622; x_wconf 76' lang='lat' dir='ltr'><strong>sis,</strong></span> <span class='ocrx_word' id='word_1_33' title='bbox 1452 560 1735 626; x_wconf 63' lang='lat' dir='ltr'><strong>gentiliter</strong></span> <span class='ocrx_word' id='word_1_34' title='bbox 1761 562 1811 611; x_wconf 68' lang='lat' dir='ltr'><strong>et</strong></span> <span class='ocrx_word' id='word_1_35' title='bbox 1844 574 1950 610; x_wconf 83' lang='lat' dir='ltr'><strong>nrm</strong></span> <span class='ocrx_word' id='word_1_36' title='bbox 1965 559 2189 623; x_wconf 69' lang='lat' dir='ltr'><strong>judaia’</strong></span> 
     </span>
    </p>
   </div>
   <div class='ocr_carea' id='block_1_5' title="bbox 589 645 2189 721">
    <p class='ocr_par' dir='ltr' id='par_1_5' title="bbox 589 645 2189 721">
     <span class='ocr_line' id='line_1_5' title="bbox 589 645 2189 721; baseline -0.004 -17"><span class='ocrx_word' id='word_1_37' title='bbox 589 653 751 713; x_wconf 67' lang='lat' dir='ltr'><strong>vicis,</strong></span> <span class='ocrx_word' id='word_1_38' title='bbox 801 650 1066 721; x_wconf 84' lang='lat' dir='ltr'><strong>quomodo</strong></span> <span class='ocrx_word' id='word_1_39' title='bbox 1101 652 1282 715; x_wconf 73' lang='lat' dir='ltr'><strong>gentes</strong></span> <span class='ocrx_word' id='word_1_40' title='bbox 1319 649 1463 714; x_wconf 85' lang='lat' dir='ltr'><strong>cogis</strong></span> <span class='ocrx_word' id='word_1_41' title='bbox 1495 646 1836 716; x_wconf 77' lang='lat' dir='ltr'><strong>judaizare?</strong></span> <span class='ocrx_word' id='word_1_42' title='bbox 1881 645 2189 700; x_wconf 78' lang='lat' dir='ltr'><strong>Indissolu-</strong></span> 
     </span>
    </p>
   </div>
   <div class='ocr_carea' id='block_1_6' title="bbox 594 733 2185 810">
    <p class='ocr_par' dir='ltr' id='par_1_6' title="bbox 594 733 2185 810">
     <span class='ocr_line' id='line_1_6' title="bbox 594 733 2185 810; baseline -0.003 -18"><span class='ocrx_word' id='word_1_43' title='bbox 594 739 693 795; x_wconf 83' lang='lat' dir='ltr'><strong>bili</strong></span> <span class='ocrx_word' id='word_1_44' title='bbox 719 742 1054 810; x_wconf 86' lang='lat' dir='ltr'><strong>argumento</strong></span> <span class='ocrx_word' id='word_1_45' title='bbox 1075 734 1411 805; x_wconf 80' lang='lat' dir='ltr'><strong>constringit</strong></span> <span class='ocrx_word' id='word_1_46' title='bbox 1428 735 1677 798; x_wconf 88' lang='lat' dir='ltr'><strong>Petrum,</strong></span> <span class='ocrx_word' id='word_1_47' title='bbox 1699 733 1814 789; x_wconf 88' lang='lat' dir='ltr'><strong>imo</strong></span> <span class='ocrx_word' id='word_1_48' title='bbox 1839 751 1936 806; x_wconf 90' lang='lat' dir='ltr'><strong>per</strong></span> <span class='ocrx_word' id='word_1_49' title='bbox 1955 735 2185 788; x_wconf 88' lang='lat' dir='ltr'><strong>Petrum</strong></span> 
     </span>
    </p>
   </div>
   <div class='ocr_carea' id='block_1_7' title="bbox 589 822 2178 899">
    <p class='ocr_par' dir='ltr' id='par_1_7' title="bbox 589 822 2178 899">
     <span class='ocr_line' id='line_1_7' title="bbox 589 822 2178 899; baseline -0.004 -16"><span class='ocrx_word' id='word_1_50' title='bbox 589 843 687 883; x_wconf 88' lang='lat' dir='ltr'><strong>eos</strong></span> <span class='ocrx_word' id='word_1_51' title='bbox 713 827 813 898; x_wconf 90' lang='lat' dir='ltr'><strong>qui</strong></span> <span class='ocrx_word' id='word_1_52' title='bbox 857 825 1172 899; x_wconf 75' lang='lat' dir='ltr'><strong>pugnantia</strong></span> <span class='ocrx_word' id='word_1_53' title='bbox 1199 824 1359 880; x_wconf 90' lang='lat' dir='ltr'><strong>illum</strong></span> <span class='ocrx_word' id='word_1_54' title='bbox 1391 822 1542 879; x_wconf 90' lang='lat' dir='ltr'><strong>inter</strong></span> <span class='ocrx_word' id='word_1_55' title='bbox 1568 839 1629 879; x_wconf 89' lang='lat' dir='ltr'><strong>se</strong></span> <span class='ocrx_word' id='word_1_56' title='bbox 1655 822 1839 879; x_wconf 84' lang='lat' dir='ltr'><strong>facere</strong></span> <span class='ocrx_word' id='word_1_57' title='bbox 1868 822 2178 894; x_wconf 79' lang='lat' dir='ltr'><strong>cogebant:</strong></span> 
     </span>
    </p>
   </div>
   <div class='ocr_carea' id='block_1_8' title="bbox 590 911 2187 986">
    <p class='ocr_par' dir='ltr' id='par_1_8' title="bbox 590 911 2187 986">
     <span class='ocr_line' id='line_1_8' title="bbox 590 911 2187 986; baseline -0.004 -15"><span class='ocrx_word' id='word_1_58' title='bbox 590 915 670 983; x_wconf 89' lang='lat' dir='ltr'><strong>Si,</strong></span> <span class='ocrx_word' id='word_1_59' title='bbox 692 915 895 986; x_wconf 91' lang='lat' dir='ltr'><strong>inquit,</strong></span> <span class='ocrx_word' id='word_1_60' title='bbox 927 915 1113 981; x_wconf 90' lang='lat' dir='ltr'><strong>Petre,</strong></span> <span class='ocrx_word' id='word_1_61' title='bbox 1144 918 1209 969; x_wconf 89' lang='lat' dir='ltr'><strong>tu</strong></span> <span class='ocrx_word' id='word_1_62' title='bbox 1237 918 1446 968; x_wconf 87' lang='lat' dir='ltr'><strong>natura</strong></span> <span class='ocrx_word' id='word_1_63' title='bbox 1468 912 1714 979; x_wconf 73' lang='lat' dir='ltr'><strong>Iudaeus,</strong></span> <span class='ocrx_word' id='word_1_64' title='bbox 1753 911 2116 968; x_wconf 78' lang='lat' dir='ltr'><strong>circumcisus</strong></span> <span class='ocrx_word' id='word_1_65' title='bbox 2151 926 2187 964; x_wconf 91' lang='lat' dir='ltr'><strong>a</strong></span> 
     </span>
    </p>
   </div>
   <div class='ocr_carea' id='block_1_9' title="bbox 589 1001 2182 1076">
    <p class='ocr_par' dir='ltr' id='par_1_9' title="bbox 589 1001 2182 1076">
     <span class='ocr_line' id='line_1_9' title="bbox 589 1001 2182 1076; baseline -0.003 -16"><span class='ocrx_word' id='word_1_66' title='bbox 589 1018 762 1076; x_wconf 84' lang='lat' dir='ltr'><strong>parva</strong></span> <span class='ocrx_word' id='word_1_67' title='bbox 788 1008 972 1069; x_wconf 65' lang='lat' dir='ltr'><strong>aetate,</strong></span> <span class='ocrx_word' id='word_1_68' title='bbox 1004 1009 1064 1059; x_wconf 89' lang='lat' dir='ltr'><strong>et</strong></span> <span class='ocrx_word' id='word_1_69' title='bbox 1080 1002 1344 1058; x_wconf 85' lang='lat' dir='ltr'><strong>universa</strong></span> <span class='ocrx_word' id='word_1_70' title='bbox 1369 1001 1508 1072; x_wconf 83' lang='lat' dir='ltr'><strong>legis</strong></span> <span class='ocrx_word' id='word_1_71' title='bbox 1537 1006 1816 1074; x_wconf 68' lang='lat' dir='ltr'><strong>prmeepta</strong></span> <span class='ocrx_word' id='word_1_72' title='bbox 1842 1001 2182 1067; x_wconf 86' lang='lat' dir='ltr'><strong>custodiens,</strong></span> 
     </span>
    </p>
   </div>
   <div class='ocr_carea' id='block_1_10' title="bbox 591 1089 2189 1164">
    <p class='ocr_par' dir='ltr' id='par_1_10' title="bbox 591 1089 2189 1164">
     <span class='ocr_line' id='line_1_10' title="bbox 591 1089 2189 1164; baseline -0.003 -15"><span class='ocrx_word' id='word_1_73' title='bbox 591 1108 741 1149; x_wconf 85' lang='lat' dir='ltr'><strong>nunc</strong></span> <span class='ocrx_word' id='word_1_74' title='bbox 769 1092 841 1148; x_wconf 90' lang='lat' dir='ltr'><strong>ob</strong></span> <span class='ocrx_word' id='word_1_75' title='bbox 864 1092 1109 1164; x_wconf 77' lang='lat' dir='ltr'><strong>gratiam</strong></span> <span class='ocrx_word' id='word_1_76' title='bbox 1141 1090 1371 1157; x_wconf 81' lang='lat' dir='ltr'><strong>Christi,</strong></span> <span class='ocrx_word' id='word_1_77' title='bbox 1412 1090 1525 1145; x_wconf 91' lang='lat' dir='ltr'><strong>scis</strong></span> <span class='ocrx_word' id='word_1_78' title='bbox 1565 1107 1635 1145; x_wconf 90' lang='lat' dir='ltr'><strong>ea</strong></span> <span class='ocrx_word' id='word_1_79' title='bbox 1671 1089 1813 1145; x_wconf 86' lang='lat' dir='ltr'><strong>nihil</strong></span> <span class='ocrx_word' id='word_1_80' title='bbox 1854 1107 1957 1162; x_wconf 85' lang='lat' dir='ltr'><strong>per</strong></span> <span class='ocrx_word' id='word_1_81' title='bbox 1993 1107 2055 1144; x_wconf 90' lang='lat' dir='ltr'><strong>se</strong></span> <span class='ocrx_word' id='word_1_82' title='bbox 2092 1089 2189 1144; x_wconf 88' lang='lat' dir='ltr'><strong>ha-</strong></span> 
     </span>
    </p>
   </div>
   <div class='ocr_carea' id='block_1_11' title="bbox 591 1178 2188 1250">
    <p class='ocr_par' dir='ltr' id='par_1_11' title="bbox 591 1178 2188 1250">
     <span class='ocr_line' id='line_1_11' title="bbox 591 1178 2188 1250; baseline -0.004 -12"><span class='ocrx_word' id='word_1_83' title='bbox 591 1181 724 1238; x_wconf 87' lang='lat' dir='ltr'><strong>bere</strong></span> <span class='ocrx_word' id='word_1_84' title='bbox 751 1181 1033 1239; x_wconf 79' lang='lat' dir='ltr'><strong>utilitatis.</strong></span> <span class='ocrx_word' id='word_1_85' title='bbox 1066 1180 1163 1235; x_wconf 87' lang='lat' dir='ltr'><strong>sed</strong></span> <span class='ocrx_word' id='word_1_86' title='bbox 1194 1178 1537 1250; x_wconf 71' lang='lat' dir='ltr'><strong>exemplaria</strong></span> <span class='ocrx_word' id='word_1_87' title='bbox 1563 1194 1686 1234; x_wconf 86' lang='lat' dir='ltr'><strong>esse</strong></span> <span class='ocrx_word' id='word_1_88' title='bbox 1715 1185 1774 1233; x_wconf 91' lang='lat' dir='ltr'><strong>et</strong></span> <span class='ocrx_word' id='word_1_89' title='bbox 1802 1178 2076 1249; x_wconf 81' lang='lat' dir='ltr'><strong>imagines</strong></span> <span class='ocrx_word' id='word_1_90' title='bbox 2103 1178 2188 1233; x_wconf 85' lang='lat' dir='ltr'><strong>fu-</strong></span> 
     </span>
    </p>
   </div>
   <div class='ocr_carea' id='block_1_12' title="bbox 592 1266 2187 1339">
    <p class='ocr_par' dir='ltr' id='par_1_12' title="bbox 592 1266 2187 1339">
     <span class='ocr_line' id='line_1_12' title="bbox 592 1266 2187 1339; baseline -0.003 -13"><span class='ocrx_word' id='word_1_91' title='bbox 592 1278 872 1338; x_wconf 88' lang='lat' dir='ltr'><strong>turorum,</strong></span> <span class='ocrx_word' id='word_1_92' title='bbox 905 1276 964 1325; x_wconf 90' lang='lat' dir='ltr'><strong>et</strong></span> <span class='ocrx_word' id='word_1_93' title='bbox 1011 1284 1140 1325; x_wconf 89' lang='lat' dir='ltr'><strong>cum</strong></span> <span class='ocrx_word' id='word_1_94' title='bbox 1171 1269 1259 1323; x_wconf 85' lang='lat' dir='ltr'><strong>his</strong></span> <span class='ocrx_word' id='word_1_95' title='bbox 1292 1268 1389 1339; x_wconf 89' lang='lat' dir='ltr'><strong>qui</strong></span> <span class='ocrx_word' id='word_1_96' title='bbox 1420 1284 1487 1322; x_wconf 82' lang='lat' dir='ltr'><strong>ex</strong></span> <span class='ocrx_word' id='word_1_97' title='bbox 1529 1266 1792 1339; x_wconf 77' lang='lat' dir='ltr'><strong>gentibus</strong></span> <span class='ocrx_word' id='word_1_98' title='bbox 1841 1274 1974 1322; x_wconf 86' lang='lat' dir='ltr'><strong>sunt</strong></span> <span class='ocrx_word' id='word_1_99' title='bbox 2001 1267 2187 1321; x_wconf 89' lang='lat' dir='ltr'><strong>cibum</strong></span> 
     </span>
    </p>
   </div>
   <div class='ocr_carea' id='block_1_13' title="bbox 591 1354 2189 1431">
    <p class='ocr_par' dir='ltr' id='par_1_13' title="bbox 591 1354 2189 1431">
     <span class='ocr_line' id='line_1_13' title="bbox 591 1354 2189 1431; baseline -0.003 -17"><span class='ocrx_word' id='word_1_100' title='bbox 591 1360 765 1431; x_wconf 91' lang='lat' dir='ltr'><strong>capis,</strong></span> <span class='ocrx_word' id='word_1_101' title='bbox 797 1374 1155 1430; x_wconf 77' lang='lat' dir='ltr'><strong>nequaquam</strong></span> <span class='ocrx_word' id='word_1_102' title='bbox 1182 1362 1248 1412; x_wconf 89' lang='lat' dir='ltr'><strong>ut</strong></span> <span class='ocrx_word' id='word_1_103' title='bbox 1272 1362 1406 1411; x_wconf 84' lang='lat' dir='ltr'><strong>ante</strong></span> <span class='ocrx_word' id='word_1_104' title='bbox 1441 1355 1847 1427; x_wconf 89' lang='lat' dir='ltr'><strong>superstitiose,</strong></span> <span class='ocrx_word' id='word_1_105' title='bbox 1888 1355 1989 1410; x_wconf 88' lang='lat' dir='ltr'><strong>sed</strong></span> <span class='ocrx_word' id='word_1_106' title='bbox 2015 1354 2189 1410; x_wconf 86' lang='lat' dir='ltr'><strong>libere</strong></span> 
     </span>
    </p>
   </div>
   <div class='ocr_carea' id='block_1_14' title="bbox 593 1444 2190 1516">
    <p class='ocr_par' dir='ltr' id='par_1_14' title="bbox 593 1444 2190 1516">
     <span class='ocr_line' id='line_1_14' title="bbox 593 1444 2190 1516; baseline -0.003 -13"><span class='ocrx_word' id='word_1_107' title='bbox 593 1454 654 1504; x_wconf 89' lang='lat' dir='ltr'><strong>et</strong></span> <span class='ocrx_word' id='word_1_108' title='bbox 676 1448 1063 1503; x_wconf 75' lang='lat' dir='ltr'><strong>indifferenter</strong></span> <span class='ocrx_word' id='word_1_109' title='bbox 1080 1445 1360 1510; x_wconf 76' lang='lat' dir='ltr'><strong>victitans,</strong></span> <span class='ocrx_word' id='word_1_110' title='bbox 1399 1444 1680 1516; x_wconf 89' lang='lat' dir='ltr'><strong>quomodo</strong></span> <span class='ocrx_word' id='word_1_111' title='bbox 1706 1460 1820 1502; x_wconf 85' lang='lat' dir='ltr'><strong>eos.</strong></span> <span class='ocrx_word' id='word_1_112' title='bbox 1859 1445 1954 1516; x_wconf 88' lang='lat' dir='ltr'><strong>qui</strong></span> <span class='ocrx_word' id='word_1_113' title='bbox 1972 1461 2041 1498; x_wconf 81' lang='lat' dir='ltr'><strong>ex</strong></span> <span class='ocrx_word' id='word_1_114' title='bbox 2056 1461 2190 1515; x_wconf 80' lang='lat' dir='ltr'><strong>gen-</strong></span> 
     </span>
    </p>
   </div>
   <div class='ocr_carea' id='block_1_15' title="bbox 595 1533 2191 1613">
    <p class='ocr_par' dir='ltr' id='par_1_15' title="bbox 595 1533 2191 1613">
     <span class='ocr_line' id='line_1_15' title="bbox 595 1533 2191 1613; baseline -0.003 -21"><span class='ocrx_word' id='word_1_115' title='bbox 595 1536 747 1592; x_wconf 85' lang='lat' dir='ltr'><strong>tibus</strong></span> <span class='ocrx_word' id='word_1_116' title='bbox 772 1535 1134 1592; x_wconf 86' lang='lat' dir='ltr'><strong>crediderunt</strong></span> <span class='ocrx_word' id='word_1_117' title='bbox 1160 1550 1312 1590; x_wconf 90' lang='lat' dir='ltr'><strong>nunc</strong></span> <span class='ocrx_word' id='word_1_118' title='bbox 1340 1533 1607 1588; x_wconf 83' lang='lat' dir='ltr'><strong>recedens</strong></span> <span class='ocrx_word' id='word_1_119' title='bbox 1638 1533 1710 1588; x_wconf 93' lang='lat' dir='ltr'><strong>ab</strong></span> <span class='ocrx_word' id='word_1_120' title='bbox 1737 1533 1838 1600; x_wconf 90' lang='lat' dir='ltr'><strong>eis,</strong></span> <span class='ocrx_word' id='word_1_121' title='bbox 1873 1540 1932 1588; x_wconf 91' lang='lat' dir='ltr'><strong>et</strong></span> <span class='ocrx_word' id='word_1_122' title='bbox 1957 1534 2117 1613; x_wconf 71' lang='lat' dir='ltr'><strong>quasi</strong></span> <span class='ocrx_word' id='word_1_123' title='bbox 2154 1546 2191 1588; x_wconf 89' lang='lat' dir='ltr'><strong>a</strong></span> 
     </span>
    </p>
   </div>
   <div class='ocr_carea' id='block_1_16' title="bbox 592 1622 2191 1695">
    <p class='ocr_par' dir='ltr' id='par_1_16' title="bbox 592 1622 2191 1695">
     <span class='ocr_line' id='line_1_16' title="bbox 592 1622 2191 1695; baseline -0.003 -15"><span class='ocrx_word' id='word_1_124' title='bbox 592 1625 990 1680; x_wconf 83' lang='lat' dir='ltr'><strong>contaminatis</strong></span> <span class='ocrx_word' id='word_1_125' title='bbox 1025 1629 1084 1679; x_wconf 91' lang='lat' dir='ltr'><strong>te</strong></span> <span class='ocrx_word' id='word_1_126' title='bbox 1130 1639 1400 1695; x_wconf 89' lang='lat' dir='ltr'><strong>separans</strong></span> <span class='ocrx_word' id='word_1_127' title='bbox 1446 1628 1505 1676; x_wconf 91' lang='lat' dir='ltr'><strong>et</strong></span> <span class='ocrx_word' id='word_1_128' title='bbox 1541 1622 1807 1690; x_wconf 82' lang='lat' dir='ltr'><strong>secernis,</strong></span> <span class='ocrx_word' id='word_1_129' title='bbox 1841 1638 1912 1678; x_wconf 90' lang='lat' dir='ltr'><strong>en</strong></span> <span class='ocrx_word' id='word_1_130' title='bbox 1951 1623 2191 1694; x_wconf 85' lang='lat' dir='ltr'><strong>compel-</strong></span> 
     </span>
    </p>
   </div>
   <div class='ocr_carea' id='block_1_17' title="bbox 596 1710 2191 1801">
    <p class='ocr_par' dir='ltr' id='par_1_17' title="bbox 596 1710 2191 1801">
     <span class='ocr_line' id='line_1_17' title="bbox 596 1710 2191 1801; baseline -0.001 -33"><span class='ocrx_word' id='word_1_131' title='bbox 596 1714 667 1801; x_wconf 50' lang='lat' dir='ltr'><strong>li\s</strong></span> <span class='ocrx_word' id='word_1_132' title='bbox 714 1713 1006 1786; x_wconf 84' lang='lat' dir='ltr'><strong>judaizare</strong></span> <span class='ocrx_word' id='word_1_133' title='bbox 1035 1712 1060 1766; x_wconf 83' lang='lat'><strong>?</strong></span> <span class='ocrx_word' id='word_1_134' title='bbox 1089 1713 1149 1768; x_wconf 90' lang='lat' dir='ltr'><strong>Si</strong></span> <span class='ocrx_word' id='word_1_135' title='bbox 1197 1711 1349 1766; x_wconf 88' lang='lat' dir='ltr'><strong>enim</strong></span> <span class='ocrx_word' id='word_1_136' title='bbox 1403 1710 1683 1766; x_wconf 87' lang='lat' dir='ltr'><strong>immundi</strong></span> <span class='ocrx_word' id='word_1_137' title='bbox 1729 1716 1863 1766; x_wconf 91' lang='lat' dir='ltr'><strong>sunt</strong></span> <span class='ocrx_word' id='word_1_138' title='bbox 1909 1728 1945 1765; x_wconf 91' lang='lat' dir='ltr'><strong>a</strong></span> <span class='ocrx_word' id='word_1_139' title='bbox 1989 1711 2191 1782; x_wconf 86' lang='lat' dir='ltr'><strong>quibus</strong></span> 
     </span>
    </p>
   </div>
   <div class='ocr_carea' id='block_1_18' title="bbox 2270 554 3857 626">
    <p class='ocr_par' dir='ltr' id='par_1_18' title="bbox 2270 554 3857 626">
     <span class='ocr_line' id='line_1_18' title="bbox 2270 554 3857 626; baseline 0.001 -19"><span class='ocrx_word' id='word_1_140' title='bbox 2270 561 2326 609; x_wconf 78' lang='lat' dir='ltr'><strong>et</strong></span> <span class='ocrx_word' id='word_1_141' title='bbox 2353 555 2623 609; x_wconf 84' lang='lat' dir='ltr'><strong>humilem</strong></span> <span class='ocrx_word' id='word_1_142' title='bbox 2651 554 2942 608; x_wconf 85' lang='lat' dir='ltr'><strong>charitatis</strong></span> <span class='ocrx_word' id='word_1_143' title='bbox 2969 561 3437 617; x_wconf 84' lang='lat' dir='ltr'><strong>conservatorem,</strong></span> <span class='ocrx_word' id='word_1_144' title='bbox 3470 572 3577 609; x_wconf 88' lang='lat' dir='ltr'><strong>res</strong></span> <span class='ocrx_word' id='word_1_145' title='bbox 3616 555 3790 626; x_wconf 69' lang='lat' dir='ltr'><strong>ipsa:</strong></span> <span class='ocrx_word' id='word_1_146' title='bbox 3822 575 3857 609; x_wconf 72' lang='grc' dir='ltr'><em>ε</em></span> 
     </span>
    </p>
   </div>
   <div class='ocr_carea' id='block_1_19' title="bbox 2270 643 3858 715">
    <p class='ocr_par' dir='ltr' id='par_1_19' title="bbox 2270 643 3858 715">
     <span class='ocr_line' id='line_1_19' title="bbox 2270 643 3858 715; baseline 0.001 -18"><span class='ocrx_word' id='word_1_147' title='bbox 2270 643 2464 698; x_wconf 88' lang='lat' dir='ltr'><strong>ritales</strong></span> <span class='ocrx_word' id='word_1_148' title='bbox 2491 649 2643 710; x_wconf 87' lang='lat' dir='ltr'><strong>sunt,</strong></span> <span class='ocrx_word' id='word_1_149' title='bbox 2677 643 2748 697; x_wconf 89' lang='lat' dir='ltr'><strong>ad</strong></span> <span class='ocrx_word' id='word_1_150' title='bbox 2777 660 2918 714; x_wconf 87' lang='lat' dir='ltr'><strong>quas</strong></span> <span class='ocrx_word' id='word_1_151' title='bbox 2944 660 3046 715; x_wconf 89' lang='lat' dir='ltr'><strong>per</strong></span> <span class='ocrx_word' id='word_1_152' title='bbox 3072 644 3173 698; x_wconf 88' lang='lat' dir='ltr'><strong>illa</strong></span> <span class='ocrx_word' id='word_1_153' title='bbox 3203 644 3512 709; x_wconf 87' lang='lat' dir='ltr'><strong>ducuntur,</strong></span> <span class='ocrx_word' id='word_1_154' title='bbox 3554 644 3704 715; x_wconf 86' lang='lat' dir='ltr'><strong>qui,</strong></span> <span class='ocrx_word' id='word_1_155' title='bbox 3748 662 3858 698; x_wconf 77' lang='lat' dir='ltr'><strong>om</strong></span> 
     </span>
    </p>
   </div>
   <div class='ocr_carea' id='block_1_20' title="bbox 2268 732 3858 804">
    <p class='ocr_par' dir='ltr' id='par_1_20' title="bbox 2268 732 3858 804">
     <span class='ocr_line' id='line_1_20' title="bbox 2268 732 3858 804; baseline 0 -18"><span class='ocrx_word' id='word_1_156' title='bbox 2268 733 2517 803; x_wconf 87' lang='lat' dir='ltr'><strong>corporis</strong></span> <span class='ocrx_word' id='word_1_157' title='bbox 2542 732 2738 799; x_wconf 90' lang='lat' dir='ltr'><strong>dediti,</strong></span> <span class='ocrx_word' id='word_1_158' title='bbox 2772 733 2943 787; x_wconf 84' lang='lat' dir='ltr'><strong>ﬁdem</strong></span> <span class='ocrx_word' id='word_1_159' title='bbox 2970 732 3356 800; x_wconf 61' lang='lat' dir='ltr'><strong>inﬂisibilium,</strong></span> <span class='ocrx_word' id='word_1_160' title='bbox 3382 732 3526 804; x_wconf 86' lang='lat' dir='ltr'><strong>quia</strong></span> <span class='ocrx_word' id='word_1_161' title='bbox 3532 733 3687 803; x_wconf 84' lang='lat' dir='ltr'><strong>jam</strong></span> <span class='ocrx_word' id='word_1_162' title='bbox 3714 733 3805 787; x_wconf 87' lang='lat' dir='ltr'><strong>de</strong></span> <span class='ocrx_word' id='word_1_163' title='bbox 3840 750 3858 786; x_wconf 83' lang='grc' dir='ltr'><strong><em>ι</em></strong></span> 
     </span>
    </p>
   </div>
   <div class='ocr_carea' id='block_1_21' title="bbox 2267 821 3858 893">
    <p class='ocr_par' dir='ltr' id='par_1_21' title="bbox 2267 821 3858 893">
     <span class='ocr_line' id='line_1_21' title="bbox 2267 821 3858 893; baseline -0.001 -17"><span class='ocrx_word' id='word_1_164' title='bbox 2267 821 2341 877; x_wconf 88' lang='lat' dir='ltr'><strong>tis</strong></span> <span class='ocrx_word' id='word_1_165' title='bbox 2386 821 2722 892; x_wconf 79' lang='lat' dir='ltr'><strong>usitatisque</strong></span> <span class='ocrx_word' id='word_1_166' title='bbox 2762 837 2875 876; x_wconf 91' lang='lat' dir='ltr'><strong>non</strong></span> <span class='ocrx_word' id='word_1_167' title='bbox 2922 828 3178 893; x_wconf 86' lang='lat' dir='ltr'><strong>possunt,</strong></span> <span class='ocrx_word' id='word_1_168' title='bbox 3219 822 3290 877; x_wconf 88' lang='lat' dir='ltr'><strong>de</strong></span> <span class='ocrx_word' id='word_1_169' title='bbox 3334 821 3498 877; x_wconf 85' lang='lat' dir='ltr'><strong>novis</strong></span> <span class='ocrx_word' id='word_1_170' title='bbox 3531 827 3604 877; x_wconf 79' lang='lat' dir='ltr'><strong>et</strong></span> <span class='ocrx_word' id='word_1_171' title='bbox 3648 836 3858 893; x_wconf 68' lang='lat' dir='ltr'><strong>reperi</strong></span> 
     </span>
    </p>
   </div>
   <div class='ocr_carea' id='block_1_22' title="bbox 2267 909 3858 982">
    <p class='ocr_par' dir='ltr' id='par_1_22' title="bbox 2267 909 3858 982">
     <span class='ocr_line' id='line_1_22' title="bbox 2267 909 3858 982; baseline -0.001 -17"><span class='ocrx_word' id='word_1_172' title='bbox 2267 910 2356 965; x_wconf 90' lang='lat' dir='ltr'><strong>nis</strong></span> <span class='ocrx_word' id='word_1_173' title='bbox 2387 909 2697 967; x_wconf 83' lang='lat' dir='ltr'><strong>visibilibus</strong></span> <span class='ocrx_word' id='word_1_174' title='bbox 2726 917 3009 982; x_wconf 66' lang='lat' dir='ltr'><strong>quaerunt.</strong></span> <span class='ocrx_word' id='word_1_175' title='bbox 3035 911 3095 966; x_wconf 89' lang='lat' dir='ltr'><strong>Si</strong></span> <span class='ocrx_word' id='word_1_176' title='bbox 3122 927 3258 982; x_wconf 88' lang='lat' dir='ltr'><strong>ergo</strong></span> <span class='ocrx_word' id='word_1_177' title='bbox 3288 915 3347 965; x_wconf 88' lang='lat' dir='ltr'><strong>et</strong></span> <span class='ocrx_word' id='word_1_178' title='bbox 3373 911 3456 965; x_wconf 90' lang='lat' dir='ltr'><strong>illi</strong></span> <span class='ocrx_word' id='word_1_179' title='bbox 3477 910 3593 982; x_wconf 88' lang='lat' dir='ltr'><strong>qui</strong></span> <span class='ocrx_word' id='word_1_180' title='bbox 3618 910 3858 982; x_wconf 68' lang='lat' dir='ltr'><strong>cog-ehi</strong></span> 
     </span>
    </p>
   </div>
   <div class='ocr_carea' id='block_1_23' title="bbox 2267 998 3855 1070">
    <p class='ocr_par' dir='ltr' id='par_1_23' title="bbox 2267 998 3855 1070">
     <span class='ocr_line' id='line_1_23' title="bbox 2267 998 3855 1070; baseline 0 -17"><span class='ocrx_word' id='word_1_181' title='bbox 2267 1004 2466 1069; x_wconf 82' lang='lat' dir='ltr'><strong>gentes</strong></span> <span class='ocrx_word' id='word_1_182' title='bbox 2485 998 2794 1070; x_wconf 79' lang='lat' dir='ltr'><strong>judaizare,</strong></span> <span class='ocrx_word' id='word_1_183' title='bbox 2834 999 3164 1055; x_wconf 82' lang='lat' dir='ltr'><strong>didicissent</strong></span> <span class='ocrx_word' id='word_1_184' title='bbox 3188 999 3356 1054; x_wconf 87' lang='lat' dir='ltr'><strong>mites</strong></span> <span class='ocrx_word' id='word_1_185' title='bbox 3386 1015 3513 1055; x_wconf 90' lang='lat' dir='ltr'><strong>esse</strong></span> <span class='ocrx_word' id='word_1_186' title='bbox 3550 1005 3624 1055; x_wconf 86' lang='lat' dir='ltr'><strong>et</strong></span> <span class='ocrx_word' id='word_1_187' title='bbox 3660 1000 3855 1055; x_wconf 87' lang='lat' dir='ltr'><strong>humi</strong></span> 
     </span>
    </p>
   </div>
   <div class='ocr_carea' id='block_1_24' title="bbox 2269 1087 3858 1159">
    <p class='ocr_par' dir='ltr' id='par_1_24' title="bbox 2269 1087 3858 1159">
     <span class='ocr_line' id='line_1_24' title="bbox 2269 1087 3858 1159; baseline -0.002 -17"><span class='ocrx_word' id='word_1_188' title='bbox 2269 1087 2455 1154; x_wconf 89' lang='lat' dir='ltr'><strong>corde,</strong></span> <span class='ocrx_word' id='word_1_189' title='bbox 2486 1087 2633 1159; x_wconf 90' lang='lat' dir='ltr'><strong>quod</strong></span> <span class='ocrx_word' id='word_1_190' title='bbox 2662 1087 2948 1143; x_wconf 88' lang='lat' dir='ltr'><strong>aDomino</strong></span> <span class='ocrx_word' id='word_1_191' title='bbox 2978 1089 3178 1143; x_wconf 87' lang='lat' dir='ltr'><strong>Petrus</strong></span> <span class='ocrx_word' id='word_1_192' title='bbox 3197 1088 3492 1152; x_wconf 83' lang='lat' dir='ltr'><strong>didicerat,</strong></span> <span class='ocrx_word' id='word_1_193' title='bbox 3518 1089 3763 1143; x_wconf 80' lang='lat' dir='ltr'><strong>saltem</strong></span> <span class='ocrx_word' id='word_1_194' title='bbox 3809 1106 3858 1142; x_wconf 66' lang='grc' dir='ltr'><strong>οι</strong></span> 
     </span>
    </p>
   </div>
   <div class='ocr_carea' id='block_1_25' title="bbox 2270 1176 3858 1248">
    <p class='ocr_par' dir='ltr' id='par_1_25' title="bbox 2270 1176 3858 1248">
     <span class='ocr_line' id='line_1_25' title="bbox 2270 1176 3858 1248; baseline 0 -19"><span class='ocrx_word' id='word_1_195' title='bbox 2270 1183 2422 1230; x_wconf 90' lang='lat' dir='ltr'><strong>recto</strong></span> <span class='ocrx_word' id='word_1_196' title='bbox 2450 1181 2610 1230; x_wconf 82' lang='lat' dir='ltr'><strong>tanto</strong></span> <span class='ocrx_word' id='word_1_197' title='bbox 2631 1176 2748 1230; x_wconf 82' lang='lat' dir='ltr'><strong>viro</strong></span> <span class='ocrx_word' id='word_1_198' title='bbox 2778 1176 2850 1231; x_wconf 87' lang='lat' dir='ltr'><strong>ad</strong></span> <span class='ocrx_word' id='word_1_199' title='bbox 2880 1176 3217 1232; x_wconf 88' lang='lat' dir='ltr'><strong>imitandum</strong></span> <span class='ocrx_word' id='word_1_200' title='bbox 3247 1177 3673 1241; x_wconf 78' lang='lat' dir='ltr'><strong>invitarentur,</strong></span> <span class='ocrx_word' id='word_1_201' title='bbox 3714 1193 3858 1248; x_wconf 82' lang='lat' dir='ltr'><strong>nep</strong></span> 
     </span>
    </p>
   </div>
   <div class='ocr_carea' id='block_1_26' title="bbox 2270 1265 3858 1337">
    <p class='ocr_par' dir='ltr' id='par_1_26' title="bbox 2270 1265 3858 1337">
     <span class='ocr_line' id='line_1_26' title="bbox 2270 1265 3858 1337; baseline 0 -18"><span class='ocrx_word' id='word_1_202' title='bbox 2270 1270 2458 1319; x_wconf 86' lang='lat' dir='ltr'><strong>tarent</strong></span> <span class='ocrx_word' id='word_1_203' title='bbox 2488 1265 2851 1334; x_wconf 84' lang='lat' dir='ltr'><strong>Evangelium</strong></span> <span class='ocrx_word' id='word_1_204' title='bbox 2871 1265 3079 1320; x_wconf 85' lang='lat' dir='ltr'><strong>Christi</strong></span> <span class='ocrx_word' id='word_1_205' title='bbox 3091 1265 3328 1336; x_wconf 56' lang='lat' dir='ltr'><strong>justitiai</strong></span> <span class='ocrx_word' id='word_1_206' title='bbox 3346 1281 3466 1320; x_wconf 71' lang='lat' dir='ltr'><strong>suae</strong></span> <span class='ocrx_word' id='word_1_207' title='bbox 3481 1271 3807 1337; x_wconf 78' lang='lat' dir='ltr'><strong>tanquam</strong></span> <span class='ocrx_word' id='word_1_208' title='bbox 3836 1284 3858 1319; x_wconf 74' lang='grc' dir='ltr'>ε</span> 
     </span>
    </p>
   </div>
   <div class='ocr_carea' id='block_1_27' title="bbox 2270 1353 3858 1426">
    <p class='ocr_par' dir='ltr' id='par_1_27' title="bbox 2270 1353 3858 1426">
     <span class='ocr_line' id='line_1_27' title="bbox 2270 1353 3858 1426; baseline 0.001 -20"><span class='ocrx_word' id='word_1_209' title='bbox 2270 1353 2449 1408; x_wconf 88' lang='lat' dir='ltr'><strong>bitum</strong></span> <span class='ocrx_word' id='word_1_210' title='bbox 2478 1353 2762 1408; x_wconf 87' lang='lat' dir='ltr'><strong>redditum</strong></span> <span class='ocrx_word' id='word_1_211' title='bbox 2799 1370 2810 1406; x_wconf 88' lang='lat'><strong>:</strong></span> <span class='ocrx_word' id='word_1_212' title='bbox 2843 1353 2941 1408; x_wconf 90' lang='lat' dir='ltr'><strong>sed</strong></span> <span class='ocrx_word' id='word_1_213' title='bbox 2969 1354 3210 1409; x_wconf 87' lang='lat' dir='ltr'><strong>scientes</strong></span> <span class='ocrx_word' id='word_1_214' title='bbox 3225 1354 3495 1426; x_wconf 82' lang='lat' dir='ltr'><strong>quoniam</strong></span> <span class='ocrx_word' id='word_1_215' title='bbox 3527 1370 3663 1408; x_wconf 89' lang='lat' dir='ltr'><strong>non</strong></span> <span class='ocrx_word' id='word_1_216' title='bbox 3693 1355 3858 1425; x_wconf 78' lang='lat' dir='ltr'><strong>justi</strong></span> 
     </span>
    </p>
   </div>
   <div class='ocr_carea' id='block_1_28' title="bbox 2271 1441 3857 1514">
    <p class='ocr_par' dir='ltr' id='par_1_28' title="bbox 2271 1441 3857 1514">
     <span class='ocr_line' id='line_1_28' title="bbox 2271 1441 3857 1514; baseline -0.001 -19"><span class='ocrx_word' id='word_1_217' title='bbox 2271 1446 2433 1496; x_wconf 88' lang='lat' dir='ltr'><strong>catur</strong></span> <span class='ocrx_word' id='word_1_218' title='bbox 2463 1442 2631 1496; x_wconf 87' lang='lat' dir='ltr'><strong>homo</strong></span> <span class='ocrx_word' id='word_1_219' title='bbox 2660 1459 2726 1496; x_wconf 83' lang='lat' dir='ltr'><strong>ex</strong></span> <span class='ocrx_word' id='word_1_220' title='bbox 2744 1441 3010 1514; x_wconf 87' lang='lat' dir='ltr'><strong>operibus</strong></span> <span class='ocrx_word' id='word_1_221' title='bbox 3029 1442 3186 1512; x_wconf 86' lang='lat' dir='ltr'><strong>legis,</strong></span> <span class='ocrx_word' id='word_1_222' title='bbox 3213 1442 3323 1497; x_wconf 92' lang='lat' dir='ltr'><strong>nisi</strong></span> <span class='ocrx_word' id='word_1_223' title='bbox 3339 1459 3440 1514; x_wconf 89' lang='lat' dir='ltr'><strong>per</strong></span> <span class='ocrx_word' id='word_1_224' title='bbox 3460 1443 3655 1498; x_wconf 76' lang='lat' dir='ltr'><strong>fidem</strong></span> <span class='ocrx_word' id='word_1_225' title='bbox 3690 1443 3857 1497; x_wconf 49' lang='lat' dir='ltr'><strong>Chri:</strong></span> 
     </span>
    </p>
   </div>
   <div class='ocr_carea' id='block_1_29' title="bbox 2270 1531 3858 1602">
    <p class='ocr_par' dir='ltr' id='par_1_29' title="bbox 2270 1531 3858 1602">
     <span class='ocr_line' id='line_1_29' title="bbox 2270 1531 3858 1602; baseline 0 -17"><span class='ocrx_word' id='word_1_226' title='bbox 2270 1531 2423 1595; x_wconf 86' lang='lat' dir='ltr'><strong>Jesu,</strong></span> <span class='ocrx_word' id='word_1_227' title='bbox 2446 1536 2511 1585; x_wconf 87' lang='lat' dir='ltr'><strong>ut</strong></span> <span class='ocrx_word' id='word_1_228' title='bbox 2526 1531 2761 1602; x_wconf 85' lang='lat' dir='ltr'><strong>impleat</strong></span> <span class='ocrx_word' id='word_1_229' title='bbox 2771 1547 2943 1602; x_wconf 86' lang='lat' dir='ltr'><strong>opera</strong></span> <span class='ocrx_word' id='word_1_230' title='bbox 2967 1531 3126 1602; x_wconf 82' lang='lat' dir='ltr'><strong>legis,</strong></span> <span class='ocrx_word' id='word_1_231' title='bbox 3153 1531 3457 1602; x_wconf 87' lang='lat' dir='ltr'><strong>adjuvante</strong></span> <span class='ocrx_word' id='word_1_232' title='bbox 3480 1531 3858 1586; x_wconf 81' lang='lat' dir='ltr'><strong>inﬁrmitate</strong></span> 
     </span>
    </p>
   </div>
   <div class='ocr_carea' id='block_1_30' title="bbox 2271 1619 3858 1691">
    <p class='ocr_par' dir='ltr' id='par_1_30' title="bbox 2271 1619 3858 1691">
     <span class='ocr_line' id='line_1_30' title="bbox 2271 1619 3858 1691; baseline 0 -17"><span class='ocrx_word' id='word_1_233' title='bbox 2271 1635 2453 1686; x_wconf 87' lang='lat' dir='ltr'><strong>suam,</strong></span> <span class='ocrx_word' id='word_1_234' title='bbox 2486 1636 2599 1674; x_wconf 92' lang='lat' dir='ltr'><strong>non</strong></span> <span class='ocrx_word' id='word_1_235' title='bbox 2620 1619 2824 1674; x_wconf 90' lang='lat' dir='ltr'><strong>merito</strong></span> <span class='ocrx_word' id='word_1_236' title='bbox 2849 1636 2972 1686; x_wconf 90' lang='lat' dir='ltr'><strong>suo,</strong></span> <span class='ocrx_word' id='word_1_237' title='bbox 3011 1621 3111 1674; x_wconf 90' lang='lat' dir='ltr'><strong>sed</strong></span> <span class='ocrx_word' id='word_1_238' title='bbox 3152 1620 3342 1690; x_wconf 84' lang='lat' dir='ltr'><strong>gratia</strong></span> <span class='ocrx_word' id='word_1_239' title='bbox 3368 1620 3492 1688; x_wconf 90' lang='lat' dir='ltr'><strong>Dei,</strong></span> <span class='ocrx_word' id='word_1_240' title='bbox 3546 1636 3680 1675; x_wconf 88' lang='lat' dir='ltr'><strong>non</strong></span> <span class='ocrx_word' id='word_1_241' title='bbox 3711 1620 3858 1691; x_wconf 84' lang='lat' dir='ltr'><strong>exig</strong></span> 
     </span>
    </p>
   </div>
   <div class='ocr_carea' id='block_1_31' title="bbox 2272 1707 3858 1780">
    <p class='ocr_par' dir='ltr' id='par_1_31' title="bbox 2272 1707 3858 1780">
     <span class='ocr_line' id='line_1_31' title="bbox 2272 1707 3858 1780; baseline 0.001 -18"><span class='ocrx_word' id='word_1_242' title='bbox 2272 1715 2400 1763; x_wconf 91' lang='lat' dir='ltr'><strong>rent</strong></span> <span class='ocrx_word' id='word_1_243' title='bbox 2425 1709 2494 1763; x_wconf 90' lang='lat' dir='ltr'><strong>de</strong></span> <span class='ocrx_word' id='word_1_244' title='bbox 2515 1707 2782 1780; x_wconf 85' lang='lat' dir='ltr'><strong>gentibus</strong></span> <span class='ocrx_word' id='word_1_245' title='bbox 2826 1708 3081 1763; x_wconf 87' lang='lat' dir='ltr'><strong>carnales</strong></span> <span class='ocrx_word' id='word_1_246' title='bbox 3129 1708 3269 1779; x_wconf 88' lang='lat' dir='ltr'><strong>legis</strong></span> <span class='ocrx_word' id='word_1_247' title='bbox 3303 1707 3779 1775; x_wconf 82' lang='lat' dir='ltr'><strong>observationes,</strong></span> <span class='ocrx_word' id='word_1_248' title='bbox 3817 1727 3858 1763; x_wconf 68' lang='grc' dir='ltr'><strong>δε</strong></span> 
     </span>
    </p>
   </div>
   <div class='ocr_carea' id='block_1_32' title="bbox 597 1794 3854 1871">
    <p class='ocr_par' dir='ltr' id='par_1_32' title="bbox 597 1794 3854 1871">
     <span class='ocr_line' id='line_1_32' title="bbox 597 1794 3854 1871; baseline -0.002 -14"><span class='ocrx_word' id='word_1_249' title='bbox 597 1794 832 1869; x_wconf 81' lang='lat' dir='ltr'><strong>recedis,</strong></span> <span class='ocrx_word' id='word_1_250' title='bbox 852 1801 1058 1857; x_wconf 90' lang='lat' dir='ltr'><strong>idcirco</strong></span> <span class='ocrx_word' id='word_1_251' title='bbox 1086 1805 1277 1857; x_wconf 89' lang='lat' dir='ltr'><strong>autem</strong></span> <span class='ocrx_word' id='word_1_252' title='bbox 1305 1800 1522 1855; x_wconf 87' lang='lat' dir='ltr'><strong>recedis</strong></span> <span class='ocrx_word' id='word_1_253' title='bbox 1541 1799 1677 1871; x_wconf 87' lang='lat' dir='ltr'><strong>quia</strong></span> <span class='ocrx_word' id='word_1_254' title='bbox 1701 1816 1815 1855; x_wconf 89' lang='lat' dir='ltr'><strong>non</strong></span> <span class='ocrx_word' id='word_1_255' title='bbox 1844 1799 2055 1855; x_wconf 86' lang='lat' dir='ltr'><strong>habent</strong></span> <span class='ocrx_word' id='word_1_256' title='bbox 2080 1799 2192 1854; x_wconf 88' lang='lat' dir='ltr'><strong>cir-</strong></span> <span class='ocrx_word' id='word_1_257' title='bbox 2210 1794 2257 1854; x_wconf 90' lang='lat' dir='ltr'><strong>B</strong></span> <span class='ocrx_word' id='word_1_258' title='bbox 2276 1814 2376 1868; x_wconf 88' lang='lat' dir='ltr'><strong>per</strong></span> <span class='ocrx_word' id='word_1_259' title='bbox 2404 1796 2584 1868; x_wconf 89' lang='lat' dir='ltr'><strong>ipsam</strong></span> <span class='ocrx_word' id='word_1_260' title='bbox 2618 1796 2865 1867; x_wconf 86' lang='lat' dir='ltr'><strong>gratiam</strong></span> <span class='ocrx_word' id='word_1_261' title='bbox 2896 1797 3046 1864; x_wconf 84' lang='lat' dir='ltr'><strong>ﬁdei,</strong></span> <span class='ocrx_word' id='word_1_262' title='bbox 3088 1797 3366 1869; x_wconf 87' lang='lat' dir='ltr'><strong>spiritalia</strong></span> <span class='ocrx_word' id='word_1_263' title='bbox 3392 1814 3574 1870; x_wconf 90' lang='lat' dir='ltr'><strong>opera</strong></span> <span class='ocrx_word' id='word_1_264' title='bbox 3608 1798 3771 1868; x_wconf 89' lang='lat' dir='ltr'><strong>legis</strong></span> <span class='ocrx_word' id='word_1_265' title='bbox 3817 1815 3854 1851; x_wconf 90' lang='lat' dir='ltr'><strong>e</strong></span> 
     </span>
    </p>
   </div>
   <div class='ocr_carea' id='block_1_33' title="bbox 597 1885 3858 1961">
    <p class='ocr_par' dir='ltr' id='par_1_33' title="bbox 597 1885 3858 1961">
     <span class='ocr_line' id='line_1_33' title="bbox 597 1885 3858 1961; baseline -0.002 -15"><span class='ocrx_word' id='word_1_266' title='bbox 597 1891 1018 1956; x_wconf 88' lang='lat' dir='ltr'><strong>cumcisionem,</strong></span> <span class='ocrx_word' id='word_1_267' title='bbox 1059 1889 1348 1961; x_wconf 88' lang='lat' dir='ltr'><strong>compellis</strong></span> <span class='ocrx_word' id='word_1_268' title='bbox 1393 1906 1489 1945; x_wconf 87' lang='lat' dir='ltr'><strong>eos</strong></span> <span class='ocrx_word' id='word_1_269' title='bbox 1527 1889 1851 1944; x_wconf 90' lang='lat' dir='ltr'><strong>circumcidi</strong></span> <span class='ocrx_word' id='word_1_270' title='bbox 1882 1894 1940 1944; x_wconf 90' lang='lat' dir='ltr'><strong>et</strong></span> <span class='ocrx_word' id='word_1_271' title='bbox 1971 1889 2193 1944; x_wconf 65' lang='lat' dir='ltr'><strong>Judmos</strong></span> <span class='ocrx_word' id='word_1_272' title='bbox 2272 1885 2506 1958; x_wconf 89' lang='lat' dir='ltr'><strong>implere</strong></span> <span class='ocrx_word' id='word_1_273' title='bbox 2525 1902 2688 1957; x_wconf 87' lang='lat' dir='ltr'><strong>posse</strong></span> <span class='ocrx_word' id='word_1_274' title='bbox 2718 1892 3156 1956; x_wconf 88' lang='lat' dir='ltr'><strong>cognoscerent:</strong></span> <span class='ocrx_word' id='word_1_275' title='bbox 3197 1886 3329 1957; x_wconf 84' lang='lat' dir='ltr'><strong>quia</strong></span> <span class='ocrx_word' id='word_1_276' title='bbox 3357 1903 3422 1940; x_wconf 69' lang='lat' dir='ltr'><strong>ea:</strong></span> <span class='ocrx_word' id='word_1_277' title='bbox 3459 1888 3740 1956; x_wconf 77' lang='lat' dir='ltr'><strong>operibus</strong></span> <span class='ocrx_word' id='word_1_278' title='bbox 3773 1891 3858 1953; x_wconf 69' lang='lat' dir='ltr'><strong>leg</strong></span> 
     </span>
    </p>
   </div>
   <div class='ocr_carea' id='block_1_34' title="bbox 596 1973 3858 2051">
    <p class='ocr_par' dir='ltr' id='par_1_34' title="bbox 596 1973 3858 2051">
     <span class='ocr_line' id='line_1_34' title="bbox 596 1973 3858 2051; baseline -0.002 -17"><span class='ocrx_word' id='word_1_279' title='bbox 596 1980 740 2045; x_wconf 85' lang='lat' dir='ltr'><strong>ﬁeri,</strong></span> <span class='ocrx_word' id='word_1_280' title='bbox 762 1996 891 2035; x_wconf 90' lang='lat' dir='ltr'><strong>cum</strong></span> <span class='ocrx_word' id='word_1_281' title='bbox 909 1984 974 2035; x_wconf 90' lang='lat' dir='ltr'><strong>tu</strong></span> <span class='ocrx_word' id='word_1_282' title='bbox 992 1979 1113 2051; x_wconf 87' lang='lat' dir='ltr'><strong>ipse</strong></span> <span class='ocrx_word' id='word_1_283' title='bbox 1130 1979 1534 2034; x_wconf 72' lang='lat' dir='ltr'><strong>natusJudaeus</strong></span> <span class='ocrx_word' id='word_1_284' title='bbox 1552 1977 1842 2048; x_wconf 88' lang='lat' dir='ltr'><strong>gentiliter</strong></span> <span class='ocrx_word' id='word_1_285' title='bbox 1868 1978 2090 2032; x_wconf 82' lang='lat' dir='ltr'><strong>vixeris.</strong></span> <span class='ocrx_word' id='word_1_286' title='bbox 2127 1977 2197 2032; x_wconf 89' lang='lat' dir='ltr'><strong>Et</strong></span> <span class='ocrx_word' id='word_1_287' title='bbox 2275 1991 2402 2030; x_wconf 90' lang='lat' dir='ltr'><strong>cum</strong></span> <span class='ocrx_word' id='word_1_288' title='bbox 2421 1975 2540 2029; x_wconf 90' lang='lat' dir='ltr'><strong>suis</strong></span> <span class='ocrx_word' id='word_1_289' title='bbox 2558 1973 2772 2030; x_wconf 89' lang='lat' dir='ltr'><strong>viribus</strong></span> <span class='ocrx_word' id='word_1_290' title='bbox 2803 1989 2871 2029; x_wconf 91' lang='lat' dir='ltr'><strong>ea</strong></span> <span class='ocrx_word' id='word_1_291' title='bbox 2899 1975 3136 2046; x_wconf 89' lang='lat' dir='ltr'><strong>quisque</strong></span> <span class='ocrx_word' id='word_1_292' title='bbox 3155 1974 3373 2040; x_wconf 88' lang='lat' dir='ltr'><strong>tribuit,</strong></span> <span class='ocrx_word' id='word_1_293' title='bbox 3405 1991 3521 2030; x_wconf 93' lang='lat' dir='ltr'><strong>non</strong></span> <span class='ocrx_word' id='word_1_294' title='bbox 3554 1975 3778 2044; x_wconf 70' lang='lat' dir='ltr'><strong>gratia:</strong></span> <span class='ocrx_word' id='word_1_295' title='bbox 3795 1992 3858 2029; x_wconf 89' lang='lat' dir='ltr'><strong>m</strong></span> 
     </span>
    </p>
   </div>
   <div class='ocr_carea' id='block_1_35' title="bbox 600 2063 3858 2138">
    <p class='ocr_par' dir='ltr' id='par_1_35' title="bbox 600 2063 3858 2138">
     <span class='ocr_line' id='line_1_35' title="bbox 600 2063 3858 2138; baseline -0.001 -16"><span class='ocrx_word' id='word_1_296' title='bbox 600 2069 845 2124; x_wconf 87' lang='lat' dir='ltr'><strong>latenter</strong></span> <span class='ocrx_word' id='word_1_297' title='bbox 872 2067 1120 2123; x_wconf 89' lang='lat' dir='ltr'><strong>ostendit</strong></span> <span class='ocrx_word' id='word_1_298' title='bbox 1147 2083 1377 2123; x_wconf 86' lang='lat' dir='ltr'><strong>causam</strong></span> <span class='ocrx_word' id='word_1_299' title='bbox 1406 2082 1580 2138; x_wconf 88' lang='lat' dir='ltr'><strong>quare</strong></span> <span class='ocrx_word' id='word_1_300' title='bbox 1626 2066 1893 2121; x_wconf 87' lang='lat' dir='ltr'><strong>adversus</strong></span> <span class='ocrx_word' id='word_1_301' title='bbox 1925 2083 2056 2121; x_wconf 91' lang='lat' dir='ltr'><strong>eum</strong></span> <span class='ocrx_word' id='word_1_302' title='bbox 2087 2065 2196 2121; x_wconf 88' lang='lat' dir='ltr'><strong>dis-</strong></span> <span class='ocrx_word' id='word_1_303' title='bbox 2277 2063 2519 2118; x_wconf 88' lang='lat' dir='ltr'><strong>serantis</strong></span> <span class='ocrx_word' id='word_1_304' title='bbox 2536 2063 2659 2127; x_wconf 86' lang='lat' dir='ltr'><strong>Dei,</strong></span> <span class='ocrx_word' id='word_1_305' title='bbox 2682 2079 2793 2118; x_wconf 86' lang='lat' dir='ltr'><strong>non</strong></span> <span class='ocrx_word' id='word_1_306' title='bbox 2804 2064 3208 2134; x_wconf 76' lang='lat' dir='ltr'><strong>juslzﬁcabitur</strong></span> <span class='ocrx_word' id='word_1_307' title='bbox 3225 2067 3407 2119; x_wconf 84' lang='lat' dir='ltr'><strong>omnis</strong></span> <span class='ocrx_word' id='word_1_308' title='bbox 3422 2079 3562 2119; x_wconf 85' lang='lat' dir='ltr'><strong>caro</strong></span> <span class='ocrx_word' id='word_1_309' title='bbox 3588 2065 3780 2131; x_wconf 87' lang='lat' dir='ltr'><strong>(Rom.</strong></span> <span class='ocrx_word' id='word_1_310' title='bbox 3805 2081 3858 2118; x_wconf 81' lang='grc' dir='ltr'><strong>ιιι</strong></span> 
     </span>
    </p>
   </div>
   <div class='ocr_carea' id='block_1_36' title="bbox 600 2151 3858 2228">
    <p class='ocr_par' dir='ltr' id='par_1_36' title="bbox 600 2151 3858 2228">
     <span class='ocr_line' id='line_1_36' title="bbox 600 2151 3858 2228; baseline -0.002 -16"><span class='ocrx_word' id='word_1_311' title='bbox 600 2157 836 2228; x_wconf 87' lang='lat' dir='ltr'><strong>putavit,</strong></span> <span class='ocrx_word' id='word_1_312' title='bbox 886 2157 1021 2228; x_wconf 86' lang='lat' dir='ltr'><strong>quia</strong></span> <span class='ocrx_word' id='word_1_313' title='bbox 1065 2155 1280 2213; x_wconf 91' lang='lat' dir='ltr'><strong>scilicet</strong></span> <span class='ocrx_word' id='word_1_314' title='bbox 1323 2161 1523 2227; x_wconf 86' lang='lat' dir='ltr'><strong>gentes</strong></span> <span class='ocrx_word' id='word_1_315' title='bbox 1570 2154 1931 2210; x_wconf 86' lang='lat' dir='ltr'><strong>simulatione</strong></span> <span class='ocrx_word' id='word_1_316' title='bbox 1973 2171 2078 2209; x_wconf 90' lang='lat' dir='ltr'><strong>sua</strong></span> <span class='ocrx_word' id='word_1_317' title='bbox 2099 2155 2196 2225; x_wconf 88' lang='lat' dir='ltr'><strong>ju-</strong></span> <span class='ocrx_word' id='word_1_318' title='bbox 2278 2152 2336 2206; x_wconf 88' lang='lat' dir='ltr'><strong>id</strong></span> <span class='ocrx_word' id='word_1_319' title='bbox 2366 2158 2471 2218; x_wconf 90' lang='lat' dir='ltr'><strong>est,</strong></span> <span class='ocrx_word' id='word_1_320' title='bbox 2504 2151 2687 2207; x_wconf 90' lang='lat' dir='ltr'><strong>omnis</strong></span> <span class='ocrx_word' id='word_1_321' title='bbox 2713 2152 2902 2217; x_wconf 86' lang='lat' dir='ltr'><strong>homo,</strong></span> <span class='ocrx_word' id='word_1_322' title='bbox 2935 2152 3050 2207; x_wconf 88' lang='lat' dir='ltr'><strong>sive</strong></span> <span class='ocrx_word' id='word_1_323' title='bbox 3071 2168 3265 2207; x_wconf 87' lang='lat' dir='ltr'><strong>omnes</strong></span> <span class='ocrx_word' id='word_1_324' title='bbox 3293 2152 3607 2207; x_wconf 83' lang='lat' dir='ltr'><strong>carnaliter</strong></span> <span class='ocrx_word' id='word_1_325' title='bbox 3635 2152 3858 2207; x_wconf 73' lang='lat' dir='ltr'><strong>sentiei</strong></span> 
     </span>
    </p>
   </div>
   <div class='ocr_carea' id='block_1_37' title="bbox 598 2240 3858 2317">
    <p class='ocr_par' dir='ltr' id='par_1_37' title="bbox 598 2240 3858 2317">
     <span class='ocr_line' id='line_1_37' title="bbox 598 2240 3858 2317; baseline -0.002 -16"><span class='ocrx_word' id='word_1_326' title='bbox 598 2245 821 2301; x_wconf 82' lang='lat' dir='ltr'><strong>daizare</strong></span> <span class='ocrx_word' id='word_1_327' title='bbox 865 2245 1244 2317; x_wconf 88' lang='lat' dir='ltr'><strong>compelleret,</strong></span> <span class='ocrx_word' id='word_1_328' title='bbox 1295 2245 1432 2299; x_wconf 89' lang='lat' dir='ltr'><strong>dum</strong></span> <span class='ocrx_word' id='word_1_329' title='bbox 1468 2260 1599 2299; x_wconf 91' lang='lat' dir='ltr'><strong>eum</strong></span> <span class='ocrx_word' id='word_1_330' title='bbox 1648 2243 1885 2315; x_wconf 89' lang='lat' dir='ltr'><strong>cupiunt</strong></span> <span class='ocrx_word' id='word_1_331' title='bbox 1921 2243 2192 2299; x_wconf 61' lang='lat' dir='ltr'><strong>aemulari.</strong></span> <span class='ocrx_word' id='word_1_332' title='bbox 2278 2246 2393 2296; x_wconf 88' lang='lat' dir='ltr'><strong>tes:</strong></span> <span class='ocrx_word' id='word_1_333' title='bbox 2421 2247 2478 2296; x_wconf 91' lang='lat' dir='ltr'><strong>et</strong></span> <span class='ocrx_word' id='word_1_334' title='bbox 2504 2241 2632 2295; x_wconf 88' lang='lat' dir='ltr'><strong>ideo</strong></span> <span class='ocrx_word' id='word_1_335' title='bbox 2654 2241 2758 2307; x_wconf 86' lang='lat' dir='ltr'><strong>illi,</strong></span> <span class='ocrx_word' id='word_1_336' title='bbox 2790 2241 2887 2312; x_wconf 91' lang='lat' dir='ltr'><strong>qui</strong></span> <span class='ocrx_word' id='word_1_337' title='bbox 2907 2257 3034 2295; x_wconf 89' lang='lat' dir='ltr'><strong>cum</strong></span> <span class='ocrx_word' id='word_1_338' title='bbox 3042 2242 3163 2311; x_wconf 88' lang='lat' dir='ltr'><strong>jam</strong></span> <span class='ocrx_word' id='word_1_339' title='bbox 3181 2246 3372 2295; x_wconf 89' lang='lat' dir='ltr'><strong>essent</strong></span> <span class='ocrx_word' id='word_1_340' title='bbox 3383 2240 3490 2295; x_wconf 77' lang='lat' dir='ltr'><strong>sub</strong></span> <span class='ocrx_word' id='word_1_341' title='bbox 3503 2240 3858 2312; x_wconf 75' lang='lat' dir='ltr'><strong>lege,Chri31</strong></span> 
     </span>
    </p>
   </div>
   <div class='ocr_carea' id='block_1_38' title="bbox 604 2328 3858 2407">
    <p class='ocr_par' dir='ltr' id='par_1_38' title="bbox 604 2328 3858 2407">
     <span class='ocr_line' id='line_1_38' title="bbox 604 2328 3858 2407; baseline -0.002 -17"><span class='ocrx_word' id='word_1_342' title='bbox 604 2333 769 2403; x_wconf 83' lang='lat' dir='ltr'><strong>(Aug.</strong></span> <span class='ocrx_word' id='word_1_343' title='bbox 769 2333 798 2407; x_wconf 86' lang='lat'><em>)</em></span> <span class='ocrx_word' id='word_1_344' title='bbox 826 2332 1029 2389; x_wconf 88' lang='lat' dir='ltr'><strong>Petrus</strong></span> <span class='ocrx_word' id='word_1_345' title='bbox 1057 2338 1248 2389; x_wconf 87' lang='lat' dir='ltr'><strong>autem</strong></span> <span class='ocrx_word' id='word_1_346' title='bbox 1276 2348 1404 2388; x_wconf 88' lang='lat' dir='ltr'><strong>cum</strong></span> <span class='ocrx_word' id='word_1_347' title='bbox 1423 2332 1667 2388; x_wconf 83' lang='lat' dir='ltr'><strong>venisset</strong></span> <span class='ocrx_word' id='word_1_348' title='bbox 1696 2331 2075 2399; x_wconf 85' lang='lat' dir='ltr'><strong>Antiochiam,</strong></span> <span class='ocrx_word' id='word_1_349' title='bbox 2105 2330 2201 2386; x_wconf 90' lang='lat' dir='ltr'><strong>ob-</strong></span> <span class='ocrx_word' id='word_1_350' title='bbox 2279 2329 2658 2396; x_wconf 89' lang='lat' dir='ltr'><strong>crediderunt,</strong></span> <span class='ocrx_word' id='word_1_351' title='bbox 2689 2346 2803 2385; x_wconf 92' lang='lat' dir='ltr'><strong>non</strong></span> <span class='ocrx_word' id='word_1_352' title='bbox 2831 2330 2965 2402; x_wconf 90' lang='lat' dir='ltr'><strong>quia</strong></span> <span class='ocrx_word' id='word_1_353' title='bbox 2985 2329 3126 2400; x_wconf 88' lang='lat' dir='ltr'><strong>justi</strong></span> <span class='ocrx_word' id='word_1_354' title='bbox 3155 2335 3337 2397; x_wconf 89' lang='lat' dir='ltr'><strong>erant,</strong></span> <span class='ocrx_word' id='word_1_355' title='bbox 3376 2328 3476 2384; x_wconf 88' lang='lat' dir='ltr'><strong>sed</strong></span> <span class='ocrx_word' id='word_1_356' title='bbox 3506 2336 3578 2385; x_wconf 90' lang='lat' dir='ltr'><strong>ut</strong></span> <span class='ocrx_word' id='word_1_357' title='bbox 3612 2328 3858 2400; x_wconf 71' lang='lat' dir='ltr'><strong>justiﬁc:</strong></span> 
     </span>
    </p>
   </div>
   <div class='ocr_carea' id='block_1_39' title="bbox 597 2417 3858 2496">
    <p class='ocr_par' dir='ltr' id='par_1_39' title="bbox 597 2417 3858 2496">
     <span class='ocr_line' id='line_1_39' title="bbox 597 2417 3858 2496; baseline -0.002 -18"><span class='ocrx_word' id='word_1_358' title='bbox 597 2424 862 2495; x_wconf 80' lang='lat' dir='ltr'><strong>jurgatus</strong></span> <span class='ocrx_word' id='word_1_359' title='bbox 889 2428 977 2478; x_wconf 85' lang='lat' dir='ltr'><strong>est</strong></span> <span class='ocrx_word' id='word_1_360' title='bbox 1003 2440 1040 2477; x_wconf 91' lang='lat' dir='ltr'><strong>a</strong></span> <span class='ocrx_word' id='word_1_361' title='bbox 1068 2422 1262 2489; x_wconf 91' lang='lat' dir='ltr'><strong>Paulo,</strong></span> <span class='ocrx_word' id='word_1_362' title='bbox 1296 2438 1408 2477; x_wconf 91' lang='lat' dir='ltr'><strong>non</strong></span> <span class='ocrx_word' id='word_1_363' title='bbox 1439 2421 1572 2493; x_wconf 90' lang='lat' dir='ltr'><strong>quia</strong></span> <span class='ocrx_word' id='word_1_364' title='bbox 1603 2420 1862 2477; x_wconf 88' lang='lat' dir='ltr'><strong>servabat</strong></span> <span class='ocrx_word' id='word_1_365' title='bbox 1899 2425 2200 2476; x_wconf 88' lang='lat' dir='ltr'><strong>consuetu-</strong></span> <span class='ocrx_word' id='word_1_366' title='bbox 2282 2424 2497 2484; x_wconf 88' lang='lat' dir='ltr'><strong>rentur,</strong></span> <span class='ocrx_word' id='word_1_367' title='bbox 2521 2422 2798 2473; x_wconf 85' lang='lat' dir='ltr'><strong>venerunt</strong></span> <span class='ocrx_word' id='word_1_368' title='bbox 2824 2417 2906 2496; x_wconf 33' lang='lat' dir='ltr'><strong>ad.</strong></span> <span class='ocrx_word' id='word_1_369' title='bbox 2925 2417 3171 2489; x_wconf 87' lang='lat' dir='ltr'><strong>gratiam</strong></span> <span class='ocrx_word' id='word_1_370' title='bbox 3198 2418 3348 2473; x_wconf 80' lang='lat' dir='ltr'><strong>fidei.</strong></span> <span class='ocrx_word' id='word_1_371' title='bbox 3380 2418 3760 2474; x_wconf 87' lang='lat' dir='ltr'><strong>Peccatorum</strong></span> <span class='ocrx_word' id='word_1_372' title='bbox 3792 2435 3858 2473; x_wconf 72' lang='lat' dir='ltr'><strong>at</strong></span> 
     </span>
    </p>
   </div>
   <div class='ocr_carea' id='block_1_40' title="bbox 603 2505 3858 2582">
    <p class='ocr_par' dir='ltr' id='par_1_40' title="bbox 603 2505 3858 2582">
     <span class='ocr_line' id='line_1_40' title="bbox 603 2505 3858 2582; baseline -0.002 -16"><span class='ocrx_word' id='word_1_373' title='bbox 603 2512 795 2567; x_wconf 89' lang='lat' dir='ltr'><strong>dinem</strong></span> <span class='ocrx_word' id='word_1_374' title='bbox 813 2511 1157 2577; x_wconf 68' lang='lat' dir='ltr'><strong>Judaeorum,</strong></span> <span class='ocrx_word' id='word_1_375' title='bbox 1190 2510 1250 2565; x_wconf 90' lang='lat' dir='ltr'><strong>in</strong></span> <span class='ocrx_word' id='word_1_376' title='bbox 1279 2526 1395 2582; x_wconf 89' lang='lat' dir='ltr'><strong>qua</strong></span> <span class='ocrx_word' id='word_1_377' title='bbox 1406 2516 1756 2581; x_wconf 86' lang='lat' dir='ltr'><strong>natusatque</strong></span> <span class='ocrx_word' id='word_1_378' title='bbox 1774 2509 2044 2564; x_wconf 89' lang='lat' dir='ltr'><strong>educatus</strong></span> <span class='ocrx_word' id='word_1_379' title='bbox 2057 2516 2199 2575; x_wconf 90' lang='lat' dir='ltr'><strong>erat,</strong></span> <span class='ocrx_word' id='word_1_380' title='bbox 2282 2512 2397 2562; x_wconf 76' lang='lat' dir='ltr'><strong>tem</strong></span> <span class='ocrx_word' id='word_1_381' title='bbox 2430 2523 2637 2562; x_wconf 88' lang='lat' dir='ltr'><strong>nomen</strong></span> <span class='ocrx_word' id='word_1_382' title='bbox 2679 2505 2944 2578; x_wconf 88' lang='lat' dir='ltr'><strong>gentibus</strong></span> <span class='ocrx_word' id='word_1_383' title='bbox 2982 2507 3369 2578; x_wconf 87' lang='lat' dir='ltr'><strong>imposuerant</strong></span> <span class='ocrx_word' id='word_1_384' title='bbox 3413 2507 3620 2574; x_wconf 65' lang='lat' dir='ltr'><strong>Judaei,</strong></span> <span class='ocrx_word' id='word_1_385' title='bbox 3649 2508 3779 2578; x_wconf 85' lang='lat' dir='ltr'><strong>jam</strong></span> <span class='ocrx_word' id='word_1_386' title='bbox 3812 2525 3858 2559; x_wconf 67' lang='grc' dir='ltr'><strong>ν(</strong></span> 
     </span>
    </p>
   </div>
   <div class='ocr_carea' id='block_1_41' title="bbox 609 2594 3858 2671">
    <p class='ocr_par' dir='ltr' id='par_1_41' title="bbox 609 2594 3858 2671">
     <span class='ocr_line' id='line_1_41' title="bbox 609 2594 3858 2671; baseline -0.001 -17"><span class='ocrx_word' id='word_1_387' title='bbox 609 2611 953 2671; x_wconf 89' lang='lat' dir='ltr'><strong>quamquam</strong></span> <span class='ocrx_word' id='word_1_388' title='bbox 981 2599 1131 2670; x_wconf 90' lang='lat' dir='ltr'><strong>apud</strong></span> <span class='ocrx_word' id='word_1_389' title='bbox 1157 2605 1357 2670; x_wconf 88' lang='lat' dir='ltr'><strong>gentes</strong></span> <span class='ocrx_word' id='word_1_390' title='bbox 1379 2615 1505 2653; x_wconf 87' lang='lat' dir='ltr'><strong>eam</strong></span> <span class='ocrx_word' id='word_1_391' title='bbox 1537 2614 1650 2654; x_wconf 91' lang='lat' dir='ltr'><strong>non</strong></span> <span class='ocrx_word' id='word_1_392' title='bbox 1682 2604 1951 2663; x_wconf 86' lang='lat' dir='ltr'><strong>servaret,</strong></span> <span class='ocrx_word' id='word_1_393' title='bbox 1982 2598 2081 2652; x_wconf 88' lang='lat' dir='ltr'><strong>sed</strong></span> <span class='ocrx_word' id='word_1_394' title='bbox 2100 2597 2203 2653; x_wconf 83' lang='lat' dir='ltr'><strong>ob-</strong></span> <span class='ocrx_word' id='word_1_395' title='bbox 2282 2602 2438 2651; x_wconf 90' lang='lat' dir='ltr'><strong>tusta</strong></span> <span class='ocrx_word' id='word_1_396' title='bbox 2463 2595 2706 2668; x_wconf 89' lang='lat' dir='ltr'><strong>quadam</strong></span> <span class='ocrx_word' id='word_1_397' title='bbox 2734 2594 3016 2667; x_wconf 87' lang='lat' dir='ltr'><strong>superbia,</strong></span> <span class='ocrx_word' id='word_1_398' title='bbox 3046 2600 3321 2668; x_wconf 87' lang='lat' dir='ltr'><strong>tanquam</strong></span> <span class='ocrx_word' id='word_1_399' title='bbox 3349 2595 3457 2666; x_wconf 88' lang='lat' dir='ltr'><strong>ipsi</strong></span> <span class='ocrx_word' id='word_1_400' title='bbox 3481 2595 3631 2667; x_wconf 79' lang='lat' dir='ltr'><strong>justi</strong></span> <span class='ocrx_word' id='word_1_401' title='bbox 3678 2611 3858 2650; x_wconf 71' lang='lat' dir='ltr'><strong>essen</strong></span> 
     </span>
    </p>
   </div>
   <div class='ocr_carea' id='block_1_42' title="bbox 601 2683 3858 2760">
    <p class='ocr_par' dir='ltr' id='par_1_42' title="bbox 601 2683 3858 2760">
     <span class='ocr_line' id='line_1_42' title="bbox 601 2683 3858 2760; baseline -0.001 -18"><span class='ocrx_word' id='word_1_402' title='bbox 601 2689 867 2760; x_wconf 81' lang='lat' dir='ltr'><strong>jurgatus</strong></span> <span class='ocrx_word' id='word_1_403' title='bbox 895 2692 984 2742; x_wconf 76' lang='lat' dir='ltr'><strong>est</strong></span> <span class='ocrx_word' id='word_1_404' title='bbox 1013 2686 1148 2758; x_wconf 89' lang='lat' dir='ltr'><strong>quia</strong></span> <span class='ocrx_word' id='word_1_405' title='bbox 1163 2687 1428 2758; x_wconf 84' lang='lat' dir='ltr'><strong>gentibus</strong></span> <span class='ocrx_word' id='word_1_406' title='bbox 1468 2703 1594 2742; x_wconf 90' lang='lat' dir='ltr'><strong>eam</strong></span> <span class='ocrx_word' id='word_1_407' title='bbox 1635 2686 1856 2741; x_wconf 88' lang='lat' dir='ltr'><strong>volebat</strong></span> <span class='ocrx_word' id='word_1_408' title='bbox 1890 2687 2198 2759; x_wconf 89' lang='lat' dir='ltr'><strong>imponere,</strong></span> <span class='ocrx_word' id='word_1_409' title='bbox 2284 2685 2524 2740; x_wconf 80' lang='lat' dir='ltr'><strong>videndo</strong></span> <span class='ocrx_word' id='word_1_410' title='bbox 2542 2685 2809 2756; x_wconf 86' lang='lat' dir='ltr'><strong>stipulam</strong></span> <span class='ocrx_word' id='word_1_411' title='bbox 2829 2685 2888 2740; x_wconf 92' lang='lat' dir='ltr'><strong>in</strong></span> <span class='ocrx_word' id='word_1_412' title='bbox 2919 2686 3080 2740; x_wconf 89' lang='lat' dir='ltr'><strong>oculo</strong></span> <span class='ocrx_word' id='word_1_413' title='bbox 3102 2685 3306 2752; x_wconf 88' lang='lat' dir='ltr'><strong>alieno,</strong></span> <span class='ocrx_word' id='word_1_414' title='bbox 3335 2691 3395 2739; x_wconf 90' lang='lat' dir='ltr'><strong>et</strong></span> <span class='ocrx_word' id='word_1_415' title='bbox 3419 2701 3535 2740; x_wconf 85' lang='lat' dir='ltr'><strong>non</strong></span> <span class='ocrx_word' id='word_1_416' title='bbox 3566 2683 3806 2739; x_wconf 83' lang='lat' dir='ltr'><strong>trabem</strong></span> <span class='ocrx_word' id='word_1_417' title='bbox 3836 2684 3858 2738; x_wconf 90' lang='lat' dir='ltr'><strong>i</strong></span> 
     </span>
    </p>
   </div>
   <div class='ocr_carea' id='block_1_43' title="bbox 609 2773 3858 2847">
    <p class='ocr_par' dir='ltr' id='par_1_43' title="bbox 609 2773 3858 2847">
     <span class='ocr_line' id='line_1_43' title="bbox 609 2773 3858 2847; baseline -0.001 -16"><span class='ocrx_word' id='word_1_418' title='bbox 609 2789 741 2833; x_wconf 85' lang='lat' dir='ltr'><strong>cum</strong></span> <span class='ocrx_word' id='word_1_419' title='bbox 760 2775 991 2832; x_wconf 77' lang='lat' dir='ltr'><strong>vidisset</strong></span> <span class='ocrx_word' id='word_1_420' title='bbox 1028 2775 1301 2847; x_wconf 90' lang='lat' dir='ltr'><strong>quosdam</strong></span> <span class='ocrx_word' id='word_1_421' title='bbox 1331 2775 1551 2831; x_wconf 87' lang='lat' dir='ltr'><strong>venisse</strong></span> <span class='ocrx_word' id='word_1_422' title='bbox 1593 2791 1628 2830; x_wconf 91' lang='lat' dir='ltr'><strong>a</strong></span> <span class='ocrx_word' id='word_1_423' title='bbox 1668 2775 1895 2841; x_wconf 81' lang='lat' dir='ltr'><strong>laccho,</strong></span> <span class='ocrx_word' id='word_1_424' title='bbox 1934 2775 1992 2830; x_wconf 93' lang='lat' dir='ltr'><strong>id</strong></span> <span class='ocrx_word' id='word_1_425' title='bbox 2021 2781 2127 2842; x_wconf 90' lang='lat' dir='ltr'><strong>est,</strong></span> <span class='ocrx_word' id='word_1_426' title='bbox 2169 2792 2206 2831; x_wconf 87' lang='lat' dir='ltr'><strong>a</strong></span> <span class='ocrx_word' id='word_1_427' title='bbox 2285 2790 2406 2829; x_wconf 89' lang='lat' dir='ltr'><strong>suo.</strong></span> <span class='ocrx_word' id='word_1_428' title='bbox 2433 2774 2753 2829; x_wconf 87' lang='lat' dir='ltr'><strong>Secundum</strong></span> <span class='ocrx_word' id='word_1_429' title='bbox 2772 2790 2970 2829; x_wconf 90' lang='lat' dir='ltr'><strong>eorum</strong></span> <span class='ocrx_word' id='word_1_430' title='bbox 2982 2789 3197 2828; x_wconf 87' lang='lat' dir='ltr'><strong>morem</strong></span> <span class='ocrx_word' id='word_1_431' title='bbox 3218 2773 3760 2844; x_wconf 84' lang='lat' dir='ltr'><strong>locutusApostolus</strong></span> <span class='ocrx_word' id='word_1_432' title='bbox 3784 2774 3858 2828; x_wconf 74' lang='lat' dir='ltr'><strong>ait</strong></span> 
     </span>
    </p>
   </div>
   <div class='ocr_carea' id='block_1_44' title="bbox 608 2863 2204 2936">
    <p class='ocr_par' dir='ltr' id='par_1_44' title="bbox 608 2863 2204 2936">
     <span class='ocr_line' id='line_1_44' title="bbox 608 2863 2204 2936; baseline -0.001 -15"><span class='ocrx_word' id='word_1_433' title='bbox 608 2864 823 2933; x_wconf 67' lang='lat' dir='ltr'><strong>Iudaea,</strong></span> <span class='ocrx_word' id='word_1_434' title='bbox 888 2879 1020 2920; x_wconf 88' lang='lat' dir='ltr'><strong>nam</strong></span> <span class='ocrx_word' id='word_1_435' title='bbox 1077 2863 1332 2920; x_wconf 67' lang='lat' dir='ltr'><strong>Ecclesiae</strong></span> <span class='ocrx_word' id='word_1_436' title='bbox 1398 2863 1922 2936; x_wconf 81' lang='lat' dir='ltr'><strong>Hierosolymitame</strong></span> <span class='ocrx_word' id='word_1_437' title='bbox 1963 2864 2204 2920; x_wconf 73' lang='lat' dir='ltr'><strong>Iacobus</strong></span> 
     </span>
    </p>
   </div>
   <div class='ocr_carea' id='block_1_45' title="bbox 608 2951 3858 3033">
    <p class='ocr_par' dir='ltr' id='par_1_45' title="bbox 608 2951 3858 3033">
     <span class='ocr_line' id='line_1_45' title="bbox 608 2951 3858 3033; baseline -0.002 -23"><span class='ocrx_word' id='word_1_438' title='bbox 608 2953 849 3027; x_wconf 76' lang='lat' dir='ltr'><strong>praefuit.</strong></span> <span class='ocrx_word' id='word_1_439' title='bbox 871 2952 1100 3011; x_wconf 75' lang='lat' dir='ltr'><strong>Timone</strong></span> <span class='ocrx_word' id='word_1_440' title='bbox 1126 2969 1265 3033; x_wconf 80' lang='lat' dir='ltr'><strong>ergo</strong></span> <span class='ocrx_word' id='word_1_441' title='bbox 1277 2969 1374 3008; x_wconf 90' lang='lat' dir='ltr'><strong>eos</strong></span> <span class='ocrx_word' id='word_1_442' title='bbox 1385 2952 1481 3024; x_wconf 84' lang='lat' dir='ltr'><strong>qui</strong></span> <span class='ocrx_word' id='word_1_443' title='bbox 1502 2952 1684 3008; x_wconf 83' lang='lat' dir='ltr'><strong>adhuc</strong></span> <span class='ocrx_word' id='word_1_444' title='bbox 1712 2952 1989 3025; x_wconf 84' lang='lat' dir='ltr'><strong>putabant</strong></span> <span class='ocrx_word' id='word_1_445' title='bbox 2014 2953 2073 3009; x_wconf 87' lang='lat' dir='ltr'><strong>in</strong></span> <span class='ocrx_word' id='word_1_446' title='bbox 2092 2953 2204 3008; x_wconf 90' lang='lat' dir='ltr'><strong>illis</strong></span> <span class='ocrx_word' id='word_1_447' title='bbox 2285 2952 2474 3024; x_wconf 65' lang='lat' dir='ltr'><strong>(Aug)</strong></span> <span class='ocrx_word' id='word_1_448' title='bbox 2502 2951 2563 3007; x_wconf 88' lang='lat' dir='ltr'><strong>Id</strong></span> <span class='ocrx_word' id='word_1_449' title='bbox 2596 2956 2700 3018; x_wconf 89' lang='lat' dir='ltr'><strong>est,</strong></span> <span class='ocrx_word' id='word_1_450' title='bbox 2737 2967 2876 3022; x_wconf 90' lang='lat' dir='ltr'><strong>quos</strong></span> <span class='ocrx_word' id='word_1_451' title='bbox 2907 2951 3195 3033; x_wconf 82' lang='lat' dir='ltr'><strong>appellant</strong></span> <span class='ocrx_word' id='word_1_452' title='bbox 3220 2957 3564 3023; x_wconf 84' lang='lat' dir='ltr'><strong>peccatores,</strong></span> <span class='ocrx_word' id='word_1_453' title='bbox 3594 2967 3725 3007; x_wconf 88' lang='lat' dir='ltr'><strong>cum</strong></span> <span class='ocrx_word' id='word_1_454' title='bbox 3774 2951 3858 3006; x_wconf 87' lang='lat' dir='ltr'><strong>sin</strong></span> 
     </span>
    </p>
   </div>
   <div class='ocr_carea' id='block_1_46' title="bbox 608 3030 3858 3113">
    <p class='ocr_par' dir='ltr' id='par_1_46' title="bbox 608 3030 3858 3113">
     <span class='ocr_line' id='line_1_46' title="bbox 608 3030 3858 3113; baseline -0.001 -15"><span class='ocrx_word' id='word_1_455' title='bbox 608 3041 1098 3100; x_wconf 83' lang='lat' dir='ltr'><strong>observationibus</strong></span> <span class='ocrx_word' id='word_1_456' title='bbox 1122 3030 1364 3097; x_wconf 85' lang='lat' dir='ltr'><strong>salutem</strong></span> <span class='ocrx_word' id='word_1_457' title='bbox 1394 3041 1779 3104; x_wconf 86' lang='lat' dir='ltr'><strong>constitutam,</strong></span> <span class='ocrx_word' id='word_1_458' title='bbox 1802 3041 2204 3113; x_wconf 80' lang='lat' dir='ltr'><strong>segregabatse</strong></span> <span class='ocrx_word' id='word_1_459' title='bbox 2237 3045 2345 3113; x_wconf 70' lang='lat' dir='ltr'><strong>_et</strong></span> <span class='ocrx_word' id='word_1_460' title='bbox 2375 3040 2484 3112; x_wconf 88' lang='lat' dir='ltr'><strong>ipsi</strong></span> <span class='ocrx_word' id='word_1_461' title='bbox 2504 3046 2846 3112; x_wconf 84' lang='lat' dir='ltr'><strong>peccatores.</strong></span> <span class='ocrx_word' id='word_1_462' title='bbox 2880 3041 2995 3095; x_wconf 81' lang='lat' dir='ltr'><strong>Nos</strong></span> <span class='ocrx_word' id='word_1_463' title='bbox 3024 3030 3177 3111; x_wconf 75' lang='lat' dir='ltr'><strong>ergo,</strong></span> <span class='ocrx_word' id='word_1_464' title='bbox 3208 3039 3412 3112; x_wconf 82' lang='lat' dir='ltr'><strong>inquit,</strong></span> <span class='ocrx_word' id='word_1_465' title='bbox 3445 3046 3655 3096; x_wconf 87' lang='lat' dir='ltr'><strong>natura</strong></span> <span class='ocrx_word' id='word_1_466' title='bbox 3680 3040 3858 3096; x_wconf 69' lang='lat' dir='ltr'><strong>Judaei</strong></span> 
     </span>
    </p>
   </div>
   <div class='ocr_carea' id='block_1_47' title="bbox 610 3106 3853 3205">
    <p class='ocr_par' dir='ltr' id='par_1_47' title="bbox 610 3106 3853 3205">
     <span class='ocr_line' id='line_1_47' title="bbox 610 3106 3853 3205; baseline -0.001 -18"><span class='ocrx_word' id='word_1_467' title='bbox 610 3146 647 3187; x_wconf 88' lang='lat' dir='ltr'><strong>a</strong></span> <span class='ocrx_word' id='word_1_468' title='bbox 674 3130 961 3202; x_wconf 81' lang='lat' dir='ltr'><strong>gentibus,</strong></span> <span class='ocrx_word' id='word_1_469' title='bbox 994 3135 1052 3186; x_wconf 89' lang='lat' dir='ltr'><strong>et</strong></span> <span class='ocrx_word' id='word_1_470' title='bbox 1071 3130 1334 3205; x_wconf 82' lang='lat' dir='ltr'><strong>simulate</strong></span> <span class='ocrx_word' id='word_1_471' title='bbox 1354 3130 1465 3185; x_wconf 88' lang='lat' dir='ltr'><strong>illis</strong></span> <span class='ocrx_word' id='word_1_472' title='bbox 1504 3106 1898 3186; x_wconf 67' lang='lat' dir='ltr'><strong>consentiebat</strong></span> <span class='ocrx_word' id='word_1_473' title='bbox 2020 3131 2202 3203; x_wconf 91' lang='lat' dir='ltr'><strong>impo-</strong></span> <span class='ocrx_word' id='word_1_474' title='bbox 2225 3106 2415 3185; x_wconf 74' lang='lat' dir='ltr'><strong>Ccum</strong></span> <span class='ocrx_word' id='word_1_475' title='bbox 2442 3106 2704 3200; x_wconf 71' lang='lat' dir='ltr'><strong>gentiles,</strong></span> <span class='ocrx_word' id='word_1_476' title='bbox 2754 3142 2867 3183; x_wconf 86' lang='lat' dir='ltr'><strong>non</strong></span> <span class='ocrx_word' id='word_1_477' title='bbox 2922 3106 3190 3193; x_wconf 47' lang='lat' dir='ltr'><strong>essem&#39;us,</strong></span> <span class='ocrx_word' id='word_1_478' title='bbox 3224 3106 3364 3201; x_wconf 74' lang='lat' dir='ltr'><strong>quos</strong></span> <span class='ocrx_word' id='word_1_479' title='bbox 3403 3129 3510 3201; x_wconf 88' lang='lat' dir='ltr'><strong>ipsi</strong></span> <span class='ocrx_word' id='word_1_480' title='bbox 3559 3135 3853 3200; x_wconf 87' lang='lat' dir='ltr'><strong>peccatore</strong></span> 
     </span>
    </p>
   </div>
   <div class='ocr_carea' id='block_1_48' title="bbox 612 3217 3856 3292">
    <p class='ocr_par' dir='ltr' id='par_1_48' title="bbox 612 3217 3856 3292">
     <span class='ocr_line' id='line_1_48' title="bbox 612 3217 3856 3292; baseline -0.002 -16"><span class='ocrx_word' id='word_1_481' title='bbox 612 3220 801 3276; x_wconf 84' lang='lat' dir='ltr'><strong>nenda</strong></span> <span class='ocrx_word' id='word_1_482' title='bbox 823 3218 1088 3292; x_wconf 86' lang='lat' dir='ltr'><strong>gentibus</strong></span> <span class='ocrx_word' id='word_1_483' title='bbox 1116 3218 1215 3274; x_wconf 89' lang='lat' dir='ltr'><strong>illa</strong></span> <span class='ocrx_word' id='word_1_484' title='bbox 1239 3235 1414 3274; x_wconf 89' lang='lat' dir='ltr'><strong>onera</strong></span> <span class='ocrx_word' id='word_1_485' title='bbox 1439 3219 1744 3285; x_wconf 87' lang='lat' dir='ltr'><strong>servitutis,</strong></span> <span class='ocrx_word' id='word_1_486' title='bbox 1776 3220 1925 3292; x_wconf 89' lang='lat' dir='ltr'><strong>quod</strong></span> <span class='ocrx_word' id='word_1_487' title='bbox 1947 3219 2007 3275; x_wconf 90' lang='lat' dir='ltr'><strong>in</strong></span> <span class='ocrx_word' id='word_1_488' title='bbox 2029 3220 2204 3291; x_wconf 88' lang='lat' dir='ltr'><strong>ipsius</strong></span> <span class='ocrx_word' id='word_1_489' title='bbox 2285 3217 2588 3289; x_wconf 88' lang='lat' dir='ltr'><strong>appellant,</strong></span> <span class='ocrx_word' id='word_1_490' title='bbox 2622 3222 2810 3271; x_wconf 87' lang='lat' dir='ltr'><strong>tamen</strong></span> <span class='ocrx_word' id='word_1_491' title='bbox 2841 3224 2898 3272; x_wconf 88' lang='lat' dir='ltr'><strong>et</strong></span> <span class='ocrx_word' id='word_1_492' title='bbox 2925 3233 3026 3272; x_wconf 88' lang='lat' dir='ltr'><strong>nos</strong></span> <span class='ocrx_word' id='word_1_493' title='bbox 3056 3222 3375 3289; x_wconf 89' lang='lat' dir='ltr'><strong>peccatores</strong></span> <span class='ocrx_word' id='word_1_494' title='bbox 3404 3217 3465 3272; x_wconf 89' lang='lat' dir='ltr'><strong>in</strong></span> <span class='ocrx_word' id='word_1_495' title='bbox 3489 3217 3713 3272; x_wconf 89' lang='lat' dir='ltr'><strong>Christo</strong></span> <span class='ocrx_word' id='word_1_496' title='bbox 3746 3218 3856 3272; x_wconf 69' lang='lat' dir='ltr'><strong>les:</strong></span> 
     </span>
    </p>
   </div>
   <div class='ocr_carea' id='block_1_49' title="bbox 613 3305 3856 3380">
    <p class='ocr_par' dir='ltr' id='par_1_49' title="bbox 613 3305 3856 3380">
     <span class='ocr_line' id='line_1_49' title="bbox 613 3305 3856 3380; baseline -0.002 -16"><span class='ocrx_word' id='word_1_497' title='bbox 613 3307 1005 3380; x_wconf 80' lang='lat' dir='ltr'><strong>objurgatione</strong></span> <span class='ocrx_word' id='word_1_498' title='bbox 1034 3306 1218 3362; x_wconf 81' lang='lat' dir='ltr'><strong>verbis</strong></span> <span class='ocrx_word' id='word_1_499' title='bbox 1257 3308 1396 3363; x_wconf 84' lang='lat' dir='ltr'><strong>satis</strong></span> <span class='ocrx_word' id='word_1_500' title='bbox 1443 3313 1695 3380; x_wconf 84' lang='lat' dir='ltr'><strong>apparet,</strong></span> <span class='ocrx_word' id='word_1_501' title='bbox 1746 3320 1859 3363; x_wconf 83' lang='lat' dir='ltr'><strong>non</strong></span> <span class='ocrx_word' id='word_1_502' title='bbox 1896 3309 2049 3363; x_wconf 89' lang='lat' dir='ltr'><strong>enim</strong></span> <span class='ocrx_word' id='word_1_503' title='bbox 2100 3309 2199 3375; x_wconf 87' lang='lat' dir='ltr'><strong>ait,</strong></span> <span class='ocrx_word' id='word_1_504' title='bbox 2284 3305 2624 3361; x_wconf 85' lang='lat' dir='ltr'><strong>credidimus</strong></span> <span class='ocrx_word' id='word_1_505' title='bbox 2643 3311 2710 3360; x_wconf 90' lang='lat' dir='ltr'><strong>ut</strong></span> <span class='ocrx_word' id='word_1_506' title='bbox 2729 3305 3109 3376; x_wconf 83' lang='lat' dir='ltr'><strong>justiﬁcemur</strong></span> <span class='ocrx_word' id='word_1_507' title='bbox 3145 3322 3248 3377; x_wconf 91' lang='lat' dir='ltr'><strong>per</strong></span> <span class='ocrx_word' id='word_1_508' title='bbox 3272 3307 3442 3361; x_wconf 83' lang='lat' dir='ltr'><strong>fidem</strong></span> <span class='ocrx_word' id='word_1_509' title='bbox 3488 3306 3714 3370; x_wconf 83' lang='lat' dir='ltr'><strong>Christi,</strong></span> <span class='ocrx_word' id='word_1_510' title='bbox 3762 3322 3856 3360; x_wconf 77' lang='lat' dir='ltr'><strong>n01</strong></span> 
     </span>
    </p>
   </div>
   <div class='ocr_carea' id='block_1_50' title="bbox 614 3394 3852 3467">
    <p class='ocr_par' dir='ltr' id='par_1_50' title="bbox 614 3394 3852 3467">
     <span class='ocr_line' id='line_1_50' title="bbox 614 3394 3852 3467; baseline -0.001 -14"><span class='ocrx_word' id='word_1_511' title='bbox 614 3396 680 3453; x_wconf 84' lang='lat' dir='ltr'><strong>Si</strong></span> <span class='ocrx_word' id='word_1_512' title='bbox 706 3403 787 3464; x_wconf 81' lang='lat' dir='ltr'><strong>tu,</strong></span> <span class='ocrx_word' id='word_1_513' title='bbox 817 3412 945 3452; x_wconf 85' lang='lat' dir='ltr'><strong>cum</strong></span> <span class='ocrx_word' id='word_1_514' title='bbox 959 3397 1180 3452; x_wconf 67' lang='lat' dir='ltr'><strong>Judzus</strong></span> <span class='ocrx_word' id='word_1_515' title='bbox 1199 3399 1295 3463; x_wconf 86' lang='lat' dir='ltr'><strong>sis,</strong></span> <span class='ocrx_word' id='word_1_516' title='bbox 1312 3399 1595 3466; x_wconf 86' lang='lat' dir='ltr'><strong>gentiliter</strong></span> <span class='ocrx_word' id='word_1_517' title='bbox 1612 3402 1661 3451; x_wconf 76' lang='lat' dir='ltr'><strong>et</strong></span> <span class='ocrx_word' id='word_1_518' title='bbox 1682 3399 2200 3467; x_wconf 77' lang='lat' dir='ltr'><strong>nonjudaiceoivis,</strong></span> <span class='ocrx_word' id='word_1_519' title='bbox 2285 3399 2475 3451; x_wconf 90' lang='lat' dir='ltr'><strong>autem</strong></span> <span class='ocrx_word' id='word_1_520' title='bbox 2506 3402 2823 3467; x_wconf 71' lang='lat' dir='ltr'><strong>quaererent</strong></span> <span class='ocrx_word' id='word_1_521' title='bbox 2841 3394 3163 3467; x_wconf 70' lang='lat' dir='ltr'><strong>iustificari,</strong></span> <span class='ocrx_word' id='word_1_522' title='bbox 3191 3395 3301 3450; x_wconf 88' lang='lat' dir='ltr'><strong>nisi</strong></span> <span class='ocrx_word' id='word_1_523' title='bbox 3321 3402 3509 3450; x_wconf 88' lang='lat' dir='ltr'><strong>essent</strong></span> <span class='ocrx_word' id='word_1_524' title='bbox 3536 3401 3852 3467; x_wconf 78' lang='lat' dir='ltr'><strong>peccatores</strong></span> 
     </span>
    </p>
   </div>
   <div class='ocr_carea' id='block_1_51' title="bbox 610 3483 3856 3559">
    <p class='ocr_par' dir='ltr' id='par_1_51' title="bbox 610 3483 3856 3559">
     <span class='ocr_line' id='line_1_51' title="bbox 610 3483 3856 3559; baseline -0.001 -18"><span class='ocrx_word' id='word_1_525' title='bbox 610 3485 890 3559; x_wconf 89' lang='lat' dir='ltr'><strong>quomodo</strong></span> <span class='ocrx_word' id='word_1_526' title='bbox 906 3498 1104 3540; x_wconf 83' lang='lat' dir='ltr'><strong>rursus</strong></span> <span class='ocrx_word' id='word_1_527' title='bbox 1118 3485 1191 3541; x_wconf 86' lang='lat' dir='ltr'><strong>ad</strong></span> <span class='ocrx_word' id='word_1_528' title='bbox 1210 3484 1674 3540; x_wconf 88' lang='lat' dir='ltr'><strong>consuetudinem</strong></span> <span class='ocrx_word' id='word_1_529' title='bbox 1687 3485 2008 3541; x_wconf 73' lang='lat' dir='ltr'><strong>Iudaeorum</strong></span> <span class='ocrx_word' id='word_1_530' title='bbox 2028 3503 2209 3541; x_wconf 85' lang='lat' dir='ltr'><strong>rever-</strong></span> <span class='ocrx_word' id='word_1_531' title='bbox 2288 3485 2377 3539; x_wconf 81' lang='lat' dir='ltr'><strong>An</strong></span> <span class='ocrx_word' id='word_1_532' title='bbox 2405 3484 2548 3539; x_wconf 86' lang='lat' dir='ltr'><strong>forte</strong></span> <span class='ocrx_word' id='word_1_533' title='bbox 2576 3484 2711 3555; x_wconf 89' lang='lat' dir='ltr'><strong>quia</strong></span> <span class='ocrx_word' id='word_1_534' title='bbox 2728 3484 2787 3538; x_wconf 90' lang='lat' dir='ltr'><strong>in</strong></span> <span class='ocrx_word' id='word_1_535' title='bbox 2816 3484 3041 3539; x_wconf 89' lang='lat' dir='ltr'><strong>Christo</strong></span> <span class='ocrx_word' id='word_1_536' title='bbox 3054 3484 3357 3540; x_wconf 88' lang='lat' dir='ltr'><strong>voluerunt</strong></span> <span class='ocrx_word' id='word_1_537' title='bbox 3367 3483 3661 3555; x_wconf 70' lang='lat' dir='ltr'><strong>iustificari</strong></span> <span class='ocrx_word' id='word_1_538' title='bbox 3680 3501 3856 3556; x_wconf 84' lang='lat' dir='ltr'><strong>pecca-</strong></span> 
     </span>
    </p>
   </div>
   <div class='ocr_carea' id='block_1_52' title="bbox 518 3572 3856 3646">
    <p class='ocr_par' dir='ltr' id='par_1_52' title="bbox 518 3572 3856 3646">
     <span class='ocr_line' id='line_1_52' title="bbox 518 3572 3856 3646; baseline -0 -18"><span class='ocrx_word' id='word_1_539' title='bbox 518 3618 524 3628; x_wconf 89' lang='lat'><strong>.</strong></span> <span class='ocrx_word' id='word_1_540' title='bbox 609 3574 786 3630; x_wconf 83' lang='lat' dir='ltr'><strong>teris?</strong></span> <span class='ocrx_word' id='word_1_541' title='bbox 815 3573 927 3629; x_wconf 88' lang='lat' dir='ltr'><strong>Sed</strong></span> <span class='ocrx_word' id='word_1_542' title='bbox 955 3575 1239 3645; x_wconf 84' lang='lat' dir='ltr'><strong>quomodo,</strong></span> <span class='ocrx_word' id='word_1_543' title='bbox 1276 3574 1478 3646; x_wconf 85' lang='lat' dir='ltr'><strong>inquit,</strong></span> <span class='ocrx_word' id='word_1_544' title='bbox 1506 3580 1686 3643; x_wconf 84' lang='lat' dir='ltr'><strong>gentes</strong></span> <span class='ocrx_word' id='word_1_545' title='bbox 1709 3577 1852 3643; x_wconf 85' lang='lat' dir='ltr'><strong>cogis</strong></span> <span class='ocrx_word' id='word_1_546' title='bbox 1868 3576 2206 3644; x_wconf 75' lang='lat' dir='ltr'><strong>judaizare?</strong></span> <span class='ocrx_word' id='word_1_547' title='bbox 2288 3573 2689 3645; x_wconf 76' lang='lat' dir='ltr'><strong>verunt7quia,</strong></span> <span class='ocrx_word' id='word_1_548' title='bbox 2711 3574 2759 3628; x_wconf 87' lang='lat' dir='ltr'><strong>si</strong></span> <span class='ocrx_word' id='word_1_549' title='bbox 2773 3574 2895 3645; x_wconf 87' lang='lat' dir='ltr'><strong>jam</strong></span> <span class='ocrx_word' id='word_1_550' title='bbox 2900 3572 3043 3644; x_wconf 87' lang='lat' dir='ltr'><strong>justi</strong></span> <span class='ocrx_word' id='word_1_551' title='bbox 3069 3579 3252 3641; x_wconf 88' lang='lat' dir='ltr'><strong>erant,</strong></span> <span class='ocrx_word' id='word_1_552' title='bbox 3271 3573 3423 3628; x_wconf 86' lang='lat' dir='ltr'><strong>aliud</strong></span> <span class='ocrx_word' id='word_1_553' title='bbox 3453 3573 3743 3644; x_wconf 70' lang='lat' dir='ltr'><strong>quaerendo</strong></span> <span class='ocrx_word' id='word_1_554' title='bbox 3763 3574 3856 3627; x_wconf 87' lang='lat' dir='ltr'><strong>uti-</strong></span> 
     </span>
    </p>
   </div>
   <div class='ocr_carea' id='block_1_53' title="bbox 612 3661 3856 3734">
    <p class='ocr_par' dir='ltr' id='par_1_53' title="bbox 612 3661 3856 3734">
     <span class='ocr_line' id='line_1_53' title="bbox 612 3661 3856 3734; baseline -0.001 -16"><span class='ocrx_word' id='word_1_555' title='bbox 612 3663 773 3728; x_wconf 84' lang='lat' dir='ltr'><strong>Quod</strong></span> <span class='ocrx_word' id='word_1_556' title='bbox 802 3668 996 3720; x_wconf 85' lang='lat' dir='ltr'><strong>autem</strong></span> <span class='ocrx_word' id='word_1_557' title='bbox 1026 3663 1131 3718; x_wconf 89' lang='lat' dir='ltr'><strong>hoc</strong></span> <span class='ocrx_word' id='word_1_558' title='bbox 1156 3663 1210 3718; x_wconf 90' lang='lat' dir='ltr'><strong>ei</strong></span> <span class='ocrx_word' id='word_1_559' title='bbox 1235 3673 1425 3718; x_wconf 81' lang='lat' dir='ltr'><strong>coram</strong></span> <span class='ocrx_word' id='word_1_560' title='bbox 1446 3661 1875 3728; x_wconf 81' lang='lat' dir='ltr'><strong>omnibusdixit,</strong></span> <span class='ocrx_word' id='word_1_561' title='bbox 1902 3663 2205 3719; x_wconf 87' lang='lat' dir='ltr'><strong>necessitas</strong></span> <span class='ocrx_word' id='word_1_562' title='bbox 2287 3678 2395 3734; x_wconf 88' lang='lat' dir='ltr'><strong>que</strong></span> <span class='ocrx_word' id='word_1_563' title='bbox 2413 3668 2798 3734; x_wconf 87' lang='lat' dir='ltr'><strong>peccaverunt.</strong></span> <span class='ocrx_word' id='word_1_564' title='bbox 2827 3662 3064 3718; x_wconf 82' lang='lat' dir='ltr'><strong>Scientes</strong></span> <span class='ocrx_word' id='word_1_565' title='bbox 3098 3668 3285 3717; x_wconf 84' lang='lat' dir='ltr'><strong>autem</strong></span> <span class='ocrx_word' id='word_1_566' title='bbox 3316 3663 3460 3732; x_wconf 87' lang='lat' dir='ltr'><strong>quod</strong></span> <span class='ocrx_word' id='word_1_567' title='bbox 3488 3677 3595 3716; x_wconf 86' lang='lat' dir='ltr'><strong>non</strong></span> <span class='ocrx_word' id='word_1_568' title='bbox 3613 3665 3856 3731; x_wconf 73' lang='lat' dir='ltr'><strong>justiﬁes-</strong></span> 
     </span>
    </p>
   </div>
   <div class='ocr_carea' id='block_1_54' title="bbox 608 3736 3854 3824">
    <p class='ocr_par' dir='ltr' id='par_1_54' title="bbox 608 3736 3854 3824">
     <span class='ocr_line' id='line_1_54' title="bbox 608 3736 3854 3824; baseline -0.001 -18"><span class='ocrx_word' id='word_1_569' title='bbox 608 3736 812 3824; x_wconf 79' lang='lat' dir='ltr'><strong>coegit,</strong></span> <span class='ocrx_word' id='word_1_570' title='bbox 844 3758 909 3809; x_wconf 90' lang='lat' dir='ltr'><strong>ut</strong></span> <span class='ocrx_word' id='word_1_571' title='bbox 924 3762 1120 3807; x_wconf 86' lang='lat' dir='ltr'><strong>omnes</strong></span> <span class='ocrx_word' id='word_1_572' title='bbox 1134 3750 1286 3807; x_wconf 90' lang='lat' dir='ltr'><strong>illius</strong></span> <span class='ocrx_word' id='word_1_573' title='bbox 1307 3750 1698 3823; x_wconf 83' lang='lat' dir='ltr'><strong>objurgatione</strong></span> <span class='ocrx_word' id='word_1_574' title='bbox 1709 3757 2064 3810; x_wconf 88' lang='lat' dir='ltr'><strong>sanarentur.</strong></span> <span class='ocrx_word' id='word_1_575' title='bbox 2081 3753 2205 3807; x_wconf 79' lang='lat' dir='ltr'><strong>Non</strong></span> <span class='ocrx_word' id='word_1_576' title='bbox 2286 3756 2384 3805; x_wconf 86' lang='lat' dir='ltr'><strong>tur</strong></span> <span class='ocrx_word' id='word_1_577' title='bbox 2406 3751 2564 3806; x_wconf 72' lang='lat' dir='ltr'><strong>honzo</strong></span> <span class='ocrx_word' id='word_1_578' title='bbox 2583 3769 2649 3805; x_wconf 75' lang='lat' dir='ltr'><strong>ea;</strong></span> <span class='ocrx_word' id='word_1_579' title='bbox 2663 3753 2916 3822; x_wconf 80' lang='lat' dir='ltr'><strong>operibus</strong></span> <span class='ocrx_word' id='word_1_580' title='bbox 2933 3755 3013 3819; x_wconf 85' lang='lat' dir='ltr'><strong>leg</strong></span> <span class='ocrx_word' id='word_1_581' title='bbox 3021 3753 3066 3804; x_wconf 89' lang='lat' dir='ltr'><strong>is</strong></span> <span class='ocrx_word' id='word_1_582' title='bbox 3084 3753 3197 3805; x_wconf 88' lang='lat' dir='ltr'><strong>nisi</strong></span> <span class='ocrx_word' id='word_1_583' title='bbox 3216 3766 3318 3820; x_wconf 83' lang='lat' dir='ltr'><strong>per</strong></span> <span class='ocrx_word' id='word_1_584' title='bbox 3335 3752 3495 3819; x_wconf 77' lang='lat' dir='ltr'><strong>ﬁdem</strong></span> <span class='ocrx_word' id='word_1_585' title='bbox 3509 3753 3628 3806; x_wconf 78' lang='lat' dir='ltr'><strong>Iesu</strong></span> <span class='ocrx_word' id='word_1_586' title='bbox 3644 3752 3854 3817; x_wconf 75' lang='lat' dir='ltr'><strong>Christi,</strong></span> 
     </span>
    </p>
   </div>
   <div class='ocr_carea' id='block_1_55' title="bbox 611 3840 3854 3912">
    <p class='ocr_par' dir='ltr' id='par_1_55' title="bbox 611 3840 3854 3912">
     <span class='ocr_line' id='line_1_55' title="bbox 611 3840 3854 3912; baseline -0.002 -11"><span class='ocrx_word' id='word_1_587' title='bbox 611 3841 764 3901; x_wconf 82' lang='lat' dir='ltr'><strong>enim</strong></span> <span class='ocrx_word' id='word_1_588' title='bbox 791 3841 928 3897; x_wconf 89' lang='lat' dir='ltr'><strong>utile</strong></span> <span class='ocrx_word' id='word_1_589' title='bbox 954 3846 1080 3896; x_wconf 83' lang='lat' dir='ltr'><strong>erat</strong></span> <span class='ocrx_word' id='word_1_590' title='bbox 1120 3852 1371 3897; x_wconf 85' lang='lat' dir='ltr'><strong>errorem</strong></span> <span class='ocrx_word' id='word_1_591' title='bbox 1399 3840 1495 3912; x_wconf 86' lang='lat' dir='ltr'><strong>qui</strong></span> <span class='ocrx_word' id='word_1_592' title='bbox 1526 3841 1715 3912; x_wconf 87' lang='lat' dir='ltr'><strong>palam</strong></span> <span class='ocrx_word' id='word_1_593' title='bbox 1749 3847 1994 3905; x_wconf 85' lang='lat' dir='ltr'><strong>noceret,</strong></span> <span class='ocrx_word' id='word_1_594' title='bbox 2016 3841 2075 3896; x_wconf 92' lang='lat' dir='ltr'><strong>in</strong></span> <span class='ocrx_word' id='word_1_595' title='bbox 2117 3857 2208 3895; x_wconf 90' lang='lat' dir='ltr'><strong>se-</strong></span> <span class='ocrx_word' id='word_1_596' title='bbox 2287 3844 2336 3894; x_wconf 83' lang='lat' dir='ltr'><strong>et</strong></span> <span class='ocrx_word' id='word_1_597' title='bbox 2368 3856 2463 3894; x_wconf 88' lang='lat' dir='ltr'><strong>nos</strong></span> <span class='ocrx_word' id='word_1_598' title='bbox 2494 3844 2558 3894; x_wconf 84' lang='lat' dir='ltr'><strong>in</strong></span> <span class='ocrx_word' id='word_1_599' title='bbox 2600 3841 2815 3896; x_wconf 78' lang='lat' dir='ltr'><strong>Christo</strong></span> <span class='ocrx_word' id='word_1_600' title='bbox 2840 3842 2967 3894; x_wconf 83' lang='lat' dir='ltr'><strong>Jesu</strong></span> <span class='ocrx_word' id='word_1_601' title='bbox 3005 3841 3301 3907; x_wconf 78' lang='lat' dir='ltr'><strong>credimus,</strong></span> <span class='ocrx_word' id='word_1_602' title='bbox 3332 3845 3396 3894; x_wconf 87' lang='lat' dir='ltr'><strong>ut</strong></span> <span class='ocrx_word' id='word_1_603' title='bbox 3418 3842 3774 3908; x_wconf 74' lang='lat' dir='ltr'><strong>justiﬂcemur</strong></span> <span class='ocrx_word' id='word_1_604' title='bbox 3797 3844 3854 3895; x_wconf 75' lang='lat' dir='ltr'><strong>in</strong></span> 
     </span>
    </p>
   </div>
   <div class='ocr_carea' id='block_1_56' title="bbox 610 3927 3854 4000">
    <p class='ocr_par' dir='ltr' id='par_1_56' title="bbox 610 3927 3854 4000">
     <span class='ocr_line' id='line_1_56' title="bbox 610 3927 3854 4000; baseline -0.001 -15"><span class='ocrx_word' id='word_1_605' title='bbox 610 3935 766 3985; x_wconf 79' lang='lat' dir='ltr'><strong>creto</strong></span> <span class='ocrx_word' id='word_1_606' title='bbox 795 3929 1115 3985; x_wconf 76' lang='lat' dir='ltr'><strong>emendare.</strong></span> <span class='ocrx_word' id='word_1_607' title='bbox 1131 3929 1255 3984; x_wconf 85' lang='lat' dir='ltr'><strong>Huc</strong></span> <span class='ocrx_word' id='word_1_608' title='bbox 1271 3928 1488 3984; x_wconf 85' lang='lat' dir='ltr'><strong>accedit</strong></span> <span class='ocrx_word' id='word_1_609' title='bbox 1505 3929 1656 4000; x_wconf 89' lang='lat' dir='ltr'><strong>quod</strong></span> <span class='ocrx_word' id='word_1_610' title='bbox 1677 3929 1978 3984; x_wconf 83' lang='lat' dir='ltr'><strong>inﬁrmitas</strong></span> <span class='ocrx_word' id='word_1_611' title='bbox 2006 3935 2065 3984; x_wconf 89' lang='lat' dir='ltr'><strong>et</strong></span> <span class='ocrx_word' id='word_1_612' title='bbox 2082 3930 2210 3984; x_wconf 88' lang='lat' dir='ltr'><strong>cha-</strong></span> <span class='ocrx_word' id='word_1_613' title='bbox 2289 3929 2391 3996; x_wconf 77' lang='lat' dir='ltr'><strong>ﬁde</strong></span> <span class='ocrx_word' id='word_1_614' title='bbox 2420 3928 2644 3996; x_wconf 73' lang='lat' dir='ltr'><strong>Christi,</strong></span> <span class='ocrx_word' id='word_1_615' title='bbox 2677 3934 2728 3983; x_wconf 72' lang='lat' dir='ltr'><strong>et</strong></span> <span class='ocrx_word' id='word_1_616' title='bbox 2758 3944 2869 3983; x_wconf 86' lang='lat' dir='ltr'><strong>non</strong></span> <span class='ocrx_word' id='word_1_617' title='bbox 2899 3945 2964 3983; x_wconf 71' lang='lat' dir='ltr'><strong>cr</strong></span> <span class='ocrx_word' id='word_1_618' title='bbox 2995 3930 3246 3998; x_wconf 82' lang='lat' dir='ltr'><strong>operibus</strong></span> <span class='ocrx_word' id='word_1_619' title='bbox 3275 3930 3425 3997; x_wconf 84' lang='lat' dir='ltr'><strong>legis.</strong></span> <span class='ocrx_word' id='word_1_620' title='bbox 3462 3927 3720 3997; x_wconf 87' lang='lat' dir='ltr'><strong>(Hieron.)</strong></span> <span class='ocrx_word' id='word_1_621' title='bbox 3748 3929 3854 3983; x_wconf 79' lang='lat' dir='ltr'><strong>Na-</strong></span> 
     </span>
    </p>
   </div>
   <div class='ocr_carea' id='block_1_57' title="bbox 607 4015 3854 4089">
    <p class='ocr_par' dir='ltr' id='par_1_57' title="bbox 607 4015 3854 4089">
     <span class='ocr_line' id='line_1_57' title="bbox 607 4015 3854 4089; baseline 0 -17"><span class='ocrx_word' id='word_1_622' title='bbox 607 4017 747 4072; x_wconf 82' lang='lat' dir='ltr'><strong>ritas</strong></span> <span class='ocrx_word' id='word_1_623' title='bbox 793 4017 967 4083; x_wconf 82' lang='lat' dir='ltr'><strong>Petri,</strong></span> <span class='ocrx_word' id='word_1_624' title='bbox 1010 4017 1101 4071; x_wconf 88' lang='lat' dir='ltr'><strong>cui</strong></span> <span class='ocrx_word' id='word_1_625' title='bbox 1145 4023 1235 4072; x_wconf 87' lang='lat' dir='ltr'><strong>ter</strong></span> <span class='ocrx_word' id='word_1_626' title='bbox 1280 4033 1316 4072; x_wconf 94' lang='lat' dir='ltr'><strong>a</strong></span> <span class='ocrx_word' id='word_1_627' title='bbox 1358 4017 1601 4072; x_wconf 89' lang='lat' dir='ltr'><strong>Domino</strong></span> <span class='ocrx_word' id='word_1_628' title='bbox 1640 4017 1857 4073; x_wconf 90' lang='lat' dir='ltr'><strong>dictum</strong></span> <span class='ocrx_word' id='word_1_629' title='bbox 1895 4023 2001 4085; x_wconf 86' lang='lat' dir='ltr'><strong>est,</strong></span> <span class='ocrx_word' id='word_1_630' title='bbox 2036 4021 2206 4085; x_wconf 80' lang='lat' dir='ltr'><strong>Petre,</strong></span> <span class='ocrx_word' id='word_1_631' title='bbox 2290 4021 2423 4071; x_wconf 90' lang='lat' dir='ltr'><strong>tura</strong></span> <span class='ocrx_word' id='word_1_632' title='bbox 2446 4016 2672 4072; x_wconf 66' lang='lat' dir='ltr'><strong>Iudaeus</strong></span> <span class='ocrx_word' id='word_1_633' title='bbox 2701 4024 2807 4083; x_wconf 88' lang='lat' dir='ltr'><strong>est,</strong></span> <span class='ocrx_word' id='word_1_634' title='bbox 2841 4017 2938 4089; x_wconf 89' lang='lat' dir='ltr'><strong>qui</strong></span> <span class='ocrx_word' id='word_1_635' title='bbox 2965 4017 3035 4072; x_wconf 90' lang='lat' dir='ltr'><strong>de</strong></span> <span class='ocrx_word' id='word_1_636' title='bbox 3062 4032 3273 4086; x_wconf 87' lang='lat' dir='ltr'><strong>genere</strong></span> <span class='ocrx_word' id='word_1_637' title='bbox 3299 4022 3386 4070; x_wconf 89' lang='lat' dir='ltr'><strong>est</strong></span> <span class='ocrx_word' id='word_1_638' title='bbox 3417 4015 3716 4071; x_wconf 81' lang='lat' dir='ltr'><strong>Abraham:</strong></span> <span class='ocrx_word' id='word_1_639' title='bbox 3744 4024 3798 4073; x_wconf 86' lang='lat' dir='ltr'><strong>et</strong></span> <span class='ocrx_word' id='word_1_640' title='bbox 3824 4036 3854 4073; x_wconf 84' lang='lat' dir='ltr'><strong>a</strong></span> 
     </span>
    </p>
   </div>
   <div class='ocr_carea' id='block_1_58' title="bbox 611 4105 3854 4177">
    <p class='ocr_par' dir='ltr' id='par_1_58' title="bbox 611 4105 3854 4177">
     <span class='ocr_line' id='line_1_58' title="bbox 611 4105 3854 4177; baseline 0 -17"><span class='ocrx_word' id='word_1_641' title='bbox 611 4121 772 4161; x_wconf 83' lang='lat' dir='ltr'><strong>amas</strong></span> <span class='ocrx_word' id='word_1_642' title='bbox 800 4111 925 4160; x_wconf 72' lang='lat' dir='ltr'><strong>me?</strong></span> <span class='ocrx_word' id='word_1_643' title='bbox 956 4120 1114 4175; x_wconf 83' lang='lat' dir='ltr'><strong>pasce</strong></span> <span class='ocrx_word' id='word_1_644' title='bbox 1157 4121 1274 4159; x_wconf 81' lang='lat' dir='ltr'><strong>oves</strong></span> <span class='ocrx_word' id='word_1_645' title='bbox 1325 4120 1489 4170; x_wconf 79' lang='lat' dir='ltr'><strong>meas,</strong></span> <span class='ocrx_word' id='word_1_646' title='bbox 1541 4105 1993 4177; x_wconf 82' lang='lat' dir='ltr'><strong>objurgationem</strong></span> <span class='ocrx_word' id='word_1_647' title='bbox 2038 4107 2209 4161; x_wconf 88' lang='lat' dir='ltr'><strong>talem</strong></span> <span class='ocrx_word' id='word_1_648' title='bbox 2294 4105 2621 4177; x_wconf 88' lang='lat' dir='ltr'><strong>parentibus</strong></span> <span class='ocrx_word' id='word_1_649' title='bbox 2646 4105 2738 4161; x_wconf 89' lang='lat' dir='ltr'><strong>die</strong></span> <span class='ocrx_word' id='word_1_650' title='bbox 2768 4112 2964 4161; x_wconf 88' lang='lat' dir='ltr'><strong>octava</strong></span> <span class='ocrx_word' id='word_1_651' title='bbox 3002 4105 3365 4160; x_wconf 89' lang='lat' dir='ltr'><strong>circumcisus</strong></span> <span class='ocrx_word' id='word_1_652' title='bbox 3391 4111 3510 4161; x_wconf 87' lang='lat' dir='ltr'><strong>est:</strong></span> <span class='ocrx_word' id='word_1_653' title='bbox 3536 4121 3642 4160; x_wconf 88' lang='lat' dir='ltr'><strong>non</strong></span> <span class='ocrx_word' id='word_1_654' title='bbox 3666 4111 3854 4161; x_wconf 85' lang='lat' dir='ltr'><strong>natura</strong></span> 
     </span>
    </p>
   </div>
   <div class='ocr_carea' id='block_1_59' title="bbox 613 4192 3851 4266">
    <p class='ocr_par' dir='ltr' id='par_1_59' title="bbox 613 4192 3851 4266">
     <span class='ocr_line' id='line_1_59' title="bbox 613 4192 3851 4266; baseline 0.001 -18"><span class='ocrx_word' id='word_1_655' title='bbox 613 4192 943 4266; x_wconf 74' lang='lat' dir='ltr'><strong>posterioris</strong></span> <span class='ocrx_word' id='word_1_656' title='bbox 965 4193 1207 4265; x_wconf 81' lang='lat' dir='ltr'><strong>pastoris</strong></span> <span class='ocrx_word' id='word_1_657' title='bbox 1240 4209 1344 4264; x_wconf 91' lang='lat' dir='ltr'><strong>pro</strong></span> <span class='ocrx_word' id='word_1_658' title='bbox 1388 4195 1570 4249; x_wconf 67' lang='lat' dir='ltr'><strong>Salute</strong></span> <span class='ocrx_word' id='word_1_659' title='bbox 1622 4195 1813 4265; x_wconf 85' lang='lat' dir='ltr'><strong>gregis</strong></span> <span class='ocrx_word' id='word_1_660' title='bbox 1842 4194 2208 4250; x_wconf 88' lang='lat' dir='ltr'><strong>libentissime</strong></span> <span class='ocrx_word' id='word_1_661' title='bbox 2288 4194 2535 4259; x_wconf 66' lang='lat' dir='ltr'><strong>Iudaeus,</strong></span> <span class='ocrx_word' id='word_1_662' title='bbox 2567 4195 2663 4266; x_wconf 89' lang='lat' dir='ltr'><strong>qui</strong></span> <span class='ocrx_word' id='word_1_663' title='bbox 2693 4200 2890 4266; x_wconf 88' lang='lat' dir='ltr'><strong>postea</strong></span> <span class='ocrx_word' id='word_1_664' title='bbox 2917 4200 3005 4248; x_wconf 91' lang='lat' dir='ltr'><strong>est</strong></span> <span class='ocrx_word' id='word_1_665' title='bbox 3033 4194 3215 4249; x_wconf 87' lang='lat' dir='ltr'><strong>factus</strong></span> <span class='ocrx_word' id='word_1_666' title='bbox 3244 4211 3310 4248; x_wconf 81' lang='lat' dir='ltr'><strong>ex</strong></span> <span class='ocrx_word' id='word_1_667' title='bbox 3335 4193 3609 4266; x_wconf 87' lang='lat' dir='ltr'><strong>gentibus.</strong></span> <span class='ocrx_word' id='word_1_668' title='bbox 3629 4194 3851 4265; x_wconf 72' lang='lat' dir='ltr'><strong>(Anzer</strong></span> 
     </span>
    </p>
   </div>
   <div class='ocr_carea' id='block_1_60' title="bbox 613 4281 3851 4356">
    <p class='ocr_par' dir='ltr' id='par_1_60' title="bbox 613 4281 3851 4356">
     <span class='ocr_line' id='line_1_60' title="bbox 613 4281 3851 4356; baseline 0 -18"><span class='ocrx_word' id='word_1_669' title='bbox 613 4281 945 4338; x_wconf 79' lang='lat' dir='ltr'><strong>sustinebat.</strong></span> <span class='ocrx_word' id='word_1_670' title='bbox 984 4283 1129 4337; x_wconf 87' lang='lat' dir='ltr'><strong>Nam</strong></span> <span class='ocrx_word' id='word_1_671' title='bbox 1152 4287 1279 4337; x_wconf 86' lang='lat' dir='ltr'><strong>erat</strong></span> <span class='ocrx_word' id='word_1_672' title='bbox 1307 4281 1666 4353; x_wconf 78' lang='lat' dir='ltr'><strong>objurgatore</strong></span> <span class='ocrx_word' id='word_1_673' title='bbox 1695 4294 1798 4338; x_wconf 89' lang='lat' dir='ltr'><strong>suo</strong></span> <span class='ocrx_word' id='word_1_674' title='bbox 1826 4283 1946 4355; x_wconf 87' lang='lat' dir='ltr'><strong>ipse</strong></span> <span class='ocrx_word' id='word_1_675' title='bbox 1967 4283 2063 4356; x_wconf 90' lang='lat' dir='ltr'><strong>qui</strong></span> <span class='ocrx_word' id='word_1_676' title='bbox 2106 4284 2206 4339; x_wconf 82' lang='lat' dir='ltr'><strong>ob—</strong></span> <span class='ocrx_word' id='word_1_677' title='bbox 2288 4282 2588 4337; x_wconf 86' lang='lat' dir='ltr'><strong>Manifesta</strong></span> <span class='ocrx_word' id='word_1_678' title='bbox 2618 4283 2836 4338; x_wconf 88' lang='lat' dir='ltr'><strong>ratione</strong></span> <span class='ocrx_word' id='word_1_679' title='bbox 2862 4283 3272 4338; x_wconf 86' lang='lat' dir='ltr'><strong>circumventos</strong></span> <span class='ocrx_word' id='word_1_680' title='bbox 3296 4300 3394 4338; x_wconf 90' lang='lat' dir='ltr'><strong>eos</strong></span> <span class='ocrx_word' id='word_1_681' title='bbox 3417 4282 3645 4338; x_wconf 88' lang='lat' dir='ltr'><strong>ostendit</strong></span> <span class='ocrx_word' id='word_1_682' title='bbox 3670 4289 3728 4337; x_wconf 86' lang='lat' dir='ltr'><strong>ut</strong></span> <span class='ocrx_word' id='word_1_683' title='bbox 3745 4300 3851 4338; x_wconf 88' lang='lat' dir='ltr'><strong>ser-</strong></span> 
     </span>
    </p>
   </div>
   <div class='ocr_carea' id='block_1_61' title="bbox 603 4369 3840 4444">
    <p class='ocr_par' dir='ltr' id='par_1_61' title="bbox 603 4369 3840 4444">
     <span class='ocr_line' id='line_1_61' title="bbox 603 4369 3840 4444; baseline -0.001 -17"><span class='ocrx_word' id='word_1_684' title='bbox 603 4370 944 4444; x_wconf 86' lang='lat' dir='ltr'><strong>jurgabatur</strong></span> <span class='ocrx_word' id='word_1_685' title='bbox 963 4369 1291 4438; x_wconf 74' lang='lat' dir='ltr'><strong>mirabiliOr,</strong></span> <span class='ocrx_word' id='word_1_686' title='bbox 1330 4375 1390 4426; x_wconf 91' lang='lat' dir='ltr'><strong>et</strong></span> <span class='ocrx_word' id='word_1_687' title='bbox 1417 4371 1488 4426; x_wconf 89' lang='lat' dir='ltr'><strong>ad</strong></span> <span class='ocrx_word' id='word_1_688' title='bbox 1519 4370 1855 4427; x_wconf 84' lang='lat' dir='ltr'><strong>imitandum</strong></span> <span class='ocrx_word' id='word_1_689' title='bbox 1884 4372 2164 4429; x_wconf 79' lang='lat' dir='ltr'><strong>difﬁcilior</strong></span> <span class='ocrx_word' id='word_1_690' title='bbox 2189 4390 2202 4440; x_wconf 88' lang='lat'><strong>;</strong></span> <span class='ocrx_word' id='word_1_691' title='bbox 2226 4428 2272 4444; x_wconf 47' lang='grc' dir='ltr'>ἢ</span> <span class='ocrx_word' id='word_1_692' title='bbox 2291 4376 2485 4425; x_wconf 88' lang='lat' dir='ltr'><strong>varent</strong></span> <span class='ocrx_word' id='word_1_693' title='bbox 2513 4371 2716 4440; x_wconf 85' lang='lat' dir='ltr'><strong>legem,</strong></span> <span class='ocrx_word' id='word_1_694' title='bbox 2744 4370 2803 4425; x_wconf 91' lang='lat' dir='ltr'><strong>in</strong></span> <span class='ocrx_word' id='word_1_695' title='bbox 2832 4384 2944 4443; x_wconf 88' lang='lat' dir='ltr'><strong>qua</strong></span> <span class='ocrx_word' id='word_1_696' title='bbox 2957 4387 3124 4427; x_wconf 90' lang='lat' dir='ltr'><strong>nemo</strong></span> <span class='ocrx_word' id='word_1_697' title='bbox 3135 4371 3482 4443; x_wconf 83' lang='lat' dir='ltr'><strong>justiﬁcatur</strong></span> <span class='ocrx_word' id='word_1_698' title='bbox 3499 4371 3633 4444; x_wconf 81' lang='lat' dir='ltr'><strong>apud</strong></span> <span class='ocrx_word' id='word_1_699' title='bbox 3659 4371 3840 4431; x_wconf 82' lang='lat' dir='ltr'><strong>Deum.</strong></span> 
     </span>
    </p>
   </div>
   <div class='ocr_carea' id='block_1_62' title="bbox 612 4428 3843 4534">
    <p class='ocr_par' dir='ltr' id='par_1_62' title="bbox 612 4428 3843 4534">
     <span class='ocr_line' id='line_1_62' title="bbox 612 4428 3843 4534; baseline -0.001 -18"><span class='ocrx_word' id='word_1_700' title='bbox 612 4428 832 4516; x_wconf 54' lang='lat' dir='ltr'><strong>iacilius</strong></span> <span class='ocrx_word' id='word_1_701' title='bbox 856 4466 944 4516; x_wconf 90' lang='lat' dir='ltr'><strong>est</strong></span> <span class='ocrx_word' id='word_1_702' title='bbox 968 4460 1119 4515; x_wconf 89' lang='lat' dir='ltr'><strong>enim</strong></span> <span class='ocrx_word' id='word_1_703' title='bbox 1148 4428 1335 4515; x_wconf 79' lang='lat' dir='ltr'><strong>videre</strong></span> <span class='ocrx_word' id='word_1_704' title='bbox 1364 4461 1499 4534; x_wconf 88' lang='lat' dir='ltr'><strong>quid</strong></span> <span class='ocrx_word' id='word_1_705' title='bbox 1527 4460 1587 4515; x_wconf 91' lang='lat' dir='ltr'><strong>in</strong></span> <span class='ocrx_word' id='word_1_706' title='bbox 1618 4461 1730 4516; x_wconf 89' lang='lat' dir='ltr'><strong>alio</strong></span> <span class='ocrx_word' id='word_1_707' title='bbox 1759 4461 2010 4533; x_wconf 82' lang='lat' dir='ltr'><strong>corrigas</strong></span> <span class='ocrx_word' id='word_1_708' title='bbox 2039 4428 2208 4534; x_wconf 78' lang='lat' dir='ltr'><strong>atque</strong></span> <span class='ocrx_word' id='word_1_709' title='bbox 2226 4428 2274 4487; x_wconf 70' lang='grc' dir='ltr'>Β</span> <span class='ocrx_word' id='word_1_710' title='bbox 2292 4459 2497 4531; x_wconf 86' lang='lat' dir='ltr'><strong>quippe</strong></span> <span class='ocrx_word' id='word_1_711' title='bbox 2524 4428 2653 4514; x_wconf 64' lang='lat' dir='ltr'><strong>cum</strong></span> <span class='ocrx_word' id='word_1_712' title='bbox 2766 4428 2875 4530; x_wconf 77' lang='lat' dir='ltr'><strong>ipsi</strong></span> <span class='ocrx_word' id='word_1_713' title='bbox 2903 4460 3000 4531; x_wconf 90' lang='lat' dir='ltr'><strong>qui</strong></span> <span class='ocrx_word' id='word_1_714' title='bbox 3019 4428 3225 4515; x_wconf 69' lang='lat' dir='ltr'><strong>natura</strong></span> <span class='ocrx_word' id='word_1_715' title='bbox 3253 4459 3433 4515; x_wconf 71' lang='lat' dir='ltr'><strong>Judaei</strong></span> <span class='ocrx_word' id='word_1_716' title='bbox 3463 4428 3598 4525; x_wconf 73' lang='lat' dir='ltr'><strong>sunt,</strong></span> <span class='ocrx_word' id='word_1_717' title='bbox 3620 4428 3843 4514; x_wconf 84' lang='lat' dir='ltr'><strong>volentes</strong></span> 
     </span>
    </p>
   </div>
   <div class='ocr_carea' id='block_1_63' title="bbox 616 4547 3837 4622">
    <p class='ocr_par' dir='ltr' id='par_1_63' title="bbox 616 4547 3837 4622">
     <span class='ocr_line' id='line_1_63' title="bbox 616 4547 3837 4622; baseline -0 -18"><span class='ocrx_word' id='word_1_718' title='bbox 616 4550 673 4605; x_wconf 90' lang='lat' dir='ltr'><strong>id</strong></span> <span class='ocrx_word' id='word_1_719' title='bbox 704 4548 1076 4622; x_wconf 79' lang='lat' dir='ltr'><strong>vituperando</strong></span> <span class='ocrx_word' id='word_1_720' title='bbox 1103 4550 1188 4604; x_wconf 86' lang='lat' dir='ltr'><strong>vel</strong></span> <span class='ocrx_word' id='word_1_721' title='bbox 1217 4548 1567 4622; x_wconf 67' lang='lat' dir='ltr'><strong>obiurgando</strong></span> <span class='ocrx_word' id='word_1_722' title='bbox 1597 4551 1898 4622; x_wconf 82' lang='lat' dir='ltr'><strong>corrigere,</strong></span> <span class='ocrx_word' id='word_1_723' title='bbox 1931 4566 2099 4622; x_wconf 88' lang='lat' dir='ltr'><strong>quam</strong></span> <span class='ocrx_word' id='word_1_724' title='bbox 2123 4551 2206 4606; x_wconf 87' lang='lat' dir='ltr'><strong>vi-</strong></span> <span class='ocrx_word' id='word_1_725' title='bbox 2284 4548 2605 4618; x_wconf 85' lang='lat' dir='ltr'><strong>justiﬁcari,</strong></span> <span class='ocrx_word' id='word_1_726' title='bbox 2638 4548 2836 4602; x_wconf 88' lang='lat' dir='ltr'><strong>relicta</strong></span> <span class='ocrx_word' id='word_1_727' title='bbox 2864 4548 3006 4618; x_wconf 87' lang='lat' dir='ltr'><strong>lege,</strong></span> <span class='ocrx_word' id='word_1_728' title='bbox 3025 4548 3355 4618; x_wconf 83' lang='lat' dir='ltr'><strong>confugiant</strong></span> <span class='ocrx_word' id='word_1_729' title='bbox 3380 4547 3451 4602; x_wconf 89' lang='lat' dir='ltr'><strong>ad</strong></span> <span class='ocrx_word' id='word_1_730' title='bbox 3469 4548 3618 4602; x_wconf 82' lang='lat' dir='ltr'><strong>ﬁdem</strong></span> <span class='ocrx_word' id='word_1_731' title='bbox 3632 4547 3837 4615; x_wconf 88' lang='lat' dir='ltr'><strong>Christi,</strong></span> 
     </span>
    </p>
   </div>
   <div class='ocr_carea' id='block_1_64' title="bbox 609 4637 3838 4711">
    <p class='ocr_par' dir='ltr' id='par_1_64' title="bbox 609 4637 3838 4711">
     <span class='ocr_line' id='line_1_64' title="bbox 609 4637 3838 4711; baseline 0 -19"><span class='ocrx_word' id='word_1_732' title='bbox 609 4637 745 4693; x_wconf 88' lang='lat' dir='ltr'><strong>dere</strong></span> <span class='ocrx_word' id='word_1_733' title='bbox 773 4638 908 4709; x_wconf 89' lang='lat' dir='ltr'><strong>quid</strong></span> <span class='ocrx_word' id='word_1_734' title='bbox 935 4638 995 4693; x_wconf 91' lang='lat' dir='ltr'><strong>in</strong></span> <span class='ocrx_word' id='word_1_735' title='bbox 1023 4644 1081 4693; x_wconf 86' lang='lat' dir='ltr'><strong>te</strong></span> <span class='ocrx_word' id='word_1_736' title='bbox 1106 4639 1502 4710; x_wconf 85' lang='lat' dir='ltr'><strong>corrigendum</strong></span> <span class='ocrx_word' id='word_1_737' title='bbox 1525 4640 1618 4707; x_wconf 91' lang='lat' dir='ltr'><strong>sit,</strong></span> <span class='ocrx_word' id='word_1_738' title='bbox 1640 4639 1991 4710; x_wconf 87' lang='lat' dir='ltr'><strong>libenterque</strong></span> <span class='ocrx_word' id='word_1_739' title='bbox 2004 4640 2207 4711; x_wconf 88' lang='lat' dir='ltr'><strong>corrigi</strong></span> <span class='ocrx_word' id='word_1_740' title='bbox 2290 4637 2557 4709; x_wconf 87' lang='lat' dir='ltr'><strong>quoniam</strong></span> <span class='ocrx_word' id='word_1_741' title='bbox 2585 4654 2649 4691; x_wconf 72' lang='lat' dir='ltr'><strong>ea:</strong></span> <span class='ocrx_word' id='word_1_742' title='bbox 2676 4638 2929 4706; x_wconf 80' lang='lat' dir='ltr'><strong>operibus</strong></span> <span class='ocrx_word' id='word_1_743' title='bbox 2959 4641 3090 4705; x_wconf 86' lang='lat' dir='ltr'><strong>legis</strong></span> <span class='ocrx_word' id='word_1_744' title='bbox 3129 4653 3243 4692; x_wconf 84' lang='lat' dir='ltr'><strong>non</strong></span> <span class='ocrx_word' id='word_1_745' title='bbox 3270 4637 3655 4707; x_wconf 79' lang='lat' dir='ltr'><strong>justiﬁcabitur</strong></span> <span class='ocrx_word' id='word_1_746' title='bbox 3676 4641 3838 4692; x_wconf 84' lang='lat' dir='ltr'><strong>omnis</strong></span> 
     </span>
    </p>
   </div>
   <div class='ocr_carea' id='block_1_65' title="bbox 610 4725 3835 4800">
    <p class='ocr_par' dir='ltr' id='par_1_65' title="bbox 610 4725 3835 4800">
     <span class='ocr_line' id='line_1_65' title="bbox 610 4725 3835 4800; baseline 0.001 -22"><span class='ocrx_word' id='word_1_747' title='bbox 610 4725 697 4780; x_wconf 79' lang='lat' dir='ltr'><strong>vel</strong></span> <span class='ocrx_word' id='word_1_748' title='bbox 724 4737 826 4796; x_wconf 75' lang='lat' dir='ltr'><strong>per</strong></span> <span class='ocrx_word' id='word_1_749' title='bbox 848 4731 907 4780; x_wconf 87' lang='lat' dir='ltr'><strong>te</strong></span> <span class='ocrx_word' id='word_1_750' title='bbox 938 4725 1143 4796; x_wconf 86' lang='lat' dir='ltr'><strong>ipsum,</strong></span> <span class='ocrx_word' id='word_1_751' title='bbox 1174 4727 1384 4783; x_wconf 85' lang='lat' dir='ltr'><strong>nedum</strong></span> <span class='ocrx_word' id='word_1_752' title='bbox 1413 4742 1514 4800; x_wconf 90' lang='lat' dir='ltr'><strong>per</strong></span> <span class='ocrx_word' id='word_1_753' title='bbox 1541 4727 1745 4793; x_wconf 88' lang='lat' dir='ltr'><strong>alium;</strong></span> <span class='ocrx_word' id='word_1_754' title='bbox 1776 4728 1919 4783; x_wconf 86' lang='lat' dir='ltr'><strong>adde</strong></span> <span class='ocrx_word' id='word_1_755' title='bbox 1941 4729 2208 4800; x_wconf 86' lang='lat' dir='ltr'><strong>posterio-</strong></span> <span class='ocrx_word' id='word_1_756' title='bbox 2289 4742 2436 4781; x_wconf 82' lang='lat' dir='ltr'><strong>caro.</strong></span> <span class='ocrx_word' id='word_1_757' title='bbox 2458 4725 2691 4780; x_wconf 91' lang='lat' dir='ltr'><strong>Nullum</strong></span> <span class='ocrx_word' id='word_1_758' title='bbox 2712 4725 3003 4781; x_wconf 88' lang='lat' dir='ltr'><strong>hominum</strong></span> <span class='ocrx_word' id='word_1_759' title='bbox 3013 4726 3388 4797; x_wconf 83' lang='lat' dir='ltr'><strong>justiﬂcatum</strong></span> <span class='ocrx_word' id='word_1_760' title='bbox 3402 4725 3835 4797; x_wconf 78' lang='lat' dir='ltr'><strong>dicitexOperibus</strong></span> 
     </span>
    </p>
   </div>
   <div class='ocr_carea' id='block_1_66' title="bbox 615 4813 3831 4886">
    <p class='ocr_par' dir='ltr' id='par_1_66' title="bbox 615 4813 3831 4886">
     <span class='ocr_line' id='line_1_66' title="bbox 615 4813 3831 4886; baseline 0 -17"><span class='ocrx_word' id='word_1_761' title='bbox 615 4829 756 4880; x_wconf 87' lang='lat' dir='ltr'><strong>rem,</strong></span> <span class='ocrx_word' id='word_1_762' title='bbox 789 4813 932 4869; x_wconf 88' lang='lat' dir='ltr'><strong>addc</strong></span> <span class='ocrx_word' id='word_1_763' title='bbox 985 4828 1176 4870; x_wconf 88' lang='lat' dir='ltr'><strong>coram</strong></span> <span class='ocrx_word' id='word_1_764' title='bbox 1213 4816 1493 4872; x_wconf 88' lang='lat' dir='ltr'><strong>omnibus.</strong></span> <span class='ocrx_word' id='word_1_765' title='bbox 1543 4816 1709 4872; x_wconf 86' lang='lat' dir='ltr'><strong>Valet</strong></span> <span class='ocrx_word' id='word_1_766' title='bbox 1751 4822 1944 4873; x_wconf 87' lang='lat' dir='ltr'><strong>autem</strong></span> <span class='ocrx_word' id='word_1_767' title='bbox 1986 4818 2091 4873; x_wconf 91' lang='lat' dir='ltr'><strong>hoc</strong></span> <span class='ocrx_word' id='word_1_768' title='bbox 2136 4818 2207 4872; x_wconf 87' lang='lat' dir='ltr'><strong>ad</strong></span> <span class='ocrx_word' id='word_1_769' title='bbox 2288 4814 2456 4886; x_wconf 88' lang='lat' dir='ltr'><strong>legis;</strong></span> <span class='ocrx_word' id='word_1_770' title='bbox 2491 4814 2830 4886; x_wconf 88' lang='lat' dir='ltr'><strong>quicumque</strong></span> <span class='ocrx_word' id='word_1_771' title='bbox 2860 4815 3011 4869; x_wconf 87' lang='lat' dir='ltr'><strong>enim</strong></span> <span class='ocrx_word' id='word_1_772' title='bbox 3025 4814 3166 4886; x_wconf 85' lang='lat' dir='ltr'><strong>justi</strong></span> <span class='ocrx_word' id='word_1_773' title='bbox 3186 4820 3340 4879; x_wconf 88' lang='lat' dir='ltr'><strong>sunt,</strong></span> <span class='ocrx_word' id='word_1_774' title='bbox 3364 4828 3429 4869; x_wconf 81' lang='lat' dir='ltr'><strong>ex</strong></span> <span class='ocrx_word' id='word_1_775' title='bbox 3462 4814 3559 4869; x_wconf 81' lang='lat' dir='ltr'><strong>ﬁde</strong></span> <span class='ocrx_word' id='word_1_776' title='bbox 3576 4814 3831 4885; x_wconf 70' lang='lat' dir='ltr'><strong>iustificati</strong></span> 
     </span>
    </p>
   </div>
   <div class='ocr_carea' id='block_1_67' title="bbox 613 4902 3826 4978">
    <p class='ocr_par' dir='ltr' id='par_1_67' title="bbox 613 4902 3826 4978">
     <span class='ocr_line' id='line_1_67' title="bbox 613 4902 3826 4978; baseline 0 -20"><span class='ocrx_word' id='word_1_777' title='bbox 613 4918 881 4975; x_wconf 79' lang='lat' dir='ltr'><strong>magnum</strong></span> <span class='ocrx_word' id='word_1_778' title='bbox 924 4902 1260 4960; x_wconf 85' lang='lat' dir='ltr'><strong>humilitatis</strong></span> <span class='ocrx_word' id='word_1_779' title='bbox 1297 4906 1634 4978; x_wconf 78' lang='lat' dir='ltr'><strong>exemplum,</strong></span> <span class='ocrx_word' id='word_1_780' title='bbox 1665 4923 1790 4978; x_wconf 61' lang='lat' dir='ltr'><strong>quas</strong></span> <span class='ocrx_word' id='word_1_781' title='bbox 1830 4906 2075 4961; x_wconf 81' lang='lat' dir='ltr'><strong>maxima</strong></span> <span class='ocrx_word' id='word_1_782' title='bbox 2122 4911 2210 4960; x_wconf 89' lang='lat' dir='ltr'><strong>est</strong></span> <span class='ocrx_word' id='word_1_783' title='bbox 2289 4910 2442 4971; x_wconf 87' lang='lat' dir='ltr'><strong>sunt,</strong></span> <span class='ocrx_word' id='word_1_784' title='bbox 2458 4902 3118 4968; x_wconf 86' lang='lat' dir='ltr'><strong>sicutAbraham,Isaac,</strong></span> <span class='ocrx_word' id='word_1_785' title='bbox 3137 4908 3196 4957; x_wconf 90' lang='lat' dir='ltr'><strong>et</strong></span> <span class='ocrx_word' id='word_1_786' title='bbox 3211 4902 3403 4970; x_wconf 77' lang='lat' dir='ltr'><strong>Iacob,</strong></span> <span class='ocrx_word' id='word_1_787' title='bbox 3420 4902 3826 4959; x_wconf 70' lang='lat' dir='ltr'><strong>etcasterisancti.</strong></span> 
     </span>
    </p>
   </div>
   <div class='ocr_carea' id='block_1_68' title="bbox 611 4990 3829 5064">
    <p class='ocr_par' dir='ltr' id='par_1_68' title="bbox 611 4990 3829 5064">
     <span class='ocr_line' id='line_1_68' title="bbox 611 4990 3829 5064; baseline 0 -18"><span class='ocrx_word' id='word_1_788' title='bbox 611 4990 908 5064; x_wconf 84' lang='lat' dir='ltr'><strong>disciplina</strong></span> <span class='ocrx_word' id='word_1_789' title='bbox 933 4991 1274 5058; x_wconf 88' lang='lat' dir='ltr'><strong>Christiana,</strong></span> <span class='ocrx_word' id='word_1_790' title='bbox 1310 4993 1627 5049; x_wconf 85' lang='lat' dir='ltr'><strong>humilitate</strong></span> <span class='ocrx_word' id='word_1_791' title='bbox 1661 4994 1813 5048; x_wconf 89' lang='lat' dir='ltr'><strong>enim</strong></span> <span class='ocrx_word' id='word_1_792' title='bbox 1849 4998 2210 5050; x_wconf 86' lang='lat' dir='ltr'><strong>conservatur</strong></span> <span class='ocrx_word' id='word_1_793' title='bbox 2293 4994 2565 5062; x_wconf 63' lang='lat' dir='ltr'><strong>(Hii-ron.)</strong></span> <span class='ocrx_word' id='word_1_794' title='bbox 2596 4993 2673 5048; x_wconf 93' lang='lat' dir='ltr'><strong>Ut</strong></span> <span class='ocrx_word' id='word_1_795' title='bbox 2698 4999 2889 5047; x_wconf 89' lang='lat' dir='ltr'><strong>autem</strong></span> <span class='ocrx_word' id='word_1_796' title='bbox 2928 4997 3113 5047; x_wconf 88' lang='lat' dir='ltr'><strong>totum</strong></span> <span class='ocrx_word' id='word_1_797' title='bbox 3159 4997 3547 5062; x_wconf 87' lang='lat' dir='ltr'><strong>argumentum</strong></span> <span class='ocrx_word' id='word_1_798' title='bbox 3578 4991 3705 5047; x_wconf 84' lang='lat' dir='ltr'><strong>brevi</strong></span> <span class='ocrx_word' id='word_1_799' title='bbox 3727 5008 3829 5047; x_wconf 81' lang='lat' dir='ltr'><strong>ser-</strong></span> 
     </span>
    </p>
   </div>
   <div class='ocr_carea' id='block_1_69' title="bbox 613 5080 3818 5154">
    <p class='ocr_par' dir='ltr' id='par_1_69' title="bbox 613 5080 3818 5154">
     <span class='ocr_line' id='line_1_69' title="bbox 613 5080 3818 5154; baseline 0 -17"><span class='ocrx_word' id='word_1_800' title='bbox 613 5081 881 5148; x_wconf 76' lang='lat' dir='ltr'><strong>charitas,</strong></span> <span class='ocrx_word' id='word_1_801' title='bbox 905 5096 1039 5136; x_wconf 90' lang='lat' dir='ltr'><strong>nam</strong></span> <span class='ocrx_word' id='word_1_802' title='bbox 1066 5081 1211 5137; x_wconf 88' lang='lat' dir='ltr'><strong>nihil</strong></span> <span class='ocrx_word' id='word_1_803' title='bbox 1227 5097 1353 5136; x_wconf 88' lang='lat' dir='ltr'><strong>eam</strong></span> <span class='ocrx_word' id='word_1_804' title='bbox 1369 5081 1536 5137; x_wconf 86' lang='lat' dir='ltr'><strong>citius</strong></span> <span class='ocrx_word' id='word_1_805' title='bbox 1554 5081 1726 5137; x_wconf 89' lang='lat' dir='ltr'><strong>violat</strong></span> <span class='ocrx_word' id='word_1_806' title='bbox 1744 5099 1913 5154; x_wconf 91' lang='lat' dir='ltr'><strong>quam</strong></span> <span class='ocrx_word' id='word_1_807' title='bbox 1924 5081 2207 5154; x_wconf 87' lang='lat' dir='ltr'><strong>superbia.</strong></span> <span class='ocrx_word' id='word_1_808' title='bbox 2290 5090 2456 5136; x_wconf 73' lang='lat' dir='ltr'><strong>moue</strong></span> <span class='ocrx_word' id='word_1_809' title='bbox 2487 5081 2977 5153; x_wconf 87' lang='lat' dir='ltr'><strong>comprehendam,</strong></span> <span class='ocrx_word' id='word_1_810' title='bbox 3014 5095 3214 5136; x_wconf 87' lang='lat' dir='ltr'><strong>sensus</strong></span> <span class='ocrx_word' id='word_1_811' title='bbox 3243 5086 3330 5135; x_wconf 85' lang='lat' dir='ltr'><strong>est</strong></span> <span class='ocrx_word' id='word_1_812' title='bbox 3356 5080 3464 5137; x_wconf 85' lang='lat' dir='ltr'><strong>iste</strong></span> <span class='ocrx_word' id='word_1_813' title='bbox 3496 5082 3578 5153; x_wconf 87' lang='lat' dir='ltr'><strong>qui</strong></span> <span class='ocrx_word' id='word_1_814' title='bbox 3607 5081 3782 5136; x_wconf 78' lang='lat' dir='ltr'><strong>texitur</strong></span> <span class='ocrx_word' id='word_1_815' title='bbox 3807 5102 3818 5137; x_wconf 93' lang='lat'><em>:</em></span> 
     </span>
    </p>
   </div>
   <div class='ocr_carea' id='block_1_70' title="bbox 614 5168 3820 5241">
    <p class='ocr_par' dir='ltr' id='par_1_70' title="bbox 614 5168 3820 5241">
     <span class='ocr_line' id='line_1_70' title="bbox 614 5168 3820 5241; baseline -0 -16"><span class='ocrx_word' id='word_1_816' title='bbox 614 5170 683 5225; x_wconf 83' lang='lat' dir='ltr'><strong>Et</strong></span> <span class='ocrx_word' id='word_1_817' title='bbox 707 5169 835 5225; x_wconf 87' lang='lat' dir='ltr'><strong>ideo</strong></span> <span class='ocrx_word' id='word_1_818' title='bbox 862 5169 1136 5225; x_wconf 79' lang='lat' dir='ltr'><strong>Dominus</strong></span> <span class='ocrx_word' id='word_1_819' title='bbox 1166 5186 1279 5224; x_wconf 89' lang='lat' dir='ltr'><strong>non</strong></span> <span class='ocrx_word' id='word_1_820' title='bbox 1315 5169 1397 5225; x_wconf 88' lang='lat' dir='ltr'><strong>ait</strong></span> <span class='ocrx_word' id='word_1_821' title='bbox 1428 5188 1440 5222; x_wconf 88' lang='lat'><strong>:</strong></span> <span class='ocrx_word' id='word_1_822' title='bbox 1490 5171 1680 5225; x_wconf 83' lang='lat' dir='ltr'><strong>Tollite</strong></span> <span class='ocrx_word' id='word_1_823' title='bbox 1716 5175 1914 5240; x_wconf 69' lang='lat' dir='ltr'><strong>iugum</strong></span> <span class='ocrx_word' id='word_1_824' title='bbox 1954 5186 2137 5226; x_wconf 86' lang='lat' dir='ltr'><strong>meum</strong></span> <span class='ocrx_word' id='word_1_825' title='bbox 2160 5178 2209 5226; x_wconf 83' lang='lat' dir='ltr'><strong>et</strong></span> <span class='ocrx_word' id='word_1_826' title='bbox 2292 5186 2414 5236; x_wconf 88' lang='lat' dir='ltr'><strong>nos,</strong></span> <span class='ocrx_word' id='word_1_827' title='bbox 2438 5170 2495 5225; x_wconf 91' lang='lat' dir='ltr'><strong>id</strong></span> <span class='ocrx_word' id='word_1_828' title='bbox 2525 5177 2630 5235; x_wconf 82' lang='lat' dir='ltr'><strong>est,</strong></span> <span class='ocrx_word' id='word_1_829' title='bbox 2664 5187 2769 5241; x_wconf 87' lang='lat' dir='ltr'><strong>ego</strong></span> <span class='ocrx_word' id='word_1_830' title='bbox 2796 5176 2856 5225; x_wconf 90' lang='lat' dir='ltr'><strong>et</strong></span> <span class='ocrx_word' id='word_1_831' title='bbox 2882 5174 2964 5235; x_wconf 90' lang='lat' dir='ltr'><strong>tu,</strong></span> <span class='ocrx_word' id='word_1_832' title='bbox 3010 5170 3175 5225; x_wconf 90' lang='lat' dir='ltr'><strong>Petre</strong></span> <span class='ocrx_word' id='word_1_833' title='bbox 3202 5168 3460 5238; x_wconf 75' lang='lat' dir='ltr'><strong>(miscuit</strong></span> <span class='ocrx_word' id='word_1_834' title='bbox 3492 5169 3618 5224; x_wconf 86' lang='lat' dir='ltr'><strong>enim</strong></span> <span class='ocrx_word' id='word_1_835' title='bbox 3656 5185 3820 5240; x_wconf 82' lang='lat' dir='ltr'><strong>perso-</strong></span> 
     </span>
    </p>
   </div>
   <div class='ocr_carea' id='block_1_71' title="bbox 2292 5258 3811 5329">
    <p class='ocr_par' dir='ltr' id='par_1_71' title="bbox 2292 5258 3811 5329">
     <span class='ocr_line' id='line_1_71' title="bbox 2292 5258 3811 5329; baseline -0.001 -15"><span class='ocrx_word' id='word_1_836' title='bbox 2292 5276 2426 5314; x_wconf 88' lang='lat' dir='ltr'><strong>nam</strong></span> <span class='ocrx_word' id='word_1_837' title='bbox 2454 5275 2635 5327; x_wconf 89' lang='lat' dir='ltr'><strong>suam,</strong></span> <span class='ocrx_word' id='word_1_838' title='bbox 2668 5277 2739 5314; x_wconf 91' lang='lat' dir='ltr'><strong>ne</strong></span> <span class='ocrx_word' id='word_1_839' title='bbox 2767 5259 2847 5314; x_wconf 93' lang='lat' dir='ltr'><strong>illi</strong></span> <span class='ocrx_word' id='word_1_840' title='bbox 2876 5260 3058 5315; x_wconf 84' lang='lat' dir='ltr'><strong>facere</strong></span> <span class='ocrx_word' id='word_1_841' title='bbox 3086 5259 3371 5315; x_wconf 83' lang='lat' dir='ltr'><strong>videretur</strong></span> <span class='ocrx_word' id='word_1_842' title='bbox 3410 5258 3679 5329; x_wconf 84' lang='lat' dir='ltr'><strong>injuriam).</strong></span> <span class='ocrx_word' id='word_1_843' title='bbox 3705 5274 3811 5313; x_wconf 87' lang='lat' dir='ltr'><strong>cum</strong></span> 
     </span>
    </p>
   </div>
   <div class='ocr_carea' id='block_1_72' title="bbox 2292 5346 3812 5419">
    <p class='ocr_par' dir='ltr' id='par_1_72' title="bbox 2292 5346 3812 5419">
     <span class='ocr_line' id='line_1_72' title="bbox 2292 5346 3812 5419; baseline -0.002 -16"><span class='ocrx_word' id='word_1_844' title='bbox 2292 5364 2560 5414; x_wconf 84' lang='lat' dir='ltr'><strong>essemus,</strong></span> <span class='ocrx_word' id='word_1_845' title='bbox 2580 5348 2783 5419; x_wconf 91' lang='lat' dir='ltr'><strong>inquit,</strong></span> <span class='ocrx_word' id='word_1_846' title='bbox 2807 5354 3012 5404; x_wconf 90' lang='lat' dir='ltr'><strong>natura</strong></span> <span class='ocrx_word' id='word_1_847' title='bbox 3037 5349 3236 5415; x_wconf 73' lang='lat' dir='ltr'><strong>Judaei,</strong></span> <span class='ocrx_word' id='word_1_848' title='bbox 3260 5364 3332 5403; x_wconf 85' lang='lat' dir='ltr'><strong>ea</strong></span> <span class='ocrx_word' id='word_1_849' title='bbox 3344 5347 3588 5403; x_wconf 79' lang='lat' dir='ltr'><strong>facientes</strong></span> <span class='ocrx_word' id='word_1_850' title='bbox 3601 5346 3812 5418; x_wconf 72' lang='lat' dir='ltr'><strong>quelegs</strong></span> 
     </span>
    </p>
   </div>
   <div class='ocr_carea' id='block_1_73' title="bbox 2296 5437 3807 5510">
    <p class='ocr_par' dir='ltr' id='par_1_73' title="bbox 2296 5437 3807 5510">
     <span class='ocr_line' id='line_1_73' title="bbox 2296 5437 3807 5510; baseline -0.001 -17"><span class='ocrx_word' id='word_1_851' title='bbox 2296 5443 2573 5509; x_wconf 63' lang='lat' dir='ltr'><strong>praecepta</strong></span> <span class='ocrx_word' id='word_1_852' title='bbox 2598 5443 2751 5503; x_wconf 88' lang='lat' dir='ltr'><strong>sunt,</strong></span> <span class='ocrx_word' id='word_1_853' title='bbox 2798 5444 2856 5491; x_wconf 89' lang='lat' dir='ltr'><strong>et</strong></span> <span class='ocrx_word' id='word_1_854' title='bbox 2891 5454 3002 5492; x_wconf 92' lang='lat' dir='ltr'><strong>non</strong></span> <span class='ocrx_word' id='word_1_855' title='bbox 3030 5454 3098 5491; x_wconf 77' lang='lat' dir='ltr'><strong>ex</strong></span> <span class='ocrx_word' id='word_1_856' title='bbox 3123 5437 3387 5507; x_wconf 85' lang='lat' dir='ltr'><strong>gentibus</strong></span> <span class='ocrx_word' id='word_1_857' title='bbox 3418 5444 3702 5510; x_wconf 79' lang='lat' dir='ltr'><strong>peccatores,</strong></span> <span class='ocrx_word' id='word_1_858' title='bbox 3726 5437 3807 5507; x_wconf 85' lang='lat' dir='ltr'><strong>qui</strong></span> 
     </span>
    </p>
   </div>
   <div class='ocr_carea' id='block_1_74' title="bbox 2293 5525 3801 5599">
    <p class='ocr_par' dir='ltr' id='par_1_74' title="bbox 2293 5525 3801 5599">
     <span class='ocr_line' id='line_1_74' title="bbox 2293 5525 3801 5599; baseline 0 -19"><span class='ocrx_word' id='word_1_859' title='bbox 2293 5528 2378 5581; x_wconf 77' lang='lat' dir='ltr'><strong>vel</strong></span> <span class='ocrx_word' id='word_1_860' title='bbox 2403 5526 2746 5598; x_wconf 85' lang='lat' dir='ltr'><strong>generaliter</strong></span> <span class='ocrx_word' id='word_1_861' title='bbox 2763 5525 2897 5597; x_wconf 88' lang='lat' dir='ltr'><strong>quia</strong></span> <span class='ocrx_word' id='word_1_862' title='bbox 2915 5526 3082 5581; x_wconf 89' lang='lat' dir='ltr'><strong>idolis</strong></span> <span class='ocrx_word' id='word_1_863' title='bbox 3108 5527 3362 5582; x_wconf 87' lang='lat' dir='ltr'><strong>serviunt</strong></span> <span class='ocrx_word' id='word_1_864' title='bbox 3383 5532 3662 5599; x_wconf 73' lang='lat' dir='ltr'><strong>peccatores</strong></span> <span class='ocrx_word' id='word_1_865' title='bbox 3677 5534 3801 5593; x_wconf 81' lang='lat' dir='ltr'><strong>sunt,</strong></span> 
     </span>
    </p>
   </div>
   <div class='ocr_carea' id='block_1_75' title="bbox 2291 5615 3798 5687">
    <p class='ocr_par' dir='ltr' id='par_1_75' title="bbox 2291 5615 3798 5687">
     <span class='ocr_line' id='line_1_75' title="bbox 2291 5615 3798 5687; baseline 0.003 -19"><span class='ocrx_word' id='word_1_866' title='bbox 2291 5615 2376 5669; x_wconf 81' lang='lat' dir='ltr'><strong>vel</strong></span> <span class='ocrx_word' id='word_1_867' title='bbox 2422 5631 2562 5687; x_wconf 88' lang='lat' dir='ltr'><strong>quos</strong></span> <span class='ocrx_word' id='word_1_868' title='bbox 2598 5628 2747 5671; x_wconf 85' lang='lat' dir='ltr'><strong>nunc</strong></span> <span class='ocrx_word' id='word_1_869' title='bbox 2779 5620 3044 5687; x_wconf 85' lang='lat' dir='ltr'><strong>putamus</strong></span> <span class='ocrx_word' id='word_1_870' title='bbox 3073 5616 3397 5673; x_wconf 76' lang='lat' dir='ltr'><strong>immundos</strong></span> <span class='ocrx_word' id='word_1_871' title='bbox 3438 5616 3640 5671; x_wconf 78' lang='lat' dir='ltr'><strong>scientes</strong></span> <span class='ocrx_word' id='word_1_872' title='bbox 3676 5616 3798 5687; x_wconf 75' lang='lat' dir='ltr'><strong>quod</strong></span> 
     </span>
    </p>
   </div>
   <div class='ocr_carea' id='block_1_76' title="bbox 2286 2863 3858 2932">
    <p class='ocr_par' dir='ltr' id='par_1_76' title="bbox 2286 2863 3858 2932">
     <span class='ocr_line' id='line_1_76' title="bbox 2286 2863 3858 2932; baseline -0.001 -14"><span class='ocrx_word' id='word_1_873' title='bbox 2286 2863 2392 2918; x_wconf 78' lang='lat' dir='ltr'><strong>Nos</strong></span> <span class='ocrx_word' id='word_1_874' title='bbox 2431 2868 2641 2917; x_wconf 83' lang='lat' dir='ltr'><strong>natura</strong></span> <span class='ocrx_word' id='word_1_875' title='bbox 2683 2865 2865 2918; x_wconf 60' lang='lat' dir='ltr'><strong>Juda&#39;i</strong></span> <span class='ocrx_word' id='word_1_876' title='bbox 2912 2868 2959 2917; x_wconf 84' lang='lat' dir='ltr'><strong>et</strong></span> <span class='ocrx_word' id='word_1_877' title='bbox 3004 2879 3116 2917; x_wconf 85' lang='lat' dir='ltr'><strong>non</strong></span> <span class='ocrx_word' id='word_1_878' title='bbox 3157 2879 3223 2917; x_wconf 79' lang='lat' dir='ltr'><strong>ea:</strong></span> <span class='ocrx_word' id='word_1_879' title='bbox 3261 2864 3515 2930; x_wconf 84' lang='lat' dir='ltr'><strong>gentibus</strong></span> <span class='ocrx_word' id='word_1_880' title='bbox 3556 2868 3858 2932; x_wconf 64' lang='lat' dir='ltr'><strong>peccatore:</strong></span> 
     </span>
    </p>
   </div>
   <div class='ocr_carea' id='block_1_77' title="bbox 613 5258 2212 5331">
    <p class='ocr_par' dir='ltr' id='par_1_77' title="bbox 613 5258 2212 5331">
     <span class='ocr_line' id='line_1_77' title="bbox 613 5258 2212 5331; baseline 0.001 -18"><span class='ocrx_word' id='word_1_881' title='bbox 613 5259 804 5313; x_wconf 79' lang='lat' dir='ltr'><strong>discite</strong></span> <span class='ocrx_word' id='word_1_882' title='bbox 828 5268 866 5312; x_wconf 72' lang='grc' dir='ltr'><strong>τι</strong></span> <span class='ocrx_word' id='word_1_883' title='bbox 892 5272 997 5326; x_wconf 84' lang='lat' dir='ltr'><strong>me,</strong></span> <span class='ocrx_word' id='word_1_884' title='bbox 1032 5258 1301 5331; x_wconf 81' lang='lat' dir='ltr'><strong>quoniam</strong></span> <span class='ocrx_word' id='word_1_885' title='bbox 1330 5258 1707 5330; x_wconf 87' lang='lat' dir='ltr'><strong>quatriduana</strong></span> <span class='ocrx_word' id='word_1_886' title='bbox 1727 5260 1797 5314; x_wconf 88' lang='lat' dir='ltr'><strong>de</strong></span> <span class='ocrx_word' id='word_1_887' title='bbox 1825 5259 2096 5331; x_wconf 85' lang='lat' dir='ltr'><strong>sepulcris</strong></span> <span class='ocrx_word' id='word_1_888' title='bbox 2123 5277 2212 5315; x_wconf 89' lang='lat' dir='ltr'><strong>ca-</strong></span> 
     </span>
    </p>
   </div>
   <div class='ocr_carea' id='block_1_78' title="bbox 611 5345 2209 5421">
    <p class='ocr_par' dir='ltr' id='par_1_78' title="bbox 611 5345 2209 5421">
     <span class='ocr_line' id='line_1_78' title="bbox 611 5345 2209 5421; baseline 0.001 -20"><span class='ocrx_word' id='word_1_889' title='bbox 611 5345 817 5401; x_wconf 81' lang='lat' dir='ltr'><strong>davera</strong></span> <span class='ocrx_word' id='word_1_890' title='bbox 843 5347 1140 5413; x_wconf 77' lang='lat' dir='ltr'><strong>exsuscita,</strong></span> <span class='ocrx_word' id='word_1_891' title='bbox 1173 5352 1344 5418; x_wconf 82' lang='lat' dir='ltr'><strong>atque</strong></span> <span class='ocrx_word' id='word_1_892' title='bbox 1384 5347 1577 5402; x_wconf 86' lang='lat' dir='ltr'><strong>omnia</strong></span> <span class='ocrx_word' id='word_1_893' title='bbox 1607 5348 1885 5403; x_wconf 80' lang='lat' dir='ltr'><strong>daemonia</strong></span> <span class='ocrx_word' id='word_1_894' title='bbox 1912 5349 1982 5402; x_wconf 92' lang='lat' dir='ltr'><strong>de</strong></span> <span class='ocrx_word' id='word_1_895' title='bbox 2011 5365 2209 5421; x_wconf 87' lang='lat' dir='ltr'><strong>corpo-</strong></span> 
     </span>
    </p>
   </div>
   <div class='ocr_carea' id='block_1_79' title="bbox 611 5433 2210 5508">
    <p class='ocr_par' dir='ltr' id='par_1_79' title="bbox 611 5433 2210 5508">
     <span class='ocr_line' id='line_1_79' title="bbox 611 5433 2210 5508; baseline 0.003 -20"><span class='ocrx_word' id='word_1_896' title='bbox 611 5433 771 5490; x_wconf 74' lang='lat' dir='ltr'><strong>ribus</strong></span> <span class='ocrx_word' id='word_1_897' title='bbox 805 5435 1122 5502; x_wconf 83' lang='lat' dir='ltr'><strong>hominum,</strong></span> <span class='ocrx_word' id='word_1_898' title='bbox 1152 5433 1486 5505; x_wconf 88' lang='lat' dir='ltr'><strong>morbosque</strong></span> <span class='ocrx_word' id='word_1_899' title='bbox 1516 5435 1754 5508; x_wconf 90' lang='lat' dir='ltr'><strong>depello,</strong></span> <span class='ocrx_word' id='word_1_900' title='bbox 1789 5442 1848 5491; x_wconf 89' lang='lat' dir='ltr'><strong>et</strong></span> <span class='ocrx_word' id='word_1_901' title='bbox 1876 5442 2079 5492; x_wconf 80' lang='lat' dir='ltr'><strong>caetera</strong></span> <span class='ocrx_word' id='word_1_902' title='bbox 2102 5437 2210 5493; x_wconf 89' lang='lat' dir='ltr'><strong>hu-</strong></span> 
     </span>
    </p>
   </div>
   <div class='ocr_carea' id='block_1_80' title="bbox 606 5523 2212 5595">
    <p class='ocr_par' dir='ltr' id='par_1_80' title="bbox 606 5523 2212 5595">
     <span class='ocr_line' id='line_1_80' title="bbox 606 5523 2212 5595; baseline 0.002 -17"><span class='ocrx_word' id='word_1_903' title='bbox 606 5523 875 5594; x_wconf 72' lang='lat' dir='ltr'><strong>iusmodi,</strong></span> <span class='ocrx_word' id='word_1_904' title='bbox 902 5523 1020 5590; x_wconf 83' lang='lat' dir='ltr'><strong>sed,</strong></span> <span class='ocrx_word' id='word_1_905' title='bbox 1059 5525 1264 5589; x_wconf 81' lang='lat' dir='ltr'><strong>Tollite,</strong></span> <span class='ocrx_word' id='word_1_906' title='bbox 1284 5523 1487 5595; x_wconf 88' lang='lat' dir='ltr'><strong>inquit,</strong></span> <span class='ocrx_word' id='word_1_907' title='bbox 1499 5529 1707 5594; x_wconf 81' lang='lat' dir='ltr'><strong>jugum</strong></span> <span class='ocrx_word' id='word_1_908' title='bbox 1732 5542 1934 5590; x_wconf 78' lang='lat' dir='ltr'><strong>meum,</strong></span> <span class='ocrx_word' id='word_1_909' title='bbox 1953 5532 2003 5581; x_wconf 85' lang='lat' dir='ltr'><strong>et</strong></span> <span class='ocrx_word' id='word_1_910' title='bbox 2022 5529 2212 5581; x_wconf 78' lang='lat' dir='ltr'><strong>discite</strong></span> 
     </span>
    </p>
   </div>
   <div class='ocr_carea' id='block_1_81' title="bbox 606 5607 2207 5684">
    <p class='ocr_par' dir='ltr' id='par_1_81' title="bbox 606 5607 2207 5684">
     <span class='ocr_line' id='line_1_81' title="bbox 606 5607 2207 5684; baseline 0.004 -19"><span class='ocrx_word' id='word_1_911' title='bbox 606 5625 749 5671; x_wconf 74' lang='lat' dir='ltr'><strong>ams</strong></span> <span class='ocrx_word' id='word_1_912' title='bbox 766 5615 903 5681; x_wconf 77' lang='lat' dir='ltr'><strong>quia</strong></span> <span class='ocrx_word' id='word_1_913' title='bbox 926 5615 1082 5667; x_wconf 82' lang='lat' dir='ltr'><strong>milis</strong></span> <span class='ocrx_word' id='word_1_914' title='bbox 1102 5626 1223 5666; x_wconf 79' lang='lat' dir='ltr'><strong>sum</strong></span> <span class='ocrx_word' id='word_1_915' title='bbox 1246 5607 1302 5666; x_wconf 63' lang='grc' dir='ltr'><strong>ξι</strong></span> <span class='ocrx_word' id='word_1_916' title='bbox 1321 5614 1554 5669; x_wconf 76' lang='lat' dir='ltr'><strong>Immitis</strong></span> <span class='ocrx_word' id='word_1_917' title='bbox 1581 5616 1740 5669; x_wconf 82' lang='lat' dir='ltr'><strong>corde</strong></span> <span class='ocrx_word' id='word_1_918' title='bbox 1758 5615 2060 5684; x_wconf 67' lang='lat' dir='ltr'><strong>(Mallum)</strong></span> <span class='ocrx_word' id='word_1_919' title='bbox 2078 5633 2090 5667; x_wconf 89' lang='lat'><strong><em>:</em></strong></span> <span class='ocrx_word' id='word_1_920' title='bbox 2108 5615 2207 5671; x_wconf 88' lang='lat' dir='ltr'><strong>illa</strong></span> 
     </span>
    </p>
   </div>
  </div>
