4034 6162
327 312 413 366 277

734 309 1310 365 ENARRATIONUM
1352 307 1424 364 IN
1468 308 1619 364 EPP.
1662 308 1876 366 PAULI
1916 310 2049 366 LIB.
2088 313 2228 366 XIV.
2266 343 2329 352 —
2370 312 2446 365 IN
2488 311 2705 366 EPIST.
2750 313 2844 366 AD
2884 314 3137 367 GALA’I‘.

3463 310 3567 367 2ἷὲ

327 452 420 488 non
447 450 725 504 possemus
762 450 828 486 ex
867 434 1008 503 legis
1037 450 1223 504 opere,
1257 436 1353 487 sed
1393 436 1599 488 Christi
1635 436 1745 488 ﬁde
1782 437 1892 490 sal-
1909 438 2203 497 Ast‘ribm‘t’
2236 438 2377 489 rubis
2404 457 2418 490 :
2447 441 2553 504 ipsi
2577 440 2724 489 cnim
2752 454 2889 489 rosa
2918 439 3019 490 Ι]εο
3042 438 3187 491 docti
3208 440 3334 491 estis
3354 442 3413 488 ut
3434 437 3566 488 diri-

323 524 438 587 vari,
468 521 805 576 credidimus
855 522 912 576 in
954 522 1260 589 Christum,
1296 529 1360 577 ut
1410 522 1557 593 quod
1599 526 1685 576 lex
1735 524 1892 577 nobis

319 630 412 666 non
440 612 683 675 dederat,
724 611 864 664 ﬁdes
895 611 1188 675 tribueret,
1231 624 1401 681 quam
1444 612 1788 667 habebamus
1834 613 1895 666 in

314 701 530 755 Christo.
564 699 723 763 Quod
754 700 801 752 si
832 700 1156 755 recedentes
1197 716 1232 753 a
1268 700 1390 770 lege
1435 700 1494 754 in
1538 717 1649 771 qua
1691 701 1890 754 salvari

313 806 407 844 non
433 788 736 858 potuimus,
768 789 1220 843 transcendimus
1249 788 1318 841 ad
1341 788 1529 855 ﬁdem,
1556 788 1613 842 in
1647 796 1757 859 qua
1779 804 1890 843 non

314 878 477 932 carnis
507 877 779 947 queritur
822 877 1192 941 circumcisio,
1226 877 1321 933 sed
1350 878 1533 931 cordis
1560 893 1703 947 pura
1731 877 1892 931 devo-

313 968 409 1025 tio;
440 974 494 1020 et
520 982 669 1020 nunc
696 982 731 1020 a
757 966 1020 1036 gentibus
1062 966 1372 1021 recedendo
1416 967 1521 1019 hoc
1560 967 1799 1035 agimus,
1832 973 1895 1020 ut

314 1056 628 1126 quicumque
649 1071 762 1108 non
783 1060 869 1108 est
881 1055 1259 1121 circumcisus,
1277 1055 1604 1109 immundus
1624 1056 1700 1108 sit
1723 1072 1733 1107 :
1760 1071 1893 1123 ergo

314 1145 433 1198 iides
462 1144 518 1196 in
549 1143 841 1197 Christum
874 1144 931 1197 in
961 1160 1072 1213 qua
1102 1160 1203 1197 nos
1232 1144 1570 1213 putabamus
1611 1150 1742 1197 ante
1780 1142 1890 1197 sal-

312 1234 431 1295 vari,
453 1233 634 1301 magis
656 1232 867 1302 peccati
890 1240 977 1286 est
1004 1232 1282 1297 ministra,
1313 1248 1481 1302 quam
1499 1233 1752 1302 justitice,
1768 1249 1891 1303 qua:

310 1322 470 1375 aufert
497 1321 984 1375 circumcisioncm
1010 1340 1020 1374 :
1051 1337 1218 1391 quam
1241 1321 1336 1391 qui
1359 1337 1469 1374 non
1502 1321 1763 1374 habuerit
1789 1321 1893 1373 im~

312 1411 533 1464 mundus
544 1411 769 1464 est.Sed
783 1409 949 1475 absit,
969 1416 1035 1463 ut
1053 1410 1199 1481 quod
1221 1410 1393 1464 semel
1413 1410 1659 1463 destruxi
1683 1416 1741 1463 et
1759 1410 1890 1463 scivi

309 1499 429 1553 mihi
456 1516 569 1553 non
599 1499 894 1569 profuisse,
929 1514 1151 1552 rursum
1184 1498 1479 1552 vindicem.
1502 1499 1743 1552 Semela
1771 1499 1892 1568 lege

304 1589 579 1642 discedens
606 1588 719 1658 legi
747 1603 876 1641 sum
906 1593 1180 1653 mortuus,
1202 1594 1268 1641 ut
1290 1587 1345 1641 in
1372 1588 1594 1641 Christo
1625 1587 1886 1650 viverem,

303 1677 545 1747 crocique
557 1678 689 1746 ejus
699 1678 935 1741 adﬁxus,
956 1682 1013 1729 et
1030 1676 1087 1729 in
1105 1692 1313 1730 novum
1328 1683 1559 1729 renatus
1580 1675 1886 1740 hominem,

1974 510 2365 591 patriai/miram
2391 528 2434 589 (Ι
2468 527 2637 578 T/u‘ss.
2667 529 2761 591 ιγ).

2046 617 2270 681 Propter
2299 616 2443 682 quod
2472 631 2535 666 ar
2563 615 2812 681 operibus
2856 617 2985 680 legis
3027 630 3138 666 non
3165 614 3569 681 justi/icabitur

1974 705 2154 755 omnis
2176 718 2321 755 caro.
2358 702 2633 769 (Hieron.)
2652 703 2775 755 Non
2791 701 3197 771 justiﬁcabitur
3215 718 3280 755 ex
3310 700 3569 771 operibus

1976 792 2112 859 legis
2136 807 2265 843 caro
2286 791 2401 851 illa,
2420 790 2488 843 de
2520 798 2631 859 qua
2659 790 2959 843 scribitur:
2989 791 3179 845 Omnis
3208 806 3336 844 caro
3352 791 3563 857 fenum,

1974 884 2020 931 et
2050 882 2229 931 omnis
2249 881 2429 945 gloria
2452 882 2568 946 ejus
2598 882 2762 946 quasi
2797 882 2893 947 ﬂos
2924 880 3042 945 feni
3074 880 3197 931 llsa.
3251 877 3568 946 xr.).'Justi-

1977 968 2175 1020 ticatur
2199 971 2387 1020 autem
2422 980 2520 1036 per
2550 967 2717 1020 fidem
2760 967 2892 1020 Jesu
2934 966 3140 1020 Christi
3181 982 3308 1019 caro
3354 952 3467 1030 illa,
3501 966 3571 1018 de

1976 1071 2087 1125 qua
2131 1055 2188 1108 in
2230 1055 2656 1109 resurrectionis
2696 1056 2902 1109 dicitur
2943 1061 3339 1109 sacramento:
3378 1056 3569 1107 Omnis

1973 1158 2101 1196 caro
2129 1145 2329 1196 ridebit
2357 1148 2601 1197 salutare
2621 1145 2874 1208 Dei(Luc.
2900 1150 2972 1203 ιιι)
2991 1162 3001 1210 ;
3022 1145 3117 1197 sed
3140 1148 3196 1197 et
3217 1143 3378 1213 juxta
3392 1142 3570 1195 humi-

1975 1232 2167 1285 liorem
2203 1232 2564 1296 intellectum,
2588 1232 2988 1302 justiticabitur
3020 1232 3301 1302 quondam
3343 1246 3409 1285 ex
3447 1232 3570 1301 lege

1975 1338 2084 1374 non
2114 1321 2295 1373 omnis
2322 1336 2469 1381 caro,
2487 1320 2582 1373 sed
2605 1324 2826 1374 tantum
2846 1320 2905 1373 hi
2925 1321 3182 1374 homines
3202 1320 3297 1391 qui
3315 1319 3372 1373 in
3393 1318 3570 1373 Palae-

1975 1410 2123 1462 stina
2149 1414 2312 1462 erant
2336 1428 2346 1461 :
2373 1425 2521 1462 nunc
2544 1414 2733 1463 autem
2771 1426 2835 1462 ex
2867 1409 2975 1462 fide
2998 1409 3205 1463 Christi
3230 1407 3573 1478 justiticatur

1974 1498 2157 1553 omnis
2172 1512 2301 1551 caro
2323 1516 2332 1550 :
2356 1498 2489 1550 dum
2512 1497 2753 1551 Ecclesia
2776 1499 2897 1567 ejus
2912 1497 2971 1551 in
2987 1504 3106 1551 toto
3128 1497 3261 1551 orbe
3279 1497 3575 1551 fundatur:

2046 1588 2197 1653 Quod
2222 1589 2272 1638 si
2310 1592 2607 1655 qu.rrentcs
2637 1588 2949 1654 justi/icari
2982 1589 3045 1639 in
3091 1587 3319 1649 Christo,
3358 1588 3573 1639 inrcnti

1972 1690 2163 1726 sumus
2191 1679 2240 1727 et
2269 1676 2377 1742 ipsi
2398 1679 2697 1741 peccatores
2729 1693 2744 1727 :
2781 1676 3039 1742 nunquid
3081 1673 3330 1727 Christus
3364 1676 3571 1741 peccati

302 1766 397 1819 ﬁde
416 1767 599 1835 magis
628 1782 800 1836 quam
829 1780 998 1819 carne
1025 1764 1409 1829 subsisterem,
1433 1770 1491 1817 et
1519 1781 1647 1817 cum
1669 1765 1894 1817 Christo
1912 1755 2089 1815 Bmin
2099 1766 2227 1815 ister
2237 1768 2346 1815 est?
2364 1764 2534 1815 Absit.
2561 1762 2768 1829 (Δηὼ.)
2788 1763 3080 1826 Quomodo
3107 1761 3365 1816 Christus
3384 1768 3571 1832 potest

297 1854 579 1924 egrederer
613 1871 645 1907 e
666 1854 910 1919 mundo;
938 1854 1084 1924 quod
1105 1854 1278 1907 semel
1293 1853 1527 1907 adorsus
1543 1869 1667 1906 sum
1690 1858 1887 1918 teneo;

300 1959 400 1996 non
420 1942 557 1996 mihi
588 1944 775 2013 gratis
804 1943 1061 1997 Christus
1091 1947 1177 1996 est
1214 1947 1489 2007 mortuus,
1526 1943 1581 1995 in
1632 1958 1740 2012 quo
1773 1941 1891 1995 fru-

299 2040 402 2086 are
447 2032 687 2088 credidi,
718 2033 763 2085 si
820 2032 981 2102 potui
1028 2030 1237 2102 absque
1288 2031 1395 2084 fide
1441 2032 1564 2100 ejus
1613 2031 1669 2084 in
1720 2030 1890 2084 veteri

300 2124 410 2191 lege
435 2122 665 2174 salvari.
700 2120 938 2174 Scientcs
966 2119 1531 2190 autem,inquit,quod
1552 2136 1663 2173 non
1678 2121 1892 2187 justi/b-

301 2216 447 2263 ratur
457 2212 621 2263 homo
632 2224 702 2262 ea:
712 2213 865 2278 operi
867 2212 965 2262 bus
978 2212 1126 2275 legis,
1135 2211 1250 2262 nisi
1252 2224 1352 2277 per
1364 2211 1523 2275 ﬁdem
1534 2206 1890 2261 Jequhristi.

302 2300 356 2352 Et
387 2316 479 2351 nos
511 2303 573 2351 in
594 2300 817 2355 Christo
845 2301 973 2352 Jesu
1000 2298 1813 2364 credidimus,utjustiﬁccmur
1833 2299 1893 2349 in

302 2389 707 2453 M0hristi,ct
738 2403 850 2441 non
880 2403 945 2439 ex
971 2388 1220 2454 operibus
1259 2389 1408 2453 legis.
1446 2385 1621 2439 Aiunt
1644 2385 1891 2455 quidam,

301 2477 343 2529 si
364 2492 554 2530 verum
585 2476 669 2529 sit
686 2476 791 2529 hoc
810 2475 959 2546 quod
980 2475 1187 2528 Paulus
1216 2473 1462 2527 affirmat
1495 2492 1505 2527 :
1541 2490 1605 2528 ex
1635 2473 1896 2543 operibus

304 2566 429 2634 legis
456 2566 753 2619 neminem
778 2564 1074 2634 justiﬁcari
1108 2582 1118 2615 :
1155 2562 1250 2617 sed
1282 2579 1347 2616 ex
1376 2563 1484 2616 ﬁde
1512 2563 1645 2617 Jesu
1665 2562 1893 2625 Christi,

303 2652 646 2723 patriarchas
678 2660 737 2706 et
768 2652 1072 2722 prophetas
1100 2659 1158 2705 et
1184 2658 1405 2705 sanctos
1434 2651 1528 2721 qui
1562 2659 1693 2704 ante
1737 2650 1897 2704 Chri-

301 2743 363 2794 sti
389 2742 703 2796 adventum
750 2740 982 2795 fuerunt
1022 2740 1375 2810 imperfectos
1402 2739 1592 2793 fuisse.
1627 2739 1778 2803 Quos
1806 2739 1900 2792 ad-

302 2847 517 2885 monere
547 2830 848 2894 debemus,
884 2845 981 2883 eos
1017 2828 1105 2882 hic
1150 2829 1258 2882 dici
1297 2828 1579 2899 justitiam
1608 2844 1719 2882 non
1765 2844 1897 2881 con-

300 2928 524 2986 secutos,
559 2920 664 2990 qui
695 2924 919 2972 tantum
943 2933 1009 2971 ex
1038 2917 1300 2988 operibus
1322 2917 1619 2988 justiticari
1650 2934 1810 2987 posse
1840 2934 1898 2970 se

299 3009 521 3064 credunt
553 3028 565 3061 :
605 3013 835 3062 sanctos
864 3013 1055 3062 autem
1085 3007 1179 3077 qui
1209 3006 1522 3077 antiquitus
1550 3006 1796 3069 fuerunt,
1831 3022 1896 3058 ex

1974 1851 2183 1921 peccati
2213 1850 2471 1904 minister
2502 1867 2642 1913 esse,
2678 1852 2772 1921 qui
2802 1852 2976 1905 donat
3004 1851 3276 1921 peccata?
3317 1850 3441 1903 ideo
3470 1851 3569 1904 ab-

1973 1943 2063 2003 sit,
2088 1940 2290 2010 inquit,
2316 1940 2411 1992 sed
2435 1940 2481 1993 si
2500 1940 2796 2009 justificari
2826 1940 3073 1993 volentes
3095 1956 3197 2010 per
3214 1939 3384 1993 ﬁdem
3408 1938 3571 1993 Chri—

1975 2029 2066 2093 sti,
2098 2028 2206 2098 legi
2237 2029 2529 2089 servimus,
2562 2028 2665 2082 sub
2693 2034 2920 2099 peccato
2939 2043 3041 2081 nos
3070 2044 3190 2081 esse
3219 2028 3568 2098 profitemur.

1977 2117 2111 2187 quia
2127 2116 2264 2170 ﬁdes
2287 2117 2532 2171 extrahit
2547 2117 2832 2171 hominem
2854 2134 2888 2171 a
2906 2118 3027 2186 lege
3048 2122 3112 2170 ut
3121 2117 3308 2187 justus
3320 2116 3411 2170 sit.
3429 2115 3573 2186 Ergo

1977 2206 2023 2259 si
2053 2205 2252 2259 damus
2283 2222 2383 2258 nos
2414 2206 2541 2275 legi,
2576 2212 2893 2276 peccatores
2935 2206 3270 2269 invenimur,
3304 2204 3434 2274 quia
3477 2204 3572 2274 qui

1977 2288 2080 2347 sub
2098 2294 2220 2364 lege
2235 2299 2386 2359 sunt,
2410 2294 2513 2346 sub
2544 2293 2841 2347 maledicto
2869 2300 3019 2350 sunt.
3054 2294 3150 2346 sed
3180 2293 3226 2346 si
3268 2292 3347 2345 ita
3371 2299 3457 2345 est
3493 2293 3575 2345 in-

1978 2382 2118 2452 quit,
2142 2397 2266 2448 ergo
2296 2382 2546 2435 Christus
2558 2384 2765 2449 peccati
2784 2385 3036 2434 minister
3064 2386 3176 2434 est?
3201 2382 3384 2450 (Aug)
3415 2379 3573 2443 Quod

1977 2471 2173 2540 utique
2204 2487 2313 2522 non
2346 2475 2580 2540 possunt
2608 2470 2810 2535 dicere,
2831 2470 2962 2540 quia
2980 2475 3036 2523 et
3062 2469 3170 2539 ipsi
3187 2469 3280 2539 qui
3309 2467 3575 2522 nolebant

1984 2559 2089 2612 nisi
2111 2558 2450 2612 circumcisis
2469 2558 2732 2629 gentibus
2760 2558 2907 2611 tradi
2937 2557 3297 2628 Evangelium
3326 2558 3383 2610 in
3412 2557 3574 2610 Chri-

1982 2654 2069 2701 sto
2094 2647 2448 2701 crediderant
2473 2665 2483 2699 :
2509 2652 2566 2700 et
2586 2647 2712 2700 ideo
2739 2646 2885 2717 quod
2916 2645 3051 2700 dicit
3072 2648 3242 2702 Absit.
3270 2661 3383 2700 non
3402 2645 3572 2709 solus,

1983 2737 2077 2791 sed
2110 2754 2235 2790 cum
2273 2736 2409 2807 ipsis
2438 2736 2576 2789 dicit
2626 2754 2637 2788 :
2688 2734 2976 2789 Destruxit
3017 2741 3207 2789 autem
3256 2728 3577 2805 superbiam

1980 2826 2315 2896 gloriantem
2346 2826 2414 2878 de
2438 2824 2700 2895 operibus
2718 2823 2879 2895 legis,
2906 2840 3027 2896 qua!
3047 2823 3260 2877 destrui
3281 2828 3337 2876 et
3350 2820 3581 2876 deberet

1982 2892 2038 2968 et
2067 2919 2270 2985 posset,
2302 2929 2373 2967 ne
2399 2892 2584 2983 gratia.
2613 2910 2740 2966 iidei
2775 2892 3058 2966 videretur
3094 2929 3205 2966 non
3237 2912 3571 2967 necessaria.

1982 3004 2027 3056 si
2059 3019 2229 3074 opera
2256 3002 2395 3072 legis
2426 3002 2595 3056 etiam
2644 3003 2764 3055 sine
2807 3002 2905 3054 illa
2943 3001 3239 3071 justificari
3281 3000 3576 3054 crederen-

298 3094 2089 3169 ﬁdejustiﬁcatosChristi,siquidemAbrahamviditdiemCtur.
2125 3093 2192 3145 Et
2233 3092 2357 3145 ideo
2391 3092 2781 3161 praevaricator
2820 3096 2923 3153 est,
2955 3091 3000 3142 si
3050 3106 3246 3143 rursus
3304 3088 3401 3142 illa
3446 3087 3575 3142 ardi-

298 3187 493 3240 Christi
524 3193 586 3240 et
616 3186 843 3239 laetatus
872 3191 959 3237 est
990 3188 1165 3249 (Joan.
1199 3187 1345 3251 vm);
1388 3190 1445 3236 et
1475 3185 1693 3255 Moyses
1724 3184 1898 3253 majo-

300 3291 377 3327 res
396 3274 631 3329 divitias
649 3273 1267 3328 existimavitthesauro
1280 3272 1670 3343 Egyptiorum
1694 3272 1900 3342 impro-

299 3364 507 3433 perium
524 3363 746 3417 Christi
767 3364 950 3429 (Hebr.
978 3365 1074 3428 xx),
1106 3360 1409 3432 aspiciebat
1432 3362 1590 3417 enim
1620 3362 1678 3414 in
1710 3377 1898 3414 remus

298 3453 738 3507 nerationemzet
758 3451 934 3506 Isaias
948 3450 1085 3504 vidit
1097 3450 1336 3519 gloriam
1351 3450 1649 3516 Christi,ut
1657 3451 1900 3503 Joannes

299 3541 645 3611 evangelista
663 3547 1068 3594 commemorat
1089 3541 1268 3605 (Joan.
1289 3542 1407 3607 xu);
1430 3545 1487 3592 et
1500 3540 1526 3593 J
1533 3538 1672 3593 udas
1694 3538 1763 3592 de
1785 3554 1902 3591 om-

301 3630 453 3685 nibus
461 3629 837 3701 generaliter:
847 3629 1027 3681 (ὐηιηι
1036 3644 1100 3681 on
1109 3644 1211 3693 ore,
1223 3628 1421 3698 inquit,
1434 3645 1518 3681 ros
1540 3631 1904 3691 1‘0'0,scientrs

301 3724 448 3773 semel
460 3721 903 3787 omnia,quom'a
912 3734 964 3771 m
980 3720 1132 3771 Jesus
1145 3721 1409 3786 populum
1432 3718 1494 3770 de
1513 3723 1661 3769 terra
1690 3718 1906 3783 ὤρθρῑί

300 3814 513 3863 mirans
522 3809 812 3871 ,sewndos
824 3822 908 3860 eos
919 3809 1018 3874 qui
1029 3820 1139 3859 non
1151 3807 1435 3859 m‘edideru
1444 3812 1502 3858 nt
1514 3807 1650 3873 ριινίί
1654 3807 1710 3857 id
1715 3805 1901 3871 it(.lud.

307 3898 545 3964 v).Unde
560 3912 683 3950 non
696 3900 815 3949 tam
831 3895 969 3965 legis
985 3907 1156 3965 opera
1171 3894 1530 3958 damnantur,
1546 3906 1714 3965 quam
1731 3893 1787 3945 hi
1810 3894 1904 3964 qui

305 3993 521 4040 tanaim
554 4002 632 4040 ex
664 3984 923 4055 operibus
959 3980 1257 4053 justiﬁcari
1286 3996 1347 4037 se
1376 4000 1537 4053 posse
1569 3983 1857 4036 confidunt
1890 3974 1903 4033 ἐ

306 4074 593 4129 Salvatore
615 4088 841 4145 quoque
856 4073 924 4127 ad
938 4072 1241 4143 discipulos
1252 4072 1515 4142 loquente
1530 4090 1539 4123 :
1558 4072 1911 4139 Nisisupera-

307 4164 871 4231 bundaveritjustitia
882 4168 1061 4215 rastra
1069 4165 1125 4230 pl
1133 4176 1363 4229 usquam
1378 4160 1702 4215 Scribarum
1715 4165 1763 4213 et
1775 4161 1911 4213 Pha-

310 4256 618 4315 risaorum,
640 4267 751 4305 non
772 4252 1058 4305 intrabitis
1080 4254 1137 4303 in
1158 4262 1387 4318 regnum
1412 4253 1663 4304 calorum
1694 4249 1904 4315 (Matth.

312 4354 376 4395 γι.
400 4340 898 4396 Considerandum
919 4339 978 4394 in
999 4339 1101 4393 hoc
1123 4339 1240 4392 loco
1260 4344 1474 4408 quanta
1495 4338 1551 4391 in
1564 4339 1687 4408 lege
1705 4350 1909 4409 prace-

1981 3183 2128 3245 ﬁcat,
2174 3181 2383 3247 dicens,
2420 3181 2565 3250 quod
2618 3195 2787 3250 opera
2826 3179 2966 3248 legis
3013 3179 3184 3232 etiam
3232 3178 3354 3231 sine
3396 3177 3580 3247 gratia

1976 3269 2306 3340 justiﬁcant,
2326 3276 2388 3322 ut
2419 3268 2673 3322 Christus
2703 3268 2913 3338 peccati
2946 3267 3207 3321 minister
3232 3265 3569 3320 inveniatur.

1982 3360 2044 3414 Si
2060 3362 2204 3412 enim
2230 3373 2347 3426 quae
2364 3360 2613 3411 dr’Sit‘tlil‘i
2630 3358 2737 3410 hac
2758 3360 2963 3409 iterum
2994 3357 3213 3423 ediﬁce,
3240 3357 3574 3424 prevarica-

1985 3454 2153 3500 torem
2215 3464 2294 3498 me
2342 3449 2611 3499 constituo
2668 3445 2877 3514 (Amb.)
2926 3445 3256 3499 Absolutum
3311 3448 3395 3497 est
3451 3442 3581 3514 quia

1985 3536 2250 3590 accedens
2292 3536 2363 3587 ad
2404 3534 2689 3588 Christum
2739 3533 3006 3604 relinquit
3051 3534 3254 3604 legem,
3307 3532 3375 3586 de
3421 3546 3579 3586 servo

1986 3626 2136 3678 enim
2190 3625 2252 3677 iit
2295 3623 2474 3676 liber:
2512 3623 2658 3694 quod
2702 3623 2751 3676 si
2795 3624 3000 3676 iterum
3036 3622 3233 3675 redeat
3265 3621 3335 3674 ad
3373 3621 3576 3690 legem,

1989 3715 2104 3783 ipse
2135 3713 2220 3766 sui
2252 3718 2542 3765 accusator
2568 3712 2774 3776 existit,
2812 3712 2942 3781 quia
2988 3712 3199 3783 factum
3236 3724 3399 3763 suum
3446 3722 3579 3762 con-

1987 3782 2218 3854 demnat
2247 3802 2432 3867 (Aug.)
2468 3800 2608 3863 Quid
2660 3817 2814 3868 ergo,
2860 3798 2991 3869 quia
3032 3782 3198 3850 ﬁdem
3242 3797 3449 3851 Christi
3479 3812 3579 3867 op-

1996 3889 2301 3960 pugnabas,
2318 3906 2349 3941 ο
2374 3889 2562 3951 Paule,
2587 3894 2773 3953 antea,
2793 3903 2961 3957 quam
2992 3902 3137 3939 nunc
3163 3885 3424 3949 aediﬁcas,
3445 3894 3581 3955 pm-

1997 3979 2357 4032 varicatorem
2385 3982 2443 4030 te
2472 3976 2803 4030 constituis?
2823 3976 2934 4030 Sed
2961 3975 3117 4029 illam
3147 3991 3259 4028 non
3287 3973 3579 4039 destruxit,

1994 4069 2126 4140 quia
2146 4067 2358 4122 destrui
2381 4082 2492 4119 non
2512 4071 2715 4136 potest,
2741 4067 2885 4120 hanc
2904 4071 3094 4119 autem
3116 4062 3433 4135 superbiam
3455 4077 3583 4117 vere

1993 4158 2363 4222 destruxerat,
2391 4161 2823 4226 constanterque
2843 4153 3186 4220 destruebat,
3209 4152 3343 4224 quia
3372 4153 3586 4207 destrui

1994 4253 2229 4316 poterat.
2264 4246 2331 4300 Et
2360 4245 2487 4298 ideo
2514 4256 2627 4298 non
2656 4244 2749 4298 ille
2779 4243 3173 4316 praevaricator
3199 4246 3286 4297 est
3331 4242 3427 4313 qui
3465 4256 3582 4295 rem

1996 4351 2181 4389 veram
2197 4350 2322 4389 cum
2335 4340 2633 4389 conaretur
2644 4333 2952 4397 destruere,
2972 4338 3029 4387 et
3048 4337 3242 4402 postea
3254 4344 3444 4384 veram
3462 4342 3584 4384 esse

312 4432 703 4501 ptasint,qua2
720 4429 940 4501 explere
955 4428 1142 4482 nullus
1164 4433 1365 4498 queat;
1391 4432 1448 4482 et
1464 4444 1494 4480 e
1523 4427 1804 4482 contrario
1832 4426 1913 4478 di-
1934 4426 2058 4483 Dac
2085 4424 2299 4477 destrui
2330 4438 2441 4478 non
2473 4439 2633 4496 posse
2663 4426 3038 4492 Cognosceret.
3070 4419 3256 4474 tenuit
3282 4430 3407 4472 eam
3434 4422 3499 4471 ut
3523 4418 3587 4470 in

311 4521 568 4581 centium,
590 4518 851 4589 quaedam
881 4517 1019 4588 legis
1047 4517 1218 4573 etiam
1247 4515 1316 4570 ab
1349 4516 1435 4570 his
1465 4516 1605 4580 ﬁeri,
1630 4515 1727 4585 qui
1759 4515 1912 4585 igno-

312 4618 432 4662 rent
458 4624 616 4671 eam,
650 4607 748 4660 sed
785 4606 911 4661 ideo
941 4621 1053 4660 non
1086 4605 1384 4675 justiilcari
1414 4611 1738 4676 operatores
1767 4604 1907 4673 ejus,

314 4697 439 4769 quia
477 4696 700 4767 absque
738 4694 846 4749 ﬁde
893 4694 1101 4750 Christi
1152 4695 1292 4748 flant
1322 4710 1332 4745 :
1370 4686 1522 4749 verbi
1564 4693 1768 4764 gratia,
1801 4706 1911 4745 non

312 4785 559 4839 dormire
579 4800 711 4839 cum
732 4784 848 4837 viro
875 4782 1214 4838 dormitione
1241 4782 1515 4847 mulieris,
1550 4797 1662 4836 non
1692 4781 1911 4835 adulte-

316 4884 451 4937 rare,
486 4888 611 4928 non
659 4882 875 4943 rapere,
915 4871 1015 4927 sed
1063 4871 1240 4943 magis
1274 4872 1552 4926 honorare
1595 4874 1811 4940 patrem
1858 4875 1915 4923 et

316 4971 554 5018 matrem
588 4968 649 5016 et
673 4964 894 5025 caetera,
917 4976 1039 5032 quae
1059 4961 1339 5032 imperata
1359 4966 1508 5025 sunt,
1530 4959 1730 5013 facere.
1756 4958 1915 5022 Quod

317 5053 359 5104 si
382 5052 451 5107 de
470 5034 693 5106 sanctis
710 5050 844 5104 viris
865 5049 1024 5104 nobis
1047 5048 1301 5120 exempla
1317 5047 1675 5120 protulerint,
1698 5046 1844 5118 quod
1859 5046 1915 5099 in

318 5140 885 5211 legaversati,eaquae
897 5138 1034 5208 legis
1043 5135 1916 5210 fuerantperpetrarint,dicimus

321 5234 445 5297 quia
450 5234 618 5298 justo
637 5232 723 5282 te:
742 5244 851 5282 non
882 5233 957 5281 est
974 5231 1171 5296 posita,
1196 5229 1287 5280 sed
1315 5230 1547 5294 iniquis,
1573 5232 1619 5279 ct
1649 5240 1761 5278 non
1787 5225 1916 5277 sub-

320 5320 680 5387 ditis,impiis
697 5323 745 5371 et
759 5301 1149 5385 peccatoribus,
1175 5318 1567 5369 contaminatis
1597 5321 1643 5367 et
1676 5316 1748 5367 im
1760 5329 1919 5366 mun-

1994 4530 2059 4567 ea
2087 4513 2461 4567 aediﬁcaretur
2492 4529 2502 4564 :
2537 4512 2633 4566 sed
2663 4510 2755 4565 ille
2786 4508 3176 4583 praevaricator
3203 4510 3309 4569 est,
3330 4506 3426 4583 qui
3455 4516 3599 4558 cum

1993 4601 2331 4655 destruxerit
2368 4616 2487 4653 rem
2528 4600 2746 4663 falsam,
2779 4598 2910 4668 quia
2957 4595 3170 4649 destrui
3212 4582 3415 4664 potest,
3457 4606 3583 4647 eam

1996 4706 2188 4744 rursus
2211 4688 2466 4743 aediﬁcat.

2068 4780 2173 4844 Ego
2201 4781 2349 4831 enim
2378 4792 2476 4845 per
2505 4778 2669 4843 legem
2703 4777 2808 4843 legi
2832 4778 3085 4827 mortuus
3115 4778 3257 4838 sunt,
3290 4776 3352 4825 ut
3370 4772 3475 4827 Deo
3499 4770 3586 4823 vi-

1994 4884 2136 4920 tam.
2178 4865 2384 4935 (Amb.)
2416 4866 2534 4919 Hoc
2559 4863 2712 4928 dicit,
2748 4862 2883 4934 quia
2908 4876 3010 4934 per
3038 4862 3219 4931 legem
3258 4858 3388 4915 ﬁdei
3434 4873 3587 4913 mor-

1997 4962 2129 5010 tuus
2158 4961 2243 5009 est
2272 4954 2379 5025 legi
2399 4953 2606 5025 Moysis
2642 4971 2652 5004 :
2680 4952 2921 5005 moritur
2948 4951 3102 5006 enim
3121 4950 3250 5021 legi,
3276 4950 3371 5021 qui
3389 4947 3589 5002 libera-

1998 5051 2091 5100 tur
2132 5044 2201 5099 ab
2238 5060 2322 5107 ea,
2357 5050 2413 5097 et
2441 5042 2574 5097 vivit
2617 5042 2753 5105 Deo,
2787 5043 2947 5111 cujus
2984 5041 3047 5094 ﬁt
3085 5055 3277 5094 servus
3306 5043 3529 5108 emptus
3558 5052 3592 5087 a

2000 5133 2241 5189 Christo.
2290 5134 2473 5201 (.4ug.)
2505 5132 2789 5186 Mortuum
2844 5134 3033 5184 autem
3080 5144 3140 5182 se
3180 5127 3290 5197 legi
3338 5125 3491 5191 dicit,
3528 5130 3591 5179 ut

1995 5225 2114 5293 jam
2145 5221 2247 5276 sub
2278 5222 2399 5292 lege
2431 5236 2543 5275 non
2572 5226 2737 5282 esset,
2771 5219 2868 5274 sed
2897 5225 3088 5272 tamen
3115 5224 3215 5287 per
3241 5217 3445 5285 legem,
3476 5214 3591 5268 sive

2003 5312 2133 5382 quia
2159 5311 2384 5365 Judaaus
2403 5315 2541 5375 erat,
2561 5314 2618 5364 et
2634 5315 2905 5379 tanquam
2926 5306 3292 5377 paedagogum
3309 5304 3491 5375 legem
3507 5319 3594 5357 ac-

322 5409 399 5459 dts
420 5409 473 5475 (1
506 5408 656 5462 Tim.
680 5411 746 5475 1);
781 5406 879 5477 qui
908 5410 1099 5460 autem
1126 5420 1161 5458 a
1189 5402 1306 5459 Deo
1333 5404 1531 5458 doctus
1559 5404 1651 5469 sit,
1685 5418 1796 5457 non
1826 5403 1920 5456 ha—
2004 5406 2243 5472 ceperat,
2277 5400 2422 5453 sicut
2446 5404 2641 5469 postea
2670 5396 2991 5450 manifestat
3017 5412 3027 5446 :
3064 5395 3168 5448 hoc
3196 5398 3387 5447 autem
3408 5392 3595 5462 agitur

324 5496 446 5550 bere
474 5506 619 5550 eum
654 5510 879 5550 necesse
912 5502 977 5549 ut
1002 5495 1202 5549 saltem
1229 5493 1299 5547 de
1329 5493 1602 5548 charitate
1633 5492 1937 5555 doceatur,"
2007 5507 2106 5561 per
2128 5487 2510 5560 paedagogum,
2532 5492 2595 5540 ut
2622 5503 2732 5540 non
2762 5485 2835 5538 sit
2862 5484 3209 5537 necessarius
3235 5481 3592 5554 paedagogus,

329 5584 495 5639 Paulo
524 5584 777 5638 dicente:
796 5586 871 5638 De
899 5585 1164 5638 charith
1184 5588 1368 5636 autem
1401 5598 1507 5638 non
1545 5598 1743 5635 necesse
1760 5583 1922 5633 Imbro
2006 5579 2151 5632 sicut
2170 5594 2270 5650 per
2285 5576 2455 5630 ubera
2477 5576 2726 5630 nutritur
2748 5573 2949 5638 infans,
2975 5580 3038 5626 ut
3049 5574 3167 5643 jam
3190 5570 3452 5625 uberibus
3481 5583 3591 5621 non

1358 5798 1379 5825 Ι
