4034 6162
437 193 544 250 279

1027 193 1088 246 B.
1133 192 1402 248 RABANI
1451 193 1680 250 MAURI
1721 193 2058 248 ARCIllEP.
2099 191 2422 248 MOGUNT.
2467 190 2763 246 OPERUM
2799 189 2984 242 PARS
3021 189 3121 243 III.

3606 188 3714 244 280

440 319 712 390 indigeat,
741 323 802 372 et
828 335 929 390 per
969 333 1166 372 navem
1214 318 1536 387 pervenitur
1577 319 1644 401 ad
1680 318 1944 390 patriam,
1974 323 2040 372 ut
2057 319 2226 388 Alegi
2255 335 2314 372 se
2337 322 2642 381 mortuum,
2666 314 2945 386 quomodo
2967 320 3224 368 mortuus
3239 315 3426 368 fuerat
3442 313 3712 378 ostendit,

434 409 558 479 jam
588 409 716 462 navi
745 423 883 478 opus
921 423 1033 460 non
1063 405 1154 459 sit.
1179 405 1304 459 Sive
1345 423 1446 476 per
1483 408 1666 476 legem
1707 407 2040 477 spiritaliter

440 497 802 561 intellectam,
834 495 944 564 legi
986 499 1243 548 mortuus
1286 501 1390 561 est,
1434 512 1504 549 ne
1547 495 1650 550 sub
1695 512 1764 548 ea
1804 494 2038 549 carnali-

438 591 528 638 ter
553 584 782 638 viveret.
815 584 960 638 Nam
985 582 1090 636 hoc
1128 581 1294 636 modo
1324 600 1426 654 per
1453 584 1636 655 legem
1679 583 1789 654 legi
1820 588 1885 638 ut
1911 598 2034 637 mo-

439 678 699 726 rerentur
740 669 980 736 volebat,
1024 687 1153 724 cum
1199 669 1281 724 eis
1323 672 1491 742 paulo
1539 677 1666 744 post
1711 672 1830 726 ait:
1864 673 2035 726 Dicite

437 761 582 814 mihi
629 759 730 813 sub
793 761 901 828 lege
951 763 1182 813 volentes
1237 775 1359 824 esse,
1420 763 1587 829 legem
1628 775 1742 814 non
1793 761 2034 828 legistis?

437 847 720 916 Scriptum
751 853 828 902 est
855 849 1006 901 enim
1023 839 1168 916 quod
1182 847 1466 904 Abraham
1489 851 1623 902 duos
1650 851 1791 917 ﬁlios
1820 847 2031 914 habuit,

440 941 545 990 etc.
581 935 722 1004 (Gal.
746 952 822 1002 ιν,
859 936 988 991 Gen.
1025 938 1163 1005 xxx).
1203 941 1268 990 ut
1295 953 1397 1007 per
1425 937 1680 991 eamdem
1709 937 1891 1006 legem
1919 935 2034 1006 spi-

442 1023 686 1078 ritaliter
703 1023 1046 1078 intellectam
1067 1030 1424 1080 morerentur
1442 1024 1756 1079 carnalibus
1774 1023 2034 1078 observa-

439 1111 689 1172 tionibus
718 1113 877 1183 legis.
899 1113 1058 1177 Quod
1087 1119 1280 1167 autem
1309 1113 1587 1183 adjungit,
1609 1119 1674 1167 ut
1702 1115 1806 1168 Deo
1825 1115 2028 1179 vivam,

441 1201 557 1254 Deo
584 1200 738 1268 vivit,
767 1201 864 1272 qui
893 1200 997 1255 sub
1018 1201 1134 1255 Deo
1165 1207 1268 1268 est,
1292 1201 1403 1272 legi
1430 1207 1621 1255 autem
1655 1201 1751 1272 qui
1780 1199 1882 1254 sub
1912 1201 2034 1270 lege

441 1296 544 1354 est,
576 1289 680 1343 sub
699 1289 823 1360 lege
847 1295 1040 1343 autem
1065 1289 1216 1356 vivit,
1249 1290 1309 1343 in
1339 1295 1615 1360 quantum
1643 1289 1881 1360 quisque
1904 1305 2032 1359 pec-

439 1383 596 1432 cator
617 1384 721 1445 est,
755 1377 813 1432 id
835 1383 938 1446 est,
961 1378 1020 1431 in
1048 1382 1322 1448 quantum
1353 1395 1389 1432 a
1416 1384 1603 1431 vetere
1651 1377 1879 1432 homine
1921 1393 2034 1431 non

439 1472 522 1519 est
553 1471 804 1520 mutatus
837 1485 847 1519 :
883 1483 986 1520 sua
1023 1466 1176 1520 enim
1199 1467 1316 1520 vita
1341 1466 1492 1532 vivit,
1516 1472 1574 1520 et
1593 1466 1718 1520 ideo
1752 1466 1838 1518 lex
1865 1481 2036 1536 supra

439 1553 600 1607 illum
629 1562 732 1621 est,
758 1554 890 1626 quia
919 1554 1016 1626 qui
1043 1570 1170 1609 eam
1200 1571 1310 1608 non
1337 1555 1554 1625 implet,
1577 1554 1724 1608 infra
1743 1554 1898 1608 illam
1919 1558 2029 1610 est.

2120 407 2333 462 Christo
2363 409 2606 472 conﬁsus
2643 421 2769 458 sum
2797 405 2954 456 cruci
2982 422 2998 457 :
3038 403 3241 457 tollens
3268 419 3490 457 crucem
3529 419 3710 466 suam,

2119 501 2177 550 et
2205 495 2490 549 Christum
2511 508 2768 563 sequens,
2791 497 2850 546 et
2875 491 2932 545 in
2951 491 3075 562 ipsa
3093 490 3390 545 obsecrans
3408 491 3672 562 passione
3700 509 3712 544 :

2116 585 2380 638 Memento
2408 585 2518 634 mei
2545 597 2670 634 cum
2697 582 2911 638 veneris
2931 582 2994 634 in
3025 595 3262 648 regnum
3283 585 3478 634 tuum:
3498 579 3720 634 statim-

2118 688 2226 743 que
2255 670 2490 726 audiens
2519 687 2530 722 :
2565 670 2732 724 Hodie
2779 685 2992 722 mecum
3021 672 3132 722 eris
3163 671 3228 723 in
3270 669 3533 737 paradiso
3562 669 3714 736 (Luc.

2116 763 2290 829 χχιιι).
2307 759 2365 814 Si
2385 759 2511 830 quis
2537 755 2889 812 mortiﬁcatis
2919 755 3188 811 membris
3203 773 3374 828 super
3391 761 3624 823 terram,
3660 763 3721 811 et

2117 849 2328 904 mundo
2349 851 2602 902 mortuus
2627 846 3008 916 conﬁguratus
3026 845 3198 900 fuerit
3217 846 3386 899 morti
3405 847 3434 899 J
3439 861 3538 899 esu
3557 845 3721 900 Chri-

2117 938 2208 1004 sti,
2242 936 2589 1006 cruciﬁgitur
2615 951 2743 989 cum
2767 935 2982 1000 Jesu,et
3000 934 3314 1005 tropheeum
3331 935 3722 989 mortiﬁcatio-

2116 1027 2203 1081 nis
2232 1043 2346 1081 sua:
2373 1025 2432 1079 in
2459 1025 2612 1094 ligno
2640 1023 2944 1078 Dominicis
2973 1022 3250 1092 passionis
3277 1022 3476 1093 afﬁgit.
3505 1023 3715 1093 (Amb.)

2116 1115 2223 1180 Qui
2263 1115 2416 1169 enim
2455 1129 2567 1166 non
2606 1111 2726 1181 agit
2763 1128 2886 1182 quae
2925 1111 3121 1165 mundi
3157 1117 3308 1177 sunt,
3352 1112 3436 1165 vel
3479 1112 3711 1177 erroris,

2116 1209 2372 1258 mortuus
2391 1203 2602 1256 mundo
2631 1206 2736 1254 est.

2197 1294 2319 1347 Vivo
2337 1297 2524 1346 autem
2537 1294 2662 1359 jam
2681 1305 2794 1342 non
2823 1305 2915 1356 ego
2933 1308 2948 1342 :
2966 1291 3103 1342 vivit
3120 1304 3246 1342 vero
3256 1291 3320 1342 in
3331 1305 3415 1343 me
3427 1289 3680 1344 Christus
3693 1311 3711 1346 :

2116 1397 2229 1435 non
2249 1386 2336 1434 est
2363 1378 2691 1449 ambiguum
2715 1377 2774 1430 in
2803 1393 2869 1430 eo
2899 1377 2992 1448 qui
3024 1393 3126 1448 per
3165 1377 3336 1430 ﬁdem
3376 1377 3653 1432 liberatur
3681 1395 3718 1432 a

2117 1474 2298 1523 morte
2324 1467 2611 1522 Christum
2638 1465 2821 1519 vivere
2846 1483 2857 1517 :
2885 1471 3065 1518 morte
3095 1465 3247 1518 enim
3265 1465 3436 1535 digno
3453 1465 3588 1520 dum
3611 1467 3716 1520 do-

2121 1562 2220 1612 nat
2247 1561 2488 1628 peccata,
2520 1555 2640 1626 ipse
2668 1553 2803 1607 vivit
2839 1553 2897 1606 in
2939 1553 3054 1620 illo,
3103 1554 3226 1624 ejus
3267 1554 3417 1607 enim
3452 1555 3717 1626 praesidio

438 1642 581 1696 Nam
599 1645 752 1711 justo
773 1646 859 1697 lea:
879 1647 1058 1712 posita
1089 1659 1201 1698 non
1229 1648 1322 1709 est,
1347 1643 1404 1696 id
1425 1649 1528 1710 est,
1545 1642 1808 1713 imposita
1834 1647 1900 1696 ut
1935 1657 2030 1694 su-
2053 1635 2102 1696 Β
2119 1651 2346 1716 ereptus
2375 1644 2544 1698 morti
2574 1643 2851 1710 (Hieron.)
2875 1643 3002 1698 Non
3028 1642 3163 1696 vivit
3189 1642 3284 1696 ille
3304 1643 3401 1712 qui
3428 1643 3716 1714 quondam

438 1747 542 1801 pra
568 1731 728 1786 illum
757 1731 832 1786 sit
857 1750 868 1785 :
902 1732 964 1786 in
993 1731 1092 1786 illa
1108 1738 1194 1784 est
1211 1731 1363 1785 enim
1385 1731 1572 1802 potius
1597 1747 1766 1802 quam
1791 1730 1894 1785 sub
1917 1731 2032 1797 illa,

439 1819 573 1889 quia
598 1837 712 1874 non
732 1836 835 1874 sua
855 1821 968 1874 vita
984 1819 1138 1886 vivit,
1156 1820 1246 1873 cui
1265 1820 1572 1874 coercenda
1595 1820 1682 1873 lex
1704 1819 2031 1890 imponitur,

437 1913 502 1962 ut
525 1908 676 1963 enim
721 1909 802 1962 sic
842 1909 1045 1974 dicam,
1093 1908 1217 1980 ipsa
1263 1908 1678 1979 quodammodo
1713 1909 1836 1978 lege
1879 1907 2030 1972 vivit,

439 1997 536 2067 qui
554 2013 684 2051 cum
703 1997 1000 2052 dilectione
1016 1997 1252 2068 justitiae
1266 1998 1420 2067 juste
1431 1997 1583 2062 vivit,
1600 1989 1712 2050 n'on
1724 1995 1952 2067 proprio
1972 2012 2038 2049 ac

437 2085 784 2151 transitorio,
807 2085 905 2139 sed
925 2085 1211 2139 communi
1229 2102 1294 2138 ac
1313 2084 1500 2139 stabili
1521 2083 1774 2154 gaudens
1795 2083 2038 2138 bono.Et

436 2175 561 2228 ideo
591 2175 766 2229 Paulo
795 2191 906 2228 non
940 2179 1063 2227 erat
1089 2174 1176 2227 lex
1201 2173 1561 2244 imponenda,
1586 2172 1681 2244 qui
1705 2171 1841 2226 dicit
1865 2190 1876 2224 :
1914 2173 2037 2228 Vivo

435 2269 622 2318 autem
639 2267 767 2332 jam
795 2279 909 2317 non
941 2278 1051 2330 ego,
1086 2265 1219 2316 vivit
1245 2277 1372 2316 vero
1402 2265 1465 2315 in
1496 2278 1580 2315 me
1610 2262 1881 2315 Christus.
1901 2260 2038 2324 Quis

435 2369 569 2423 ergo
596 2352 803 2407 audeat
834 2351 1056 2406 Christo
1083 2351 1264 2420 legem
1311 2349 1620 2421 imponere,
1665 2349 1760 2419 qui
1803 2349 1936 2402 vivit
1978 2349 2035 2402 in

440 2441 692 2496 Paulo'IN
696 2457 768 2495 on
779 2441 930 2494 enim
941 2439 1112 2494 audet
1122 2439 1248 2509 quis
1257 2439 1461 2505 dicere,
1469 2437 1754 2492 Christum
1764 2453 1877 2492 non
1889 2443 2037 2491 recte

435 2531 637 2594 vivere,
665 2535 732 2584 ut
750 2529 801 2582 ei
824 2527 1130 2583 coercendo
1155 2528 1242 2581 lex
1263 2527 1605 2597 imponenda
1631 2526 1722 2580 sit.
1759 2527 2032 2595 (Hieron.)

435 2617 602 2672 Aliud
633 2623 720 2671 est
745 2632 847 2688 per
872 2617 1054 2686 legem
1083 2615 1246 2682 mori,
1279 2621 1336 2669 et
1375 2613 1526 2668 aliud
1562 2614 1671 2683 legi
1710 2615 1854 2668 mori
1891 2633 1902 2668 :
1941 2614 2036 2684 qui

437 2706 546 2776 legi
573 2705 833 2770 moritur,
859 2703 1078 2758 vivebat
1096 2705 1147 2757 ei
1167 2709 1470 2774 antequam
1489 2707 1821 2767 moreretur,
1850 2702 2035 2756 obser-

436 2811 572 2848 vans
600 2792 851 2860 sabbata,
867 2791 1210 2858 neomenias,
1248 2797 1305 2845 et
1325 2791 1444 2845 dies
1483 2791 1670 2850 festos,
1707 2795 1764 2844 et
1787 2791 2035 2844 victima-

437 2900 563 2938 rum
597 2882 846 2955 typicam
877 2881 1279 2951 curiositatem,
1315 2886 1372 2934 et
1407 2879 1626 2933 fabulas
1664 2878 1943 2944 Judaicas,
1979 2885 2037 2933 et

2115 1733 2334 1787 vivebat
2347 1732 2405 1787 in
2423 1733 2564 1802 lege,
2590 1731 2797 1802 quippe
2817 1731 2912 1800 qui
2935 1729 3376 1800 persequebatur
3387 1731 3712 1800 Ecclesium,

2116 1822 2250 1876 vivit
2268 1827 2459 1876 autem
2491 1820 2550 1874 in
2581 1837 2646 1874 eo
2662 1819 2937 1885 Christus,
2963 1819 3260 1890 sapientia,
3280 1819 3568 1886 fortitudo,
3591 1837 3716 1874 ser-

2116 1927 2229 1977 mo,
2244 1927 2369 1982 pax,
2386 1909 2676 1980 gaudium,
2693 1914 3018 1978 castamque
3035 1907 3300 1974 virtutes;
3326 1925 3466 1979 quas
3483 1909 3578 1980 qui
3598 1925 3716 1964 non

2116 1998 2424 2066 habet,non
2443 2003 2630 2069 potest
2643 1997 2854 2050 dicere:
2884 1997 3027 2054 Vivit
3041 2001 3231 2050 autem
3251 2000 3314 2050 in
3335 2013 3420 2050 me
3441 1997 3713 2052 Christus.

2119 2088 2236 2142 Hoc
2266 2093 2455 2142 autem
2485 2092 2670 2140 totum
2695 2083 2800 2140 sub
2826 2101 2930 2139 sua
2949 2101 3190 2156 persona
3207 2085 3473 2140 adversus
3487 2087 3718 2142 Petrum

2119 2177 2188 2230 de
2217 2176 2384 2230 Petro
2423 2175 2692 2246 disputat.
2729 2175 2914 2242 (Aug.)
2946 2173 3094 2228 Audi
3133 2174 3448 2244 apostolum
3481 2175 3722 2230 Paulum

2117 2270 2416 2334 negantem
2447 2281 2525 2329 se,
2559 2263 2713 2326 Mihi,
2749 2262 2951 2332 inquit,
3001 2264 3245 2316 mundus
3291 2267 3588 2331 cruci/imus
3618 2271 3716 2328 est,

2117 2359 2166 2407 et
2193 2370 2286 2421 ego
2322 2354 2550 2406 mundo.
2577 2351 2727 2406 Audi
2765 2351 2949 2405 adhuc
2991 2357 3292 2420 negantem
3321 2367 3398 2418 se,
3453 2355 3590 2418 Vivo,
3627 2353 3718 2409 in-

2119 2441 2261 2512 quit,
2288 2457 2400 2496 non
2429 2457 2553 2508 ego:
2571 2440 2692 2493 vivo
2721 2455 2832 2494 non
2859 2456 2984 2510 ego,
3001 2445 3200 2510 aperta
3217 2440 3302 2494 sui
3333 2441 3578 2510 negatio.
3605 2442 3718 2496 Sed

2112 2531 2234 2600 jam
2264 2529 2520 2600 sequitur
2529 2528 2774 2599 gloriosa
2795 2527 3004 2582 Christi
3027 2527 3320 2593 confessio,
3344 2532 3478 2584 vivit
3509 2546 3636 2584 vero
3655 2535 3720 2584 in

2118 2635 2203 2672 me
2242 2619 2510 2675 Christus.
2545 2618 2692 2682 Quid
2727 2622 2813 2670 est
2845 2633 2978 2686 ergo
3018 2633 3164 2687 nega
3201 2618 3295 2670 te?
3339 2617 3453 2671 noli
3490 2623 3554 2672 tu
3595 2619 3717 2689 ipse

2117 2707 2300 2760 vivere
2329 2707 2388 2760 in
2407 2713 2483 2760 te.
2500 2706 2646 2770 Quid
2675 2711 2778 2772 est,
2804 2705 2916 2759 noli
2946 2710 3010 2759 tu
3029 2705 3148 2776 ipse
3177 2706 3362 2760 vivere
3387 2706 3446 2760 in
3471 2707 3566 2760 te?
3600 2709 3716 2762 noli

2115 2795 2297 2849 facere
2325 2795 2670 2848 voluntatem
2701 2800 2878 2860 tuam,
2899 2794 2998 2847 sed
3028 2793 3178 2848 illius
3199 2794 3296 2865 qui
3320 2793 3539 2850 habitat
3555 2796 3616 2850 in
3634 2803 3712 2850 te.

2190 2884 2341 2950 Quod
2367 2889 2552 2938 autem
2581 2899 2734 2938 nunc
2752 2885 2872 2936 vivo
2904 2885 2968 2937 in
2997 2898 3182 2947 carne,
3209 2887 3273 2938 in
3304 2885 3404 2951 ﬁde
3433 2887 3555 2939 vivo
3585 2886 3720 2940 Filii

435 2971 822 3043 genealogias;
858 2974 1154 3041 postquam
1185 2975 1376 3022 autem
1397 2968 1550 3022 venit
1568 2967 1845 3034 Christus,
1871 2967 2026 3022 etlex
2043 2969 2087 3031 C
2108 2975 2224 3038 Dei,
2254 2975 2354 3041 qui
2381 2973 2576 3026 dilexit
2607 2989 2710 3036 me,
2740 2977 2791 3025 et
2820 2973 3052 3026 tradidit
3098 2975 3447 3040 semetipsum
3473 2989 3576 3040 pro
3609 2990 3713 3027 me.

434 3061 503 3115 de
535 3076 646 3131 qua
673 3059 944 3130 scriptum
973 3063 1058 3110 est
1080 3075 1092 3110 :
1116 3058 1333 3112 Scimus
1360 3062 1546 3110 autem
1576 3061 1709 3125 quia
1749 3059 1836 3110 lea:
1861 3059 2034 3124 spiri-

436 3153 566 3205 talis
611 3154 686 3202 est
731 3149 902 3215 (Rom.
954 3148 1068 3214 vn),
1121 3162 1222 3216 per
1264 3145 1651 3214 Evangelicam
1679 3144 1879 3214 legem,
1921 3144 2032 3214 legi

433 3236 684 3309 pristina:
713 3241 970 3290 mortuus
999 3240 1102 3300 est,
1135 3239 1193 3286 et
1221 3233 1410 3287 anima
1449 3249 1572 3303 quae
1613 3232 1921 3286 secundum
1969 3231 2029 3284 id

435 3325 584 3397 quod
597 3323 860 3378 scribitur
873 3325 944 3378 ad
961 3324 1246 3378 Romanos
1263 3340 1275 3374 :
1315 3323 1434 3376 Viro
1450 3325 1658 3376 vivente
1675 3324 1725 3374 si
1743 3323 2028 3389 nupsisset,

435 3416 691 3468 adultera
717 3413 1013 3467 vocabatur
1053 3413 1261 3481 (Ibid),
1280 3416 1504 3464 mortuo
1533 3409 1650 3462 viro
1679 3425 1799 3474 suo,
1838 3408 1894 3462 id
1925 3413 2026 3466 est.

433 3504 557 3574 lege
613 3502 806 3568 veteri,
857 3500 1050 3572 nupsit
1094 3499 1204 3570 legi
1252 3498 1510 3570 spiritali,
1562 3502 1628 3552 ut
1671 3496 2034 3550 fructificaret

433 3593 570 3658 Deo,
599 3591 750 3646 unde
779 3591 838 3645 in
865 3591 1008 3645 Osee
1035 3589 1106 3643 ad
1141 3604 1266 3643 eam
1303 3587 1508 3641 dicitur
1530 3605 1542 3640 :
1565 3587 1650 3640 Ex
1691 3602 1775 3652 me
1813 3587 2032 3654 fructus

435 3683 564 3736 tuus
592 3683 848 3735 inventus
878 3685 952 3734 est
993 3680 1129 3746 (Ose.
1172 3679 1306 3745 xw).
1341 3675 1444 3730 Cui
1474 3675 1705 3746 pulchre
1732 3673 2032 3746 mysticum

434 3770 572 3824 illud
592 3769 850 3836 infertur,
867 3771 990 3839 quis
1021 3771 1238 3836 sapiens
1267 3771 1316 3819 et
1337 3767 1606 3832 intelliget
1633 3767 1740 3818 ista
1756 3769 1780 3817 ?
1807 3765 1920 3818 Aut
1946 3765 2033 3818 in-

435 3863 684 3929 telligens
739 3865 788 3913 et
839 3861 1111 3925 cognoscet
1161 3871 1223 3910 ea
1243 3861 1266 3908 ν
1323 3852 1430 3918 Qui
1487 3869 1587 3924 per
1636 3853 1816 3922 legem
1859 3851 2034 3922 igitur

432 3948 744 4020 spiritalem
760 3947 870 4016 legi
883 3947 1082 3998 littera:
1099 3943 1360 4008 moritur,
1384 3943 1500 3996 Deo
1519 3941 1671 4007 vivit,
1684 3958 1812 3995 cum
1827 3957 1939 3994 non
1957 3940 2034 3994 sit

432 4039 554 4092 sine
587 4037 710 4105 lege
757 4033 878 4098 Dei,
931 4033 1029 4085 sed
1075 4031 1135 4085 in
1175 4031 1297 4100 lege
1342 4030 1416 4084 sit
1453 4029 1663 4083 Christi
1703 4047 1715 4082 :
1759 4029 1854 4099 qui
1900 4045 2030 4083 vero

431 4126 544 4197 legi
571 4123 828 4187 moritur,
865 4119 935 4174 ob
963 4125 1209 4191 peccata,
1240 4124 1496 4171 mortuus
1539 4117 1766 4188 quidem
1793 4124 1896 4184 est,
1930 4117 2025 4172 sed

432 4232 546 4271 non
565 4217 751 4286 potest
772 4211 841 4266 de
861 4226 928 4265 eo
948 4208 1076 4274 dici,
1093 4207 1242 4278 quod
1261 4205 1536 4276 sequitur,
1551 4211 1616 4259 ut
1631 4223 1656 4256 «
1671 4206 1820 4259 vivat
1835 4206 1968 4260 Deo.
1996 4225 2022 4257 »

2117 3060 2322 3127 (Amb.)
2358 3060 2636 3124 Quoniam
2663 3059 2856 3114 futura
2881 3059 2997 3114 vita
3026 3060 3304 3131 promissa
3331 3065 3418 3116 est
3446 3061 3718 3116 Christia-

2115 3149 2222 3216 nis,
2257 3149 2383 3204 ideo
2431 3149 2527 3220 qui
2572 3165 2722 3203 nunc
2766 3148 2825 3202 in
2869 3149 2976 3202 hac
3021 3148 3137 3202 vita
3189 3148 3411 3203 auxiliis
3458 3149 3559 3204 Dei
3595 3167 3720 3205 mu-

2114 3237 2266 3292 nitus
2325 3237 2476 3302 vivit,
2537 3237 2594 3290 in
2656 3237 2766 3290 fide
2817 3236 2944 3291 vitae
3011 3236 3300 3307 promissae
3346 3237 3477 3292 vivit
3543 3257 3555 3291 :
3626 3239 3719 3293 hic

2114 3325 2266 3380 enim
2303 3325 2610 3395 imaginem
2640 3325 2790 3378 illius
2831 3325 3264 3396 contemplatur,
3306 3327 3465 3398 quasi
3509 3327 3718 3398 pignus

2111 3413 2324 3468 habens
2361 3413 2486 3468 vita)
2533 3413 2755 3479 futura},
2799 3430 2921 3484 quae
2969 3430 3069 3484 per
3104 3414 3209 3468 Dei
3248 3421 3452 3470 nutum
3501 3416 3714 3471 Christi

2113 3518 2306 3556 amore
2390 3501 2551 3556 nobis
2625 3501 2859 3572 quaesita
2913 3507 3016 3556 est.
3081 3504 3352 3573 (Hieron.)
3409 3503 3577 3559 Aliud
3630 3513 3718 3560 est

2113 3591 2170 3646 in
2223 3607 2390 3646 carne
2443 3607 2583 3656 esse,
2642 3595 2700 3646 et
2767 3590 2920 3644 aliud
2975 3591 3032 3644 in
3101 3607 3268 3646 carne
3341 3593 3542 3648 vivere.
3604 3595 3716 3662 Qui
3785 3634 3790 3636 -

2111 3685 2296 3734 autem
2351 3683 2416 3734 in
2470 3695 2636 3734 carne
2689 3684 2840 3746 sunt,
2897 3679 3002 3734 Deo
3045 3683 3262 3749 placere
3308 3697 3420 3736 non
3458 3688 3708 3752 possunt,

2111 3769 2261 3823 unde
2287 3768 2358 3822 ad
2384 3767 2526 3822 bene
2554 3767 2802 3822 viventes
2830 3767 3036 3822 dicitur
3059 3787 3069 3820 :
3113 3770 3203 3822 Vos
3229 3775 3417 3824 autem
3447 3786 3559 3824 non
3587 3775 3716 3826 estis

2113 3860 2174 3910 in
2205 3873 2373 3910 carne
2402 3856 2577 3927 (Rom.
2611 3859 2745 3926 vm).
2779 3873 2804 3906 «
2833 3856 2898 3910 In
2927 3855 3055 3922 ﬁde,
3083 3855 3283 3926 inquit,
3313 3857 3432 3911 vivo
3456 3857 3584 3913 Filii
3609 3859 3716 3914 Dei

2113 3951 2170 3999 et
2217 3945 2444 4011 Christi,
2503 3944 2599 4016 qui
2645 3944 2835 3998 dilexit
2893 3961 3002 4009 me,
3067 3949 3124 3998 et
3177 3945 3410 4000 tradidit
3464 3947 3712 4018 seipsum

2110 4050 2213 4104 pro
2239 4050 2348 4088 me.
2387 4053 2412 4086 »
2443 4032 2529 4086 Ad
2555 4034 2834 4088 Romanos
2871 4033 2941 4085 de
2979 4033 3094 4088 Deo
3130 4033 3398 4104 loquitur,
3435 4035 3583 4106 quod
3614 4037 3710 4090 Fi-

2109 4123 2184 4176 lio
2229 4139 2330 4176 suo
2373 4138 2484 4176 non
2525 4121 2854 4192 pepercerit,
2903 4121 3002 4175 sed
3046 4138 3148 4192 pro
3205 4121 3364 4177 nobis
3409 4123 3714 4179 tradiderit

2109 4227 2238 4266 eum
2261 4230 2272 4264 :
2301 4227 2448 4264 nunc
2461 4227 2592 4264 vero
2611 4210 2680 4263 de
2701 4209 3102 4280 Christo,quod
3116 4210 3196 4264 sei
3202 4227 3361 4280 psum
3380 4211 3699 4279 tradiderit,

432 4272 786 4361 Εεεεάυωηι
816 4301 998 4369 legem
1225 4272 1538 4366 spiritalem
1561 4301 1718 4348 extra
1737 4295 1918 4365 legem
1938 4272 2208 4368 lit-uni
2233 4301 2426 4353 dilexit
2455 4315 2555 4363 me,
2591 4298 2792 4368 inquit,
2822 4304 2870 4352 et
2912 4272 3147 4353 tradidit
3175 4272 3414 4368 seipsum
3447 4317 3552 4369 pro

434 4401 586 4461 terea,
631 4399 690 4447 et
731 4387 866 4445 alibi
896 4386 1198 4459 Apostolus
1246 4385 1407 4438 docet
1447 4381 1639 4436 dicens
1669 4385 1839 4451 (Rom.
1883 4386 1972 4452 νυ)
2010 4402 2021 4436 :

432 4485 618 4552 Itaque
647 4485 733 4537 lea:
763 4481 984 4552 quidem
1020 4481 1212 4530 sancta
1256 4480 1304 4528 et
1339 4472 1668 4526 mandatum
1694 4477 1946 4526 sanctum
1979 4477 2029 4526 et

424 4576 646 4640 justum
671 4575 720 4623 et
751 4571 973 4622 bonum.
1014 4567 1084 4620 Et
1127 4564 1378 4619 Ezechiel
1407 4579 1472 4616 ex
1509 4577 1751 4634 persona
1779 4561 1883 4616 Dei
1914 4579 1924 4613 :
1961 4562 2028 4616 Et

431 4659 614 4722 eduxi,
665 4655 865 4725 inquit,
899 4671 1001 4719 eos,
1035 4654 1092 4707 id
1141 4659 1226 4708 est
1273 4653 1542 4725 populum
1590 4651 1932 4716 Iudaeorum,
1964 4651 2028 4703 de

437 4754 586 4802 terra
629 4745 866 4812 Egypti,
882 4749 931 4797 et
955 4743 1170 4796 adduxi
1195 4760 1279 4797 eos
1309 4747 1372 4798 in
1401 4745 1693 4804 desertum,
1725 4745 1772 4794 et
1800 4740 1926 4794 dedi
1951 4741 2028 4792 eis

427 4838 692 4907 praecepta
714 4847 854 4898 mea,
867 4833 1351 4899 etjustiﬁcationes
1376 4848 1521 4886 meas
1554 4831 1766 4884 ostendi
1782 4832 2026 4896 eis,quas

433 4926 594 4994 faciet
631 4923 808 4986 homo,
839 4925 887 4973 et
918 4921 1056 4972 vivet
1086 4921 1150 4971 in
1177 4922 1251 4971 eis
1289 4921 1502 4979 (Ezech.
1536 4916 1650 4990 xx).
1682 4918 1762 4972 De
1801 4934 1870 4971 ea
1896 4933 2026 4970 vero

432 5014 554 5084 lege
582 5028 706 5085 quae
734 5009 880 5064 iram
909 5011 1190 5078 operatur,
1226 5007 1316 5062 cui
1359 5015 1415 5063 et
1440 5008 1741 5080 Apostolus
1771 5011 2026 5061 mortuus

433 5108 536 5168 est,
589 5105 787 5172 postea
838 5096 1008 5152 infert
1057 5113 1068 5148 :
1127 5096 1193 5149 Et
1239 5112 1331 5164 ego
1369 5099 1494 5150 dedi
1520 5101 1595 5150 eis
1609 5101 1875 5165 pracepta
1914 5111 2023 5149 non

435 5193 592 5257 bona,
626 5195 672 5243 et
687 5189 1126 5258 justiﬁcationes,
1163 5188 1226 5238 in
1254 5185 1452 5254 quibus
1483 5202 1594 5240 non
1625 5189 1804 5240 vivent
1837 5187 1898 5238 in
1925 5187 2020 5237 eis.

433 5279 680 5352 Idipsum
696 5275 1047 5346 significatur
1065 5280 1124 5329 et
1141 5275 1199 5328 in
1223 5273 1514 5340 Psalterio,
1526 5278 1791 5342 quoniam
1815 5289 1924 5326 non.
1945 5288 2024 5326 co-

433 5371 598 5438 gnovi
617 5370 1014 5428 litteraturam,
1030 5365 1270 5418 introibo
1293 5366 1355 5418 in
1375 5365 1764 5430 fortitudinem
1777 5364 2018 5416 Domini.

505 5459 716 5512 Christo
732 5455 975 5522 conﬁxus
993 5469 1112 5505 sum
1137 5455 1308 5506 cruci.
1333 5451 1476 5518 Quia
1496 5451 1712 5504 dixerat
1728 5467 1828 5522 per
1844 5451 2024 5519 legem

2110 4390 2174 4443 In
2219 4388 2518 4458 Evangelio
2561 4403 2710 4453 vero,
2743 4387 2838 4441 ubi
2877 4388 3116 4458 apostoli
3155 4395 3578 4456 enumerantur,
3617 4391 3709 4444 in-

2109 4478 2306 4542 fertur,
2356 4481 2405 4530 et
2457 4477 2629 4530 Judas
2675 4477 2956 4530 lseariotes
3009 4479 3108 4544 qui
3164 4479 3398 4531 tradidit
3443 4493 3570 4532 eum
3589 4498 3609 4544 ;
3651 4485 3712 4534 et

2111 4564 2408 4620 rursumin
2429 4563 2626 4618 eodem
2648 4583 2660 4617 :
2687 4566 2814 4618 Ecce
2831 4568 3297 4635 appropinquavit
3315 4569 3415 4635 qui
3425 4582 3508 4620 me
3529 4569 3708 4622 tradet

2113 4654 2304 4720 (Marc.
2338 4669 2394 4718 x,
2425 4653 2617 4706 Matth.
2652 4656 2837 4722 XXVI):
2863 4653 2934 4707 de
2964 4652 3314 4724 principibus
3351 4670 3482 4710 vero
3518 4671 3708 4714 sacer-~

2109 4735 2390 4796 dotum'et
2415 4739 2730 4795 senioribus
2758 4742 2948 4812 populi
2973 4742 3264 4812 Scriptura
3280 4752 3706 4810 commemorat,

2110 4829 2259 4902 quod
2287 4829 2784 4884 condemnaverint
2801 4831 2829 4884 J
2835 4847 2992 4884 esum
3017 4830 3206 4896 morti,
3233 4836 3292 4884 et
3315 4831 3559 4901 ligentes
3578 4848 3712 4887 eum

2109 4919 2370 4973 duxerint
2387 4923 2444 4972 et
2459 4917 2800 4973 tradiderint
2820 4919 3000 4973 Pilato
3017 4918 3239 4990 prmsidi
3255 4937 3265 4971 :
3286 4926 3342 4973 et
3357 4919 3622 4991 deinceps
3637 4921 3710 4976 de

2108 5007 2290 5062 Pilato
2313 5025 2324 5060 :
2351 5008 2578 5062 Dimisit
2609 5011 2684 5060 eis
2704 5009 3028 5073 Barrabam,
3043 5010 3229 5062 Jesum
3247 5013 3433 5063 autem
3461 5011 3710 5079 flagella-

2109 5103 2229 5152 tum
2259 5098 2493 5152 tradidit
2517 5101 2592 5150 eis
2621 5103 2684 5150 ut
2711 5099 3092 5164 cruciﬁgerent
3113 5113 3240 5150 eum
3273 5098 3487 5164 (Matth.
3513 5098 3703 5168 xxvii).

2107 5185 2288 5256 Igitur
2313 5192 2371 5240 et
2389 5187 2559 5240 Pater
2587 5184 2818 5240 tradidit
2835 5185 3060 5250 Filium,
3087 5191 3144 5238 et
3165 5184 3338 5239 Filius
3360 5185 3479 5256 ipse
3497 5202 3558 5240 se
3587 5193 3676 5240 tra

2105 5274 2266 5339 didit,
2293 5281 2350 5327 et
2368 5275 2396 5328 .l
2401 5273 2560 5338 udas,
2575 5281 2632 5328 et
2659 5273 2976 5328 sacerdotes
2999 5290 3128 5328 eum
3160 5273 3504 5345 principibus
3532 5277 3707 5330 tradi-

2105 5363 2327 5425 derunt,
2359 5367 2417 5416 et
2433 5362 2504 5416 ad
2531 5369 2842 5416 extremum
2871 5363 3142 5422 traditum
3172 5361 3298 5429 sibi,
3323 5362 3560 5419 tradidit
3582 5363 3704 5435 ipse

2105 5450 2318 5504 Pilatus
2355 5468 2365 5502 :
2401 5451 2498 5504 sed
2539 5451 2706 5504 Pater
2748 5450 2978 5504 tradidit
3023 5459 3084 5506 ut
3130 5452 3370 5506 salvaret
3414 5453 3698 5524 perditum
