4034 6162
310 286 388 342 281
712 282 1291 338 ENARRATIONUM
1327 283 1405 338 IN
1444 283 1596 338 EPP.
1639 283 1854 339 PAULI
1892 283 2030 338 LIB.
2073 281 2376 336 XIV.-IN
2414 280 2636 336 EPIST.
2664 279 2760 334 AD
2799 278 3054 334 GALAT.
3413 277 3519 336 282

310 411 550 474 mundum,
579 411 741 464 Jesus
761 410 879 482 ipse
901 427 962 463 se
992 409 1242 478 tradidit,
1275 415 1338 464 ut
1364 409 1547 465 Patris
1575 413 2044 482 suamqueAtem
2090 413 2277 480 potest
2315 425 2445 463 cum
2481 408 2750 480 Apostolo
2788 407 2974 461 dicere
3016 424 3026 458 :
3067 405 3261 462 Gratia
3301 407 3418 475 ejus
3454 407 3517 457 in

307 500 474 554 faceret
497 499 854 564 voluntatem,
886 500 1058 553 Judas
1099 505 1308 564 autem,
1343 506 1400 553 et
1431 501 1770 566 sacerdotes,
1791 506 1846 554 et
1925 515 2013 552 me
2072 515 2180 552 non
2239 501 2351 566 fuit
2389 514 2564 554 vacua
2607 499 2658 564 (Ι
2704 497 2824 552 Cor.
2874 494 2991 566 xv),
3043 494 3150 548 iste
3184 499 3243 549 et
3287 494 3392 548 hoc
3433 493 3518 547 lo-

302 588 508 642 seniores
525 587 730 658 populi,
765 593 826 642 et
853 589 1086 653 Pilatus,
1119 587 1289 642 vitam
1319 588 1488 642 morti
1527 589 1698 642 nescii
1727 593 1844 642 tra-
1928 587 2120 656 quitur
2158 586 2504 640 confidenter
2562 605 2572 638 :
2628 586 2750 640 Non
2806 585 3072 652 abjiciam
3113 586 3359 651 gratiam
3401 584 3516 636 Dei.

299 677 535 731 diderunt.
567 675 755 746 (Aug)
781 677 915 740 Qua:
945 694 1072 732 cum
1118 677 1242 748 ipsa
1269 693 1490 748 quoque
1531 694 1592 732 se
1620 695 1720 748 pro
1749 695 1846 732 no-
1927 677 2087 741 Quod
2125 682 2314 730 autem
2358 675 2633 746 sequitur,
2674 673 2833 726 valde
2875 671 3254 729 necessarium
3297 677 3384 725 est
3419 669 3520 724 ad-

296 773 392 818 stra
412 767 578 820 salute
606 765 923 833 tradiderit,
955 767 1155 820 videtis
1194 766 1326 837 quia
1356 783 1469 820 non
1507 766 1642 837 quid
1677 767 1844 822 faciat
1924 781 2147 819 versum
2202 781 2297 818 eos
2338 763 2432 834 qui
2481 769 2608 835 post
2647 763 2814 816 ﬁdem
2861 760 3089 828 Christi,
3123 765 3328 832 putant
3380 759 3522 830 legis

295 854 430 908 homo
447 855 906 910 considerandum
927 861 1032 922 est,
1055 857 1154 910 sed
1191 872 1300 926 quo
1330 855 1516 910 animo
1557 861 1616 910 et
1641 857 1839 910 volun-
1923 859 2200 926 praecepta
2233 852 2524 906 servanda.
2559 851 2867 906 Dicendum
2897 849 3100 920 quippe
3130 849 3230 914 eis,
3245 849 3292 901 si
3323 864 3425 920 per
3446 847 3522 900 le-

292 950 386 997 tate
415 943 584 998 faciat.
639 945 705 998 In
741 945 940 1000 eodem
975 945 1122 999 facto
1152 945 1464 1002 invenimus
1504 945 1683 1000 Deum
1731 945 1838 1000 Pa-
1919 960 2047 1013 gem
2057 941 2397 1014 justitiaest,
2413 941 2561 1011 quod
2581 938 3024 1009 Christusgratis
3043 943 3301 992 mortuus
3315 936 3408 1000 sit,
3423 941 3525 989 aut

293 1039 426 1097 trem,
453 1033 508 1086 in
535 1049 644 1103 quo
672 1033 988 1088 invenimus
1015 1035 1042 1089 J
1049 1034 1218 1088 udam
1253 1053 1264 1087 :
1304 1035 1529 1088 Patrem
1559 1033 1840 1088 benedici-
1924 1038 2074 1086 certe
2095 1032 2334 1085 doceant
2358 1030 2636 1101 quomodo
2656 1045 2769 1082 non
2789 1027 3045 1082 Christus
3063 1025 3241 1096 gratis
3265 1031 3523 1079 mortuus

290 1137 408 1186 mus,
433 1121 628 1175 ludam
667 1123 1032 1190 detestamur,
1073 1123 1453 1178 benedicimus
1490 1123 1839 1186 charitatem,
1925 1121 2016 1187 sit,
2030 1121 2076 1174 si
2107 1136 2280 1191 opera
2301 1119 2630 1189 justificent.
2645 1117 2754 1172 Sed
2770 1115 3022 1188 quamvis
3037 1115 3151 1169 sint
3179 1113 3524 1180 hebetes,di-

289 1209 596 1264 detestamur
621 1211 997 1282 iniquitatem.
1031 1213 1315 1276 Quantum
1352 1213 1502 1266 enim
1531 1212 1842 1283 praestitum
1927 1225 2051 1262 cere
2072 1225 2183 1262 non
2199 1207 2487 1261 audebunt
2499 1207 2785 1261 Christum
2801 1205 2921 1258 sine
2935 1221 3105 1258 causa
3123 1201 3520 1258 mortuum.Ad

288 1305 358 1352 est
370 1299 547 1368 generi
567 1299 819 1354 humano
836 1301 1044 1354 tradito
1065 1300 1308 1367 Christo,
1343 1301 1596 1371 nunquid
1626 1301 1730 1354 hoc
1751 1317 1844 1354 co-
1926 1297 2259 1368 particulam
2279 1297 2469 1366 itaque
2490 1294 2818 1366 syllogismi,
2835 1311 2958 1364 quae
2978 1293 3069 1347 hic
3095 1291 3448 1364 proponitur,
3463 1290 3518 1344 id

286 1387 454 1456 gitavit
469 1388 640 1442 ludas
679 1397 745 1443 ut
783 1389 1076 1443 traderet?
1106 1390 1256 1444 Deus
1301 1389 1566 1459 cogitavit
1606 1389 1845 1444 salutem
1927 1391 2030 1451 est,
2061 1389 2112 1439 si
2133 1389 2289 1440 enim
2316 1401 2414 1454 per
2445 1388 2612 1452 legem
2627 1386 2876 1459 justitia,
2909 1398 3034 1451 ergo
3062 1382 3312 1436 Christus
3338 1381 3519 1448 gratis

287 1483 523 1542 nostram,
564 1477 703 1547 quia
749 1478 1024 1550 redempti
1080 1494 1318 1532 sumus:
1371 1457 1544 1532 ludas
1583 1479 1847 1548 cogitavit
1927 1457 3007 1540 mortuusest,debemusilludassumere
3021 1469 3520 1541 quodconsequen-

285 1565 492 1634 pretium
519 1582 630 1635 quo
651 1566 902 1620 vendidit
919 1567 1220 1620 Dominum
1237 1585 1248 1620 :
1265 1566 1437 1621 Filius
1456 1566 1573 1638 ipse
1601 1567 1844 1638 pretium
1925 1563 2280 1628 terinfertur,
2295 1568 2352 1616 et
2364 1561 2556 1632 negari
2567 1578 2680 1615 non
2691 1563 2900 1632 potest:
2925 1559 3181 1614 Christus
3200 1562 3390 1612 autem
3408 1572 3519 1610 non

282 1653 405 1724 quod
421 1654 572 1708 dedit
599 1672 706 1726 pro
726 1655 906 1723 nobis,
929 1657 958 1709 J
964 1655 1104 1709 udas
1133 1655 1396 1725 cogitavit
1423 1655 1663 1727 pretium
1695 1657 1842 1726 quod
1927 1657 2012 1706 est
2037 1652 2215 1722 gratis
2245 1657 2521 1714 mortuus,
2547 1657 2604 1703 et
2625 1648 2983 1703 concludere:
3012 1663 3124 1701 non
3143 1647 3316 1716 igitur
3328 1661 3428 1716 per
3446 1645 3523 1698 le-

278 1743 478 1814 accepit,
499 1751 563 1796 ut
589 1745 880 1798 venderet.
924 1745 1153 1798 Diversa
1189 1761 1324 1813 ergo
1356 1744 1592 1798 intentio
1626 1745 1845 1800 diversa
1861 1727 1908 1787 Β
1925 1757 2051 1811 gem
2066 1740 2308 1811 justitia.
2326 1740 2625 1809 Hucusque
2639 1743 2836 1792 contra
2855 1738 3259 1798 Petrum,nunc
3269 1735 3338 1788 ad
3359 1734 3522 1788 Gala-

277 1832 400 1885 facta
419 1831 560 1898 facit,
575 1849 710 1886 cum
731 1833 808 1887 sit
835 1849 949 1887 una
973 1851 1064 1887 res
1083 1849 1148 1886 ex
1163 1831 1398 1888 diversis
1416 1833 1838 1898 intentionibus,
1923 1837 2011 1884 tas
2040 1829 2356 1882 revertitur.

272 1937 374 1974 eam
393 1922 436 1974 si
463 1921 789 1989 metiamur,
841 1939 1016 1976 unum
1056 1921 1380 1988 amandum,
1412 1923 1652 1976 alterum
1681 1923 1840 1976 dam—
2547 1933 2780 1986 CAPUT
2807 1933 2906 1986 III.

268 2011 503 2110 lfandfm’
543 2027 730 2110 {mum
766 2011 1226 2110 gloriﬁcfmd‘im’
1268 2011 1509 2110 altera“?
1549 2013 1835 2110 detfismﬂ'
1925 2044 2296 2110 lncrepantur
2313 2041 2537 2104 Galate,
2559 2040 2942 2106 ostendensque
2960 1998 3244 2106 Apostolus
3265 2035 3521 2110 ἐνηφανίσ-

264 2099 376 2152 dum
401 2099 737 2154 invenimus.
778 2119 805 2152 (ί
848 2100 1006 2164 Quod
1045 2106 1234 2156 autem
1273 2117 1422 2154 nunc
1459 2101 1598 2167 vivo,
1631 2101 1831 2172 inquit,

1992 2099 2225 2166 ctidnem
2247 2115 2378 2178 legis
2407 2099 2679 2175 Mosaicae,
2699 2111 2834 2164 dicit
2847 2099 3142 2178 :iustitia-m
3170 2123 3276 2160 esse
3304 2099 3368 2159 ei!
3395 2099 3515 2173 ﬁde,

267 2187 313 2240 in
335 2205 504 2250 carne,
543 2209 570 2242 »
597 2190 742 2260 quia
763 2205 878 2243 non
895 2196 1085 2261 posset
1119 2189 1304 2246 dicere
1338 2189 1620 2244 Christum
1653 2190 1835 2244 adhuc
1987 2183 2324 2237 annectendo
2345 2184 2476 2249 legis
2499 2183 2822 2235 utilitatem.

265 2279 547 2332 mortaliter
564 2279 777 2344 vivere,
808 2277 924 2333 vita
941 2285 1132 2332 autem
1158 2279 1218 2332 in
1247 2295 1415 2333 carne
1444 2279 1698 2332 mortalis
1728 2285 1832 2344 est,
1992 2290 2033 2344 0
2063 2291 2334 2344 ξηεεηεαιί
2363 2287 2586 2354 Galate,
2635 2289 2758 2356 quis
2805 2301 2895 2339 ros
2928 2286 3270 2352 [αεσξηαεὶιῖ
3304 2281 3515 2354 (Amb.)

265 2369 315 2418 θη
339 2369 450 2433 βάθη
471 2368 684 2440 inquit,
719 2371 844 2422 υίυο
870 2369 1004 2422 Filii
1028 2371 1144 2433 Ποῖ,
1177 2373 1242 2422 ut
1279 2367 1448 2422 ctiam
1474 2367 1552 2421 Sic
1581 2367 1837 2422 Christus
1919 2377 2216 2433 Irascentis
2243 2393 2370 2431 cum
2390 2375 2660 2430 miraculo
2679 2373 2845 2428 verba
2871 2378 3020 2439 sunt,
3037 2371 3170 2442 quia
3196 2371 3276 2425 sic
3294 2371 3520 2425 fuerant

260 2455 389 2510 vivat
418 2456 474 2510 in
513 2457 808 2522 credente,
850 2455 1152 2510 habitando
1201 2456 1260 2510 in
1301 2456 1566 2510 interiore
1613 2456 1836 2510 homine
1917 2466 2226 2538 depravati,
2281 2471 2346 2519 ut
2399 2481 2501 2518 nec
2555 2480 2615 2516 se
2663 2467 3032 2533 agnoscerent
3088 2461 3514 2515 circumventos.

262 2560 345 2613 Per
376 2545 557 2611 ﬁdem:
622 2551 694 2600 ut
737 2551 936 2617 Postea
981 2562 1082 2617 P9P
1134 2545 1378 2616 εΡθείθω
1416 2545 1645 2616 impleat
1684 2561 1831 2612 8111B,
1916 2554 2194 2609 Procemio
2231 2570 2368 2608 usus
2416 2559 2520 2618 est,
2551 2551 2736 2605 omnis
2759 2550 2910 2604 enim
2957 2549 3052 2620 qui
3093 2548 3418 2612 fascinatur,
3449 2547 3519 2602 de

259 2649 366 2686 cum
405 2633 742 2706 absorptum
797 2635 968 2690 fuerit
1014 2636 1251 2690 mortale
1301 2652 1335 2688 ει
1370 2635 1500 2688 Vita-
1533 2635 1608 2688 Ut
1647 2640 1835 2690 autem
1917 2643 2062 2698 bono
2093 2643 2297 2698 transit
2323 2641 2392 2696 ad
2423 2641 2656 2706 malum,
2698 2639 2843 2694 sicut
2869 2643 2928 2692 et
2965 2639 3025 2692 hi
3054 2637 3123 2692 de
3170 2635 3428 2691 libertate
3464 2643 3522 2691 et

259 2724 556 2778 ostenderet
613 2723 770 2794 quod
814 2723 947 2778 vivit
1007 2724 1062 2778 in
1129 2723 1224 2778 illo
1274 2723 1530 2778 Christus
1575 2729 1631 2778 et
1688 2725 1836 2794 quod
1917 2732 2220 2786 securitate
2251 2731 2322 2784 ad
2363 2729 2652 2784 servitium
2699 2735 2757 2782 et
2802 2727 3235 2782 sollicitudinem
3280 2726 3522 2780 transie-

255 2810 302 2864 in
325 2827 480 2866 Came
510 2812 712 2866 Vivens
744 2813 804 2866 in
849 2813 959 2866 ﬁde
985 2813 1118 2867 ViVit
1160 2812 1285 2867 Filii
1331 2812 1454 2878 DBi,
1496 2829 1608 2866 ηοη
1649 2813 1834 2867 meriti
1919 2826 2068 2876 runt.
2107 2822 2380 2888 (Ητέιόη.)
2403 2818 2726 2890 Dupliciter
2749 2817 2840 2870 hic
2867 2817 3022 2870 locus
3041 2815 3278 2885 intelligi
3300 2820 3520 2886 potest;

258 2900 331 2953 sui
384 2918 520 2965 esse,
577 2901 689 2956 sed
745 2901 943 2971 gratiae
1011 2901 1204 2972 ipsius,
1282 2905 1382 2970 qui
1445 2918 1548 2968 me,
1609 2901 1795 2972 inquit
1817 2943 1831 2968 ,
1917 2910 2003 2963 vel
2033 2909 2158 2963 ideo
2177 2909 2494 2963 insensatos
2524 2907 2756 2961 Galatas
2793 2905 3120 2976 appellatos,
3151 2921 3187 2957 a
3214 2901 3521 2974 majoribus

253 2990 422 3044 diluit
465 2997 516 3044 et
559 2991 806 3044 tradidit
842 2994 1080 3060 seipsum
1102 3007 1206 3059 pro
1236 3007 1339 3054 me,
1365 3007 1466 3060 pro
1487 3007 1597 3061 quo
1617 2990 1830 3062 utique,
1855 3055 1892 3065 η
1917 2999 1988 3052 ad
2019 2998 2240 3053 minora
2259 2997 2565 3059 venientes,
2592 2995 2726 3065 quia
2745 2993 3021 3065 coeperint
3039 2993 3261 3064 spiritu,
3277 2998 3335 3045 et
3353 3008 3521 3046 carne

236 3079 342 3132 ἠίδί
361 3095 457 3150 Pro
479 3085 878 3150 Peccatoresut
913 3055 1043 3133 imm
1058 3055 1432 3150 j‘iSﬁﬁCal‘e—t?
1454 3055 1524 3133 Eii
1541 3079 1678 3133 ἀίοίῖ
1706 3055 1830 3144 ᾖοοέ
1849 3055 1893 3114 C
1915 3091 2404 3141 consummentur:
2421 3085 2508 3137 vel
2525 3055 2594 3137 ob
2609 3055 2666 3137 id
2687 3055 2849 3153 quod‘
2867 3055 3216 3151 unaquaeque
3237 3055 3520 3152 provincia

255 3167 336 3238 qui
361 3168 587 3222 Iudaeus
615 3175 794 3222 natus
825 3174 883 3222 et
911 3168 1178 3224 educatus
1198 3173 1338 3232 erat,
1372 3173 1430 3221 et
1457 3167 1834 3222 abundantius
1917 3193 2049 3230 suas
2077 3174 2284 3229 habeat
2312 3173 2703 3245 proprietates,
2720 3172 3018 3226 Cretenses
3033 3185 3256 3240 semper
3285 3169 3518 3224 menda-

247 3257 1206 3328 aemulatorexstiteratpaternarum
1219 3273 1450 3310 suarum
1466 3255 1833 3311 traditionum
1917 3281 2010 3318 ces
2043 3283 2054 3318 ε
2090 3265 2268 3317 malas
2301 3261 2526 3327 bestias,
2550 3265 2774 3314 ventres
2802 3259 3012 3330 pigros,
3043 3273 3171 3312 vere
3201 3257 3273 3312 ab
3297 3257 3520 3328 Epime-

251 3343 374 3414 ΕΙ·εο
401 3351 459 3400 et
495 3347 545 3400 si
577 3362 691 3418 pro
725 3345 930 3399 talibus
971 3362 1030 3398 se
1069 3345 1306 3399 tradidit
1344 3344 1620 3409 Christus,
1665 3345 1835 3398 etiam
1923 3353 2052 3407 nide
2115 3358 2284 3423 poeta
2339 3351 2536 3417 dictos,
2583 3348 2884 3420 Apostolus
2941 3346 3274 3418 comprobat
3304 3365 3315 3400 :
3347 3362 3519 3401 vanos

246 3432 334 3502 ipsi
358 3441 695 3505 peccatores
723 3441 901 3488 erant.
933 3435 1060 3488 Non
1081 3450 1214 3504 ergo
1234 3433 1451 3488 meritis
1466 3433 1702 3502 iustitiae
1721 3450 1836 3487 suae
1918 3443 2164 3506 Mauros,
2197 3447 2254 3495 et
2285 3441 2502 3495 feroces
2539 3438 2829 3492 Dalmatas
2867 3437 3102 3490 Latinus
3127 3436 3316 3506 pulsat
3341 3434 3518 3489 histo-

245 3521 414 3575 datum
457 3523 682 3587 dicant,
734 3523 883 3593 quod
939 3539 1051 3576 non
1108 3538 1247 3593 opus
1305 3527 1429 3576 erat
1469 3521 1638 3590 justis
1690 3521 1832 3575 dari.
1918 3531 2086 3596 ricus,
2119 3529 2348 3583 timidos
2378 3529 2631 3598 Phrygas
2660 3541 2859 3580 omnes
2880 3529 3057 3596 poetae
3070 3525 3337 3578 lacerant.
3350 3523 3519 3577 Athe-

245 3611 350 3664 Non
377 3612 529 3666 enim
561 3614 702 3666 teni
719 3627 908 3664 vocare
916 3612 1116 3681 justos,
1143 3611 1225 3664 ait
1243 3610 1535 3676 Dominus,
1559 3612 1648 3664 sed
1657 3627 1838 3678 pecca-
1919 3616 2009 3671 nis
2031 3616 2377 3687 expeditiora
2395 3613 2547 3668 nasci
2573 3613 2803 3683 ingenia
2835 3611 3151 3682 philosophi
3178 3611 3514 3680 gloriantur;

247 3703 381 3763 tores,
398 3701 592 3755 adhoc
614 3700 818 3771 utique
836 3716 907 3754 ne
926 3699 1041 3754 sint
1057 3705 1396 3770 peccatores.
1417 3700 1612 3766 (Ηίθν.)
1629 3699 1835 3752 Beatus
1919 3705 2140 3759 Graecos
2156 3704 2303 3758 leves
2323 3702 2473 3774 apud
2493 3701 2690 3759 Caium
2713 3701 2992 3755 Caesarem
3013 3698 3282 3768 suggillet
3299 3697 3516 3774 Tullius

242 3789 580 3860 multumque
648 3788 780 3842 felix
829 3789 924 3859 qni
971 3787 1187 3843 νίνθῐιίθ
1231 3789 1288 3842 in
1345 3804 1404 3842 se
1451 3786 1694 3853 Christo.
1734 3803 1836 3858 Per
1915 3793 2124 3859 dicens,
2145 3811 2170 3844 «
2189 3797 2288 3846 aut
2301 3791 2504 3845 levium
2526 3791 2847 3844 Graecorum
2859 3793 2960 3842 aut
2973 3785 3304 3840 immanium
3319 3784 3516 3838 barba-

241 3876 470 3948 singulas
519 3878 906 3948 cogitationes
953 3883 1011 3933 et
1057 3893 1245 3948 Opera,
1278 3881 1464 3948 potest
1491 3876 1718 3930 dicere:
1771 3877 1834 3930 In
1915 3882 2241 3936 rorum.»Et
2257 3897 2358 3952 pro
2370 3879 2584 3942 Flacco,
2603 3879 2878 3946 Ingenita,
2904 3874 3108 3946 inquit,
3124 3877 3376 3930 leoitasct
3391 3891 3516 3928 eru-

237 3966 325 4031 Me
351 3970 472 4024 tiro
501 3969 655 4022 Filii
673 3967 774 4021 Dei
789 3969 890 4036 qui
916 3968 1111 4020 ditarit
1131 3982 1218 4019 me
1247 3971 1297 4019 et
1331 3966 1569 4019 tradidit
1593 3967 1832 4033 seipsum
1914 3973 2032 4026 dita
2079 3969 2507 4040 mnizasﬁpsum
2548 3967 2722 4022 Israel
2749 3965 2906 4036 gravi
2935 3963 3102 4018 corde
3132 3969 3189 4017 et
3217 3963 3360 4018 dura
3391 3979 3514 4017 cer-

236 4069 320 4120 pro
335 4057 660 4111 nea—Non
685 4056 884 4124 abjicio
911 4057 1156 4123 gratiam
1176 4055 1292 4108 Dei.
1306 4053 1371 4108 Si
1387 4056 1536 4106 enim
1555 4069 1652 4121 per
1665 4055 1833 4121 legem
1915 4060 2031 4114 vice
2053 4075 2246 4113 omnes
2275 4057 2574 4129 scripturae
2605 4061 2868 4126 arguunt.
2886 4055 2949 4109 In
2970 4054 3120 4108 hunc
3133 4069 3266 4122 ergo
3287 4052 3514 4107 modum

228 4145 453 4210 justitia,
486 4161 629 4213 ergo
667 4144 918 4198 Christus
946 4145 1123 4210 gratis
1173 4147 1425 4195 mortuus
1475 4147 1568 4195 est.
1620 4141 1831 4210 (Amb.)
1917 4147 2160 4202 arbitror
2184 4153 2240 4201 et
2268 4146 2595 4216 Apostolum
2619 4144 2848 4198 Galatas
2864 4142 3113 4212 regionis
3136 4158 3250 4196 suae
3269 4141 3516 4212 prOprie-

237 4229 323 4283 iiic
355 4249 492 4304 ergo
557 4249 682 4286 non
734 4238 822 4286 est
877 4231 1133 4302 ingratus
1185 4229 1425 4296 ChristO,
1475 4230 1570 4300 qui
1617 4230 1674 4284 in
1725 4230 1832 4284 fide
1915 4242 2031 4291 tate
2064 4237 2349 4308 pulsasse:
2385 4235 2516 4289 licet
2543 4234 2770 4305 quidam
2800 4231 3090 4304 profundis
3119 4248 3178 4284 se
3199 4229 3516 4300 quaestioni-

237 4319 338 4388 eius
349 4321 848 4392 perdurat,sciens
860 4320 1068 4374 nullius
1080 4336 1138 4373 se
1148 4318 1356 4373 habere
1371 4319 1704 4374 beneficium
1726 4319 1833 4374 nisi
1849 4368 1898 4427 Β
1915 4325 2020 4380 bus
2057 4325 2390 4390 inserentes,
2415 4323 2574 4395 quasi
2606 4321 2710 4379 sub
2731 4321 2963 4376 obtentu
2988 4319 3226 4374 vitandae
3253 4319 3514 4372 hereseos

239 4406 332 4427 L-s9_
470 4417 481 4427 Δ
581 4410 597 4427 ι
651 4409 988 4427 γκηιμγγγιοᾲν
1071 4410 1166 4427 ,'_,,
1253 4410 1406 4427 ,A_n_s
1441 4425 1472 4427 ,A
1521 4409 1556 4427 ,9
1601 4409 1694 4427 -14-
1739 4426 1784 4427 ,,
2082 4414 2118 4427 υ
2426 4420 2434 4427 .
2608 4411 2619 4422 ο
2671 4411 2695 4427 n
2755 4416 2764 4427 ι
2827 4410 2860 4427 ι’
2911 4415 2991 4427 κηΑ
3033 4407 3230 4427 m____°-_
3275 4422 3484 4427 -.___-,_-A

239 4406 406 4477 hujus,
430 4417 491 4464 et
521 4410 602 4464 ad
636 4409 1037 4463 contumeliam
1059 4410 1182 4479 ejus
1210 4410 1499 4480 proficere,
1514 4409 1560 4462 si
1591 4409 1831 4463 alterum
1853 4406 1897 4427 υ
1915 4431 2039 4486 quin
2066 4414 2314 4468 diversas
2344 4420 2577 4467 naturas
2605 4411 2792 4477 infert,
2809 4410 2998 4464 dicant
3033 4407 3232 4478 Tyrios
3269 4422 3508 4476 quoque,

236 4495 276 4548 εἰ
325 4505 646 4571 comparet,
689 4499 852 4568 cujus
899 4498 1168 4552 auxilium
1224 4497 1430 4552 habere
1477 4515 1590 4552 non
1627 4498 1827 4570 potuit.
1916 4503 2194 4570 Sidonios,
2227 4501 2503 4557 Moabitas
2531 4507 2590 4556 et
2608 4497 2959 4554 Ammonitas
2990 4501 3046 4550 et
3077 4495 3370 4560 Idumaeos,
3405 4495 3511 4548 Ba-

236 4585 288 4638 Sz'
321 4593 490 4654 enim,
526 4587 750 4659 inquit,
785 4603 886 4656 per
922 4591 1088 4654 legem
1115 4589 1362 4656 justitia,
1416 4603 1542 4655 ergo
1583 4587 1832 4642 Christus
1915 4591 2170 4664 bylonios
2213 4597 2271 4645 et
2319 4591 2628 4662 Egyptios,
2661 4601 2966 4656 omnesque
3013 4588 3212 4654 gentes
3271 4599 3395 4653 quae
3427 4584 3508 4638 in

233 4680 390 4739 φναεὶε
420 4683 698 4730 mortuus
726 4682 819 4730 σει·
844 4675 995 4730 Nihil
1025 4675 1150 4730 tam
1175 4680 1454 4746 apertum,
1490 4676 1623 4746 quia
1652 4675 1700 4729 si
1733 4693 1832 4747 per
1915 4680 2219 4752 Scripturis
2277 4679 2658 4742 nominantur,
2693 4674 2899 4730 habere
2947 4671 3203 4744 quaedam
3240 4672 3509 4727 idiomata

234 4761 391 4832 legem
405 4765 708 4836 potuisset
722 4765 892 4818 homo
906 4763 1221 4835 justiﬁcari,
1237 4764 1522 4818 Chlistum
1540 4779 1651 4818 non
1672 4781 1831 4836 opor-
1912 4787 1977 4824 ex
2008 4769 2192 4823 causis
2213 4765 2657 4839 praecedentibus
2675 4769 2732 4817 et
2758 4762 2961 4816 merito
2981 4777 3214 4832 Oper-um
3243 4761 3507 4833 pristino-

235 4857 398 4908 luerat
421 4855 599 4909 mori.
617 4853 731 4908 Sed
762 4853 896 4924 quia
908 4854 994 4907 lex
1013 4853 1147 4907 dare
1169 4853 1556 4907 remissionem
1573 4859 1828 4924 peccato-
1911 4873 2141 4924 rum,ne
2166 4856 2389 4927 justitia
2406 4854 2506 4910 Dei
2533 4853 2721 4908 veniat
2737 4852 2797 4906 in
2825 4849 3222 4915 dubium,cum
3248 4867 3510 4922 unaquae-

235 4955 336 4995 rum
362 4960 478 4998 non
512 4949 770 5014 poterat,
805 4959 984 5013 neque
1022 4942 1323 4996 secundam
1353 4947 1593 4996 mortem
1623 4943 1827 4996 trium-
1912 4963 2023 5018 que
2050 4961 2190 5016 gens
2218 4945 2304 4998 vel
2333 4943 2542 4997 bonum
2575 4941 2660 4996 vel
2703 4941 2915 4995 malum
2951 4938 3160 4994 habere
3202 4945 3502 5002 asseratur,

239 5029 389 5096 pilans
415 5031 750 5104 exspoliare
785 5030 1032 5102 captivos
1062 5047 1202 5102 quos
1237 5030 1469 5086 tenebat
1499 5048 1670 5086 causa
1705 5048 1829 5102 pec-
1911 5034 2056 5105 quod
2089 5033 2199 5087 alia
2228 5049 2341 5087 non
2379 5031 2602 5086 habeat.
2635 5031 2752 5084 Nos
2793 5029 2932 5083 istas
2967 5027 3295 5083 altitudines
3333 5027 3504 5081 decli-

234 5121 340 5186 ιώ,
381 5122 604 5176 idcirco
661 5121 922 5176 Christus
965 5126 1220 5175 mortuus
1259 5127 1348 5176 est
1388 5126 1458 5176 ut
1488 5138 1555 5175 ea
1592 5126 1824 5192 praesta-
1907 5129 2126 5188 nantes,
2142 5121 2432 5193 superiora
2455 5115 3191 5186 sectabimur,autstultitiae
3213 5131 3308 5169 eos
3320 5116 3500 5186 argui,

237 5213 318 5270 νεῐτ
362 5227 488 5280 quae
529 5211 630 5264 lex
679 5226 792 5264 non
837 5215 1075 5280 poterat,
1128 5227 1194 5264 ac
1241 5227 1342 5282 per
1386 5211 1490 5264 hoc
1536 5227 1648 5264 non
1692 5226 1825 5280 gra-
1908 5213 2175 5276 dicentes,
2191 5227 2293 5282 per
2322 5226 2492 5280 quam
2513 5209 2774 5280 spiritum
2793 5207 2934 5278 legis
2953 5211 3013 5260 et
3033 5205 3278 5258 litteram
3301 5203 3505 5274 dijudi-

234 5294 288 5348 tis
327 5305 597 5354 mortuus
646 5305 749 5365 est,
799 5315 953 5354 mors
989 5299 1138 5354 enim
1173 5301 1297 5370 ejus
1331 5299 1660 5370 justiﬁcatio
1692 5316 1820 5370 pec-
1907 5317 2034 5355 care
2053 5316 2166 5354 non
2197 5299 2432 5370 possint,
2466 5303 2566 5352 aut
2597 5297 2733 5352 vitio
2759 5295 2946 5366 gentis
2969 5282 3200 5364 corripi,
3242 5293 3391 5363 quod
3413 5294 3500 5348 in-

236 5392 460 5442 sitarum
489 5394 612 5442 est.
665 5387 939 5458 (Hieron)
987 5387 1194 5459 Abjicit
1237 5388 1480 5458 gratiam
1528 5388 1648 5452 Dei,
1701 5393 1820 5453 tam
1902 5389 2109 5444 dociles
2139 5388 2254 5442 sint
2273 5394 2332 5442 et
2358 5386 2642 5452 vecordes,
2661 5392 2718 5440 et
2746 5385 2816 5440 ad
2841 5381 3178 5454 sapientiam
3199 5382 3496 5436 tardiores.

236 5470 305 5526 ille
357 5477 453 5546 qui
501 5483 652 5550 post
697 5477 1058 5546 Evangelium
1097 5477 1231 5532 vivit
1269 5478 1326 5531 in
1368 5477 1510 5547 lege,
1559 5493 1728 5549 quam
1773 5476 1820 5530 is
1902 5477 2062 5542 Quod
2091 5483 2281 5531 autem
2301 5476 2558 5548 sequitur
2591 5493 2602 5529 :
2653 5475 2786 5542 Quis
2834 5489 2925 5527 vos
2973 5473 3303 5540 fascinavit?
3330 5471 3498 5542 digne

235 5562 308 5626 qui
351 5567 606 5634 peccatis
649 5571 772 5636 post
811 5565 1148 5638 baptismum
1189 5566 1512 5620 sordidatur
1541 5585 1552 5619 :
1591 5567 1686 5636 qui
1718 5582 1818 5620 au-
1902 5565 2101 5632 Paulo,
2136 5566 2252 5637 qui,
2277 5566 2380 5620 etsi
2411 5565 2708 5636 imperitus
2744 5569 2829 5616 est
2857 5576 3134 5626 sermone,
3167 5575 3280 5613 non
3307 5565 3495 5618 tamen
