4034 6162
609 274 711 337 283
1200 275 1260 336 Β.
1303 271 1574 335 RABANI
1612 265 1841 334 MKURI
1880 278 2215 336 ARCHIEP.
2257 279 2578 335 MOGUNT.
2622 280 2920 336 OPERUM
2956 277 3142 336 PARS
3181 276 3278 335 ΙῐῙ.

611 407 864 473 scientia,
887 407 1156 462 debemus
1185 421 1461 478 exponere
1492 425 1502 459 :
1540 419 1650 460 non
1682 406 1830 476 quod
1863 406 2052 460 scierit
2081 407 2440 466 esseAdum.
2475 407 2840 474 (Aug.).Uum
2880 411 3070 461 autem
3120 407 3351 462 dixisset
3387 425 3399 460 :
3439 411 3644 462 [θεας
3703 409 3844 464 0hr

609 496 1189 567 fascinum,quiVulgo
1203 495 1782 566 putaturnocerezsed
1801 513 1934 548 usus
1947 511 2205 550 sermone
2285 499 2625 564 proscriptus
2654 501 2748 559 est,
2781 495 3014 559 addidit,
3049 497 3365 563 cruci/imus,
3395 501 3465 550 ut
3497 497 3678 550 hinc
3709 514 3834 550 eos

611 585 684 638 sit
711 585 864 649 trito,
895 591 952 638 et
981 591 1045 638 ut
1067 586 1124 639 in
1153 585 1386 648 caeteris,
1403 585 1482 638 ita
1501 585 1558 638 in
1577 585 1681 638 hoc
1703 601 1924 654 quoque
1948 586 2066 638 loco
2083 602 2206 638 ver-
2288 585 2436 637 xime
2467 589 2732 649 moveret,
2767 601 2893 637 cum
2922 585 3342 638 considerarent
3373 601 3490 654 quo
3544 587 3789 656 pretio
3830 605 3844 638 ι

615 675 750 728 bum
782 673 1120 744 quotidianae
1152 673 1636 728 sermocinationis
1657 674 2210 744 assumpserit.Legi-
2292 673 2369 726 rit
2396 673 2822 743 possessionem,
2855 675 3026 743 quam
3056 673 3113 727 in
3143 673 3224 728 eis
3253 673 3603 740 amittebat,
3651 681 3737 728 ut
3763 692 3844 745 pa

617 763 810 817 musin
827 761 1140 833 Sapientia:
1165 765 1992 817 [)onuminm’dicruciatoculos
2019 763 2206 830 (Eccli.
2295 767 2440 815 esset
2456 762 2634 830 gratis
2661 777 2790 816 eum
2821 767 3126 822 mortuum,
3168 763 3314 832 quod
3353 763 3661 834 superius
3711 763 3844 816 diXl

619 856 734 921 xx);
770 851 865 922 qui
895 851 1044 922 apud
1076 857 1178 905 nos
1199 853 1444 916 invidus,
1464 851 1521 904 in
1544 851 1756 918 Graeco,
1780 851 2208 921 significantius,
2296 850 2438 904 Illud
2464 851 2612 904 enim
2658 851 2740 904 ita
2781 855 2960 916 sonat,
2996 857 3270 922 tanquam
3309 867 3422 906 non
3468 853 3840 922 perveneri

615 941 844 1010 ponitur
889 941 1214 1007 fascinator.
1250 937 1318 994 Et
1360 940 1414 992 in
1455 940 1743 1012 Sapientia
1791 957 1914 1011 quae
1966 941 2212 995 Salomo-
2295 941 2703 1010 possessionem
2724 952 2824 1010 pro
2854 955 2965 1010 qua
2985 941 3320 1010 sanguinem
3357 941 3549 994 dedit.
3597 942 3844 995 Proscr

613 1029 700 1082 nis
730 1029 1028 1082 scribitur:
1054 1030 1363 1082 Pascinatio
1398 1031 1771 1096 malignitatis
1794 1030 2044 1082 obscurat
2075 1032 2214 1083 bona
2297 1033 2506 1090 autem,
2540 1029 2710 1082 etiam
2737 1045 2860 1099 qua}
2881 1028 3126 1092 tenebat,
3162 1029 3450 1095 aufertur;
3486 1031 3610 1083 sed
3653 1031 3802 1083 haec
3842 1049 3843 1100 j

617 1109 766 1186 (ξαρ.
797 1120 894 1186 1v).
929 1116 1144 1181 Quibus
1175 1117 1440 1170 docemur
1470 1117 1755 1186 exemplis,
1782 1118 1926 1187 quod
1958 1119 2040 1171 vel
2072 1119 2213 1172 invi-
2298 1117 2526 1188 scriptio
2555 1133 2666 1170 non
2697 1117 2854 1170 obest
2883 1117 3108 1171 Christo
3137 1117 3231 1188 qui
3261 1119 3434 1172 etiam
3464 1119 3561 1172 sic
3597 1135 3721 1189 per
3750 1120 3844 1172 dii

614 1207 720 1260 dus
750 1207 934 1260 aliena
974 1205 1236 1260 felicitate
1277 1205 1572 1271 crucietur,
1607 1205 1688 1259 vel
1739 1206 1788 1259 is
1827 1207 1883 1260 in
1922 1223 2032 1277 quo
2063 1207 2206 1260 bona
2291 1211 2466 1259 tatem
2507 1205 2778 1260 Dominus
2819 1211 2904 1260 est
2940 1205 3210 1270 omnium,
3239 1207 3334 1260 sed
3376 1208 3484 1278 ipsi
3549 1210 3844 1278 possessi

615 1295 730 1350 sint
755 1287 962 1366 aliqua,
999 1296 1109 1349 alio
1136 1295 1466 1359 fascinante,
1492 1290 1546 1347 id
1578 1300 1680 1356 est,
1705 1295 1988 1349 invidente
2010 1313 2209 1350 nocea-
2293 1312 2416 1366 quae
2445 1296 2614 1365 hujus
2627 1295 2822 1364 gratiae
2844 1296 3064 1348 cultura
3081 1300 3252 1348 caret.
3270 1295 3412 1348 Hinc
3427 1297 3566 1365 jam
3599 1297 3844 1367 incipit"

615 1389 726 1438 tur.
764 1383 982 1439 Dicitur
1021 1384 1265 1438 fascinus
1295 1384 1518 1455 proprie
1557 1383 1863 1438 infantibus
1901 1401 2100 1438 nocere
2157 1393 2212 1440 et
2297 1389 2628 1448 monstrare,
2663 1384 3134 1454 quemadmodum
3161 1385 3348 1454 gratia
3373 1384 3510 1438 ﬁdei
3558 1385 3844 1439 sufficiat

617 1469 1215 1544 zetatiparvulae,ethis
1237 1473 1331 1544 qui
1353 1473 1590 1526 necdum
1609 1471 1771 1526 ﬁrmo
1791 1473 2024 1543 vestigio
2039 1475 2216 1545 ﬁgant
2291 1473 2714 1542 justificandum
2743 1473 2863 1526 sine
2910 1472 3171 1544 operibus
3211 1473 3370 1541 legis,
3407 1489 3479 1527 ne
3529 1473 3678 1544 quis
3729 1475 3844 1527 dic.

615 1563 874 1632 gradum.
903 1559 1062 1616 Unde
1087 1565 1143 1616 et
1172 1562 1400 1632 quidam
1429 1577 1458 1615 e
1485 1560 1790 1631 gentilibUs
1815 1581 1828 1615 :
2296 1577 2408 1614 non
2427 1578 2486 1614 se
2509 1561 2735 1631 quidem
2763 1561 3024 1632 operibus
3055 1561 3195 1630 legis
3233 1567 3460 1615 tantum
3509 1568 3719 1616 totam
3755 1563 3844 1616 ho

773 1647 942 1698 Nescio
968 1649 1076 1712 quis
1101 1653 1288 1698 teneros
1315 1650 1481 1698 oculus
1507 1649 1628 1697 mihi
1656 1648 1854 1698 fascinat
1877 1663 2042 1710 agnos.
2295 1650 2384 1703 nis
2397 1649 3156 1720 justiﬁcationem,tribuere,
3179 1651 3276 1704 sed
3309 1667 3496 1720 neque
3523 1656 3784 1705 tantum
3810 1668 3844 1720 ε

617 1736 736 1795 Hoc
753 1747 944 1795 utrum
959 1755 1153 1793 verum
1175 1755 1349 1792 necne
1371 1738 1619 1804 sit,Deus
1637 1738 1843 1793 viderit
1859 1758 1870 1806 ;
1887 1741 2020 1810 quia
2032 1746 2216 1812 potest
2231 1747 2277 1807 Β
2297 1739 2387 1792 tia“:
2416 1739 2565 1804 ﬁdei,
2603 1756 2670 1792 ex
2707 1744 2947 1809 utroque
2992 1744 3183 1792 autem
3230 1755 3298 1809 pe
3317 1739 3452 1792 rfeci
3496 1740 3800 1793 salutem.

621 1830 740 1884 fieri
756 1835 821 1884 ut
839 1834 896 1883 et
916 1829 1196 1883 daemones
1211 1829 1341 1882 huic
1351 1835 1575 1899 peccato
1587 1829 1852 1891 serviant,
1870 1834 1927 1882 et
1943 1845 2209 1900 quoscun-
2293 1827 2409 1881 haec
2429 1828 2662 1897 quaestio
2683 1833 2745 1881 ut
2772 1827 3072 1897 diligenter
3099 1833 3388 1894 tractetur,
3415 1845 3486 1882 ne
3523 1828 3666 1898 quis
3699 1829 3844 1882 falls

619 1935 727 1990 que
753 1919 812 1973 in
830 1918 932 1973 Dei
952 1934 1121 1988 opere
1141 1918 1392 1988 coepisse,
1407 1917 1492 1970 vel
1513 1917 1812 1988 profecisse
1831 1919 2209 1988 cognoverint,
2295 1915 2577 1985 ambiguo,
2592 1917 2732 1970 scire
2762 1916 2917 1987 prius
2938 1916 3104 1970 debet
3115 1933 3286 1987 opera
3304 1917 3443 1985 legis
3461 1916 3521 1969 bi
3529 1917 3769 1987 partita
3789 1935 3844 1970 es.

620 2005 1204 2077 eosabonisoperibus
1215 2012 1488 2060 avertant.
1506 2007 1668 2060 Nunc
1690 2007 1830 2060 illud
1853 2007 1912 2062 in
1931 2014 2210 2068 causaest,
2297 2007 2442 2058 Nam
2465 2007 2668 2076 partim
2701 2005 2759 2058 in
2787 2005 3394 2076 sacramentis,partim
3415 2021 3556 2058 vero
3579 2005 3641 2058 in
3668 2006 3844 2059 mori

619 2097 767 2166 quod
779 2113 843 2150 ex
855 2095 1117 2166 opinione
1135 2095 1283 2165 vulgi
1299 2101 1586 2166 sumptum
1599 2101 1862 2166 putamus
1875 2097 2212 2166 exemplum,
2297 2095 2648 2164 accipiuntur
2671 2113 2682 2147 :
2717 2095 2786 2148 ad
2836 2099 3188 2148 sacramenta
3222 2095 3514 2164 pertinent
3554 2095 3844 2148 circumci

620 2191 684 2240 ut
712 2185 992 2256 quomodo
1020 2189 1217 2238 tenera
1245 2189 1380 2238 aetas
1409 2184 1597 2238 noceri
1629 2184 1836 2238 dicitur
1873 2183 2103 2249 fascino,
2137 2187 2217 2239 sic
2299 2183 2501 2249 carnis,
2553 2183 2844 2236 sabbatum
2894 2184 3224 2254 temporale,
3247 2183 3585 2248 neomeniae,
3635 2185 3840 2237 sacriﬂ

623 2273 795 2329 etiam
825 2274 1037 2328 Galatae
1077 2274 1136 2326 in
1175 2273 1383 2327 Christi
1415 2273 1524 2326 ﬁde
1560 2289 1740 2343 nuper
1784 2273 1902 2328 nati
1933 2280 1988 2327 et
2016 2275 2216 2328 nutriti
2301 2270 3448 2342 atqueomneshujusmodiinnumerabiles
3461 2271 3844 2326 observation

620 2363 763 2418 lacte
794 2369 850 2416 et
886 2369 1000 2416 non
1029 2361 1206 2414 solido
1246 2361 1386 2416 cibo.
1419 2361 1589 2414 veluti
1630 2362 1870 2432 quodam
1911 2362 2218 2416 fascinante
2301 2361 2387 2413 Ad
2415 2377 2600 2414 mores
2620 2365 2828 2424 autem,
2853 2375 2965 2414 non
2985 2360 3346 2423 occides,non
3369 2360 3780 2426 moechaberis,
3813 2378 3844 2414 n

621 2453 736 2506 sint
782 2452 972 2512 nociti,
1013 2459 1071 2505 et
1119 2451 1407 2504 stomacho
1445 2451 1572 2503 ﬁdei
1623 2455 1948 2516 nauseante,
1987 2452 2220 2522 spiritus
2300 2449 2503 2504 falsum
2530 2449 2916 2503 testimonium
2949 2449 3115 2514 dices,
3141 2455 3198 2502 et
3225 2449 3360 2502 talia
3382 2453 3608 2502 caetera.
3642 2450 3844 2519 Nunql

623 2540 808 2594 sancti
838 2539 1024 2593 cibum
1053 2539 1420 2592 evomuerint.
1453 2539 1611 2602 Quod
1636 2539 1682 2591 si
1712 2539 1917 2609 aliquis
1937 2541 2218 2594 contradi-
2302 2555 2434 2592 nam
2483 2554 2616 2608 ergo
2659 2539 2958 2608 Apostolus
2986 2538 3065 2591 ita
3100 2543 3284 2608 potest
3314 2553 3426 2590 non
3469 2553 3677 2592 curare
3721 2545 3844 2592 utn

622 2629 716 2693 cit,
741 2633 982 2698 exponat
1002 2627 1282 2698 quomodo
1302 2628 1370 2680 de
1391 2627 1673 2680 communi
1695 2627 1958 2698 opinione
1979 2629 2054 2682 sit
2073 2641 2220 2683 sum-
2302 2627 2654 2681 Christianus
2699 2627 2995 2688 homicida,
3029 2632 3128 2681 aut
3171 2627 3419 2680 moechus
3461 2627 3555 2691 sit,
3590 2637 3664 2680 an
3697 2633 3844 2680 casti

623 2723 802 2788 ptum,
834 2716 992 2770 vallis
1046 2715 1376 2769 Titanorum
1397 2715 1456 2768 in
1485 2716 1805 2785 Regnorum
1825 2716 1982 2770 libris
2007 2719 2082 2782 (ΙΙ
2096 2719 2214 2784 Reg.
2301 2721 2468 2786 atque
2508 2716 2793 2781 innocens,
2845 2716 3314 2786 quemadmodum
3355 2727 3467 2769 non
3497 2720 3660 2769 curat
3712 2721 3844 2769 utru

624 2809 796 2870 xxm),
852 2803 1051 2858 sirena;
1107 2809 1164 2856 et
1207 2802 1566 2857 onocentauri
1617 2803 1676 2856 in
1723 2804 1870 2857 Isaia
1919 2805 2046 2868 (Isa.
2104 2819 2215 2872 xm,
2300 2805 2664 2858 circumcisus
2691 2819 2877 2867 carne,
2911 2819 2983 2857 an
3015 2805 3382 2876 praeputiatus
3423 2804 3544 2858 sit?
3573 2805 3740 2858 Nunc
3771 2821 3844 2874 er;

626 2899 842 2961 xxxiv),
874 2895 1145 2947 Arcturus
1183 2898 1242 2945 et
1271 2891 1443 2946 Orion
1473 2898 1530 2946 et
1562 2891 1816 2946 Pleiades
1854 2892 1912 2946 in
1943 2892 2047 2946 Job
2081 2894 2216 2958 (Job.
2301 2894 2370 2946 de
2402 2893 2487 2946 his
2507 2892 2768 2963 operibus
2797 2895 3040 2947 maxime
3069 2899 3278 2947 tractat
3305 2903 3426 2963 quae
3452 2899 3588 2946 sunt
3618 2893 3677 2946 in
3707 2910 3844 2947 sacr:

624 2988 876 3052 xxxvm).
904 2987 962 3036 et
997 2987 1197 3036 cetera
1224 2981 1313 3034 his
1333 2981 1559 3044 similia,
1594 2997 1716 3052 que
1736 2982 1931 3052 utique
1957 2981 2222 3036 vocabula
2303 2982 2526 3047 mentis,
2567 2995 2890 3052 quanquam
2939 2987 2996 3035 et
3039 2983 3137 3035 illa
3165 2982 3444 3035 interdum
3486 2998 3544 3034 se
3587 2982 3844 3035 admisce:

620 3071 916 3141 gentilium
947 3070 1262 3125 fabularum
1303 3075 1361 3124 et
1391 3086 1588 3124 causas
1616 3077 1673 3124 et
1700 3071 1946 3140 origines
1987 3071 2214 3125 habent.
2241 3064 2596 3140 Csigniﬁcet.
2630 3071 2810 3142 Prope
2829 3072 2999 3124 finem
3020 3076 3210 3125 autem
3231 3071 3480 3142 epistolae
3515 3071 3584 3124 de
3616 3071 3702 3124 his
3735 3087 3844 3141 sep:

624 3162 763 3212 Ante
797 3175 1037 3228 quorum
1076 3163 1255 3212 oculos
1281 3161 1436 3213 Jcsus
1466 3159 1713 3213 Chi-istas
1743 3163 2090 3229 proscriptus
2118 3167 2210 3214 est.
2298 3159 2465 3212 ratim
2493 3158 2775 3225 tractabit,
2807 3174 2932 3229 qua
2957 3164 3090 3213 sunt
3111 3159 3168 3212 in
3201 3158 3530 3225 moribus,et
3551 3159 3686 3212 illud
3711 3158 3844 3213 brev

624 3245 830 3314 (Anth).
863 3247 1220 3302 Manifestum
1251 3252 1335 3301 est
1363 3247 1496 3317 quia
1515 3247 1817 3301 stultorum
1848 3249 2022 3302 oculis
2051 3249 2214 3302 Chri-
2295 3253 2400 3313 ter,
2441 3248 2546 3301 hoc
2574 3252 2762 3302 autem
2783 3247 3013 3302 diutius.
3049 3248 3179 3302 Haec
3208 3248 3360 3302 enim
3381 3263 3552 3302 onera
3577 3248 3763 3320 potius
3783 3249 3844 3301 im

621 3341 742 3390 stus
763 3336 1102 3406 proscriptus
1122 3335 1360 3401 videtur,
1394 3335 1450 3388 id
1471 3344 1571 3400 est,
1598 3336 1956 3406 exspo‘liatus,
1971 3338 2056 3391 vel
2087 3352 2213 3391 con-
2295 3335 2455 3406 ponit
2471 3335 2754 3406 gentibus”,
2778 3350 3016 3407 quorum
3032 3336 3246 3391 utilitas
3268 3337 3324 3390 in
3347 3337 3626 3391 intellectu
3645 3343 3844 3403 est,nai

621 3423 918 3478 demnatus
951 3442 962 3478 :
995 3423 1356 3495 prudentium
1376 3438 1506 3478 vero
1536 3424 1714 3478 oculis
1739 3430 1796 3480 et
1824 3425 2080 3480 sensibus
2100 3437 2213 3481 non
2295 3425 2412 3478 haec
2432 3425 2622 3478 omnia
2649 3431 3007 3496 eXponuntur
3035 3425 3387 3492 Christianis,
3420 3431 3482 3480 ut
3511 3425 3637 3496 quid
3664 3427 3844 3480 valeas]

620 3503 802 3568 solum
850 3521 962 3567 non
1003 3513 1426 3571 condemnatus.
1457 3514 1554 3566 sed
1601 3513 1720 3584 ipse
1765 3521 2004 3568 mortem
2053 3527 2213 3569 cruce
2297 3517 2517 3568 tantum
2548 3514 2882 3584 intelligant,
2929 3515 3101 3569 etiam
3135 3514 3318 3569 facere
3351 3531 3462 3570 non
3498 3521 3779 3584 cogantur.
3814 3516 3844 3568 ιι

620 3618 724 3656 sua
750 3605 1048 3656 damnasse
1068 3602 1304 3657 videtur.
1335 3603 1526 3656 Passio
1555 3603 1706 3656 enim
1737 3603 1958 3657 Domini
1989 3605 2103 3658 vita
2121 3621 2216 3658 no—
2299 3601 2777 3656 observationibus
2807 3610 3014 3668 autem,
3049 3604 3096 3656 si
3127 3621 3240 3658 non
3290 3604 3680 3675 intelligantur,
3711 3605 3844 3657 servi

621 3696 738 3745 stra
765 3699 868 3756 est,
892 3697 948 3744 et
966 3691 1270 3746 destructio
1287 3691 1484 3745 mortis
1499 3695 1602 3745 est.
1619 3691 1727 3745 Sed
1749 3692 1882 3762 quia
1900 3693 1956 3745 hi
1986 3693 2216 3764 indigne
2297 3696 2388 3744 tus
2418 3691 2537 3744 sola
2564 3696 2666 3750 est,
2701 3692 2881 3762 qualis
2903 3697 3024 3746 erat
3053 3693 3108 3746 in
3139 3694 3344 3764 populo
3373 3693 3697 3756 Judaeorum,
3715 3699 3770 3746 et
3787 3709 3840 3745 es

621 3784 905 3850 coeperant
930 3781 1139 3834 sentire
1163 3780 1424 3834 translati
1453 3780 1522 3833 ad
1546 3781 1748 3850 legem,
1782 3780 1987 3835 idcirco
2015 3782 2215 3836 menti-
2297 3795 2474 3850 usque
2492 3780 2691 3834 adhuc.
2729 3781 2785 3834 Si
2805 3784 2994 3834 autem
3015 3787 3074 3834 et
3101 3781 3464 3836 observentur
3491 3781 3580 3835 illa.
3617 3787 3668 3835 et
3703 3782 3844 3835 intel-

619 3868 724 3923 bus
752 3884 948 3922 eorum
971 3869 1259 3922 Christum
1280 3870 1711 3924 condemnatum
1734 3870 1910 3924 videri
1927 3872 2216 3943 conqueri-
2297 3868 2562 3938 ligantur,
2595 3883 2706 3923 non
2725 3870 2893 3924 modo
2921 3870 3062 3924 nihil
3084 3866 3305 3934 obsunt,
3338 3870 3434 3924 sed
3465 3871 3621 3924 etiam.
3639 3877 3844 3941 prosum

623 3957 870 4021 tur,ideo
883 3962 941 4010 et
957 3955 1224 4026 subjecit:
1252 3959 1314 4010 In
1346 3959 1492 4010 vobis
1509 3961 1806 4025 cruri/imus
1837 3964 1930 4012 est.
1965 3959 2081 4014 Hoc
2108 3963 2210 4024 est,
2298 3957 2508 4028 aliquid
2539 3957 2584 4011 si
2615 3957 2851 4028 tempori
2880 3964 3209 4028 congruant,
3255 3959 3398 4013 sicut
3426 3959 3492 4012 ab
3522 3959 3632 4030 ipso
3656 3959 3844 4030 Moyse,

620 4050 788 4098 sensu
838 4049 1021 4098 vestro
1067 4045 1358 4098 cruciﬁxus
1393 4051 1479 4100 est
1535 4047 1695 4116 quasi
1751 4047 1938 4112 homo,
1991 4048 2048 4101 in
2107 4062 2215 4118 quo
2298 4047 2584 4116 prophetis
2613 4059 2834 4118 quoque
2867 4045 3160 4102 observata
3185 4053 3319 4102 sunt
3341 4047 3752 4117 congruentibus
3779 4047 3844 4100 illi

619 4132 770 4186 enim
796 4147 922 4203 spes
951 4132 1116 4202 plena
1141 4148 1251 4185 non
1271 4140 1375 4198 est,
1407 4129 1574 4187 homo
1596 4139 1697 4199 est,
1730 4134 1855 4188 ideo
1886 4135 1943 4188 hi
1966 4150 2078 4189 non
2109 4152 2212 4207 pu-
2298 4135 2521 4206 populo,
2557 4135 2643 4189 cui
2671 4137 2853 4190 adhuc
2879 4136 3008 4190 talis
3029 4137 3266 4191 servitus
3286 4136 3440 4191 utilis
3458 4143 3584 4198 erat,
3601 4145 3657 4190 ut
3673 4137 3769 4190 sub
3784 4136 3844 4188 ti-

620 4219 818 4274 tubant
847 4221 1070 4291 plenam
1099 4220 1339 4274 salutem
1370 4237 1492 4274 esse
1519 4222 1576 4276 in
1607 4221 1848 4289 Christo,
1874 4224 2006 4293 quia
2032 4225 2212 4294 legem
2299 4223 3186 4279 morecustodiretur.Nihilenim
3199 4231 3314 4280 tam
3327 4226 3589 4297 pieterret
3605 4225 3843 4279 animam.

622 4310 703 4363 illi
723 4309 1038 4380 aequabant.
1072 4310 1136 4364 In
1167 4309 1254 4363 his
1296 4325 1426 4363 vero
1474 4310 1568 4379 qui
1617 4323 1860 4380 congrue
1893 4313 2217 4384 intelligunt
2299 4323 2468 4382 quam
2513 4319 2930 4367 sacramentum
2963 4329 3075 4368 non
3115 4315 3494 4369 intellectum:
3539 4314 3842 4368 intellectum

624 4397 1078 4464 Christum,vivit
1097 4398 1156 4452 in
1183 4399 1264 4452 eis
1287 4398 1559 4453 Christus.
1575 4400 1640 4453 In
1669 4399 1908 4454 Photino
1925 4403 2219 4456 crucifixus
2237 4386 2284 4443 Ῑ)
2303 4406 2511 4467 autem,
2543 4402 2815 4470 gaudium
2853 4403 3009 4473 pium
3040 4403 3204 4474 parit,
3229 4409 3287 4458 et
3311 4403 3605 4457 celebratur
3621 4401 3776 4456 libere
3802 4405 3838 4454 si

624 4493 726 4552 est,
761 4489 851 4542 hic
871 4488 1021 4544 enim
1051 4503 1177 4542 vere
1207 4493 1462 4542 mortuus
1483 4491 1569 4542 est
1593 4488 1650 4541 in
1673 4505 1782 4558 quo
1804 4483 2060 4546 Christus
2081 4491 2218 4544 dici-
2303 4505 2442 4561 opus
2462 4497 2547 4543 est
2568 4492 2828 4562 tempori,
2856 4491 2903 4545 sl
2925 4497 3115 4545 autem
3148 4509 3258 4546 non
3289 4497 3377 4546 est
3406 4507 3552 4564 cpus,
3589 4501 3702 4546 cum
3726 4478 3838 4546 sua-

623 4581 719 4630 tur
745 4577 1206 4648 crucifixus,quia
1222 4578 1372 4632 istud
1401 4578 1522 4631 loco
1541 4574 1912 4633 accusationis
1934 4579 2214 4650 objicitur.
2299 4579 2471 4632 vitate
2482 4577 3835 4651 spiritalitantummodolegiturettractatur.0mne

623 4659 824 4732 (Ηίεν.)
855 4657 1052 4726 Aliter,
1073 4683 1097 4715 α
1128 4667 1185 4719 in
1205 4667 1356 4720 vobis
1376 4667 1670 4721 cruciﬁxus
1688 4672 1774 4720 est
1805 4685 1816 4720 :
1847 4687 1872 4716 »
1889 4668 2048 4722 nobis
2064 4669 2215 4723 enim
2298 4672 2488 4722 autem
2520 4674 2931 4722 sacramentum
2973 4681 3099 4723 cum
3139 4669 3488 4740 intelligitur,
3522 4677 3606 4724 aut
3631 4670 3691 4723 ad
3721 4686 3833 4722 con-

624 4755 772 4804 recte
804 4753 1156 4822 pmscriptus
1187 4761 1273 4808 est
1303 4756 1576 4821 Christus,
1605 4755 1674 4810 de
1704 4757 1862 4825 cujus
1883 4757 2132 4827 patibulo
2160 4763 2218 4811 et
2296 4757 2720 4828 templationem
2747 4757 2998 4812 veritatis
3012 4759 3272 4821 refertur,
3286 4764 3384 4814 aut
3395 4759 3462 4812 ad
3482 4758 3631 4812 bonos
3655 4769 3826 4812 mores.

624 4838 1084 4910 passione,alapis
1100 4847 1157 4894 et
1176 4842 1431 4912 ﬂagellis,
1453 4844 1637 4898 omnis
1657 4843 2056 4915 prophetarum
2073 4859 2214 4916 prze-
2303 4846 2714 4917 Contemplatio
2739 4847 2992 4901 Veritatis
3017 4848 3076 4901 in
3105 4847 3278 4902 solius
3317 4847 3418 4902 Dei
3458 4847 3711 4902 dilectione
3729 4847 3828 4900 flm-

624 4927 761 4982 dicit
787 4927 1006 4995 chorus,
1053 4935 1114 4981 ut
1161 4945 1381 4984 crucem
1421 4933 1616 5002 ipsius,
1668 4941 1779 4986 non
1811 4926 1880 4987 de
1923 4935 2220 5006 Evangelia
2303 4935 2435 4990 data
2465 4942 2568 5002 est,
2603 4936 2732 4990 boni
2768 4951 2952 4992 mores
2989 4937 3048 4990 in
3088 4937 3386 4991 dilectione
3414 4937 3506 4991 Dei
3537 4941 3583 4990 et
3607 4937 3822 5007 proximi.

623 5022 848 5071 tantum
874 5016 932 5070 in
961 5022 1072 5086 qlio
1116 5018 1408 5072 cruciﬁxus
1441 5021 1698 5086 refertur,
1724 5023 1820 5076 sed
1854 5023 2032 5076 multo
2068 5030 2222 5078 ante-
2303 5025 2360 5078 in
2390 5025 2591 5095 quibus
2610 5025 2826 5080 duobus
2855 5026 3148 5097 praeceptis
3175 5031 3295 5080 tota
3324 5025 3410 5078 lex
3439 5026 3616 5096 pendet
3643 5029 3692 5078 et
3715 5037 3821 5094 pro-

627 5117 798 5176 quam
819 5103 1156 5160 descendere
1182 5106 1512 5174 dignaretur
1535 5110 1605 5164 ad
1619 5115 1821 5174 terras,
1837 5118 1895 5164 et
1908 5111 2216 5179 hominem,
2303 5113 2503 5184 pheta.
2519 5117 2680 5169 Nunc
2708 5115 2881 5184 igitur
2909 5115 3380 5186 quemadmodum
3407 5115 3701 5168 circumcisio
3725 5129 3820 5167 car-

626 5195 722 5264 qui
750 5199 837 5248 est
863 5194 1158 5248 crucifixus
1185 5203 1516 5263 assumeret,
1540 5199 1876 5253 noverimus.
1911 5201 2024 5254 Nec
2054 5218 2224 5271 parva
2303 5203 2390 5257 nis
2410 5208 2467 5258 et
2487 5208 2690 5258 caetera
2713 5203 3036 5274 hujusmodi
3064 5204 3205 5274 legis
3235 5219 3424 5275 Opera,
3454 5203 3536 5257 ubi
3549 5205 3648 5274 jam
3665 5203 3816 5272 gratia

627 5283 750 5336 laus
769 5283 1100 5336 Galatarum
1141 5289 1243 5350 est,
1277 5285 1425 5354 quod
1467 5285 1546 5339 ita
1573 5287 1915 5342 crediderint
1943 5289 2000 5342 in
2042 5291 2221 5343 cruci-
2306 5291 2435 5345 ﬁdei
2467 5293 2568 5357 est,
2595 5308 2705 5346 non
2739 5293 2854 5346 sint
2873 5293 3204 5355 necessaria,
3239 5293 3532 5347 videamus.
3559 5294 3648 5346 Ηοσ
3669 5295 3810 5344 solum

627 5371 820 5435 fixum,
854 5377 916 5424 ut
945 5371 1026 5425 eis"
1051 5371 1222 5426 fuerit
1253 5379 1384 5427 ante
1415 5376 1790 5445 praescriptus,
1823 5377 1971 5448 quod
2009 5379 2222 5433 scilicet
2301 5384 2419 5434 colo
2446 5397 2480 5434 (ι
2503 5383 2648 5435 vobis
2675 5384 2877 5434 discere
2899 5401 2915 5434 :
2938 5398 3002 5434 ea:
3019 5383 3272 5449 operibus
3303 5385 3434 5450 legis
3459 5383 3677 5450 spiritum
3697 5391 3812 5432 arce-

625 5458 942 5514 lectaitantes
964 5461 1290 5533 Prophetas,
1324 5467 1382 5516 et
1408 5463 1599 5516 omnia
1633 5466 1838 5520 veteris
1863 5467 2002 5536 legis
2031 5483 2218 5522 sacra-
2296 5473 2478 5538 pistis,
2510 5487 2587 5524 an
2630 5487 2695 5522 ca‘
2736 5471 2937 5523 auditu
2966 5471 3136 5537 ﬁdei?
3175 5469 3547 5540 Respondetur
3580 5469 3735 5539 utique
3757 5483 3810 5520 ex

628 5553 819 5603 ments
839 5555 1150 5617 noscentes,
1185 5551 1274 5605 via
1301 5557 1356 5604 et
1383 5551 1578 5605 ordine
1607 5553 1862 5608 venerint
1891 5555 1964 5610 ad
1995 5555 2221 5609 credens
2301 5559 2498 5612 auditu
2513 5557 2756 5612 ﬁdeizab
2773 5558 3040 5629 Apostolo
3053 5560 3203 5613 enim
3223 5559 3513 5630 praedicata
3523 5559 3664 5613 estsi:
3677 5556 3802 5613 ﬁdes.
