4034 6162
313 360 396 413 385

701 355 1278 411 ENARRATIONUM
1314 357 1392 411 IN
1431 357 1584 411 EPP.
1627 358 1842 414 PAULI
1880 359 2014 414 LIB.
2056 360 2378 415 XlV.—IN
2418 361 2639 416 EPIST.
2681 359 2776 413 AD
2815 359 3070 414 GALAT.

3416 352 3520 408 Q86

312 486 356 538 in
365 499 456 554 qua
463 479 837 552 praedicatione
856 479 1049 548 utique
1059 480 1428 535 adventumet
1438 482 1844 552 pmscientiam
1861 486 1912 544 Α
1928 483 2198 539 ditionem
2219 486 2517 555 signiﬁcat,
2543 487 2598 539 id
2621 493 2724 550 est,
2749 485 2936 539 ﬁdem.
2962 487 3033 550 (Η
3035 487 3210 538 icron.
3211 484 3237 554 )
3257 481 3521 536 Conside—

307 572 448 625 sancti
463 570 688 640 Spiritus
707 575 1020 632 senserant,
1044 569 1188 622 sicut
1207 569 1303 623 illo
1322 577 1574 641 tempore
1605 572 1661 624 in
1693 573 1845 625 novi-

308 667 397 714 tate
406 658 724 712 invitationis
735 657 802 709 ad
818 657 1183 720 ﬁdem,etiam
1195 659 1549 714 sensibilibus
1561 661 1844 715 miraculis

307 748 554 820 praesentia
577 746 753 800 sancti
774 747 1016 817 Spiritus
1036 747 1360 818 apparebat,
1381 749 1526 802 sicut
1543 749 1604 802 in
1615 750 1844 804 Actibus

302 837 630 908 apostolorum
663 836 888 905 legitur.
919 836 1036 889 Hoc
1063 841 1253 890 autem
1293 837 1500 892 factum
1533 845 1655 893 erat
1695 840 1844 909 apud

301 927 506 992 Galatas,
530 929 832 994 antequam
873 925 966 978 isti
995 925 1066 978 ad
1096 942 1192 978 eos
1234 927 1630 996 pervertendos
1659 934 1717 982 et
1742 929 1845 981 cir-

300 1014 644 1069 cumcidendos
673 1014 972 1068 venissent.
1006 1015 1116 1068 Iste
1144 1031 1278 1084 ergo
1313 1032 1512 1070 sensus
1554 1022 1658 1079 est,
1691 1019 1739 1070 si
1787 1018 1842 1071 in

299 1105 385 1156 illis
423 1102 669 1173 operibus
717 1103 858 1172 legis
906 1110 1051 1156 esset
1099 1104 1250 1157 salus
1299 1111 1499 1165 vestra,
1533 1122 1645 1159 non
1693 1106 1844 1160 vobis

298 1192 500 1261 Spiritus
532 1197 758 1245 sanctus
803 1191 908 1244 nisi
958 1191 1299 1248 circumcisis
1349 1194 1597 1247 daretur.
1632 1195 1844 1249 Deinde

295 1279 449 1333 intulit
470 1301 480 1332 :
506 1281 592 1334 Sic
605 1284 769 1333 stulti
786 1283 930 1344 estis,
948 1287 1006 1332 ut
1024 1297 1147 1332 cum
1171 1285 1372 1350 spiritu
1390 1285 1674 1349 ceperitis;
1695 1301 1844 1338 nunc

294 1385 428 1420 cum:
437 1385 646 1421 cunmm
657 1383 793 1421 mem
803 1372 892 1422 ini
904 1369 1069 1423 ?'Hoc
1081 1376 1166 1422 est
1179 1371 1325 1440 quod
1337 1371 1596 1440 superius
1614 1373 1670 1425 in
1689 1389 1843 1426 exor-

289 1457 365 1510 dio
380 1456 593 1516 dixerat,
610 1460 1059 1526 m'sialiquisunt
1081 1461 1468 1512 conturbantes
1490 1476 1578 1513 ros
1599 1467 1648 1514 et
1669 1467 1845 1515 volon-

292 1551 350 1599 ιω
371 1551 655 1599 convertere
677 1547 1038 1613 Evangelium
1058 1547 1279 1600 Christi.
1305 1548 1670 1602 Conturbatio
1693 1551 1841 1604 enim

288 1634 436 1687 ordini
455 1635 735 1688 contraria
770 1639 875 1688 est.
908 1635 1056 1689 Ordo
1086 1640 1173 1688 est
1198 1641 1410 1702 autem,
1451 1654 1485 1690 a
1525 1639 1842 1694 carnalibus

287 1723 344 1775 ad
359 1723 612 1792 spiritalia
635 1740 887 1795 surgere,
912 1741 1022 1778 non
1041 1723 1112 1778 ab
1129 1725 1476 1794 spiritalibus
1503 1727 1574 1780 ad
1597 1729 1844 1782 carnalia

1927 591 2115 628 remus
2135 575 2452 642 diligenter,
2479 575 2609 645 quia
2638 591 2748 628 non
2777 573 2982 627 dixerit
3013 591 3024 624 :
3073 575 3190 626 Volo
3213 588 3247 624 a
3271 572 3419 624 robis
3438 572 3521 622 di-

1925 680 2084 730 scere,
2121 669 2310 716 utrum
2363 681 2426 716 cur
2471 665 2719 731 operibus
2749 663 3025 730 Spiritum
3071 662 3378 729 accepistis,
3422 660 3517 711 sed

1927 753 2212 822 adjecerit,
2248 769 2312 804 cr
2328 753 2579 820 operibus
2602 755 2733 819 legis
2755 770 2768 812 ;
2802 749 3012 804 sciebat
3023 749 3174 803 enim
3196 747 3518 804 Cornelium

1925 842 2307 895 centurionem
2360 841 2500 910 (Act.
2535 847 2608 906 χ).
2659 839 2932 910 Spiritum
2983 855 3046 892 ex
3077 836 3340 908 operibus
3370 852 3520 890 acce-

1926 931 2093 1000 pisse,
2127 931 2223 983 sed
2254 946 2364 983 non
2391 946 2458 984 ex
2494 929 2756 1000 operibus
2793 929 2952 996 legis,
2989 944 3157 998 quam
3188 924 3473 980 nesciebat
3505 943 3515 976 :

1926 1019 1973 1072 si
2003 1026 2192 1072 autem
2216 1018 2530 1072 econtrario
2560 1018 2768 1071 dicitur
2799 1037 2809 1070 :
2838 1033 2973 1084 ergo
2999 1023 3056 1069 et
3081 1017 3202 1068 sine
3231 1013 3519 1068 auditione

1928 1108 2054 1161 ﬁdei
2105 1108 2276 1178 accipi
2328 1107 2568 1177 Spiritus
2621 1113 2803 1177 potest
2831 1107 2854 1158 ’ἶ
2899 1107 3011 1158 Nos
3061 1101 3520 1174 respondebimus

1927 1196 2203 1266 accepisse
2223 1196 2450 1266 quidem
2481 1213 2608 1248 cum
2633 1195 2925 1264 Spiritum,
2946 1193 3043 1245 sed
3073 1210 3136 1245 ex
3167 1191 3364 1245 auditu
3389 1190 3513 1243 ﬁdei

1927 1293 1982 1339 et
2009 1285 2254 1338 naturali
2285 1285 2424 1352 lege,
2459 1301 2580 1354 quae
2611 1283 2859 1354 loquitur
2891 1282 2945 1334 in
2986 1280 3245 1335 cordibus
3288 1279 3514 1334 nostris.

1928 1375 2068 1427 bona
2098 1390 2331 1444 qumque
2361 1373 2630 1436 facienda,
2663 1379 2721 1425 et
2747 1371 2976 1424 vitanda
3005 1371 3152 1424 mala
3179 1389 3190 1432 ;
3226 1385 3327 1439 per
3349 1385 3515 1438 quam

1927 1463 2138 1516 dudum
2169 1479 2390 1532 quoque
2418 1461 2720 1525 Abraham,
2753 1461 3001 1530 Moysen,
3035 1465 3093 1512 et
3121 1464 3350 1512 caeteros
3389 1473 3519 1510 san-

1927 1558 2045 1605 ctos
2069 1551 2404 1620 justiﬁcatos
2450 1550 2764 1609 retulimus,
2799 1565 2969 1618 quam
3018 1563 3225 1616 augere
3258 1545 3521 1615 deinceps

1925 1647 2113 1710 potest
2138 1656 2372 1710 operum
2403 1638 2736 1698 observatio,
2761 1637 3014 1707 legisque
3038 1635 3281 1705 justitia,
3304 1650 3418 1687 non
3439 1640 3521 1687 ta-

1927 1745 2056 1782 men
2085 1729 2324 1782 carnalis
2373 1728 2512 1798 legis
2557 1744 2679 1797 quae
2732 1725 3022 1796 praeteriit,
3082 1724 3180 1777 sed
3223 1722 3513 1793 spiritalis.

287 1811 484 1874 cadere;
515 1813 665 1865 sicut
701 1812 824 1866 istis
853 1812 1146 1866 acciderat.
1196 1815 1265 1867 Et
1294 1815 1411 1868 haec
1438 1821 1523 1868 est
1561 1817 1844 1885 Evangelii
1863 1801 1910 1860 B
1929 1817 2039 1871 Lex
2067 1817 2218 1870 enim
2249 1817 2518 1888 spiritalis
2535 1822 2637 1869 est.
2661 1817 2854 1884 Neque
2875 1829 3022 1871 vero,
3045 1814 3178 1883 quia
3195 1812 3361 1866 ﬁdem
3385 1828 3521 1882 pra:-

284 1901 532 1954 conversio
555 1907 862 1966 retrorsus,
895 1902 1041 1972 quod
1062 1903 1195 1972 quia
1222 1902 1431 1957 bonum
1461 1920 1571 1958 non
1603 1911 1704 1971 cst,
1731 1922 1842 1960 non

285 1998 352 2042 est
369 1991 720 2060 Evangeliuin
737 2007 866 2044 cum
892 1991 996 2043 hoc
1014 1993 1402 2046 annuntiatur.
1437 1991 1528 2046 Sic
1555 1998 1732 2060 stulti,
1759 1995 1839 2048 in-

282 2079 397 2148 quit.
425 2083 559 2143 estis,
597 2085 665 2132 ut
684 2095 808 2132 cum
841 2081 1042 2148 spiritu
1059 2084 1341 2148 creperitis,
1358 2097 1508 2135 nunc
1528 2100 1693 2136 carne
1722 2096 1844 2136 can-

282 2183 512 2219 suain-cem
522 2171 610 2220 ini
621 2165 654 2220 Υ
673 2167 884 2235 {Amb.)
899 2168 1094 2222 Adhuc
1109 2185 1236 2222 cum
1251 2170 1540 2224 stomacho
1557 2171 1807 2241 loquitur
1826 2192 1837 2226 ε

281 2257 406 2310 dolet
421 2257 564 2310 enim
590 2257 756 2310 valde
785 2273 955 2327 super
977 2273 1165 2310 errore
1185 2261 1399 2324 eorum,
1435 2259 1530 2329 qui
1576 2259 1844 2314 fabricam

280 2361 412 2398 suam
439 2362 545 2416 qua
568 2363 672 2399 eos
700 2363 801 2416 per
829 2346 1188 2414 Evangelium
1219 2347 1604 2411 zediﬁca'verat,
1623 2349 1846 2403 videbat

279 2451 376 2487 esse
409 2433 772 2488 destructum.
808 2435 935 2488 Non
964 2435 1042 2487 sic
1079 2436 1148 2488 de
1187 2435 1493 2489 Corinthiis
1523 2443 1708 2491 motus
1739 2444 1840 2503 est,

279 2524 387 2592 quia
431 2525 688 2594 quamvis
731 2524 984 2576 carnales
1029 2523 1154 2576 illos
1200 2525 1462 2594 appellet,
1495 2542 1607 2578 non
1653 2533 1842 2580 tamen

278 2629 421 2682 usque
461 2613 599 2666 adeo
637 2613 866 2666 fuerant
896 2618 1081 2665 mente
1111 2613 1279 2682 capti,
1312 2618 1378 2666 ut
1421 2615 1740 2668 circumcidi
1784 2633 1844 2669 se

277 2707 584 2769 paterentur.
623 2702 759 2756 Ideo
791 2708 848 2754 et
874 2701 930 2754 hi
961 2701 1116 2754 stulti
1146 2708 1202 2754 et
1239 2702 1360 2755 sine
1403 2702 1686 2757 intellectu
1724 2721 1843 2758 esse

273 2790 523 2856 dicuntur,
555 2791 698 2862 quia
725 2807 828 2844 nec
857 2789 1035 2843 dolori
1065 2791 1249 2844 carnis
1278 2806 1392 2844 suae
1429 2793 1717 2846 consulere
1757 2811 1846 2846 va-

276 2880 483 2940 luerunt,
525 2895 714 2950 usque
741 2880 811 2932 ad
841 2879 944 2933 hoc
975 2878 1123 2932 enim
1154 2879 1296 2932 Solet
1325 2879 1451 2950 quis
1478 2880 1665 2934 induci
1697 2883 1844 2952 quod

273 2967 497 3033 delectat,
521 2975 625 3023 aut
639 2968 893 3022 dolorem
906 2984 1016 3020 non
1029 2973 1257 3038 praestat
1294 2969 1701 3038 Interrogantis
1713 2987 1846 3040 ergo

275 3056 414 3110 verba
439 3065 586 3121 sunt,
623 3063 686 3111 et
713 3057 862 3127 quod
897 3057 1207 3126 interrogat
1221 3074 1287 3110 ex
1316 3063 1475 3128 parte
1507 3061 1845 3113 conﬁrman-

1924 1905 2176 1972 ferimus,
2200 1906 2340 1974 legis
2361 1923 2532 1975 opera
2547 1903 2908 1968 destruimus,
2929 1919 3031 1957 nec
3062 1902 3300 1955 dicimus
3320 1917 3522 1955 secun-

1925 1996 2060 2048 dum
2093 1995 2384 2065 quosdam,
2422 1997 2697 2061 faciamus
2741 1997 2893 2046 mala
2924 1993 3090 2046 donec
3122 1993 3344 2044 reniant
3384 1991 3522 2041 bona

1929 2087 2098 2146 (Rom.
2133 2087 2229 2151 in).
2263 2099 2503 2154 quorum
2529 2081 2817 2135 damnatio
2834 2082 2991 2150 justa
3017 2085 3120 2142 est,
3143 2079 3241 2132 sed
3261 2077 3516 2131 servituti

1923 2173 2164 2242 gratiam
2195 2171 2608 2242 anteponimus,
2635 2170 2985 2240 dicimusque
3028 2169 3176 2239 quod
3195 2167 3374 2221 Judaei
3395 2183 3518 2236 pro-

1929 2267 2056 2332 pter
2073 2267 2287 2314 metum
2331 2260 2561 2322 faciunt,
2613 2259 2668 2310 id
2721 2274 2822 2310 nos
2860 2257 3041 2311 facere
3083 2261 3313 2326 propter
3345 2253 3523 2307 chari-

1927 2356 2102 2403 tatem
2138 2368 2150 2401 :
2183 2349 2306 2401 illos
2338 2365 2525 2400 servos
2557 2363 2698 2411 esse,
2730 2362 2833 2399 nos
2855 2345 3018 2398 ﬁlios.
3040 2345 3170 2398 Illos
3192 2343 3312 2412 cogi
3335 2344 3402 2396 ad
3422 2341 3518 2394 b0-

1929 2455 2084 2500 num,
2114 2454 2216 2491 nos
2245 2437 2451 2506 bonum
2483 2443 2680 2505 sponte
2707 2434 3007 2504 suscipere.
3033 2434 3156 2486 Non
3170 2448 3303 2500 ergo
3327 2431 3386 2484 in
3409 2430 3516 2483 ﬁde

1929 2527 2136 2580 Christi
2180 2525 2404 2579 licentia
2444 2523 2696 2577 nascitur
2723 2521 3104 2592 delinquendi,
3138 2520 3236 2574 sed
3272 2536 3337 2571 ex
3379 2518 3519 2572 dile-

1927 2606 2109 2669 ctione
2155 2615 2283 2668 ﬁdei
2331 2614 2587 2667 voluntas
2631 2611 2760 2664 boni
2815 2611 3000 2681 operis
3047 2615 3286 2679 augetur
3331 2627 3341 2660 :
3387 2609 3518 2662 dum

1928 2705 2074 2758 bona
2103 2704 2227 2757 ideo
2260 2703 2514 2767 facimus,
2547 2717 2660 2754 non
2691 2702 2825 2771 quia
2853 2699 3102 2769 judicem
3130 2697 3518 2752 formidamus.

1927 2794 2022 2846 sed
2057 2793 2190 2863 quia
2233 2792 2441 2845 scimus
2471 2808 2538 2843 ea
2564 2789 2615 2843 ei
2661 2789 2880 2860 placere
2931 2789 2986 2842 in
3019 2804 3184 2859 quem
3221 2785 3518 2840 credimus.

1928 2882 2153 2946 Quaerat
2175 2881 2474 2952 quispiam,
2517 2879 2564 2932 si
2611 2879 2748 2931 ﬁdes
2789 2894 2900 2931 non
2933 2885 3018 2930 est
3047 2877 3156 2930 nisi
3199 2892 3265 2930 ex
3303 2873 3518 2938 auditu,

1929 2971 2208 3042 quomodo
2257 2969 2352 3040 qui
2386 2968 2542 3022 surdi
2579 2967 2697 3020 nati
2737 2973 2886 3032 sunt,
2931 2972 3166 3037 possunt
3201 2965 3319 3019 ﬁeri
3358 2963 3522 3017 Chri-

1928 3059 2096 3113 stiani
2130 3078 2140 3112 :
2173 3060 2350 3112 Deum
2366 3058 2572 3128 quippe
2597 3057 2820 3109 Patrem
2835 3073 2900 3108 ex
2916 3054 3304 3124 magnitudine
3322 3059 3379 3105 et
3395 3053 3518 3122 pul-

275 3146 348 3203 tis,
385 3163 504 3199 cum
535 3147 681 3199 dicit
719 3165 730 3197 :
770 3148 878 3200 [Iac
917 3149 1091 3200 solum
1135 3151 1253 3199 uolo
1290 3118 1494 3199 discere
1530 3165 1563 3200 α
1589 3148 1750 3204 vbbis.
1785 3118 2247 3202 cJ-Cchritudine
2277 3118 2664 3200 creaturarum
2696 3149 2879 3214 potest
2907 3118 3039 3214 quis
3057 3118 3524 3211 intelligere,-eta

272 3237 492 3301 operibus
515 3239 658 3303 tegis
684 3238 948 3303 spiritum
971 3238 1266 3303 accepistis,
1282 3251 1358 3288 an
1373 3253 1438 3288 ea:
1454 3238 1654 3289 auditu
1681 3239 1809 3304 ﬁdei
1826 3245 1849 3291 ?

275 3322 368 3375 Hoc
385 3323 450 3376 ab
469 3325 550 3378 eis
571 3324 798 3394 querit,
825 3324 881 3377 in
911 3341 1020 3393 quo
1041 3329 1098 3377 et
1125 3324 1532 3393 gloriabantur,
1565 3331 1622 3379 et
1644 3341 1849 3394 negare

271 3427 363 3464 non
381 3418 666 3483 poterant,
701 3413 834 3483 quia
866 3413 1138 3483 Spiritum
1169 3415 1426 3467 sanctum
1457 3431 1557 3484 per
1575 3414 1742 3467 ﬁdem
1763 3432 1850 3468 ac-

270 3509 520 3570 ceperant,
546 3518 668 3555 non
697 3519 800 3572 per
829 3503 1028 3572 legem,
1061 3509 1125 3556 ut
1145 3502 1564 3572 resispiscentes
1589 3520 1850 3572 agnosce-

270 3595 376 3643 rent
411 3591 541 3661 quia
592 3591 809 3644 donum
859 3592 979 3657 Dei,
1029 3593 1084 3644 in
1135 3607 1243 3661 quo
1280 3591 1613 3659 gloriantur,
1643 3609 1754 3646 non
1784 3608 1846 3646 ex

271 3693 413 3747 apere
443 3680 582 3750 legis
614 3687 967 3750 acceperant,
1003 3681 1098 3733 sed
1129 3680 1418 3733 credentes
1449 3680 1507 3733 in
1535 3681 1843 3747 Christum,

269 3769 416 3821 utvel
453 3769 534 3822 sic
560 3768 718 3839 grati
753 3768 977 3822 Christo
1017 3763 1197 3838 legem
1243 3784 1410 3838 quam
1459 3767 1564 3821 sibi
1605 3769 1661 3821 in
1693 3769 1847 3822 nullo

269 3857 501 3924 prodesse
513 3857 839 3912 didicerant
847 3857 1248 3927 relinquerent.
1267 3857 1382 3910 Hoc
1393 3858 1671 3927 pro'ponit,
1699 3859 1845 3928 quod

267 3943 344 3996 illo
377 3945 432 3999 in
477 3952 744 4017 tempore
790 3946 984 4015 negari
1021 3962 1132 3999 non
1179 3951 1417 4016 poterat,
1449 3945 1710 4016 Spiritum
1745 3947 1844 4000 Dei

265 4031 420 4086 inesse
456 4033 842 4088 credentibus.
874 4034 956 4087 Ad
990 4034 1313 4087 rudimenta
1340 4034 1490 4088 enim
1523 4033 1654 4088 ﬁdei
1700 4051 1846 4088 com-

265 4122 576 4189 mendanda,
601 4123 820 4176 donum
843 4123 945 4176 hoc
979 4123 1080 4176 Dei
1114 4121 1578 4177 manifestabatm-
1611 4123 1846 4177 homini-

267 4208 365 4272 bus,
389 4211 534 4266 sicut
575 4213 734 4265 inter
770 4211 893 4281 ipsa
923 4211 1084 4264 initia
1117 4212 1320 4264 factum
1354 4218 1436 4264 est
1474 4211 1530 4264 in
1571 4212 1848 4281 Apostolis

265 4307 310 4350 et
333 4301 539 4354 ceteris
569 4300 867 4370 discipulis
898 4318 909 4352 :
945 4317 1046 4354 nec
1078 4317 1188 4354 non
1217 4306 1274 4354 ct
1303 4301 1360 4354 in
1391 4301 1502 4354 illis
1533 4300 1845 4356 duodecim.

268 4403 402 4455 quos,
434 4390 570 4459 quia
623 4390 679 4442 in
736 4389 1054 4442 adulterino
1093 4388 1449 4459 baptismate,
1489 4388 1592 4442 sub
1623 4389 1849 4442 nomine

268 4473 502 4546 baptismi
533 4478 776 4532 Joannis
815 4478 1038 4532 fuerant
1066 4492 1177 4531 non
1212 4478 1394 4544 tincti,
1425 4478 1522 4531 sed
1553 4477 1842 4539 sordidati,

271 4563 450 4620 Paulus
462 4567 773 4637 Apostolus
793 4567 850 4619 in
868 4566 1160 4620 Trinitatis
1181 4567 1408 4620 nomine
1423 4566 1690 4636 baptizari
1713 4582 1848 4636 ρι’ω-

270 4654 410 4724 cepit,
440 4655 653 4726 quibus
675 4655 953 4726 impositis
983 4655 1261 4720 manibus,
1295 4655 1504 4708 decidit
1534 4655 1589 4708 in
1614 4671 1708 4708 eos
1729 4655 1850 4725 Spi-

269 4741 389 4796 ritus
413 4741 732 4808 sanctus,et
757 4743 1105 4797 diversarum
1141 4745 1462 4813 linguarum
1493 4743 1851 4798 ministrabat

269 4829 624 4900 eloquia,cum
639 4832 1102 4903 interpretatione
1117 4839 1404 4890 earum,ut
1415 4832 1600 4886 nullus
1617 4833 1851 4886 auderet

269 4933 448 4988 negare
469 4920 754 4991 Spiritum
775 4927 1031 4974 sanctum
1051 4921 1234 4974 inesse
1258 4922 1314 4974 in
1336 4921 1434 4974 eis.
1471 4919 1846 4984 Quamobrem

269 5006 366 5060 sine
383 5009 675 5063 intellectu
709 5009 938 5063 Galatas
973 5027 1094 5063 esse
1128 5011 1391 5081 appellat,
1425 5009 1519 5080 qui
1549 5009 1718 5078 hujus
1767 5009 1846 5062 rei

266 5098 1074 5168 gnarietconsciidegradantes
1093 5117 1172 5162 sc,
1189 5099 1372 5152 carnis
1400 5117 1546 5152 curae
1574 5115 1634 5151 se
1663 5098 1847 5168 subje-

267 5193 451 5239 eerunt.
489 5190 844 5256 lncipientes,
867 5187 1070 5257 inquit,
1101 5191 1323 5256 spiritu,
1354 5203 1505 5242 nunc
1532 5203 1698 5242 carne
1721 5203 1844 5240 con-

265 5278 607 5329 summcmini
619 5275 640 5327 ἲ
659 5276 775 5329 Hoc
791 5275 945 5340 dicit,
971 5277 1098 5346 quia
1129 5293 1256 5330 cum
1284 5277 1354 5329 ab
1383 5276 1740 5330 inferioribus
1772 5276 1841 5329 ad

269 5376 460 5416 summa
487 5363 624 5417 ﬁdei
662 5380 928 5418 ascensus
959 5365 1050 5430 sit,
1085 5365 1142 5418 hi
1173 5373 1386 5430 contra,
1415 5367 1484 5419 de
1513 5366 1750 5420 summis
1785 5364 1840 5417 in

268 5447 357 5506 ima
379 5452 599 5524 delapsi
635 5459 786 5507 sunt.
825 5455 931 5507 Per
949 5454 1116 5507 ﬁdem
1151 5455 1300 5508 enim
1333 5455 1614 5525 spiritales
1637 5453 1836 5520 eﬁ'ecti,

270 5542 492 5595 adversi
538 5541 613 5594 ad
667 5543 869 5612 legem,
917 5543 1278 5613 perdiderant
1311 5544 1554 5613 gratiam
1599 5542 1840 5612 Spiritus

270 5642 411 5696 quam
446 5631 679 5689 fuerant
717 5633 1020 5692 consecuti,
1067 5633 1476 5686 consummatio
1519 5631 1671 5684 enim
1716 5645 1840 5702 per-

1931 3235 2344 3290 conditionibus
2388 3234 2644 3288 conditor
2693 3238 3100 3302 consequenter
3146 3231 3472 3301 agnoscitur
3509 3247 3520 3282 :

1933 3326 2138 3379 Christi
2178 3331 2367 3378 autem
2417 3323 2698 3385 nativitas,
2733 3339 2886 3379 crux,
2941 3335 3110 3382 mors,
3164 3319 3519 3374 resurrectio.

1933 3415 2039 3468 nisi
2070 3431 2134 3468 ex
2164 3413 2380 3467 auditu.
2415 3412 2544 3466 sciri
2592 3428 2703 3466 non
2736 3416 2955 3482 potest;
3010 3416 3110 3463 aut
3151 3409 3308 3463 surdi
3351 3409 3526 3478 igitur

1931 3502 2233 3557 Christiani
2265 3518 2375 3555 non
2405 3508 2555 3566 sunt,
2590 3509 2690 3554 aut
2727 3501 2775 3552 si
2820 3499 2975 3554 surdi
3016 3505 3150 3552 sunt
3193 3497 3518 3556 Christiani,

1932 3591 2130 3644 falsum
2165 3593 2249 3644 est
2279 3591 2427 3660 quod
2458 3590 2590 3643 alibi
2624 3589 2693 3642 ab
2723 3588 2989 3658 Apostolo
3019 3587 3224 3640 dicitur
3274 3605 3283 3637 :
3337 3589 3524 3652 Itaque

1929 3683 2056 3746 [idm
2114 3697 2176 3732 ra:
2229 3680 2447 3738 auditu,
2505 3681 2732 3732 auditus
2787 3682 2972 3730 autem
3012 3692 3109 3742 per
3157 3676 3379 3727 rrrbum
3430 3675 3528 3727 Dei

1933 3772 2102 3836 (ltum.
2129 3775 2206 3834 Χ).
2241 3767 2322 3820 Ad
2355 3767 2501 3837 quod
2521 3767 2618 3836 qui
2647 3765 2885 3834 simplici
2917 3763 3280 3832 responsione
3301 3769 3526 3815 conten-

1930 3864 2021 3912 tus
2049 3863 2152 3921 est,
2185 3855 2337 3918 dicit,
2382 3871 2492 3908 non
2543 3867 2672 3907 eum
2721 3852 3065 3924 generaliter
3111 3851 3338 3914 dixisse,
3387 3850 3524 3903 ﬁdes

1927 3946 2181 4000 omnium
2209 3961 2273 3997 ex
2293 3943 2488 3997 auditu
2521 3942 2729 4000 est,sed
2757 3943 2884 4008 ﬁdes
2907 3957 2970 3992 ea:
2989 3941 3187 3992 auditu
3207 3938 3354 4009 quod
3385 3945 3444 3992 et
3465 3937 3522 3991 in

1929 4039 2087 4105 parte
2117 4040 2175 4087 et
2201 4033 2258 4085 in
2289 4037 2408 4086 toto
2437 4031 2611 4101 accipi
2643 4032 2829 4101 potest
2861 4049 2872 4082 :
2900 4035 3096 4082 eorum
3145 4026 3358 4081 scilicet
3385 4026 3523 4080 ﬁdes

1928 4141 1991 4176 ex
2023 4122 2218 4176 auditu
2247 4121 2338 4192 qui
2365 4121 2621 4185 audiunt,
2648 4120 2740 4189 qui
2766 4119 3021 4173 credunt.
3041 4117 3147 4182 Qui
3170 4123 3358 4172 autem
3389 4115 3520 4170 huic

1930 4213 2191 4282 scrupulo
2239 4210 2558 4264 satisfacere
2607 4215 2860 4266 conatur,
2904 4208 3058 4278 prius
3103 4207 3240 4260 illud
3287 4203 3528 4260 tentabit

1931 4317 2202 4365 asserere,
2243 4300 2388 4370 quod
2427 4299 2656 4353 nutibus
2687 4314 2909 4369 quoque
2949 4301 3005 4349 et
3037 4295 3362 4366 quotidiana
3392 4310 3526 4347 con-

1933 4390 2263 4445 versatione,
2300 4396 2357 4442 et
2409 4395 2473 4441 ut
2529 4389 2608 4442 ita
2650 4386 2907 4445 dixerim,
2952 4385 3124 4437 totius
3173 4382 3419 4451 corporis
3450 4381 3527 4434 lo-

1931 4485 2136 4549 quente
2165 4485 2346 4546 gestu,
2395 4477 2546 4530 surdi
2606 4479 2842 4546 possunt
2882 4471 3240 4541 Evangelium
3290 4469 3524 4524 discere.

1931 4568 2133 4620 deinde
2157 4568 2328 4620 etiam
2348 4567 2450 4619 hoc
2471 4565 2616 4635 quod
2649 4564 2746 4617 Dei
2778 4577 2982 4621 sermo,
3015 4559 3104 4612 cui
3125 4557 3265 4611 nihil
3293 4557 3524 4610 surdum

1931 4663 2034 4720 est,
2069 4657 2140 4709 ad
2171 4673 2265 4709 eas
2297 4655 2476 4723 magis
2499 4653 2758 4723 loquatur
2779 4665 2964 4710 aures,
2991 4648 3062 4701 de
3084 4646 3286 4718 quibus
3309 4653 3366 4700 et
3404 4646 3524 4716 ipse

1931 4745 2009 4798 ait
2041 4745 2097 4797 in
2131 4743 2430 4812 Evangelia
2458 4760 2468 4793 :
2499 4744 2605 4808 Qui
2645 4740 2801 4792 habet
2826 4753 2990 4791 aures
3017 4737 3306 4800 audiendi,-
3330 4736 3527 4788 audiat

1935 4834 2146 4899 (Matth.
2193 4837 2295 4899 x1):
2345 4835 2402 4884 et
2441 4830 2498 4882 in
2539 4827 2910 4899 Apocalypsi:
2959 4826 3061 4892 Qui
3107 4826 3260 4879 habet
3308 4839 3522 4886 aurrni,

1931 4923 2126 4976 audiat
2173 4921 2309 4988 quid
2365 4920 2598 4986 spiritus
2646 4918 2793 4970 dicat
2841 4917 3073 4969 ccclesiis
3107 4916 3284 4982 (Apoc.
3340 4915 3417 4979 ll).
3460 4912 3529 4965 Et

1933 5010 2107 5064 Isaias
2142 5027 2152 5060 :
2185 5011 2453 5062 Dominus
2484 5007 2700 5059 addidit
2729 5005 2878 5058 mihi
2913 5006 3255 5057 auriculam.
3291 5001 3401 5055 Iste
3441 5007 3526 5054 est

1929 5099 2071 5152 alter
2091 5098 2279 5160 homo,
2303 5097 2392 5150 cui
2415 5096 2564 5148 Deus
2586 5093 2836 5164 loquitur
2855 5093 2912 5145 in
2934 5091 3169 5151 occulto,
3203 5089 3298 5158 qui
3319 5089 3525 5142 clamat

1926 5187 1982 5240 in
2012 5187 2176 5240 corde
2206 5184 2503 5242 credentis,
2557 5184 2706 5238 Abba
2747 5185 2928 5236 Pater.
2977 5181 3045 5234 Et
3086 5185 3150 5232 ut
3201 5177 3526 5247 frequenter

1925 5275 2304 5346 exposuimus,
2329 5273 2607 5343 quomodo
2627 5286 2829 5342 corpus
2854 5267 3046 5323 omnia
3057 5264 3312 5319 membra
3323 5271 3382 5321 et
3397 5283 3520 5320 sen-

1925 5382 2021 5418 sus
2053 5363 2240 5424 habet,
2281 5363 2361 5415 ita
2381 5362 2630 5415 animam
2653 5375 2876 5430 quoque
2906 5357 3196 5410 universos
3225 5371 3424 5410 sensus
3463 5360 3520 5409 et

1925 5451 2179 5506 membra
2207 5451 2430 5508 habere,
2457 5456 2514 5502 et
2545 5449 2694 5502 inter
2721 5454 2940 5509 caetera,
2969 5460 3134 5498 aures
3153 5443 3327 5498 etiam
3348 5464 3360 5498 :
3381 5457 3518 5514 quas

1925 5542 2018 5613 qui
2043 5539 2324 5604 habuerit,
2357 5555 2468 5592 non
2503 5552 2842 5607 magnOpere
2872 5533 3146 5603 indigebit
3166 5533 3256 5586 his
3285 5531 3516 5588 auribus

1923 5630 2170 5703 corporis
2201 5629 2272 5683 ad
2293 5627 2501 5682 Christi
2533 5625 2897 5695 Evangeliutn
2920 5620 3392 5692 cognoscendum.
3429 5620 3516 5673 Si-
