4034 6162
491 361 596 419 287

1079 362 1143 417 B.
1183 359 1457 415 RABANI
1505 358 1739 414 MAURI
1773 355 2109 412 ARCHIEP.
2149 353 2476 410 MOGUNT.
2517 352 2816 409 OPERUM
2850 351 3036 409 PARS
3074 351 3174 406 III.

3656 347 3764 405 288

494 487 613 543 mul
639 492 830 543 autem
857 486 1030 543 etiam
1060 485 1198 540 illud
1225 484 1520 552 attendite,
1543 483 1692 556 quod
1720 483 1813 540 hic
1854 483 2087 556 spiritus
2099 483 2155 544 Α
2168 481 2240 537 ad
2259 481 2557 552 antiquum
2570 478 2821 534 studium
2841 482 3174 534 revertatur.
3191 477 3298 545 Qui
3313 491 3441 544 ergo
3458 476 3659 531 tribuit
3676 491 3767 530 ro-

495 576 705 648 absque
724 576 840 631 ullo
867 574 1253 630 additamento
1272 579 1499 629 sanctus
1528 573 1896 644 intelligatur,
1918 588 2088 644 quem

495 681 561 720 ex
571 664 718 720 dono
729 664 832 720 Dei
844 663 1261 735 consequimur,
1277 668 1336 717 et
1347 678 1461 717 non
1469 660 1735 728 hominis,
1748 661 1780 716 d
1788 677 1819 715 e
1834 677 1944 733 quo
1954 659 2089 715 alibi

495 752 762 808 scribitur
784 753 1176 821 :Incorruptus
1195 751 1442 821 Spiritus
1458 755 1535 805 est
1561 753 1627 804 in
1655 764 1739 804 om
1748 751 1912 805 nibus
1933 749 2083 819 (Sap.

494 844 615 910 xu).
629 841 726 896 Et:
753 843 870 910 Ipse
888 838 1137 910 Spiritus
1157 841 1533 894 testimonium
1550 840 1732 894 reddit
1745 841 1977 908 spiritui
1995 854 2090 892 na-

491 935 606 983 stro
635 929 808 993 (Rom.
840 931 988 998 vin);
1021 935 1079 982 et
1105 927 1166 983 in
1193 927 1305 982 alio
1333 927 1454 982 loco
1487 945 1498 982 :
1543 928 1710 982 Nemo
1737 929 1841 981 scit
1870 942 1933 980 ea
1970 942 2090 996 qua

491 1020 557 1072 in
575 1019 795 1072 homine
822 1023 977 1088 sunt,
1015 1020 1131 1071 nisi
1153 1019 1389 1086 spiritus
1415 1016 1658 1071 hominis
1686 1017 1786 1084 qui
1812 1017 1875 1070 in
1903 1031 1961 1069 eo
1988 1020 2084 1070 est.

492 1106 562 1160 Et
589 1106 650 1160 in
667 1106 900 1162 Daniele
932 1124 944 1160 :
978 1107 1296 1172 Benedicite,
1326 1107 1562 1175 spiritus
1604 1109 1655 1158 et
1690 1106 1896 1159 anima
1911 1106 2090 1173 justo-

492 1211 642 1259 rum,
667 1196 973 1250 Dominum
1005 1195 1172 1261 (Dan.
1196 1196 1295 1263 ιιι).

559 1283 652 1340 Sic
683 1285 846 1338 stulti
867 1285 1012 1350 estis,
1042 1281 1245 1353 inquit,
1277 1287 1341 1336 ut
1379 1297 1505 1337 cum
1537 1281 1754 1350 Spiritu
1801 1283 2082 1350 ceperitis,

490 1388 644 1428 nunc
668 1387 836 1427 carne
872 1373 1336 1426 consummemini
1353 1375 1377 1424 ν
1411 1370 1470 1425 Si
1515 1374 1773 1424 sanctum
1813 1368 2087 1440 Spiritum

489 1465 824 1532 acceperant
833 1460 1066 1526 Galatae,
1081 1458 1534 1530 quomodo‘stulti
1550 1464 1714 1514 erant
1726 1458 1752 1512 ?
1762 1474 1956 1513 verum
1969 1463 2086 1512 sta-

487 1549 594 1604 tim
616 1549 872 1616 solvitur,
896 1548 1130 1620 coepisse
1164 1547 1392 1619 quidem
1427 1563 1524 1601 eos
1554 1547 1788 1618 Spiritu,
1820 1546 1917 1602 sed
1957 1561 2087 1601 cum

489 1653 658 1691 carne
680 1642 1228 1703 consummarentur,
1253 1635 1528 1708 Spiritum
1555 1634 1626 1690 ab
1652 1635 1734 1690 eis
1758 1635 1931 1690 fuisse
1960 1632 2088 1690 sub-

492 1725 692 1779 latum.
715 1725 876 1780 Unde
903 1725 1026 1780 sine
1045 1741 1214 1780 causa
1243 1724 1394 1797 passi
1427 1730 1562 1779 sunt
1586 1729 1748 1779 tanta
1773 1740 1896 1796 quae
1937 1722 2087 1794 passi

2169 572 2249 624 bis
2276 573 2543 639 spiritum
2565 573 2617 622 et
2643 573 2908 637 operatur
2924 569 3156 621 virtutes
3177 568 3240 620 in
3260 567 3495 632 vobis,e.r
3511 565 3764 634 operibus

2169 661 2319 727 legis,
2342 673 2419 712 an
2447 673 2512 710 ea:
2533 657 2736 711 auditu
2764 656 2927 724 ﬁdei?
2964 653 3206 717 Tribuit,
3250 654 3355 708 hoc
3379 657 3486 720 est,
3516 653 3764 709 admini-

2168 750 2330 814 strat,
2351 744 2642 817 praesentis
2667 743 2940 815 temporis
2967 748 3055 798 est
3079 741 3404 813 legendum,
3424 748 3491 797 ut
3502 740 3767 797 ostenda-

2168 839 2264 890 tur
2312 851 2415 907 per
2455 833 2706 904 singulas
2761 831 2929 886 horas
2976 837 3146 903 atque
3188 835 3495 896 momenta,
3539 845 3769 901 semper

2168 923 2354 996 dignis
2382 922 2656 995 Spiritum
2687 925 2941 975 sanctum
2962 919 3293 974 ministrari.
3322 919 3391 974 Et
3408 922 3620 990 quanto
3635 918 3766 989 quis

2172 1012 2231 1067 in
2258 1011 2361 1068 Dei
2391 1028 2562 1084 opere
2584 1015 2644 1065 et
2661 1025 2854 1064 amore
2874 1007 3188 1080 profecerit,
3212 1012 3374 1062 tanto
3387 1007 3568 1078 magis
3581 1007 3764 1060 sancti

2173 1100 2416 1172 Spiritus
2440 1100 2500 1154 in
2529 1116 2589 1154 se
2607 1096 2815 1154 habere
2839 1097 3095 1164 virtutes,
3128 1112 3269 1168 quas
3290 1096 3517 1151 auditus
3549 1095 3682 1150 ﬁdei
3710 1100 3769 1149 et

2171 1205 2284 1243 non
2297 1188 2442 1260 legis
2467 1204 2641 1261 opera
2654 1190 3065 1253 consummant,
3102 1201 3214 1240 non
3246 1184 3395 1256 quod
3427 1184 3569 1255 legis
3593 1199 3768 1255 opera

2167 1276 2580 1333 contemnenda
2607 1275 2740 1342 sint,
2774 1280 2834 1330 et
2857 1273 3068 1345 absque
3083 1272 3166 1327 eis
3182 1273 3420 1344 simplex
3435 1272 3576 1327 ﬁdes
3596 1287 3768 1344 appe-

2165 1366 2339 1422 tenda
2369 1384 2382 1419 :
2412 1365 2512 1420 sed
2529 1364 2681 1439 quod
2708 1364 2833 1436 ipsa
2854 1380 3028 1435 opera
3040 1362 3151 1417 ﬁde
3166 1361 3376 1417 Christi
3393 1360 3762 1416 adornentur.

2168 1454 2322 1510 Scita
2369 1458 2456 1509 est
2504 1453 2655 1508 enim
2691 1451 2964 1524 sapientis
3008 1451 3112 1505 viri
3156 1451 3256 1505 illa
3299 1449 3598 1517 sententia,
3649 1465 3761 1503 non

2167 1545 2378 1613 ﬁdelem
2405 1545 2584 1598 vicere
2609 1558 2674 1597 ea:
2690 1544 2938 1610 justitia,
2972 1541 3063 1594 sed
3085 1543 3308 1610 justum
3335 1557 3401 1594 ea:
3424 1540 3546 1608 ﬁde.
3579 1538 3764 1594 Simul

2167 1631 2485 1687 ostenditur
2494 1631 2742 1694 Galatas,
2761 1635 2986 1700 accepto
2997 1635 3125 1700 post
3132 1628 3302 1682 ﬁdem
3317 1633 3508 1682 sancto
3521 1627 3736 1698 Spiritu
3744 1666 3760 1694 ,

2167 1721 2316 1775 dona
2360 1719 2625 1776 habuisse
2669 1719 2964 1785 virtutum,
3003 1718 3062 1772 id
3108 1721 3212 1783 est,
3252 1716 3627 1788 prophetiam,
3666 1733 3766 1787 ge-

489 1819 643 1868 sunt.
674 1813 837 1878 Quod
881 1829 953 1869 ne
982 1813 1087 1868 sibi
1119 1794 1566 1885 post—peccatum
1606 1794 1874 1878 eveniret,
1906 1811 2083 1866 David
2103 1794 2152 1856 Β
2168 1826 2308 1865 nera
2331 1809 2674 1880 linguarum,
2703 1807 3029 1862 morborum
3070 1806 3410 1869 curationes,
3446 1810 3503 1860 et
3536 1811 3761 1867 eastern,

489 1905 753 1973 precatur
781 1902 972 1957 dicens
992 1920 1005 1955 :
1028 1900 1309 1972 Spiritum
1320 1907 1579 1956 sanctum
1603 1907 1764 1956 tuum
1780 1917 1846 1955 ne
1861 1901 2088 1969 auferas

485 2007 522 2045 a
552 2006 638 2046 me
669 1993 834 2059 (Psal.
867 1990 945 2064 ιι).
974 1990 1288 2062 Diligenter
1312 1989 1606 2056 attendite,
1641 1988 1792 2062 quod
1821 1989 1916 2060 qui
1947 1988 2086 2043 scri-

493 2085 690 2150 pturas
701 2079 867 2151 juxta
896 2079 1147 2135 litteram
1168 2079 1449 2151 sequitur,
1495 2078 1877 2134 consummari
1917 2093 2087 2132 carne

495 2167 735 2235 dicatur,
769 2167 1136 2240 quamobrem
1164 2168 1305 2224 illud
1334 2167 1483 2240 quod
1513 2167 1584 2223 ad
1610 2167 1932 2222 Corinthios
1949 2165 2091 2221 scri-

487 2262 649 2327 ptum
677 2262 792 2311 est:
812 2258 877 2311 In
919 2272 1087 2312 carne
1115 2262 1370 2323 viventes,
1393 2272 1508 2311 non
1522 2259 1692 2326 juxta
1711 2271 1904 2310 canem
1932 2257 2090 2315 milia

489 2350 672 2400 tamus
698 2343 790 2412 (ΙΙ
811 2343 933 2400 Cor.
974 2349 1054 2415 κ),
1091 2345 1295 2400 melius
1336 2344 1418 2399 sic
1443 2343 1687 2415 intelligi
1707 2348 1911 2416 potest,
1938 2349 2004 2398 ut
2029 2343 2087 2397 hi

492 2433 742 2488 militare
763 2433 825 2488 in
853 2449 1022 2489 carne
1039 2433 1318 2501 dicantur,
1351 2433 1447 2504 qui
1475 2432 1652 2488 Vetus
1665 2433 2091 2488 Testamentum

493 2521 793 2576 humiliter
813 2522 1151 2588 edisserunt,
1175 2521 1272 2593 qui
1288 2537 1419 2576 vero
1434 2527 1750 2593 sequuntur
1775 2520 2092 2592 intelligen-

496 2609 637 2663 tiam
656 2609 991 2680 spiritalem,
1013 2614 1148 2664 sunt
1161 2609 1390 2680 quidem
1401 2608 1461 2663 in
1480 2624 1668 2674 carne,
1684 2599 1819 2679 quia
1833 2607 2092 2663 eamdem

503 2695 714 2751 habent
732 2697 1002 2763 litteram,
1049 2713 1220 2769 quam
1249 2697 1428 2752 Judaei
1464 2715 1476 2750 :
1507 2697 1606 2752 sed
1640 2712 1753 2752 non
1777 2698 1941 2767 juxta
1968 2712 2092 2750 car-

500 2800 631 2839 nem
650 2784 920 2852 militant,
947 2801 982 2840 a
1003 2801 1171 2840 carne
1208 2785 1284 2839 ad
1310 2784 1577 2857 spiritum
1605 2785 2088 2840 transcendentes.

559 2874 734 2928 Tanta
760 2877 914 2942 passi
948 2877 1074 2928 estis
1111 2876 1232 2928 sine
1264 2890 1452 2942 causa,
1467 2877 1520 2928 si
1549 2879 1733 2929 tamen
1752 2876 1872 2928 sine
1901 2889 2088 2930 causa.

491 2960 706 3033 (Δηώ.)
729 2961 908 3016 Multa
932 2978 1027 3016 eos
1056 2978 1251 3035 passos
1273 2978 1374 3034 pro
1404 2962 1515 3017 ﬁde
1543 2961 1827 3033 signiﬁcat
1853 2961 1924 3016 ab
1954 2961 2083 3016 inﬁ-

491 3048 730 3104 delibus.
752 3050 909 3105 Tunc
923 3051 1075 3106 enim
1098 3050 1196 3123 qui
1223 3050 1528 3106 credebant
1553 3050 1771 3106 caeteris
1789 3049 2089 3123 opprobrio

497 3143 678 3205 erant,
700 3139 817 3193 sive
835 3139 1160 3194 domesticis
1186 3139 1302 3194 sive
1330 3139 1630 3207 extraneis,
1653 3155 1786 3194 nam
1805 3140 1982 3210 digito
2013 3139 2092 3194 si-

489 3225 812 3297 gnabantur
823 3227 983 3298 quasi
994 3227 1076 3283 rei
1096 3228 1209 3299 maj
1215 3229 1411 3283 estatis
1418 3228 1597 3284 .Unde
1607 3228 1870 3283 similiter
1879 3228 2093 3284 Galatae

494 3315 676 3370 multa
701 3317 852 3387 passi
880 3322 1032 3381 sunt,
1065 3316 1378 3371 insaniores
1417 3316 1631 3388 experti
1655 3334 1666 3370 :
1689 3317 1852 3388 cujus
1870 3317 1953 3371 rei
1974 3333 2101 3383 me:

486 3403 658 3459 ritum
692 3403 1074 3476 perdiderant,
1106 3404 1212 3460 sub
1249 3405 1432 3476 legem
1458 3405 1748 3461 mittentes
1775 3421 1855 3459 se.
1893 3405 2081 3476 (Aug.)

492 3493 673 3548 Multa
686 3494 809 3564 jam
828 3509 931 3565 pro
951 3493 1061 3548 ﬁde
1080 3494 1459 3549 toleraverant
1469 3510 1582 3548 non
1593 3495 1798 3549 timore
1814 3500 2089 3566 tanquam

486 3580 592 3636 sub
612 3582 735 3652 lege
747 3582 915 3653 pesiti
935 3601 948 3636 :
972 3582 1071 3637 sed
1088 3583 1270 3653 magis
1290 3583 1349 3637 in
1370 3582 1509 3655 ipsis
1537 3582 1892 3654 passionibus
1905 3582 2087 3636 chari-

485 3674 605 3725 tate
625 3671 893 3726 timorem
902 3670 1169 3738 vicerant,
1183 3671 1573 3744 quiacharitas
1586 3671 1688 3727 Dei
1698 3671 1904 3726 diffusa
1922 3676 2011 3726 est
2028 3671 2090 3726 in

370 3768 384 3778 ’
489 3758 752 3814 cordibus
763 3775 979 3827 eorum,
998 3776 1100 3833 per
1112 3759 1388 3832 Spiritum
1400 3765 1658 3816 sanctum
1679 3776 1846 3832 quem
1867 3776 2091 3832 accepe-

485 3853 634 3904 rant.
651 3846 784 3904 Sine
801 3864 970 3904 causa
987 3865 1142 3921 ergo,
1175 3848 1379 3922 inquit,
1399 3855 1558 3904 tanta
1574 3852 1726 3918 passi
1734 3853 1878 3915 estis,
1904 3849 2002 3920 qui
2023 3866 2089 3904 ex

491 3936 767 3992 charitate
782 3953 907 4009 qua;
922 3937 982 3992 in
991 3937 1145 3992 vobis
1154 3943 1317 3992 tanta
1333 3937 1624 4003 sustinuit,
1641 3937 1713 3992 ad
1727 3937 1991 3992 timorem
2002 3954 2089 3993 re-

482 4023 597 4078 labi
628 4024 798 4082 vultis
816 4025 842 4078 ?
871 4025 980 4081 Sed
1012 4026 1148 4096 quia
1183 4026 1419 4092 addidit,
1443 4029 1494 4080 si
1522 4031 1709 4080 tamen
1738 4029 1858 4080 sine
1886 4042 2078 4090 causa,

483 4111 730 4167 ostendit
755 4128 983 4183 sperare
1008 4129 1068 4166 se
1098 4128 1262 4184 posse
1290 4114 1415 4168 illos
1443 4113 1758 4168 reformari.
1805 4114 2081 4179 (Hieron)

484 4199 918 4254 Consideremus
944 4199 1192 4255 infelices
1211 4201 1434 4256 Iudaeos
1454 4205 1668 4272 quanta
1684 4201 2087 4272 superstitione

487 4293 548 4342 et
573 4285 978 4343 observationis
1005 4288 1195 4344 labore
1222 4288 1430 4356 vivant,
1465 4289 1616 4343 inter
1645 4295 1874 4344 caeteras
1901 4291 2088 4345 natio-

2171 1915 2295 1969 quae
2306 1898 2377 1952 ad
2391 1896 2712 1952 Corinthios
2722 1896 2781 1950 in
2795 1895 2958 1950 donis
2971 1893 3318 1965 spiritalibus
3337 1899 3770 1951 enumerantur.

2171 1987 2241 2042 Et
2257 1992 2451 2042 tamen
2461 1990 2590 2057 post
2598 1989 2778 2052 tanta,
2796 1984 2930 2056 quia
2946 1983 3181 2038 forsitan
3194 1983 3440 2053 gratiam
3450 1982 3773 2038 discemen-

2170 2075 2369 2130 dorum
2397 2074 2698 2146 spirituum
2742 2089 2856 2128 non
2880 2071 3180 2138 habebant,
3209 2089 3243 2126 a
3266 2071 3420 2126 falsis
3449 2070 3776 2126 doctoribus

2169 2163 2377 2218 irretiti
2403 2168 2553 2218 sunt.
2578 2162 2777 2231 (Amb.l
2805 2161 3106 2216 Adduntur
3124 2159 3348 2215 virtutis
3373 2159 3622 2231 insignia
3649 2177 3774 2232 qua:

2169 2251 2562 2308 testimonium
2592 2249 2895 2323 perhibent
2920 2250 3072 2317 ﬁdei,
3114 2249 3265 2321 quod
3312 2249 3388 2304 sit
3423 2266 3551 2321 spes
3576 2249 3692 2304 ﬁda
3717 2256 3775 2303 et

2172 2339 2542 2397 rationabilis.
2572 2340 2779 2412 Legem
2809 2345 3003 2394 autem
3040 2338 3196 2394 nulla
3231 2339 3410 2393 virtus
3448 2338 3770 2397 comitatur.

2170 2447 2294 2501 quas
2320 2429 2571 2485 attrahat
2598 2429 2671 2484 ad
2688 2429 2813 2500 ejus
2837 2443 2996 2500 spem
3024 2447 3036 2482 :
3076 2427 3211 2500 quia
3237 2443 3360 2498 quae
3381 2427 3645 2483 videntur
3663 2445 3775 2482 non

2172 2524 2491 2591 sperantur,
2513 2518 2611 2572 sed
2640 2521 2776 2572 sunt
2802 2516 3160 2588 temporalia,
3193 2515 3341 2570 sicut
3364 2515 3453 2570 lex
3472 2515 3770 2573 factorum.

2176 2624 2347 2680 quam
2378 2623 2552 2679 supra
2577 2605 2945 2661 ostendimus.

2244 2697 2401 2753 Sicut
2428 2698 2701 2765 scriptum
2729 2700 2805 2749 est
2835 2714 2852 2750 :
2887 2694 3133 2750 Credidit
3160 2694 3441 2749 Abraham
3466 2695 3589 2761 Deo,
3621 2701 3671 2750 et
3693 2711 3776 2749 rr-

2173 2790 2432 2855 putatum
2442 2789 2518 2840 est
2531 2787 2582 2838 ei
2589 2785 2664 2839 ad
2665 2787 2694 2852 j
2698 2787 2811 2838 usti
2813 2787 2949 2838 tiam
2958 2826 2970 2838 .
2986 2781 3224 2853 (Ambr.)
3243 2783 3504 2838 Ostendit
3517 2785 3776 2856 exemplo

2173 2872 2433 2940 Abrahae,
2458 2873 2555 2944 qui
2583 2877 2747 2945 pater
2779 2871 2912 2926 ﬁdei
2946 2876 3050 2940 est,
3065 2871 3348 2942 justitiam
3362 2888 3476 2927 non
3500 2888 3565 2927 ex
3594 2874 3779 2946 operi-

2173 2961 2278 3017 bus
2304 2961 2446 3033 legis
2471 2961 2762 3034 imputari,
2786 2960 2887 3015 sed
2904 2977 3007 3032 per
3022 2960 3212 3026 ﬁdem,
3234 2960 3468 3016 credens
3487 2962 3639 3016 enim
3646 2963 3776 3034 jus-

2173 3050 2421 3106 tiﬁcatus
2439 3054 2545 3118 est,
2562 3067 2629 3105 ac
2645 3067 2748 3122 per
2778 3050 2883 3104 hoc
2907 3049 3078 3104 stulte
3117 3055 3176 3104 et
3204 3050 3512 3121 improvide
3539 3051 3649 3122 legi
3675 3068 3776 3106 eos

2111 3108 2234 3194 Cse
2262 3108 2584 3211 subjecisse,
2611 3108 2734 3211 quae
2762 3155 2875 3193 non
2913 3138 2986 3192 ad
3009 3108 3472 3209 justiﬁcationem
3501 3108 3634 3194 data
3662 3147 3771 3203 est,

2173 3228 2244 3282 de
2272 3244 2384 3301 quo
2406 3228 2467 3282 in
2499 3221 2752 3300 Epistola
2769 3227 2841 3282 ad
2860 3227 3143 3283 Romanos
3163 3227 3392 3283 uberius
3411 3229 3776 3301 apertiusque

2173 3315 2480 3372 dissertum
2511 3323 2616 3372 est.
2651 3318 2839 3385 (Aug.)
2861 3317 2979 3371 Hoc
3003 3315 3157 3370 enim
3175 3315 3419 3372 maxime
3437 3317 3496 3372 in
3525 3333 3590 3372 eo
3605 3317 3780 3372 victo-

2171 3405 2388 3460 riosum
2412 3410 2516 3472 est,
2553 3405 2704 3477 quod
2732 3411 3038 3476 antequam
3065 3405 3576 3472 circumcideretur,
3602 3406 3778 3479 depu-

2169 3499 2291 3549 tata
2317 3499 2405 3548 est
2441 3494 2581 3549 ﬁdes
2603 3496 2729 3565 ejus
2758 3493 2829 3548 ad
2855 3493 3160 3565 justitiam,
3178 3495 3321 3548 etad
3342 3493 3448 3549 hoc
3462 3495 3778 3556 rectissime

2170 3582 2413 3637 refertur
2441 3583 2586 3655 quod
2620 3583 2672 3636 ei
2700 3582 2911 3637 dictum
2943 3589 3048 3648 est,
3080 3585 3213 3652 quia
3235 3584 3618 3638 benedicentur
3637 3588 3701 3639 in
3725 3591 3774 3640 te

2171 3687 2356 3726 omnes
2383 3677 2566 3741 gentes
2590 3691 2606 3727 :
2639 3670 2954 3726 imitatione
2981 3670 3177 3742 utique
3204 3671 3335 3726 ﬁdei
3363 3673 3506 3744 ejus,
3533 3673 3667 3745 quia
3685 3675 3779 3744 ju-

2169 3759 2446 3815 stiﬁcatus
2477 3765 2564 3814 est
2588 3759 2761 3814 etiam
2786 3765 2919 3815 ante
2948 3765 3364 3816 sacramentum
3391 3761 3775 3818 circumcisio-

2170 3848 2278 3917 nis,
2293 3848 2440 3921 quod
2459 3848 2532 3903 ad
2549 3849 2679 3903 ﬁdei
2694 3848 3048 3919 signaculum
3061 3848 3293 3922 accepit,
3319 3855 3378 3904 et
3391 3855 3524 3905 ante
3541 3867 3775 3907 omnem

2170 3937 2504 3992 servitutem
2533 3937 2694 4009 legis,
2726 3953 2848 4008 quae
2879 3937 3058 3992 multo
3078 3943 3205 4008 post
3218 3938 3353 3994 data
3370 3945 3474 3994 est.
3492 3941 3769 4011 (Πίθωνι.)

2170 4025 2425 4081 Credidit
2443 4032 2632 4081 autem
2652 4024 2939 4082 Abraham
2968 4026 3105 4094 Deo,
3133 4027 3324 4082 exiens
3350 4028 3420 4083 de
3455 4029 3641 4101 patria
3665 4047 3773 4086 sua

2168 4115 2229 4170 in
2252 4120 2463 4170 terram
2486 4131 2656 4186 quam
2675 4114 2977 4181 nesciebat,
3009 4115 3205 4170 Saram
3243 4117 3683 4189 nonagenariam
3714 4127 3774 4174 et

2169 4203 2421 4258 sterilem
2440 4203 2725 4258 conﬁdens
2745 4221 2867 4258 esse
2890 4204 3236 4276 parituram;
3275 4212 3334 4260 et
3359 4205 3555 4262 audita
3579 4224 3774 4280 repro-

2168 4291 2438 4346 missione
2447 4292 2552 4346 Dei
2567 4292 2785 4363 quodin
2808 4292 2965 4348 Isaac
2984 4301 3282 4349 vocaretur
3302 4311 3497 4351 semen
3520 4297 3664 4368 ejus,
3688 4297 3775 4370 ip-

489 4392 610 4444 nes,
634 4376 904 4446 dicentes,
924 4394 996 4434 ne
1029 4377 1304 4450 tetigeris,
1332 4394 1404 4432 ne
1440 4378 1774 4448 gustaveris,
1796 4394 1979 4451 neque
2008 4386 2089 4434 at.
2105 4422 2154 4481 Β
2171 4397 2298 4435 sum
2319 4382 2478 4436 Isaac
2500 4381 2741 4436 offerens
2766 4381 3070 4447 victimam,
3088 4388 3146 4438 et
3162 4388 3356 4438 tamen
3365 4384 3436 4438 de
3445 4384 3670 4441 Domini
3684 4403 3774 4442 re-

489 4466 837 4533 trectaveris,
869 4472 928 4522 et
954 4465 1317 4539 probabimus
1344 4483 1541 4521 verum
1577 4484 1701 4521 esse
1730 4467 1880 4538 quod
1928 4468 2084 4525 dicit.
2107 4465 2153 4481 υ
2172 4469 2669 4540 promissionenon
2693 4469 2984 4525 dubitans:
3001 4477 3151 4526 recte
3178 4472 3279 4527 tali
3303 4478 3603 4545 reputatur
3628 4475 3773 4530 ﬁdes

488 4560 648 4610 tanta
674 4560 829 4626 passi
855 4560 983 4613 estis
1002 4559 1122 4612 sine
1148 4572 1316 4612 causa
1348 4576 1365 4612 :
1397 4555 1496 4611 sed
1535 4572 1648 4610 non
1678 4557 1872 4611 statim
1900 4557 1973 4611 ad
1994 4574 2089 4611 eos

488 4644 775 4698 sententia
800 4650 1152 4716 temperatur
1169 4651 1227 4701 et
1245 4644 1420 4700 dubia
1437 4647 1520 4709 ﬁt,
1540 4648 1592 4699 si
1623 4651 1807 4700 tamen
1828 4649 1948 4700 sine
1963 4663 2090 4700 cau-

483 4747 547 4784 sa
573 4747 590 4782 :
619 4731 754 4802 quia
780 4733 851 4786 de
877 4734 966 4788 his
993 4734 1201 4790 dicitur
1229 4735 1326 4807 qui
1350 4733 1600 4807 {possunt
1626 4740 1755 4806 post
1794 4734 1978 4805 legem
2017 4735 2088 4790 ad

487 4819 855 4889 Evangelium
876 4822 1103 4876 reverti.
1137 4823 1338 4878 Melius
1371 4828 1562 4878 autem
1591 4823 1670 4878 sic
1708 4823 1948 4894 intelligi
1984 4840 2086 4895 po-

481 4911 616 4973 test,
649 4907 801 4978 quod
829 4908 1076 4979 primum
1095 4911 1388 4966 credentes
1409 4911 1622 4967 Galatae
1641 4911 1701 4966 in
1721 4911 2082 4978 Cruciﬁxum,

485 5011 522 5050 a
538 4994 746 5050 Judaais
776 5001 834 5050 et
861 4995 1126 5066 gentibus
1153 4999 1455 5070 opprobria
1480 5001 1659 5055 multa
1678 5001 1929 5072 perpessi
1946 5001 2080 5070 sint,

481 5083 966 5156 etpersecutiones
976 5101 1090 5138 non
1115 5085 1380 5142 minimas
1390 5089 1782 5156 sustinuerint;
1807 5105 1948 5160 quas
1970 5089 2083 5143 fru-

480 5177 600 5227 stra
617 5177 937 5245 arguuntur
959 5169 1132 5227 fuisse
1159 5176 1432 5245 perpessi,
1481 5177 1529 5231 si
1569 5194 1602 5232 a
1647 5177 1834 5248 gratia
1870 5178 2080 5233 Christi

2170 4556 2240 4611 ad
2249 4556 2655 4629 justitiam,qui
2665 4557 2806 4629 legis
2816 4574 3412 4631 operasupergressus,
3435 4563 3635 4630 Deum,
3652 4580 3771 4619 non

2172 4651 2348 4713 metu,
2373 4645 2473 4700 sed
2493 4646 2790 4702 dilectione
2808 4649 3139 4720 promeruit.
3162 4651 3468 4719 (.‘ognoscite
3489 4668 3615 4719 ergo
3627 4657 3768 4722 quia

2168 4737 2271 4804 qui
2295 4751 2360 4788 ea:
2387 4737 2491 4802 ﬁde
2513 4741 2665 4801 sunt,
2688 4736 2750 4790 hi
2766 4739 3023 4805 suntﬁlii
3038 4739 3288 4793 Abrahae.
3307 4737 3522 4811 (Amb.)
3551 4740 3765 4797 Verum

2169 4827 2274 4889 est,
2299 4823 2435 4894 quia
2456 4824 2748 4880 credentes
2769 4820 2873 4880 ﬁlii
2891 4831 3026 4880 sunt
3051 4825 3308 4895 Abrahae,
3334 4829 3469 4899 quia
3501 4829 3549 4883 si
3590 4829 3770 4886 Abra-

2168 4912 2301 4966 ham
2330 4928 2398 4967 ex
2424 4912 2534 4981 ﬁde
2559 4913 2900 4984 justiﬁcatus
2930 4921 3018 4970 est
3053 4915 3289 4987 primus,
3332 4924 3611 4990 quotquot
3638 4927 3773 4991 post

2167 5000 2317 5055 hunc
2329 5001 2584 5067 credunt,
2614 5002 2716 5058 ﬁlii
2741 5004 2864 5074 ejus
2883 5010 3036 5070 sunt,
3059 5005 3174 5059 sive
3203 5021 3269 5060 ex
3299 5007 3524 5078 judzeis,
3555 5008 3672 5063 sive
3699 5025 3770 5065 ex

2163 5090 2443 5160 gentibus.
2467 5092 2739 5162 (Hieron)
2769 5092 2998 5147 Plenius
3026 5094 3097 5147 de
3123 5094 3228 5148 hoc
3245 5094 3304 5149 in
3323 5095 3772 5167 epistolaadRo-

2163 5195 2362 5234 manos
2388 5179 2657 5250 disputat,
2682 5180 2829 5252 quod
2864 5181 3004 5235 ﬁdes
3029 5181 3269 5238 Abrahae
3287 5190 3550 5256 reputata
3577 5192 3665 5241 est
3690 5188 3767 5242 ad

479 5260 762 5328 recedant,
785 5266 1017 5334 propter
1042 5277 1213 5333 quam
1241 5266 1404 5316 tanta
1434 5265 1585 5336 passi
1612 5271 1748 5321 sunt
1783 5283 1795 5318 :
1827 5265 1995 5321 simul
2024 5271 2083 5321 et
2156 5267 2586 5338 justitiam,non
2605 5268 2665 5322 in
2690 5269 3133 5337 circumcisione,
3155 5272 3253 5326 sed
3286 5272 3346 5328 in
3367 5275 3674 5346 praeputio;
3708 5283 3771 5332 et

479 5348 578 5402 illa
604 5365 752 5420 spes,
780 5350 932 5420 quod
960 5349 1300 5422 quicumque
1330 5350 1401 5405 ob
1431 5352 1641 5408 Christi
1663 5354 1833 5410 ﬁdem
1864 5354 2082 5410 labora-
2161 5356 2462 5427 diligenter
2489 5357 2806 5423 observans,
2839 5357 3004 5413 docet
3035 5376 3131 5415 eos
3164 5361 3311 5416 ﬁlios
3355 5379 3475 5418 esse
3499 5363 3762 5431 Abrahae,

479 5437 638 5503 verit,
678 5443 737 5492 et
772 5442 967 5510 postea
998 5438 1190 5511 lapsus
1239 5438 1411 5494 fuerit
1466 5440 1525 5495 in
1572 5449 1883 5512 peccatum,
1930 5444 2076 5499 sicut
2159 5444 2477 5517 quicunque
2496 5445 2602 5500 hac
2613 5451 2801 5500 mente
2813 5446 3192 5515 crediderunt,
3207 5467 3322 5522 qua
3336 5451 3768 5509 incircumcisus

478 5526 670 5597 priora
693 5527 817 5582 sine
843 5543 1014 5582 causa
1030 5527 1240 5584 dicitur
1260 5544 1460 5600 passus
1488 5529 1661 5585 fuisse
1690 5532 1827 5586 dum
1857 5539 2069 5604 peccat,
2153 5533 2394 5589 credidit
2408 5533 2713 5600 Abraham,
2735 5534 2831 5606 qui
2847 5536 3146 5593 exsultavit
3166 5545 3231 5594 ut
3257 5539 3474 5596 videret
3490 5541 3768 5599 diemDo—

477 5615 557 5670 sic
580 5631 807 5672 rursum
833 5632 947 5672 non
978 5616 1177 5690 perdat
1196 5632 1282 5685 ea,
1318 5617 1367 5674 si
1394 5617 1466 5673 ad
1486 5616 1786 5690 pristinam
1815 5621 1985 5677 ﬁdem
2015 5627 2074 5677 et
2152 5621 2314 5689 mini,
2347 5628 2406 5677 et
2432 5623 2590 5691 vidit,
2623 5628 2682 5678 et
2709 5624 2931 5680 lutatus
2959 5632 3048 5680 est
3085 5628 3236 5683 unde
3263 5647 3276 5696 ;
3317 5636 3376 5684 et
3402 5630 3476 5685 ad
3501 5631 3763 5688 inﬁdeles
