4034 6162
274 259 357 315 ‘289
668 256 1246 313 ENARRATIONUM
1283 258 1362 312 IN
1401 259 1553 313 EPP.
1598 259 1811 314 PAULI
1852 260 1988 315 LIB.
2030 262 2342 318 XIV.—IN
2381 265 2602 320 EPIST.
2643 267 2740 320 AD
2779 267 3036 322 GALAT.
3392 269 3496 326 290

269 384 453 438 ludaaos
475 380 694 435 dicitur:
715 383 779 437 Si
795 384 906 450 ﬁlii
919 385 1044 436 estis
1065 382 1290 452 [essetis]
1315 381 1618 446 Abraham,
1647 399 1810 452 opera
1831 385 1882 444 Α
1966 385 2304 454 Quicumque
2320 389 2470 439 enim
2485 403 2550 439 er
2562 389 2814 456 operibus
2833 393 2963 456 legis
2979 397 3130 455 sunt,
3147 394 3247 445 sub
3271 396 3498 448 maledi-

269 473 462 528 Abraha'
477 472 631 536 facile
657 471 952 540 [faceretis]
971 473 1150 538 (Joan.
1175 473 1308 538 vin).
1332 471 1466 534 Quae
1494 477 1684 525 autem
1703 471 1816 525 alia
1895 477 1976 525 clo
1991 478 2121 526 sunt
2140 476 2289 540 legis.
2305 474 2634 544 Quicunque
2647 476 2798 530 enim
2813 494 2878 531 ex
2900 479 3160 548 operibus
3185 480 3326 550 legis
3341 487 3494 548 sunt,

269 561 344 612 illo
369 559 414 612 in
443 564 680 629 tempore
701 575 829 612 cum
851 559 968 613 lucc
985 557 1316 613 dicebantur
1334 559 1404 613 ab
1441 560 1521 613 eis
1543 561 1812 614 Dominus
1895 559 1999 613 sub
2019 561 2318 615 maledicto
2341 563 2840 635 suntlegis,(Aug.)
2855 565 2958 620 sub
2981 567 3184 622 timore
3207 570 3325 624 vult
3339 570 3498 624 intel-

268 665 405 718 opera
431 647 791 718 exspectabat,
825 647 932 701 nisi
969 648 1358 702 credulitatem
1379 648 1437 702 in
1463 649 1667 702 Filium
1687 649 1808 714 Dei,
1897 647 2014 717 ligi,
2038 665 2150 703 non
2174 649 2450 717 libertate,
2475 658 2538 706 ut
2563 653 2773 706 scilicet
2801 656 3096 724 corporali,
3123 659 3497 730 praesentique

264 754 400 807 quem
418 737 576 790 Pater
611 736 861 800 miserat,
896 737 1260 808 loquentem?
1290 739 1397 804 Qui
1433 739 1604 791 credit
1636 741 1696 791 in
1728 754 1812 791 me
1894 737 2602 794 vindictavindicareturin
2620 759 2716 796 eos
2731 742 2826 812 qui
2841 746 3306 813 permanerentin
3319 749 3498 801 omni-

267 826 520 878 ncnc-redit
543 829 601 878 in
625 842 726 889 me,
743 828 834 879 sed
855 829 916 878 in
930 843 1056 879 eum
1075 829 1175 894 qui
1193 843 1276 879 me
1297 830 1448 879 misit
1481 828 1667 891 (Joan.
1695 836 1808 894 xu).
1897 825 2000 879 bus
2021 843 2143 896 qua:
2171 828 2382 898 scripta
2411 835 2543 882 sunt
2573 828 2632 883 in
2672 829 2814 883 libro
2843 831 2984 901 legis
3034 839 3100 886 ut
3125 833 3376 888 facerent
3403 854 3488 900 ea,

265 913 391 966 Unde
404 919 455 966 et
479 913 536 966 in
554 913 664 967 alio
694 915 813 968 loco
833 915 902 968 de
918 913 1256 984 generissibi
1269 915 1623 985 antiquitate,
1643 922 1700 969 et
1719 932 1816 969 no-
1896 914 2003 968 huc
2033 932 2254 985 quoque
2285 917 2590 978 accederet,
2635 924 2699 972 ut
2728 918 2786 972 in
2818 919 2941 990 ipsa
2982 939 3278 993 corporum
3309 941 3491 994 paena,

263 1001 1265 1074 bilitateplaudentibus,respondetur:
1292 1004 1376 1057 Ne
1403 1003 1815 1075 dixeritis,quia
1896 1002 2066 1056 etiam
2087 1004 2368 1058 maledicti
2386 1005 2754 1076 ignominiam
2777 1007 3165 1064 formidarent.
3190 1012 3289 1066 Ille
3305 1019 3494 1068 autem

255 1091 1220 1160 patremhabemusAbraham:potens
1235 1095 1472 1145 estenim
1493 1094 1631 1146 Deus
1643 1094 1706 1146 de
1727 1096 1813 1146 la-
1890 1091 2233 1160 justiﬁcatur
2260 1094 2410 1164 apud
2441 1095 2640 1158 Deum,
2675 1096 2772 1166 qui
2801 1113 2930 1150 eum
2963 1099 3143 1167 gratis
3176 1101 3308 1155 colit
3338 1119 3350 1168 ;
3383 1119 3495 1156 non

255 1179 443 1245 pidibus
457 1181 573 1232 istis
593 1183 864 1233 suscitare
876 1180 1316 1247 ﬁliosAbraham
1341 1181 1517 1247 (Matt.
1550 1181 1814 1252 1n);lapi-
1895 1181 2106 1234 scilicet
2134 1181 2441 1252 cupiditate
2459 1185 2760 1254 appetendi
2790 1186 3002 1256 aliquid
3033 1187 3104 1240 ab
3136 1188 3276 1259 ipso,
3295 1196 3498 1260 praeter

257 1265 586 1320 desibinemo
598 1267 1810 1339 ambigitdurasigniﬁcaricordagentilium,
1897 1268 2100 1339 ipsum,
2120 1275 2221 1323 aut
2239 1270 2443 1324 timore
2467 1271 2784 1326 amittendi.
2811 1274 2873 1328 In
2905 1274 3026 1344 ipso
3051 1275 3198 1330 enim
3222 1277 3338 1331 solo
3367 1294 3498 1332 vera

257 1372 358 1424 quae
370 1356 572 1409 mollita
583 1362 721 1410 sunt
736 1363 1015 1427 postea,et
1027 1357 1156 1411 fidei
1169 1374 1429 1428 recepere
1440 1358 1810 1429 signaculum.
1899 1365 2090 1411 nostra
2122 1357 2410 1413 beatitudo
2441 1365 2612 1430 atque
2637 1362 2883 1431 perlecta
2912 1369 3015 1429 est,
3040 1370 3098 1418 et
3127 1365 3222 1435 qui
3244 1365 3495 1420 invisibi-

310 1446 582 1498 Proridens
609 1451 800 1499 autem
837 1447 1129 1514 Scriptura
1175 1449 1307 1515 quia
1338 1464 1402 1500 ex
1425 1449 1530 1514 ﬁde
1545 1451 1814 1515 justi/teat
1901 1446 1968 1500 lis
1998 1453 2084 1500 est
2122 1447 2296 1500 oculis
2342 1448 2582 1512 carneis,
2619 1449 2725 1502 fide
2775 1451 2978 1504 colitur
3008 1453 3255 1522 quandiu
3305 1455 3364 1508 in
3395 1455 3499 1509 hac

254 1539 404 1598 gentes
423 1535 571 1597 Deus,
583 1535 1249 1601 prznuntiavit.-tbrahz.
1273 1537 1414 1603 Quia
1433 1537 1818 1589 benedicentur
1898 1552 2064 1588 carne
2084 1533 2340 1600 vivimus,
2376 1536 2522 1591 sicut
2545 1553 2716 1608 supra
2735 1539 2874 1592 dixit
2908 1557 2919 1592 :
2955 1543 3110 1608 Quod
3127 1548 3315 1597 autem
3349 1560 3499 1598 nunc

257 1624 305 1673 in
332 1626 372 1673 te
396 1637 572 1676 omnes
598 1627 804 1689 gentes.
829 1625 1006 1690 Igitur
1031 1627 1132 1692 qui
1148 1641 1212 1678 er
1231 1625 1481 1692 ﬁdesunl
1503 1625 1816 1678 benedicen-
1846 1696 1881 1702 _
1897 1627 2019 1680 vico
2038 1627 2100 1678 in
2129 1640 2314 1689 carne,
2347 1628 2410 1679 in
2436 1627 2541 1693 ﬁde
2571 1630 2689 1680 vivo
2707 1629 2841 1684 Filii
2859 1629 2954 1682 Dei
2963 1647 2979 1692 ;
3005 1634 3061 1684 et
3083 1631 3207 1701 ipsa
3228 1637 3313 1686 est
3328 1633 3496 1702 justi-

259 1716 454 1762 turcum
478 1712 631 1776 ﬁdeli
652 1713 957 1765 Abraham.
977 1711 1317 1780 (Amb.)Hoc
1331 1712 1486 1778 dicit,
1500 1713 1822 1783 quiaforma
1840 1696 2000 1778 Btia,
2039 1729 2149 1783 quo
2177 1713 2424 1784 pertinet
2471 1715 2619 1785 quod
2657 1715 2868 1770 dictum
2899 1724 3019 1771 est:
3060 1696 3200 1786 Quia
3215 1696 3406 1789 justus
3435 1738 3501 1776 ex

254 1797 602 1853 estAbraham
625 1800 882 1854 omnium
912 1801 1280 1866 credentium,
1305 1807 1370 1855 ut
1396 1801 1454 1855 hi
1473 1801 1748 1856 benedicti
1761 1803 1818 1856 in
1900 1803 2002 1868 ﬁde
2021 1805 2174 1856 civ-il.

252 1904 306 1940 eo
326 1887 444 1945 sint.
475 1888 570 1959 qui
602 1889 865 1943 credunt.
917 1891 1225 1961 Sequentes
1281 1891 1432 1944 enim
1473 1891 1640 1944 ﬁdem
1673 1893 1814 1962 ejus,

253 1975 513 2046 participes
543 1978 696 2032 fiunt
724 1985 781 2032 et
829 1977 1230 2034 benedictionis
1274 1981 1547 2050 ejusdem.
1583 1980 1818 2034 Manife-
1972 1979 2252 2048 Scriptum
2279 1986 2354 2034 est
2372 1983 2521 2035 enim
2544 2001 2560 2035 :
2584 1983 2906 2036 Malediclus
2925 1987 3107 2038 omnis
3133 1989 3233 2054 qui
3251 2003 3360 2042 non
3376 2003 3498 2058 per-

250 2070 375 2118 stum
395 2070 492 2130 est,
513 2065 654 2136 quia
676 2067 867 2120 fideles
887 2084 1014 2121 cum
1031 2068 1180 2122 ﬁdeli
1211 2067 1616 2123 benedicentur
1639 2086 1650 2121 :
1678 2085 1816 2138 quo-

253 2152 390 2206 modo
414 2153 674 2209 inﬁdeles
703 2173 832 2210 cum
853 2156 1818 2228 inﬁdelibuspuniuntur.Providens

249 2247 424 2308 autem,
445 2243 650 2314 inquit,
677 2244 990 2314 Scriptura,
1014 2249 1146 2314 quia
1163 2263 1229 2300 es:
1241 2249 1622 2315 ﬁdejusti/icat
1638 2251 1818 2314 gentes

252 2331 380 2395 Deus,
408 2337 509 2386 etc.
531 2332 818 2402 (Hieron)
852 2334 977 2388 Non
995 2335 1143 2405 quod
1167 2335 1290 2407 ipsa
1321 2335 1629 2406 Scriptura,
1664 2341 1816 2388 atra-

250 2426 469 2474 mentum
525 2421 792 2476 videlicet
839 2427 896 2476 et
923 2422 1265 2478 membranae
1315 2441 1437 2495 quae
1465 2423 1817 2478 insensibiles

248 2515 370 2565 sunt.
378 2509 590 2579 possint
603 2510 801 2564 futura
810 2513 1276 2581 praenoscere,sed
1289 2513 1684 2584 quodSpiritus
1694 2529 1818 2566 san-

249 2601 349 2650 ctus
359 2603 412 2651 et
436 2615 640 2654 sensus
659 2599 754 2670 qui
783 2599 839 2652 in
855 2599 1058 2654 litteris
1069 2601 1225 2666 latet,
1246 2601 1441 2656 multis
1456 2608 1583 2672 post
1603 2601 1819 2656 saeculis

249 2693 452 2741 ventura
469 2688 860 2760 praedixerint.
897 2690 1071 2743 Porro
1101 2691 1416 2761 exemplum
1437 2691 1585 2761 quod
1615 2690 1685 2743 de
1714 2690 1820 2744 Ge-

249 2775 346 2828 nesi
370 2781 663 2848 sumptum
693 2783 796 2840 est,
831 2778 910 2832 ita
937 2779 994 2832 in
1025 2779 1250 2850 proprio
1265 2778 1548 2833 volumine
1567 2777 1820 2833 contine-

247 2871 336 2917 tur.
353 2866 409 2918 Et
429 2867 826 2921 benedicentur
853 2871 916 2921 in
933 2871 1138 2922 semine
1159 2873 1249 2922 tuo
1263 2884 1446 2922 omnes
1464 2873 1644 2935 gentes
1663 2873 1821 2922 terra:

249 2952 373 3010 (Gen.
402 2959 584 3024 xxvn).
623 2955 789 3019 Quod
815 2957 1114 3027 Apostolus
1147 2973 1316 3028 super
1328 2956 1614 3011 Christum
1641 2955 1819 3009 inter-

245 3049 440 3110 pretans
476 3044 556 3098 ait
592 3063 606 3098 :
642 3045 767 3098 Non
798 3050 874 3098 est
899 3049 1188 3114 scriptum,
1211 3047 1293 3100 Em
1311 3047 1630 3110 seminibus,
1657 3047 1820 3113 quasi

1901 2071 2169 2122 manserit
2192 2071 2254 2122 in
2267 2071 2524 2123 omnibus
2541 2087 2660 2139 quae
2674 2075 2881 2140 scripta
2897 2078 3044 2134 sunt,
3061 2076 3122 2127 in
3137 2075 3278 2128 libro
3290 2079 3422 2144 legis
3436 2082 3498 2130 ut

1900 2157 2072 2223 faciat
2099 2172 2179 2209 ea.
2199 2156 2473 2226 (Hieron.)
2499 2159 2661 2212 Hunc
2689 2176 2903 2213 morem
2933 2159 3131 2227 habeo,
3165 2169 3228 2215 ut
3258 2164 3500 2233 quoties-

1901 2261 2122 2314 cunque
2151 2244 2221 2298 ab
2252 2246 2521 2316 apostolis
2547 2247 2615 2300 de
2652 2247 2841 2302 Veteri
2873 2250 3256 2304 Instrumento
3286 2251 3498 2322 aliquid

1901 2333 2162 2400 sumitur,
2184 2350 2470 2388 recurram
2499 2335 2571 2388 ad
2620 2335 2921 2405 originalcs
2952 2337 3141 2403 libros,
3167 2345 3225 2392 et
3255 2339 3494 2410 diligen-

1899 2427 1988 2476 ter
2032 2421 2325 2493 inspiciam
2374 2423 2653 2493 quomodo
2683 2423 2741 2477 in
2781 2425 2898 2479 suis
2925 2425 3062 2480 locis
3099 2427 3308 2498 scripta
3336 2428 3450 2482 sint
3482 2447 3493 2481 :

1899 2511 2086 2565 inveni
2103 2511 2293 2582 itaque
2313 2511 2371 2564 in
2391 2512 2828 2566 Deuteronomio
2869 2515 3044 2576 (Deut.
3071 2520 3249 2583 xxvn)
3279 2516 3385 2570 hoc
3411 2516 3497 2587 ip-

1899 2617 2024 2654 sum
2055 2600 2204 2670 apud
2227 2601 2599 2678 Septuaginta
2624 2601 2960 2672 interpretes
2971 2603 3052 2656 ita
3071 2605 3315 2674 positum
3339 2623 3351 2658 :
3386 2607 3498 2660 Ma-

1901 2690 2129 2743 ledictus
2149 2691 2329 2742 omnis
2349 2690 2506 2742 homo
2526 2693 2628 2758 qui
2647 2705 2759 2744 non
2771 2695 3142 2759 permanserit
3160 2695 3223 2746 in
3243 2695 3499 2748 omnibus

1900 2777 2245 2831 sermonibus
2277 2779 2408 2845 legis
2435 2778 2622 2846 hujus,
2649 2783 2712 2832 ut
2738 2781 2908 2846 faciat
2929 2783 3072 2843 illos,
3097 2786 3144 2834 et
3162 2783 3300 2836 dicet
3319 2785 3499 2836 omnis

1894 2869 2154 2935 populus,
2187 2867 2328 2932 Fiat,
2353 2869 2468 2934 ﬁat.
2489 2866 2654 2938 Apud
2674 2867 2936 2937 Aquilam
2955 2885 3084 2922 vero
3115 2869 3194 2923 sic
3219 2887 3229 2922 :
3265 2871 3497 2924 Maledi-

1901 2961 2018 3008 ctus
2041 2957 2140 3024 qui
2161 2971 2272 3009 non
2294 2958 2551 3009 statuerit
2569 2955 2731 3008 verba
2753 2959 2884 3023 legis
2900 2956 3086 3024 hujus,
3120 2963 3182 3011 ut
3211 2959 3386 3026 faciat
3413 2975 3494 3012 ea.

1900 3044 1968 3097 Et
1996 3045 2133 3097 dicet
2165 3046 2346 3096 omnis
2373 3047 2608 3112 populus
2642 3063 2658 3097 :
2709 3045 2848 3098 Vere.
2882 3045 3253 3115 Symmachus
3283 3064 3295 3098 :
3330 3047 3494 3100 Male-

249 3132 295 3181 in
321 3136 499 3186 multis
527 3153 544 3188 :
578 3135 682 3187 sed
701 3136 864 3202 quasi
893 3137 956 3187 in
987 3150 1099 3188 uno
1131 3140 1217 3188 :et
1243 3137 1447 3188 semine
1477 3139 1586 3198 tuo,
1619 3137 1720 3202 qui
1744 3139 1819 3187 est
1900 3133 2078 3185 dictus
2091 3134 2191 3200 qui
2211 3142 2321 3185 non
2340 3134 2649 3198 firmaveril
2667 3147 2939 3186 sermones
2961 3136 3088 3187 istos
3109 3140 3172 3187 ut
3194 3135 3368 3201 faciat
3387 3151 3496 3190 eos.

245 3218 484 3275 Christus.
523 3222 653 3276 Hoc
687 3227 878 3275 autem
906 3222 964 3276 in
995 3222 1254 3277 omnibus
1283 3239 1424 3294 pene
1453 3222 1814 3287 testimoniis,
1901 3221 1965 3273 Et
1992 3221 2129 3274 dicet
2157 3223 2337 3274 omnis
2359 3223 2596 3288 populus
2619 3239 2634 3273 :
2656 3222 2848 3274 Amen.
2883 3221 3057 3274 Porro
3083 3221 3394 3276 Theodotio
3415 3223 3496 3277 sic

245 3322 346 3376 quae
362 3309 426 3363 de
453 3309 748 3365 veteribus
766 3310 924 3365 libris
939 3311 997 3365 in
1008 3313 1161 3366 Novo
1177 3318 1467 3383 assumpta
1482 3317 1617 3366 sunt
1629 3313 1819 3366 Testa-
1900 3308 2224 3362 transtulit:
2248 3309 2564 3362 Maledictus
2589 3311 2689 3376 qui
2713 3325 2823 3362 non
2852 3312 3198 3364 suscitaverit
3227 3327 3500 3366 sermones

245 3402 424 3463 mento,
439 3398 749 3453 observare
767 3398 1054 3466 debemus,
1080 3399 1228 3470 quod
1259 3399 1543 3453 memoriae
1563 3398 1818 3452 credide-
1902 3399 2033 3465 legis
2054 3399 2221 3466 hujus
2234 3399 2412 3464 facere
2431 3397 2606 3451 cos.Et
2625 3399 2764 3450 dicet
2787 3401 2968 3452 omnis
2985 3402 3222 3467 populus
3245 3419 3261 3454 :
3292 3401 3329 3454 Α
3342 3417 3488 3455 men.

243 3483 338 3538 rint
359 3488 725 3559 evangelista:
753 3489 839 3542 vel
866 3488 1122 3560 apostoli,
1147 3494 1205 3541 et
1219 3493 1442 3542 tantum
1471 3504 1638 3542 sensu
1652 3487 1822 3558 expli-
1902 3486 1980 3539 Ex
2010 3502 2120 3556 quo
2148 3484 2514 3555 intelligimus
2539 3486 2889 3556 Apostolum,
2925 3491 2989 3540 ut
3017 3486 3073 3540 in
3093 3488 3327 3553 caeteris,
3365 3506 3496 3544 sen-

241 3579 360 3639 cato,
390 3593 536 3647 saepe
584 3577 851 3631 oniinem
899 3577 1384 3642 commutaverint,
1414 3592 1820 3647 nonnunquam
1902 3591 2028 3628 sum
2057 3574 2236 3643 magis
2264 3573 2573 3627 testimonii
2602 3574 2855 3644 posuisse
2888 3592 3057 3646 quam
3085 3575 3255 3630 verba
3285 3594 3296 3628 :
3332 3583 3390 3630 et
3417 3577 3501 3631 in-

243 3663 310 3714 vel
336 3663 691 3718 detraxerint
718 3664 886 3718 verba
911 3665 994 3718 vel
1023 3664 1361 3718 addiderint.
1382 3664 1534 3718 Nulli
1558 3681 1687 3717 vero
1715 3664 1820 3716 du-
1903 3668 2118 3716 certum
2130 3661 2400 3716 habemus
2411 3668 2601 3716 utrum
2618 3663 3332 3734 Septuagintainterpretes
3347 3665 3501 3720 addi-

244 3746 390 3818 bium,
425 3754 577 3824 quod
600 3755 670 3808 in
686 3754 859 3819 Isaac,
883 3759 941 3808 et
974 3753 1162 3819 Jacob,
1187 3753 1301 3808 sive
1323 3753 1381 3807 in
1404 3751 1698 3807 duodecim
1720 3753 1822 3806 Pa—
1904 3751 2092 3805 derint
2124 3768 2134 3803 :
2173 3750 2363 3805 Omnis
2408 3750 2584 3816 Ιιοηιο,
2632 3756 2689 3804 et
2731 3753 2793 3804 in
2821 3752 3096 3815 omnibus,
3131 3768 3203 3805 an
3236 3751 3294 3805 in
3323 3754 3498 3807 veteri

244 3838 475 3896 triarchis
493 3849 554 3897 et
584 3842 830 3907 caeteris,
871 3843 968 3913 qui
1000 3843 1069 3896 de
1097 3841 1383 3896 Abraham
1398 3841 1572 3912 stirpe
1590 3841 1822 3894 descen-
1906 3838 2176 3893 Hebraico
2199 3837 2474 3902 itat‘uerit,
2493 3844 2550 3892 et
2579 3843 2773 3908 postea
2802 3855 2837 3891 a
2855 3837 3062 3893 Judaeis
3099 3839 3348 3893 deletum
3377 3839 3454 3894 sit
3482 3857 3494 3892 :

243 3927 377 3993 dunt,
401 3947 514 3986 non
547 3931 773 3986 fuerint
791 3930 1097 3985 benedictae
1121 3931 1392 3986 universae
1413 3929 1688 3996 nationes,
1725 3929 1821 3982 sed
1905 3928 1968 3982 In
1991 3927 2135 3980 hanc
2152 3944 2241 3980 me
2262 3933 2454 3980 autem
2467 3926 2841 3997 suspicionem
2863 3926 2958 3980 illa
2967 3943 3058 3980 res
3069 3928 3500 3999 stimulat,quod

243 4017 287 4069 in
305 4019 518 4074 Christo
547 4021 713 4084 Jesu,
755 4037 856 4092 per
883 4037 1048 4091 quem
1097 4037 1292 4075 omnes
1338 4025 1536 4090 gentes
1590 4019 1824 4072 laudant
1901 4015 2155 4082 verbum,
2183 4016 2393 4081 Omnis,
2411 4021 2470 4069 et
2485 4018 2547 4070 in
2575 4017 2851 4083 omnibus,
2886 4015 3046 4086 quasi
3063 4016 3251 4070 sensui
3273 4033 3376 4071 suo
3397 4033 3498 4071 ne-

244 4103 414 4172 Denm,
447 4115 507 4164 et
530 4108 893 4164 benedicitur
914 4126 1118 4164 novum
1145 4126 1352 4163 nomen
1383 4125 1554 4180 super
1583 4115 1815 4162 terram.
1903 4105 2228 4164 cessarium.
2254 4104 2324 4158 ad
2353 4103 2705 4175 probandum
2734 4103 2890 4171 illud,
2926 4105 3075 4176 quod
3096 4109 3410 4176 quicunque
3437 4123 3502 4161 ea:

241 4193 406 4251 Potest
415 4205 617 4252 autem
629 4199 937 4269 Apostolus
951 4205 1008 4252 et
1016 4199 1084 4252 de
1095 4198 1203 4252 alio
1217 4198 1629 4252 Geneseosloco
1641 4212 1824 4250 exem-
1905 4195 2156 4262 operibus
2177 4196 2308 4262 legis
2323 4199 2471 4256 sunt,
2497 4195 2596 4247 sub
2641 4195 2927 4248 maledicto
2945 4197 3078 4261 sint,
3099 4195 3400 4266 Apostolus
3418 4194 3504 4248 vir

245 4282 370 4351 plum
387 4287 632 4341 seminis
649 4304 970 4358 usurpasse,
986 4286 1082 4341 ubi
1096 4285 1359 4342 scribitur
1375 4307 1387 4340 :
1405 4288 1611 4342 Eduxit
1635 4290 1822 4340 autem
1840 4321 1890 4380 Β
1909 4281 2156 4380 Hebraeae
2173 4282 2388 4380 peritiae
2405 4282 2546 4380 et
2561 4283 2683 4380 lege
2694 4283 3364 4380 doctissimusmunquam
3379 4299 3503 4380 pro-

243 4372 385 4438 foras,
413 4376 570 4430 haud
591 4375 831 4430 dubium
855 4376 991 4448 quin
1016 4376 1317 4441 Abraham,
1339 4378 1497 4442 Deus,
1513 4381 1560 4428 et
1589 4376 1733 4428 dixit
1753 4376 1818 4437 ei,
1842 4369 1887 4380 ”
1908 4371 2130 4426 tulisset
2185 4371 2290 4425 nisi
2329 4371 2388 4424 in
2447 4369 2695 4425 Hebraeis
2754 4371 3132 4426 voluminibus
3179 4371 3498 4426 haberetur.

245 4462 403 4528 Aspice
419 4468 481 4517 in
498 4468 724 4527 cretum,
741 4470 790 4518 et
809 4481 1044 4518 numera
1065 4467 1266 4529 stellas,
1284 4467 1334 4517 si
1346 4466 1551 4532 poteris
1573 4464 1827 4516 dinume-
1907 4461 2089 4524 Quam
2110 4459 2180 4514 ob
2207 4476 2434 4514 causam
2465 4459 2950 4514 Samaritanorum
2970 4459 3193 4512 hebraea
3219 4458 3502 4513 volumina

245 4563 350 4603 rare
375 4569 460 4606 eas
479 4573 495 4616 ;
527 4560 582 4606 et
612 4556 700 4606 ait
729 4556 859 4607 illi:
892 4554 983 4608 Sic
1005 4556 1112 4606 erit
1140 4569 1320 4606 semen
1349 4559 1508 4605 tuum
1531 4551 1680 4618 (Gen.
1705 4553 1822 4617 xv).
1907 4550 2161 4619 relegens
2200 4548 2384 4602 inveni
2434 4548 2562 4602 Chal
2595 4567 2611 4602 :
2669 4548 2818 4618 quod
2871 4547 3276 4616 interpretatur
3319 4547 3502 4601 omnis

249 4635 299 4688 Et
324 4642 551 4694 credidit
569 4641 862 4694 Abraham
893 4643 1013 4705 Deo,
1049 4646 1095 4694 et
1128 4645 1442 4709 reputatum
1461 4643 1535 4692 est
1563 4641 1614 4691 ei
1641 4639 1714 4691 ad
1723 4641 1826 4707 ju-
1908 4637 2021 4692 sive
2051 4637 2331 4702 omnibus,
2378 4635 2647 4706 scriptum
2691 4652 2830 4700 esse,
2866 4640 2924 4688 et
2949 4651 3076 4688 cum
3134 4634 3502 4706 Septuaginta

247 4728 450 4782 stitiam.
483 4729 830 4799 Quicunque
859 4745 991 4799 ergo
1019 4729 1257 4783 credunt
1284 4727 1685 4782 benedicentur
1699 4742 1826 4780 cum
1909 4725 2310 4796 interpretibus
2353 4723 2709 4778 concordare.
2743 4723 2973 4777 Frustra
3003 4722 3180 4794 igitur
3205 4723 3344 4778 illud
3362 4725 3502 4778 tule-

251 4813 375 4868 ﬁdeli
400 4817 719 4884 Abraham,
772 4817 866 4889 qui
897 4817 966 4872 ob
997 4817 1282 4888 egregiam
1315 4817 1375 4870 in
1420 4817 1598 4871 Deum
1633 4814 1822 4880 ﬁdem,
1908 4821 2044 4870 runt
2069 4813 2265 4878 Judaei,
2285 4829 2355 4867 ne
2383 4813 2838 4866 viderenturesse
2866 4812 2970 4867 sub
2995 4812 3312 4878 maledicto,
3327 4813 3376 4868 si
3391 4830 3504 4868 non

255 4902 436 4970 Primus
476 4907 538 4961 in
587 4923 725 4961 eum
757 4907 1057 4961 credidisse
1087 4912 1369 4960 narratur.
1406 4905 1564 4960 Sicut
1593 4911 1649 4958 et
1679 4905 1826 4958 Enos
1908 4909 2136 4976 possent
2153 4901 2344 4956 omnia
2374 4901 2651 4971 complere
2681 4917 2804 4972 qua;
2821 4901 3028 4972 scripta
3043 4907 3178 4956 sunt
3201 4919 3213 4954 :
3237 4918 3367 4956 cum
3395 4919 3500 4956 an-

255 4990 308 5041 Ob
331 4995 700 5066 principalem
729 4995 786 5050 in
817 4996 996 5050 Deum
1011 5012 1188 5066 spem,
1213 5001 1271 5049 et
1289 4987 1438 5048 inter
1451 4998 1680 5048 caeteros
1693 4991 1829 5046 emi-
1909 4993 2180 5064 tiquiores
2205 4989 2436 5044 alterius
2463 5005 2685 5060 quoque
2712 4990 2897 5059 gentis
2917 4990 3136 5056 litterae,
3169 4990 3226 5044 id
3257 4991 3503 5061 positum

257 5088 470 5151 rientem,
487 5101 754 5156 sperasse
773 5083 1037 5139 scribitur
1065 5085 1216 5150 (Gen.
1239 5086 1314 5150 1v)
1354 5082 1610 5136 invocare
1637 5079 1830 5135 Domi-
1911 5081 2083 5135 tuisse
2111 5085 2410 5134 testantur.
2454 5077 2734 5141 Quoniam
2781 5084 2972 5132 autem
3005 5095 3172 5132 nemo
3201 5079 3379 5150 possit
3406 5095 3501 5133 ex—

261 5183 368 5224 num
386 5173 593 5228 Deum.
618 5174 743 5228 Non
768 5172 918 5245 quod
941 5178 998 5227 et
1011 5171 1168 5237 Abel,
1203 5172 1271 5226 de
1293 5188 1404 5242 quo
1424 5170 1696 5225 Dominus
1728 5168 1826 5232 ait,
1913 5169 2066 5239 plere
2081 5169 2262 5238 legem
2282 5173 2340 5221 et
2351 5170 2552 5220 cuncta
2569 5165 2750 5220 facere
2777 5181 2899 5236 quae
2919 5167 3079 5236 jussa
3104 5171 3255 5231 sunt,
3289 5171 3347 5220 et
3371 5165 3504 5220 alibi

271 5257 349 5311 Vo:
370 5265 674 5331 sanguinis
700 5265 903 5330 fratris
927 5265 1011 5315 tui
1025 5265 1230 5316 clamat
1249 5262 1323 5315 ad
1354 5276 1437 5314 me
1468 5259 1617 5326 (Gen.
1651 5262 1750 5327 Ix),
1775 5263 1832 5311 et
1912 5261 2154 5311 testatur
2189 5255 2490 5326 Apostolus
2527 5253 2716 5308 dicens
2746 5257 2917 5321 (Rom.
2958 5257 3068 5321 vm)
3112 5273 3123 5307 :
3175 5254 3324 5321 Quod
3353 5258 3503 5310 enim

262 5351 414 5404 lateri
429 5352 703 5423 deinceps
716 5352 897 5406 Deum
918 5367 1029 5404 non
1041 5349 1391 5422 speraverint
1402 5348 1657 5402 invocare
1682 5365 1694 5399 :
1732 5345 1828 5401 sed
1915 5350 2032 5399 erat
2049 5345 2376 5414 impossibile
2387 5346 2508 5412 legi,
2527 5346 2589 5396 in
2606 5359 2711 5412 quo
2723 5343 3243 5412 inﬂrmabatur,per
3256 5360 3501 5408 carnem,

267 5436 385 5502 quod
401 5454 465 5492 ex
485 5455 559 5492 ea
580 5445 760 5510 parte,
796 5438 1182 5508 unusquisque
1200 5437 1532 5508 appelletur,
1557 5451 1728 5506 quam
1746 5433 1831 5488 vel
1914 5435 2438 5490 Deuslv'iliumsuum
2453 5435 2674 5486 mittens
2685 5435 2748 5486 in
2757 5431 3188 5486 similitudinem
3202 5436 3390 5487 carnis
3396 5449 3508 5502 pec-

269 5526 473 5581 Maxime
499 5527 693 5582 habet.
1917 5526 2046 5590 cati,
2065 5524 2128 5577 de
2139 5527 2352 5593 peccato
2367 5523 2751 5576 condemnavit
2763 5524 3048 5590 peccatum
3069 5521 3131 5575 in
3147 5536 3330 5576 carne.
3345 5521 3505 5585 Quod
