3966 6168
377 227 394 238 ‘
492 213 584 270 729l

1074 211 1134 266 Β.
1179 211 1448 266 RABANI
1487 209 1716 266 MAURI
1770 207 2103 265 ARCHIEP.
2147 205 2468 267 MOGUNT.
2512 205 2806 260 OPERUM
2847 202 3028 258 PARS
3067 203 3164 258 ΙΙΙ.

3655 201 3744 259 29‘2

493 337 540 391 si
562 354 755 393 verum
773 343 876 401 est,
897 340 1082 406 potest
1096 333 1257 388 nobis
1279 333 1444 404 objici
1469 351 1480 386 :
1518 335 1662 403 Ergo
1689 339 1747 387 et
1781 334 2000 403 Moyses
2029 329 2433 400 etAgradibus
2451 329 2809 383 ascendisset.
2827 329 3020 382 Potest
3049 344 3182 396 ergo
3213 326 3334 380 ﬁeri
3356 335 3419 379 ut
3448 326 3526 380 sit
3559 326 3746 396 aliquis

494 426 668 482 Isaias
695 431 754 479 et
778 423 962 479 caeteri
991 423 1276 493 prophetae
1305 423 1400 492 qui
1423 422 1524 476 sub
1545 422 1806 493 operibus
1821 423 1962 492 legis
1974 423 2088 476 fue—
2165 419 2373 488 justus,
2409 425 2466 472 et
2492 425 2684 472 tamen
2724 433 2836 470 non
2885 417 3029 470 vivat
3067 415 3276 485 absque
3303 415 3412 468 ﬁde
3443 415 3664 469 Christi.
3695 417 3747 470 Si

497 520 646 580 runt,
669 513 772 569 sub
793 511 1090 566 maledicto
1107 517 1266 565 sunt:
1303 512 1450 582 quod
1473 528 1586 565 non
1604 511 1828 565 timebit
1839 528 2087 566 annuere

495 605 591 674 qui
619 603 896 656 dicentem
923 600 1253 670 Apostolum
1275 600 1475 670 legerit
1505 619 1516 653 :
1543 601 1683 667 Quia
1711 601 1962 656 Christus
1993 616 2087 669 nos

497 695 723 746 redemit
765 691 828 743 de
867 691 1150 742 maledicto
1189 691 1338 756 legis,
1387 692 1568 756 factus
1607 706 1710 757 pro
1743 691 1893 744 nobis
1925 693 2088 743 male-

495 784 730 840 dictum;
783 785 841 831 et
869 777 1223 848 respondere,
1260 794 1718 848 unumquemque
1763 783 2084 837 sanctorum

495 886 595 922 suo
625 873 879 938 tempore
894 865 1346 920 maledictionem
1373 867 1582 920 factum
1601 883 1722 920 esse
1739 883 1838 937 pro
1857 867 2082 936 populo,

495 975 596 1010 nec
623 956 814 1010 statim
843 955 948 1021 hoc
977 953 1229 1008 tribuens
1263 961 1318 1007 et
1343 954 1514 1024 justis
1535 955 1669 1008 viris
1687 953 1968 1008 videbitur
1995 955 2087 1009 de-

495 1047 718 1102 trahere
749 1043 1045 1109 Salvatori,
1078 1043 1236 1112 quasi
1265 1043 1405 1097 nihil
1438 1043 1780 1114 praecipuum
1821 1050 1878 1098 et
1905 1043 2085 1098 excel-

497 1135 616 1188 lens
639 1133 916 1198 habuerit,
945 1133 1125 1186 factus
1145 1149 1245 1202 pro
1274 1131 1432 1186 nobis
1465 1133 1844 1190 maledictum.
1877 1149 2004 1186 cum
2033 1137 2090 1186 et

408 1287 418 1292 _
495 1224 680 1278 caeteri
710 1239 811 1292 pro
841 1221 965 1275 aliis
997 1221 1355 1276 maledictum
1401 1221 1530 1274 facti
1560 1222 1692 1276 sint.
1727 1223 1906 1278 Nemo
1938 1221 2087 1276 enim

497 1313 720 1368 illorum
733 1310 990 1381 quamvis
1009 1309 1185 1363 factus
1205 1310 1375 1364 fuerit
1387 1310 1511 1380 ipse
1534 1309 1872 1373 maledictio,
1887 1311 1956 1364 de
1975 1327 2090 1364 ma-

497 1400 697 1454 ledicto
713 1397 1032 1468 quempiam
1058 1397 1330 1460 liberavit,
1346 1397 1554 1466 absque
1575 1399 1690 1451 solo
1709 1397 1946 1452 Domino
1957 1399 1982 1450 J
1991 1414 2089 1455 esu

499 1489 740 1546 Christo,
767 1487 861 1556 qui
879 1485 1124 1556 pretioso
1155 1487 1429 1553 sanguine
1451 1504 1570 1548 suo.
1592 1493 1649 1539 et
1679 1503 1779 1542 nos
1809 1502 2002 1542 omnes
2034 1493 2091 1540 et

499 1577 666 1646 ipsos,
699 1576 928 1642 Moysen
957 1575 1080 1627 dico
1110 1580 1168 1628 et
1195 1576 1402 1636 Aaron,
1437 1575 1846 1646 prophetasque
1862 1581 2089 1630 cunctos

2171 507 2377 576 legenti
2407 507 2704 577 scrupulus
2742 511 3144 568 commovetur,
3194 502 3356 558 Pauli
3394 503 3558 557 verba
3589 505 3748 558 susci-

2171 596 2306 666 piat,
2340 595 2397 652 in
2428 595 2630 666 quibus
2649 595 2768 665 ipse
2796 595 2865 648 de
2896 611 2956 646 se
2986 593 3067 646 ait
3101 612 3111 645 :
3147 593 3463 647 Secundum
3475 595 3748 660 juslitiam

2169 701 2286 753 qua!
2314 688 2377 738 in
2411 689 2518 750 lege
2546 690 2620 736 est
2655 688 2774 740 sine
2802 683 3221 752 reprehensione
3236 683 3464 748 (Philip.
3497 684 3594 750 in).
3633 681 3752 734 Erat

2171 773 2560 843 igiturPaulus
2587 779 2724 826 tunc
2738 773 2928 842 justus
2947 771 3003 824 in
3028 772 3167 839 lege,
3202 771 3298 823 sed
3322 769 3556 823 necdum
3585 769 3753 822 vivere

2169 867 2391 932 poterat
2425 879 2435 913 :
2470 861 2603 932 quia
2629 878 2742 916 non
2774 859 3016 914 habebat
3041 859 3100 912 in
3123 876 3182 912 se
3212 859 3498 913 Christum
3529 858 3752 928 loquen-

2169 957 2281 1004 tem
2317 969 2327 1002 :
2360 951 2469 1016 Ego
2499 967 2622 1004 sum.
2655 952 2772 1006 vita
2799 952 2958 1015 (Joan
2993 951 3090 1016 xi).
3115 949 3179 1002 In
3209 963 3375 1018 quem
3403 946 3636 1000 credens
3662 963 3753 1017 po-

2169 1044 2291 1091 stea
2320 1038 2490 1108 coepit
2518 1037 2718 1091 vivere.
2761 1037 3054 1092 Faciamus
3097 1042 3154 1089 et
3192 1052 3294 1090 nos
3333 1034 3545 1104 aliquid
3584 1035 3754 1088 simile

2174 1126 2305 1180 huic
2327 1127 2474 1196 quod
2507 1126 2728 1180 dicitur.
2758 1129 2948 1179 Justus
2978 1143 3040 1178 es:
3071 1125 3178 1193 ﬁde
3210 1127 3367 1189 eicit,
3401 1129 3458 1176 et
3477 1122 3752 1177 dicamus:

2173 1216 2374 1269 Castus
2395 1232 2458 1269 ex
2484 1215 2593 1276 ﬁde
2621 1214 2770 1272 vivit,
2805 1214 3026 1284 sapiens
3067 1230 3130 1266 ex
3161 1213 3268 1266 ﬁde
3318 1211 3466 1276 vivit,
3507 1211 3663 1264 {ortis
3697 1228 3755 1264 ex

2172 1304 2281 1358 ﬁde
2309 1303 2459 1368 vivit,
2494 1309 2550 1357 et
2583 1291 2854 1356 a'cazteris
2907 1303 3179 1356 virtutum
3223 1300 3496 1372 partibus,
3529 1299 3758 1356 vicinam

2172 1391 2510 1446 sententiam
2539 1391 2890 1462 proferamus
2921 1391 3215 1444 adversum
3263 1406 3358 1444 eos
3389 1389 3484 1459 qui
3518 1387 3572 1440 in
3605 1389 3758 1441 Chri-

2171 1486 2322 1534 stum
2345 1497 2456 1534 non
2479 1481 2790 1545 credentes,
2805 1481 2980 1532 fortes
3001 1486 3058 1532 et
3075 1479 3374 1549 sapientes,
3389 1484 3761 1548 temperantes

2172 1587 2231 1623 se
2264 1575 2466 1640 putant
2490 1587 2610 1622 esse
2641 1570 2726 1621 vel
2748 1570 2953 1638 justos,
2984 1574 3046 1621 ut
3083 1569 3264 1620 sciant
3311 1567 3528 1620 nullum
3560 1564 3762 1635 absque

499 1645 556 1719 et
576 1665 942 1736 patriarchas,
961 1663 1030 1717 de
1064 1663 1360 1720 maledicto
1405 1663 1544 1733 legis
1574 1663 1828 1726 redemit,
1855 1681 1956 1719 nec
1987 1665 2090 1720 hoc
2109 1645 2155 1704 Β
2174 1659 2396 1712 Christo
2417 1659 2616 1721 vivere,
2632 1657 2753 1712 sine
2773 1674 2884 1728 quo
2905 1656 3088 1710 omnis
3105 1656 3280 1710 virtus
3293 1655 3347 1708 in
3370 1653 3502 1708 vitio
3523 1661 3628 1707 est.
3665 1655 3763 1706 Po-

500 1773 564 1808 ex
592 1771 716 1808 meo
759 1769 927 1806 sensu
947 1752 1156 1806 dictum
1197 1752 1422 1822 putetis.
1450 1753 1739 1822 Scriptura
1765 1753 1926 1807 testis
1957 1759 2042 1807 est
2075 1771 2085 1806 :

502 1846 643 1910 Quia
673 1844 924 1896 lx'hrislus
951 1843 1138 1908 gratia
1169 1841 1266 1893 Dei
1295 1841 1373 1905 (ΙΙ
1399 1841 1521 1895 Cor.
1550 1844 1624 1908 v),
1649 1840 1763 1894 sive
1793 1847 1854 1894 ut
1885 1840 1943 1894 in
1965 1841 2090 1910 qui-

501 1931 734 1986 busdam
766 1928 1174 1998 exemplaribus
1202 1929 1424 1998 legitur,
1443 1930 1638 1998 absque
1665 1931 1770 1982 1)ίό
1785 1945 1886 1996 pro
1915 1932 2093 1982 omni-

499 2023 599 2074 bus
643 2025 894 2074 mortuus
933 2024 1005 2072 est
1047 2037 1063 2071 :
1114 2017 1380 2072 siautem
1428 2034 1530 2087 pro
1572 2017 1848 2083 omnibus,
1895 2024 1952 2071 et
1994 2034 2093 2088 pro

500 2111 710 2180 Moyse,
739 2115 796 2161 et
825 2125 924 2177 pro
952 2107 1228 2161 universis
1275 2107 1580 2177 prophetis,
1615 2125 1644 2159 e
1675 2106 1877 2176 quibus
1908 2107 2094 2160 nullus

502 2197 686 2266 potuit
702 2196 888 2250 delere
902 2195 1338 2265 chirographum
1358 2201 1512 2250 vetus
1523 2194 1670 2265 quod
1681 2195 1975 2254 adversum
1995 2211 2094 2248 nos

501 2285 771 2357 scriptum
821 2291 961 2349 erat,
1007 2289 1062 2336 et
1117 2284 1342 2354 efﬁgere
1375 2283 1512 2338 illud
1554 2284 1706 2338 cruci
1737 2284 1958 2350 ((701033.
1989 2291 2045 2350 ιι)
2081 2301 2091 2334 ;

505 2377 698 2430 Omnes
725 2378 1083 2442 pcecaremnt
1115 2378 1162 2425 et
1185 2375 1434 2439 indigent
1449 2376 1630 2440 gloria
1655 2373 1750 2426 Dei
1781 2374 1950 2438 (Rom.
1987 2374 2091 2437 lli);

2171 1754 2282 1802 test
2293 1763 2538 1817 praesens
2549 1745 2935 1800 testimonium
2957 1753 3015 1800 et
3033 1745 3112 1802 sic
3127 1745 3254 1814 legi,
3291 1764 3315 1795 ί(
3333 1744 3470 1814 quia
3483 1744 3677 1812 justus
3704 1759 3764 1796 ex

2172 1837 2300 1894 ﬁde.
2311 1857 2336 1886 ·ι›
2351 1843 2414 1890 ut
2425 1836 2684 1906 deinceps
2699 1835 2920 1899 inferat,
2940 1854 2965 1886 ί(
2985 1834 3168 1888 vivit.»
3189 1833 3347 1897 Quod
3359 1839 3546 1887 autem
3564 1831 3764 1902 inquit:

2175 1927 2278 1979 Lar.
2308 1941 2418 1978 non.
2456 1930 2529 1978 est
2563 1941 2626 1976 ea:
2661 1925 2782 1992 ﬁde,
2813 1925 2904 1978 sed
2925 1940 3020 1991 qui
3059 1925 3348 1990 ﬁwritra,
3380 1925 3517 1974 viret
3541 1925 3604 1974 in
3637 1924 3764 1974 illis.

2177 2013 2629 2068 manifestissime
2683 2013 3122 2077 demonstratur,
3155 2023 3267 2064 non
3290 2010 3602 2080 simplicem
3661 2009 3762 2062 dici

2177 2102 2367 2166 vitam,
2400 2102 2498 2154 sed
2531 2117 2655 2154 eam
2702 2117 2823 2172 qum
2863 2102 3138 2154 referatur
3175 2100 3246 2153 ad
3288 2099 3521 2168 aliquid,
3555 2102 3764 2166 justus,

2178 2194 2372 2260 quippe
2400 2209 2464 2243 cs:
2493 2193 2595 2257 ﬁde
2627 2193 2761 2244 vivit
2797 2209 2812 2243 :
2845 2197 2902 2243 et
2930 2207 3041 2243 non
3063 2189 3306 2253 additur,
3339 2187 3397 2242 in
3427 2187 3534 2250 his,
3567 2187 3686 2240 sive
3713 2185 3765 2238 in

2177 2280 2305 2334 illis.
2339 2279 2544 2332 Vivens
2571 2284 2762 2334 autem
2801 2279 2858 2332 in
2889 2279 3030 2348 lege,
3065 2277 3157 2348 qui
3188 2277 3383 2330 fecerit
3410 2293 3495 2336 ea,
3539 2275 3690 2328 vivet
3719 2274 3770 2326 in

2179 2368 2288 2422 illis
2323 2386 2332 2418 :
2384 2368 2492 2421 hoc
2517 2374 2604 2421 est
2641 2367 2698 2420 in
2725 2367 2812 2420 his
2844 2383 2966 2436 quae
2994 2366 3141 2432 fecit,
3177 2381 3298 2436 quae
3329 2363 3546 2435 putavit
3574 2363 3726 2418 bona
3758 2381 3767 2414 :

505 2463 836 2517 Ecclesiaste
865 2478 1086 2531 quoque
1101 2461 1242 2514 hanc
1259 2462 1521 2514 ﬁrmante
1533 2461 1868 2514 sententiam
1889 2478 1898 2511 :
1923 2461 2092 2514 Homo
2176 2456 2490 2510 mercedem
2513 2455 2720 2513 laboris
2748 2455 2835 2509 sui
2866 2455 3075 2508 habens
3099 2470 3163 2507 ea
3194 2459 3414 2508 tantum
3435 2469 3628 2522 opera,
3655 2469 3773 2522 qua:

506 2569 610 2604 non
645 2557 719 2604 est
723 2554 912 2618 justus
941 2553 1002 2602 in
1035 2555 1202 2613 terra,
1225 2553 1322 2616 qui
1339 2552 1509 2615 faciat
1541 2551 1742 2608 bonum
1771 2555 1820 2602 et
1853 2566 1958 2602 non
1981 2565 2095 2616 prc-
2176 2545 2322 2610 fecit,
2357 2545 2468 2598 sive
2496 2543 2907 2614 longitudinem
2939 2543 3083 2608 vitae,
3121 2547 3185 2596 ut
3213 2541 3387 2608 Judaei
3408 2547 3633 2612 putant,
3666 2540 3775 2594 sive

505 2645 580 2691 ut
615 2640 805 2705 (Eccle.
839 2642 952 2704 vn).
983 2639 1234 2708 Denique
1265 2643 1322 2690 et
1350 2637 1583 2691 inferius
1610 2637 1861 2708 Apostoli
1883 2638 2091 2692 dictum
2177 2632 2608 2692 declinationem
2641 2649 2837 2702 poenae,
2871 2649 2972 2702 per
3015 2648 3182 2702 quam
3213 2636 3600 2700 transgressor
3639 2627 3777 2697 legis

510 2727 805 2781 manifeste
834 2727 997 2779 docet
1025 2743 1126 2780 nec
1144 2727 1394 2796 Moysen,
1419 2743 1520 2779 nec
1549 2725 1826 2780 illustrem
1851 2727 2095 2796 aliquem
2179 2721 2477 2776 occiditur:
2517 2721 2740 2774 «vivere
2751 2727 2940 2778 autem
2963 2720 3022 2776 in
3045 2720 3196 2772 illis»
3226 2735 3337 2773 non
3348 2724 3612 2788 putemus
3627 2719 3778 2788 Apo-

506 2816 576 2870 de
589 2815 837 2884 antiquis
858 2815 1040 2868 virum
1058 2813 1208 2884 apud
1225 2814 1401 2868 Deum
1411 2813 1709 2884 justiﬁcari
1722 2815 1968 2884 potuisse
1999 2831 2099 2886 per
2179 2810 2308 2864 stoli
2339 2809 2508 2862 verba
2531 2827 2672 2872 esse,
2699 2809 2792 2863 sed
2845 2809 3145 2863 Ezechielis
3182 2808 3487 2878 prophetae,
3525 2807 3622 2876 qui
3655 2807 3738 2859 ait
3767 2823 3778 2856 :

512 2905 710 2973 legem,
755 2902 1009 2972 sequitur
1037 2903 1186 2955 enim
1232 2921 1242 2954 :
1291 2903 1430 2968 Quia
1471 2907 1650 2954 autem
1691 2907 1754 2955 in
1797 2907 1906 2971 lege
1942 2920 2098 2956 nemo
2121 2959 2158 2973 η
2181 2899 2245 2953 Et
2276 2900 2442 2955 eduxi
2458 2916 2540 2952 eos
2577 2901 2640 2952 in
2673 2899 2967 2962 desertum,
3017 2904 3063 2952 ct
3103 2899 3229 2951 dedi
3259 2900 3334 2950 eis
3361 2901 3631 2965 ΡνετειῬία
3665 2910 3783 2948 θηθα

496 2994 905 3060 ,Ῐιιδιίβεαῦἱειιν
968 2992 1119 3059 apud
1160 2992 1352 3054 Deum,
1400 2993 1778 3060 mam‘festum_
1819 2997 1911 3057 est,
1963 2987 2670 3060 quiauetjustiﬁcationes
2711 3003 2856 3040 meas
2897 2989 3272 3040 demonstravi
3307 2988 3380 3038 eis
3428 3001 3564 3054 quas
3611 2987 3779 3051 faciet

494 3054 683 3148 gustus
715 3097 780 3134 ραν
820 3081 922 3146 ﬁde
955 3054 1108 3132 vivit.
1161 3077 1395 3146 (Ambr.)
1437 3079 1516 3131 Ac
1553 3054 1654 3148 per
1691 3054 1794 3132 11d
1830 3054 2096 3134 receden-
2179 3054 2352 3138 homo,
2380 3082 2425 3129 et
2443 3078 2580 3130 viret
2598 3079 2662 3129 in
2690 3079 2764 3129 eis
2785 3077 2993 3142 (Ezech.
3020 3077 3137 3143 xx).
3164 3074 3356 3144 [Aug.]
3380 3074 3576 3143 Itaque
3611 3071 3783 3126 intel-

504 3170 639 3224 dum
667 3186 700 3222 a
731 3169 854 3238 lege
899 3168 1059 3222 docet
1092 3185 1102 3218 :
1147 3183 1216 3220 ne
1249 3166 1474 3236 justitia
1511 3183 1612 3236 per
1657 3167 1825 3221 ﬁdem
1867 3168 2099 3238 quaesita
2178 3164 2289 3234 lige
2305 3165 2486 3234 legem
2511 3163 2568 3219 in
2583 3163 2822 3218 hocloco
2839 3163 3088 3234 proipsis
3105 3161 3645 3233 operibuspositam.
3679 3159 3787 3224 Qui

503 3261 715 3328 pereat.

580 3348 683 3399 Lar
711 3350 895 3398 autem.
927 3361 1037 3398 non
1061 3349 1137 3397 est
1165 3361 1229 3397 ex
1258 3345 1379 3410 ﬁde,
1411 3345 1502 3397 sed
1520 3347 1619 3412 qui
1639 3347 1826 3410 [suerit
1845 3360 1923 3407 ea,
1960 3347 2096 3396 τίνει

504 3437 567 3486 in
589 3436 682 3487 cis.
710 3435 834 3488 Non
857 3438 944 3486 est
959 3448 1022 3486 ex
1045 3432 1152 3485 ﬁde
1174 3432 1278 3494 lex,
1305 3431 1439 3502 quia
1459 3431 1599 3484 nihil
1615 3431 1847 3485 mandat
1863 3431 2094 3484 creden-

503 3523 638 3580 dum
675 3540 684 3573 :
719 3521 909 3576 omnia
948 3521 1098 3574 enim
1129 3522 1252 3590 ejus
1278 3520 1576 3574 manifesta
1596 3525 1745 3583 sunt,
1780 3526 1843 3572 ut
1870 3535 2097 3572 servans

503 3611 686 3680 legem
707 3609 872 3674 vivat,
897 3609 944 3662 si
961 3608 1515 3680 quominus,necesse
1531 3613 1619 3662 est
1632 3608 1926 3678 plectatur,
1943 3607 2092 3676 quia,

505 3699 653 3768 quod
687 3697 847 3752 scivit
874 3697 1185 3761 vitandum,
1217 3697 1463 3750 admisit.
1496 3697 1688 3750 Potest
1715 3695 1918 3766 opponi
1949 3712 1978 3748 e
1999 3695 2096 3766 Idi-

503 3804 660 3842 verso
693 3793 750 3840 et
765 3787 892 3842 dici.
930 3786 988 3840 Si
1019 3786 1076 3841 in
1112 3787 1231 3854 lege
1265 3802 1430 3839 nemo
1455 3785 1818 3854 justiﬁcatur,
1849 3784 1983 3854 quid
2012 3790 2098 3838 est

503 3883 566 3930 ut
584 3876 972 3938 maledicatur,
986 3875 1082 3945 qui
1099 3874 1308 3944 aliquid
1327 3873 1724 3944 praeteritlegis
1749 3874 1773 3924 ?
1791 3890 1984 3926 verum
2013 3878 2098 3926 est

505 3965 638 4033 quia
667 3975 832 4021 nemo
855 3980 955 4032 per
983 3965 1160 4030 legem
1176 3962 1680 4032 justiﬁcaturapud
1700 3962 1879 4015 Deum
1899 3979 1910 4013 :
1934 3961 2098 4030 justi-

503 4055 705 4107 ﬁcatur
731 4057 922 4104 autem
943 4051 1090 4120 apud
1121 4051 1414 4115 mundum,
1448 4055 1511 4104 ut
1541 4066 1768 4104 securus
1795 4050 1869 4104 sit
1897 4050 1954 4102 in
1985 4049 2097 4102 vita

501 4139 781 4209 praesenti.
807 4138 865 4197 Si
883 4145 1074 4193 autem
1088 4138 1236 4208 apud
1267 4139 1444 4192 Deum
1459 4138 1758 4207 justiﬁcari
1783 4139 1901 4192 vult
1921 4143 1986 4192 ut
2014 4138 2095 4190 illi

503 4229 572 4284 ad
595 4227 862 4282 meritum
884 4226 1137 4297 proﬁciat
1163 4226 1221 4278 in
1251 4225 1341 4280 die
1365 4225 1561 4295 judicii
1590 4225 1711 4290 Dei,
1745 4233 2013 4296 sequatur
2033 4227 2094 4280 ﬁ-

2180 3258 2370 3306 autem
2389 3251 2648 3306 vivebant
2667 3252 2725 3306 in
2743 3252 2830 3306 his
2850 3251 3129 3323 operibus,
3161 3249 3437 3306 timebant
3468 3249 3670 3320 utique
3691 3264 3784 3308 ne,

2179 3341 2224 3394 si
2254 3357 2364 3394 non
2391 3358 2458 3395 ea
2483 3341 2765 3406 fecissent,
2785 3341 3180 3412 lapidationem
3211 3341 3295 3394 vel
3315 3355 3537 3393 crucem
3557 3339 3647 3392 vel
3681 3337 3786 3390 ali-

2179 3428 2312 3498 quid
2337 3429 2679 3502 hujusmodi,
2696 3436 3043 3500 paterentur.
3065 3430 3210 3499 Ergo
3235 3428 3328 3498 qui
3357 3427 3552 3482 fecerit
3579 3443 3672 3492 ea,
3705 3425 3790 3480 in-

2179 3517 2318 3586 quit,
2348 3517 2490 3571 vivet
2519 3517 2576 3571 in
2602 3517 2733 3584 illis,
2775 3518 2828 3572 id
2875 3524 2978 3586 est,
3021 3516 3246 3572 habebit
3271 3515 3585 3588 prmmium,
3626 3531 3701 3568 ne
3729 3514 3786 3568 in

2178 3605 2478 3658 istamorte
2497 3603 2783 3676 puniatur.
2818 3607 2942 3659 Non
2967 3623 3098 3674 ergo
3110 3606 3259 3676 apud
3280 3606 3479 3670 Deum,
3515 3605 3690 3674 cujus
3721 3619 3788 3656 ex

2177 3693 2287 3746 ﬁde
2317 3693 2364 3746 si
2395 3693 2520 3765 quis
2540 3694 2597 3747 in
2629 3695 2732 3748 hac
2757 3694 2870 3748 vita
2902 3693 3111 3760 vixerit,
3145 3692 3424 3747 cumhinc
3453 3692 3786 3754 excesserit,

2177 3787 2313 3836 tunc
2331 3782 2480 3836 enim
2504 3783 2682 3852 magis
2699 3782 2926 3836 habebit
2940 3781 3438 3853 praesentissimum
3452 3781 3788 3852 praemium.

2179 3871 2303 3924 Non
2335 3870 2525 3942 itaque
2556 3889 2620 3925 ex
2649 3871 2759 3925 ﬁde
2781 3871 2915 3924 vivit
2933 3871 3186 3941 quisquis
3209 3869 3506 3942 praisentia
3535 3886 3668 3939 quae
3703 3869 3786 3922 vi-

2179 3959 2402 4023 dentur,
2435 3961 2518 4012 vel
2549 3960 2718 4031 cupit,
2744 3961 2829 4013 vel
2875 3959 3056 4022 timet,
3091 3959 3224 4029 quia
3253 3959 3390 4012 ﬁdes
3417 3957 3515 4011 Dei
3537 3958 3612 4012 ad
3649 3957 3791 4012 invi-

2178 4045 2361 4100 sibilia
2387 4048 2648 4118 pertinet,
2699 4065 2822 4118 quai
2863 4053 2989 4120 post
3022 4047 3324 4102 dabuntur.
3358 4047 3504 4100 Nam
3550 4053 3647 4099 est
3677 4045 3790 4099 ista

2179 4136 2432 4205 quaedam
2463 4136 2522 4190 in
2549 4137 2808 4207 operibus
2837 4136 2975 4206 legis
2995 4136 3236 4206 justitia,
3270 4135 3493 4206 quando
3519 4134 3648 4189 sine
3682 4151 3794 4188 suo

2177 4223 2405 4294 prmmio
2427 4224 2620 4278 relicta
2648 4241 2758 4278 non
2788 4231 2890 4292 est,
2917 4232 2980 4279 ut
2999 4225 3094 4296 qui
3120 4224 3312 4278 fecerit
3329 4241 3412 4287 ea,
3437 4223 3580 4276 vivet
3593 4223 3660 4277 in
3683 4224 3794 4277 eis.

503 4273 572 4284 ¹’¹¹“⁸
595 4273 862 4282 ’⁸⁸ν’“““”“’“’
884 4273 938 4297 r"
955 4273 1136 4288 ‘r"""'
1163 4273 1221 4278 “”“
1255 4273 1338 4280 ”“’⁷
1365 4273 1561 4295 ιΙ“’“““““““
1591 4273 1711 4290 ’⁷⁷-Ὶ
1745 4273 2000 4296 ’“’“⁷“ι“““¹’”’““
2033 4273 2068 4280 ’⁸
2177 4273 2398 4294 ι“““’“--“
2427 4273 2443 4276 “
2461 4273 2618 4278 '_""'
2648 4273 2758 4278 "'"'
2792 4273 2890 4292 “'7
2922 4273 2979 4279 "'
3003 4273 3094 4296 Ί.“”
3121 4273 3254 4278 ""_
3268 4273 3311 4278 "
3335 4273 3412 4287 "‘7
3448 4273 3486 4276 "
3504 4273 3509 4274 ⁷
3531 4273 3660 4277 ""'
3691 4273 3793 4277 “'""

488 4318 650 4381 dem,
684 4316 933 4387 alioquin
962 4315 1050 4369 hic
1096 4330 1346 4374 securus,
1399 4329 1528 4368 reus
1576 4314 1684 4367 erit
1729 4314 1788 4367 in
1817 4273 2332 4369 futurum.DUnde
2361 4318 2418 4365 et
2443 4313 2514 4366 ad
2553 4313 2834 4367 Romanos
2869 4313 3042 4368 dicit:
3094 4313 3156 4366 Si
3201 4315 3349 4366 enim
3387 4313 3684 4366 Abraham
3729 4329 3798 4366 ea:

499 4406 736 4462 Prodest
751 4421 883 4474 ergo
905 4405 1009 4470 lex,
1031 4404 1128 4458 sed
1149 4419 1271 4473 quae
1289 4403 1349 4456 in
1382 4401 1586 4458 tabulis
1603 4402 1812 4473 scripta
1825 4409 1928 4468 est,
1960 4420 2092 4458 nam

500 4501 719 4558 caetera,
741 4494 884 4548 sicut
902 4492 1062 4558 dixit,
1086 4497 1150 4546 ut
1161 4491 1318 4545 oneri
1343 4497 1528 4545 essent
1549 4491 1683 4557 data
1709 4497 1859 4546 sunt.
1895 4491 2094 4562 (Πίον.)

505 4583 832 4652 Exemplum
862 4599 972 4652 quo
1021 4579 1290 4650 probatur
1311 4581 1528 4650 justum
1561 4596 1626 4633 ex
1665 4579 1772 4634 ﬁde
1798 4579 1998 4644 vivere,
2039 4586 2097 4634 et

503 4688 614 4729 non
644 4688 710 4724 ex
738 4669 1018 4740 operibus,
1050 4670 1118 4722 de
1149 4668 1372 4724 Abacuc
1399 4669 1675 4740 propheta
1701 4668 1832 4732 tulit
1871 4669 2091 4734 (Habac.

503 4765 580 4827 ιι),
614 4759 760 4829 quod
792 4758 872 4812 ita
900 4758 1272 4828 Septuaginta
1285 4758 1624 4828 interpretes
1643 4757 1940 4812 ediderunt
1971 4759 2098 4812 :J-u-

501 4854 618 4926 stu;
647 4851 832 4899 autem
857 4862 920 4898 ar
953 4861 1070 4898 mea
1091 4847 1193 4912 ﬁde
1222 4849 1378 4900 rivit.
1409 4845 1614 4916 Aquila
1651 4851 1708 4898 et
1739 4845 2046 4898 Theodotio
2078 4862 2088 4895 :

499 4939 689 4991 Justus
709 4939 894 4987 autem
922 4951 985 4987 cs:
1012 4937 1126 5002 ejus
1146 4936 1248 5002 ﬁde
1269 4938 1420 4998 civit,
1457 4933 1512 4987 id
1545 4939 1647 4998 est,
1679 4933 1800 4988 Dei.
1825 4932 2094 4986 Conside-

503 5023 742 5078 randum
783 5022 977 5092 utique
1009 5022 1142 5092 quia
1173 5039 1286 5076 non
1316 5021 1536 5087 dixerit,
1570 5022 1736 5074 homo
1767 5026 1867 5074 aut
1892 5021 1994 5085 vir,
2029 5037 2094 5073 ex

503 5113 611 5178 ﬁde
631 5111 782 5174 vixit,
802 5127 872 5165 ne
893 5111 1238 5164 occasionem
1257 5109 1531 5162 tribueret
1549 5109 1620 5162 ad
1636 5108 1905 5163 virtutum
1925 5125 2095 5179 opera

501 5198 929 5264 contemnenda,
949 5198 1066 5260 sed,
1089 5198 1277 5266 justus
1293 5212 1359 5249 ex
1373 5195 1481 5248 ﬁde
1500 5195 1650 5259 vivit,
1685 5201 1749 5249 ut
1776 5195 2094 5266 quicunque

504 5287 681 5340 ﬁdelis
710 5291 856 5340 esset
883 5290 941 5339 et
967 5301 1068 5355 per
1087 5285 1254 5338 ﬁdem
1287 5283 1547 5348 victurus,
1571 5270 1684 5337 non
1711 5283 1877 5336 aliter
1906 5288 2095 5353 posset

503 5375 572 5429 ad
603 5375 773 5428 ﬁdem
803 5374 1008 5440 venire,
1041 5373 1123 5426 vel
1157 5373 1215 5426 in
1245 5389 1310 5426 ea
1337 5371 1538 5438 vivere,
1579 5371 1684 5426 nisi
1723 5372 1880 5443 prius
1905 5373 2094 5442 justus

500 5463 715 5539 ﬁxisset,
748 5469 807 5518 et
836 5461 1078 5534 puritate
1107 5461 1229 5516 vitae
1259 5460 1417 5532 quasi
1453 5459 1785 5532 quibusdam
1828 5461 1899 5516 ad
1927 5460 2093 5515 ﬁdem

2175 4402 2424 4469 operibus
2447 4403 2777 4469 iustificatus
2798 4407 2891 4466 est,
2920 4403 3072 4456 habet
3093 4404 3354 4469 gloriam,
3378 4402 3470 4454 sed
3491 4416 3606 4453 non
3628 4401 3801 4469 apud

2177 4489 2348 4542 Deum
2366 4490 2651 4558 (Ronuv).
2679 4490 2847 4544 Aliud
2868 4496 2954 4544 est
2989 4506 3120 4559 ergo
3143 4505 3252 4542 non
3267 4487 3586 4558 justiﬁcari,
3628 4489 3796 4542 aliud

2179 4593 2290 4631 non
2315 4577 2614 4647 justiﬁcari
2631 4578 2778 4649 apud
2802 4579 2982 4632 Deum
3009 4596 3019 4630 :
3053 4577 3148 4648 qui
3180 4576 3406 4632 omnino
3434 4592 3546 4629 non
3569 4577 3804 4646 justiﬁ-

2179 4672 2340 4720 catur
2371 4683 2473 4720 nec
2501 4667 2600 4722 illa
2641 4673 2825 4732 servat
2867 4684 2988 4738 quae
3033 4666 3344 4737 temporale
3394 4665 3605 4720 habent
3637 4683 3803 4737 pra:-

2180 4755 2374 4821 mium,
2407 4755 2616 4812 necilla
2636 4771 2758 4826 quae
2774 4760 3048 4810 aeternum
3076 4773 3086 4808 :
3112 4754 3206 4825 qui
3229 4759 3420 4808 autem
3439 4753 3495 4808 in
3514 4753 3807 4824 operibus

2176 4843 2314 4914 legis
2331 4843 2698 4914 justiﬁcatur,
2725 4861 2836 4898 non
2867 4843 3014 4914 apud
3045 4844 3225 4898 Deum
3250 4842 3621 4914 justiﬁcatur,
3654 4844 3808 4913 quia

2175 4931 2542 5002 temporalem
2562 4932 2691 4986 inde
2717 4936 2999 5004 exspectat
3019 4931 3403 5005 visibilemque
3431 4931 3798 4986 mercedem.

2176 5019 2272 5072 sed
2304 5025 2492 5074 tamen
2511 5025 2598 5074 est
2611 5021 2778 5074 etiam
2791 5020 2898 5074 ista
2922 5026 2986 5074 ut
3007 5019 3118 5073 dixi
3141 5019 3396 5090 quaedam
3418 5025 3481 5074 ut
3497 5019 3801 5074 sicdicain

2175 5112 2402 5160 terrena
2427 5107 3039 5178 camalisquejustitia:
3067 5124 3196 5162 nam
3227 5114 3285 5161 et
3315 5107 3434 5178 ipse
3462 5109 3798 5180 Apostolus

2176 5211 2302 5248 eam
2324 5196 2606 5265 justitiam
2625 5202 2803 5262 vocat,
2825 5213 2954 5250 cum
2981 5197 3114 5250 alibi
3126 5197 3278 5262 dicit,
3304 5218 3328 5247 ι(
3355 5195 3644 5267 justitiam
3659 5215 3810 5268 quae

2175 5283 2234 5337 in
2246 5284 2368 5354 lege
2380 5290 2483 5352 est,
2502 5291 2859 5339 conversatus
2879 5285 2974 5355 qui
2996 5285 3195 5340 fuerim
3217 5285 3337 5339 sine
3351 5285 3594 5356 querela.
3609 5305 3639 5336 ι)
3651 5286 3810 5340 Pro—

2175 5379 2370 5442 pterea
2394 5373 2663 5428 Dominus
2687 5375 2714 5426 J
2721 5389 2852 5427 esus
2883 5373 3004 5444 jam
3033 5373 3352 5429 libertatem
3381 5374 3619 5428 daturus
3660 5393 3812 5430 cre-

2175 5460 2436 5516 dentibus
2464 5461 2718 5532 quaadam
2741 5477 2936 5516 earum
2967 5461 3418 5518 Observationum
3449 5477 3561 5516 non
3586 5478 3814 5519 serva-
