4034 6162
339 220 424 274 293

724 284 737 303 \

736 214 1303 270 ENARRATIONUM
1346 218 1421 270 IX
1462 217 1613 270 EPP.
1658 217 1869 275 PAULI
1910 218 2044 271 LIB.
2088 216 2236 271 XIV.
2271 218 2433 271 -ΙΝ
2476 217 2695 273 EPIST.
2740 219 2788 272 ll
2829 219 2924 271 AD
2965 218 3125 271 L‘UR.

3464 220 3565 276 294

337 344 399 395 vit
420 341 482 395 ad
506 340 763 402 litteram,
792 339 940 395 unde
967 339 1137 395 etiam
1170 356 1298 393 cum
1318 339 1550 394 sabbato
1571 341 1883 395 esurientes
1903 345 1947 401 A
1969 342 2161 396 timuit
2189 343 2394 405 dicere,
2428 359 2526 409 pro
2559 343 2710 396 nobis
2749 344 3005 394 omnibus
3044 338 3295 398 mortuus
3325 350 3417 396 cst.
3454 345 3567 399 lloc

332 429 554 500 discipuli
574 428 750 497 spicas
767 428 1116 489 evulsissent,
1138 429 1428 499 respondit
1442 428 1884 499 indignantibus,

330 518 595 572 Dominum
616 533 736 570 esse
759 517 937 573 ﬁlium
953 517 1194 571 hominis
1212 517 1382 571 etiam
1395 517 1612 571 sabbati
1635 520 1883 589 (LUC.VI).

330 609 493 675 Itaque
531 606 623 659 illa
669 606 971 659 carnaliter
1013 623 1125 660 non
1164 604 1527 673 observando,
1579 608 1888 661 carnalium

325 694 655 763 conflagravit
666 694 1018 759 invidiam,et
1032 696 1277 767 suscepit
1289 696 1515 766 quidem
1530 713 1751 767 poenam
1765 713 1889 767 pro-

326 784 533 853 positam
562 783 671 836 illis
701 784 798 853 qui
828 800 954 837 eam
984 800 1095 838 non
1124 784 1546 838 observassent:
1575 786 1672 839 sed
1694 792 1757 839 ut
1774 803 1889 838 cre-

322 873 490 926 dentes
513 872 571 924 in
602 889 660 925 se
688 873 817 925 talis
846 889 1020 941 paenae
1048 872 1250 927 timore
1279 872 1560 937 liberaret,
1582 891 1690 945 quo
1714 875 1887 944 perti-

324 969 400 1015 net
421 960 556 1030 quod
584 961 846 1032 adjungit
865 980 875 1012 :
897 964 1145 1015 Christus
1162 979 1257 1015 nos
1276 964 1503 1017 redemit
1520 965 1581 1015 de
1601 966 1888 1017 maledicto

323 1053 450 1117 legis,
469 1051 643 1116 factus
658 1066 763 1119 pro
776 1036 939 1104 nobis
963 1053 1335 1111 maledictum,
1353 1056 1488 1119 quia
1501 1055 1771 1121 scriptan
1791 1058 1886 1105 cst:

322 1140 611 1191 .llatedictus
640 1142 822 1193 omnis
839 1142 937 1208 qui
958 1141 1151 1207 pendet
1174 1143 1232 1192 in
1265 1143 1435 1209 ligno,
1459 1147 1518 1193 ut
1543 1145 1601 1193 in
1637 1142 1888 1209 gentibus

321 1227 585 1279 benedictio
601 1228 835 1281 Abrahae
852 1220 1002 1293 mm
1024 1231 1082 1281 in
1108 1230 1320 1282 Christo
1338 1231 1485 1293 Jcsu,
1508 1235 1570 1283 ut
1601 1232 1891 1297 repromis-

318 1319 495 1367 sionem
525 1318 758 1382 spiritus
786 1320 1122 1384 accipiamus
1157 1333 1258 1385 per
1287 1319 1467 1383 ﬁdem.
1512 1318 1717 1383 (Amb.)
1749 1319 1890 1371 Cum

318 1420 459 1458 nemo
488 1411 708 1473 poterat
735 1404 969 1474 implere
998 1405 1199 1475 legem,
1225 1406 1305 1458 rei
1326 1412 1487 1459 erant
1508 1424 1703 1460 omnes
1724 1407 1892 1459 male-

317 1493 443 1545 dicto
468 1493 622 1562 legis,
676 1497 741 1545 ut
786 1493 1094 1547 vindicaret
1139 1493 1194 1548 in
1246 1511 1359 1560 eos,
1411 1494 1666 1549 Christus
1702 1500 1892 1548 autem

317 1582 462 1635 homo
488 1588 677 1645 natus,
714 1581 935 1636 oblatus
966 1599 1001 1635 a
1028 1583 1194 1647 Patre
1210 1600 1309 1653 pro
1334 1582 1511 1647 nobis,
1537 1583 1775 1637 redemit
1792 1600 1894 1635 nos

1970 438 2055 484 est
2083 432 2252 495 enim,
2285 438 2537 485 mortuus
2554 437 2656 494 est,
2680 431 2827 503 quod
2850 431 3229 495 maledictum,
3254 432 3387 502 quia
3418 450 3569 489 mors

1972 519 2091 589 ipsa
2122 538 2185 572 ex
2216 520 2514 574 maledicto
2540 526 2642 573 est.
2670 520 2738 573 Et
2760 519 3118 573 maledictum
3150 526 3235 573 est
3262 537 3427 575 omne
3447 538 3569 593 pec-

1970 616 2176 673 catum,
2213 609 2327 664 sive
2358 609 2541 679 ipsum
2580 608 2725 679 quod
2758 609 2820 661 ﬁt
2848 614 2913 661 ut
2926 615 3194 679 sequatur
3209 610 3565 679 supplicium,

1970 697 2084 750 sive
2114 698 2297 767 ipsum
2329 697 2684 768 supplicium,
2719 697 2864 767 quod
2886 696 2996 751 alio
3015 697 3181 750 modo
3204 704 3428 751 vocatur
3442 716 3569 769 pec-

1970 792 2179 845 catum,
2198 786 2331 856 quia
2351 788 2415 839 ﬁt
2436 804 2499 838 ex
2530 791 2775 857 peccato.
2811 786 3067 855 Suscepit
3095 792 3281 839 autem
3315 786 3572 855 Christus

1970 874 2088 929 sine
2111 882 2267 929 reatu
2290 875 2622 946 supplicium
2649 881 2921 938 nostrum,
2948 880 3010 928 ut
3028 874 3158 927 inde
3185 875 3424 931 solveret
3445 893 3569 930 rea-

1973 970 2094 1017 tum
2126 969 2399 1021 nostrum,
2435 970 2492 1017 et
2518 963 2707 1017 ﬁniret
2733 963 2903 1017 etiam
2924 963 3261 1033 supplicium
3290 970 3566 1034 nostrum.

1974 1053 2119 1105 Misit
2153 1054 2308 1117 Deus,
2328 1051 2537 1122 inquit,
2557 1053 2759 1104 Filium
2780 1069 2941 1104 suum
2976 1055 3039 1104 in
3059 1054 3431 1107 sinn'litudinc
3452 1070 3572 1109 car-

1974 1143 2059 1192 nis
2078 1144 2280 1208 peccati
2310 1143 2478 1201 (Itoni.
2505 1145 2631 1207 vm),
2666 1158 2730 1194 eo
2758 1140 2880 1210 ipso
2914 1156 3023 1210 quo
3044 1140 3300 1194 mortalis
3325 1146 3467 1211 erat,
3502 1142 3573 1197 si-

1975 1228 2352 1287 militudinem
2402 1228 2641 1282 habebat
2688 1228 2871 1283 carnis
2912 1228 3142 1301 peccati,
3190 1230 3294 1283 hoc
3329 1231 3574 1301 appellat

1973 1317 2141 1370 etiam
2174 1323 2461 1387 peccatum
2491 1325 2898 1388 consequenter
2929 1318 3135 1375 dicens,
3180 1319 3237 1371 Ut
3268 1318 3330 1372 dc
3360 1325 3572 1386 peccato

1975 1408 2266 1459 damnaret
2292 1412 2566 1473 peccatum
2605 1410 2665 1460 in
2685 1423 2850 1459 curnr
2882 1407 3043 1469 (Ibid.
3052 1420 3089 1473 ).
3110 1410 3224 1460 Cur
3253 1424 3385 1476 ergo
3406 1407 3573 1461 time-

1980 1501 2064 1547 ret
2091 1495 2310 1565 Moyses
2340 1495 2543 1558 dicere,
2579 1496 2941 1548 maledictum
2971 1496 3117 1565 quod
3148 1496 3356 1551 Paulus
3376 1513 3486 1550 non
3506 1496 3576 1555 ti-

1977 1583 2123 1637 muit
2138 1583 2320 1637 dicere
2337 1589 2646 1654 peccatum.
2672 1584 2831 1647 Quod
2849 1589 3040 1637 autem
3062 1583 3319 1637 additum
3340 1592 3442 1648 est,
3465 1601 3576 1637 om-

314 1668 580 1723 adiabolo.
600 1671 773 1724 Morti
795 1670 947 1724 enim
968 1671 1244 1725 volentem
1266 1672 1674 1727 oll‘erensillum
1692 1688 1791 1743 pro
1804 1661 1958 1725 hisB
1982 1674 2070 1725 nis
2099 1675 2197 1740 qui
2232 1676 2292 1725 in
2322 1675 2472 1738 ligno
2508 1674 2785 1741 pependit,
2816 1688 2926 1725 non
2958 1689 3093 1725 sane
3132 1673 3351 1743 Moyses
3392 1673 3576 1729 minus

316 1758 395 1828 qui
416 1759 711 1813 maledicto
733 1760 874 1830 legis
897 1765 1059 1814 erant
1080 1759 1323 1821 obnoxii,
1350 1760 1713 1814 maledictum
1734 1760 1894 1814 illum

316 1847 427 1901 fecit
450 1847 550 1901 hoc
578 1848 772 1911 modo,
813 1849 959 1902 sicut
1005 1849 1062 1903 in
1116 1850 1237 1917 lege
1284 1849 1467 1903 hostia
1517 1866 1616 1919 pro
1656 1849 1895 1919 peccatis

314 1936 477 1989 oblata
502 1944 799 2006 peccatum
818 1937 1264 2009 nuncupabatur,
1284 1944 1583 2008 propterea
1602 1955 1701 2008 pro
1718 1939 1893 1992 male-

313 2024 455 2078 dictis
492 2024 737 2091 oblatus,
787 2026 964 2080 factus
1006 2034 1091 2080 est
1136 2027 1515 2087 maledictum,
1557 2027 1691 2080 dum
1735 2027 1894 2096 quasi

312 2122 545 2181 peccator
573 2114 872 2187 occiditur.
910 2115 1040 2169 Ideo
1070 2132 1180 2169 non
1211 2115 1365 2180 dixit,
1399 2115 1575 2169 factus
1605 2100 1703 2185 pro
1735 2115 1895 2169 nobis

312 2202 643 2265 maledictus,
690 2204 787 2256 sed
820 2204 1199 2259 maledictum.
1248 2206 1299 2258 Is
1339 2204 1489 2258 enim
1531 2204 1625 2275 qui
1666 2211 1896 2275 propter

312 2298 579 2361 peccatum
614 2292 912 2363 proprium
951 2292 1118 2346 morti
1159 2292 1514 2357 olferebatur,
1566 2293 1895 2349 maledictus

312 2378 477 2439 ﬁebat,
512 2381 568 2434 in
599 2397 713 2434 sua
729 2381 880 2435 enim
905 2398 1074 2436 causa
1094 2381 1456 2453 moriebatur.
1489 2383 1559 2435 Et
1589 2382 1635 2435 si
1664 2382 1894 2452 propius

311 2469 544 2538 aspicias,
580 2469 802 2523 videbis
847 2470 1152 2535 Christum,
1198 2470 1559 2524 maledictum
1588 2487 1785 2524 eorum
1812 2471 1896 2523 fa-

309 2564 441 2612 ctum
469 2574 505 2611 a
544 2557 759 2629 quibus
791 2558 1006 2615 occisus
1042 2566 1125 2611 est
1172 2577 1181 2610 :
1229 2575 1363 2613 crux
1402 2558 1550 2613 enim
1596 2559 1899 2614 Salvatoris

310 2652 578 2714 peccatum
613 2652 679 2701 et
708 2646 1067 2701 maledictum
1107 2652 1194 2700 est
1230 2647 1571 2711 Iudaeorum,
1604 2650 1737 2715 quia
1766 2651 1899 2700 scri-

306 2741 447 2801 ptum
491 2741 565 2791 est
596 2756 613 2789 :
661 2737 983 2791 .Ilalcdictus
1032 2739 1210 2790 omnis
1254 2739 1352 2805 qui
1394 2738 1585 2803 pendet
1634 2739 1691 2789 in
1744 2739 1900 2802 ligno

313 2824 465 2890 (Deut.
493 2828 644 2891 xxx).
687 2824 803 2878 Hoc
833 2825 1051 2894 Moyses
1081 2823 1229 2881 dixit,
1256 2824 1315 2877 in
1357 2824 1793 2878 Deuteronomio
1832 2825 1899 2877 dc

312 2911 404 2963 reis
430 2913 632 2966 mortis
656 2932 671 2979 ;
706 2920 772 2965 ut
792 2912 1075 2967 sufﬁceret
1092 2912 1378 2983 suspensis
1396 2912 1455 2965 in
1476 2912 1627 2981 ligno
1648 2912 1761 2967 illic
1780 2928 1901 2966 esse

1975 1760 2229 1831 praevidit
2248 1760 2419 1814 etiam
2435 1762 2618 1833 justos
2638 1761 2694 1814 in
2717 1777 2880 1815 cruce
2895 1760 3134 1825 futuros,
3150 1761 3247 1814 sed
3270 1760 3411 1815 bene
3432 1778 3575 1832 prae-

1973 1849 2113 1903 vidit
2142 1850 2448 1907 haereticos.
2473 1866 2659 1903 veram
2682 1856 2922 1903 mortem
2940 1850 3163 1904 Domini
3185 1856 3506 1918 negaturos,
3522 1857 3580 1905 et

1976 1938 2100 1991 ideo
2132 1939 2378 1992 volentes
2404 1938 2474 1992 ab
2498 1939 2601 1992 hoc
2624 1938 2921 1995 maledicto
2944 1938 3228 1992 Christum
3258 1939 3575 2009 sejungere,

1979 2034 2094 2081 uta
2120 2028 2318 2080 mortis
2337 2027 2508 2080 etiam
2530 2027 2762 2080 veritate
2794 2028 3174 2098 sejungerent.
3202 2027 3258 2081 Si
3283 2028 3435 2082 enim
3450 2044 3579 2081 vera

1979 2116 2075 2169 illa
2094 2132 2244 2169 mors
2262 2133 2373 2173 non
2394 2122 2532 2177 erat,
2554 2116 2770 2170 nullum
2794 2115 3153 2169 maledictum
3169 2115 3391 2169 Christo
3406 2115 3579 2171 cruci-

1979 2206 2084 2257 fixo
2118 2204 2381 2275 pependit
2407 2204 2464 2256 in
2495 2204 2664 2273 ligno,
2699 2203 2833 2273 quia
2860 2220 2962 2257 nec
2994 2220 3118 2256 vere
3141 2203 3435 2257 cruciﬁxus
3457 2210 3574 2258 est:

1977 2310 2040 2346 ac
2056 2310 2153 2362 per
2166 2293 2268 2346 hoc
2289 2293 2545 2346 additum
2565 2298 2669 2355 est,
2695 2295 2895 2358 omnis,
2920 2308 2989 2344 ne
3014 2291 3269 2345 Christus
3292 2292 3361 2345 ad
3388 2308 3578 2345 veram

1977 2388 2220 2436 mortem
2241 2398 2353 2434 non
2374 2380 2656 2450 pertinere
2674 2380 2972 2447 diceretur,
2988 2380 3035 2432 si
3057 2397 3091 2432 a
3110 2379 3407 2435 maledicto
3428 2381 3576 2449 quod

1982 2470 2148 2523 morti
2171 2471 2531 2539 conjunctum
2554 2467 2952 2539 cst,insipicnti
2974 2468 3400 2522 honorificentia
3420 2485 3583 2540 sepa-

1983 2559 2373 2612 raretur.Nam
2389 2558 2533 2628 quod
2550 2557 2777 2626 quidam
2791 2557 2965 2610 nostri
2990 2557 3176 2610 minus
3198 2559 3255 2610 in
3278 2557 3581 2628 Scripturis

1983 2646 2206 2711 eruditi,
2228 2646 2567 2700 sententiam
2576 2645 2743 2699 istam
2756 2645 2925 2698 nimis
2946 2646 3228 2709 timentes,
3252 2652 3309 2702 et
3329 2646 3581 2717 Scriptu-

1984 2753 2074 2788 ras
2090 2742 2303 2789 veteres
2314 2735 2505 2788 debita
2517 2734 2723 2804 pietate
2736 2732 3247 2805 approbantes,non
3260 2740 3463 2805 putant
3480 2735 3582 2789 hoc

1983 2824 2051 2878 de
2081 2825 2195 2877 Deo
2215 2823 2426 2882 dictum
2444 2840 2583 2887 esse,
2606 2824 2701 2875 sed
2721 2823 2789 2875 de
2809 2823 2836 2875 J
2843 2822 2955 2876 uda
2966 2823 3237 2876 traditore
3258 2824 3399 2894 ejus,
3424 2823 3585 2893 aiunt

1986 2912 2135 2966 enim
2172 2920 2469 2983 prOpterea
2498 2928 2607 2966 non
2638 2927 2758 2965 esse
2789 2910 3017 2975 dictum,
3054 2913 3372 2966 Maledictus
3401 2915 3582 2966 omnis

309 3015 467 3071 usque
493 3003 564 3055 ad
600 2976 901 3077 vesperam
931 3007 988 3055 et
1014 2976 1215 3071 deponi
1249 3001 1319 3054 ad
1359 2976 1726 3071 sepulturam,
1769 3001 1901 3071 quia
1922 2976 1965 3036 δ
1987 3002 2081 3071 qui
2114 2976 2305 3071 ﬁgitur
2342 3001 2399 3054 in
2434 3000 2603 3068 ligno,
2640 3000 2737 3053 sed
2773 3003 2873 3069 qui
2910 3002 3105 3068 pendet
3147 3003 3207 3053 in
3253 3003 3424 3067 ligno,
3456 2999 3586 3070 quia

314 3110 334 3135 α
362 3090 697 3145 maledictus
717 3090 919 3159 omnis,
945 3090 1147 3160 inquit,
1170 3090 1265 3160 qui
1286 3090 1494 3161 pendet
1519 3089 1576 3143 in
1596 3089 1768 3159 ligno,
1796 3108 1819 3139 »
1840 3096 1902 3145 ut

309 3194 392 3232 reo
415 3179 617 3234 mortis
653 3179 937 3237 suﬂiceret
962 3180 1084 3243 hoc,
1126 3178 1259 3248 quia
1294 3194 1599 3249 suspensus
1630 3176 1901 3231 morieba-

310 3272 391 3319 tur
413 3267 471 3322 in
498 3268 685 3338 ligno,
717 3284 788 3325 ne
818 3267 1049 3331 diutius,
1089 3267 1136 3320 si
1177 3274 1325 3321 esset
1361 3284 1686 3337 suspensus,
1719 3267 1902 3337 majus

305 3356 517 3411 haberet
544 3356 922 3431 opprobrium
966 3373 1116 3411 mors
1164 3358 1286 3429 ejus
1335 3374 1505 3428 quam
1548 3355 1794 3419 deberet,
1845 3359 1904 3410 et

307 3446 448 3499 fieret
474 3447 710 3500 macula
735 3446 930 3515 generi
962 3447 1102 3516 ejus,
1126 3446 1172 3500 si
1195 3445 1435 3516 amplius
1461 3462 1611 3500 mors
1643 3446 1767 3516 ejus
1796 3461 1900 3514 pu-

305 3531 611 3589 blicaretur.
646 3536 729 3587 Ac
748 3552 850 3606 per
879 3535 981 3589 hoc
1011 3536 1265 3589 Salvator
1293 3534 1570 3589 innocens
1598 3550 1903 3605 suspensus

307 3620 353 3675 in
372 3622 540 3691 ligno,
557 3640 683 3677 non
704 3631 791 3679 est
810 3623 1159 3687 maledictus,
1182 3624 1279 3676 sed
1296 3624 1660 3677 maledictum
1679 3622 1903 3677 illorum

301 3727 330 3763 ει
356 3711 553 3781 quibus
584 3728 900 3782 suspensus
929 3720 1029 3766 est.
1066 3713 1351 3776 Quantum
1374 3718 1566 3777 tamen
1586 3712 1655 3765 ad
1684 3711 1905 3765 Iudaeos

306 3801 553 3867 pertinet.
606 3801 774 3870 quasi
814 3808 1162 3871 peccatorem
1207 3800 1364 3854 illum
1406 3800 1765 3854 occidendum
1810 3798 1901 3852 Pi-

307 3887 405 3945 lato
432 3890 764 3954 offerentes,
798 3890 1159 3943 maledictum
1190 3890 1344 3944 illum
1368 3890 1638 3953 fecerunt,
1662 3897 1725 3945 ut
1745 3887 1904 3960 quasi

308 3990 423 4029 reus
447 3979 813 4032 occideretur
841 3995 969 4033 cum
1011 3984 1159 4031 esset
1198 3978 1483 4042 innocens,
1528 3976 1660 4048 quia
1699 3977 1903 4048 dignus

310 4072 475 4119 morte
504 4067 850 4129 maledictus
880 4072 966 4121 est
993 4068 1156 4137 juxta
1194 4067 1395 4137 legem.
1438 4066 1706 4123 Videntes
1752 4066 1903 4121 enim

310 4156 502 4209 multos
532 4155 841 4227 aggregari
861 4156 1127 4225 doctrinae
1148 4156 1288 4229 ejus,
1302 4154 1465 4211 zelati
1477 4160 1608 4208 sunt
1621 4154 1899 4211 dicentes:

1982 3107 2094 3143 non
2136 3090 2224 3142 hic
2267 3089 2541 3143 Dominus
2582 3089 2928 3158 signiﬁcatus
2965 3094 3066 3153 est,
3113 3089 3210 3142 sed
3251 3088 3342 3145 ille
3386 3090 3480 3159 qui
3524 3105 3584 3143 se

1985 3180 2181 3249 laqueo
2227 3178 2536 3247 suspendit,
2587 3177 2755 3232 nimis
2801 3183 2992 3231 errant
3038 3194 3140 3230 nec
3188 3177 3488 3235 attendunt
3523 3194 3584 3231 se

1983 3273 2178 3321 contra
2212 3267 2545 3337 Apostolum
2577 3266 2884 3336 disputare,
2921 3265 3015 3338 qui
3057 3266 3176 3319 ait:
3209 3267 3458 3321 Christus
3488 3283 3582 3319 nos

1983 3358 2213 3410 redemit
2244 3358 2306 3409 (lc-
2342 3357 2627 3409 malcdicto
2658 3358 2808 3423 legis,
2832 3358 3011 3422 factus
3034 3371 3139 3423 pro
3169 3355 3321 3408 nobis
3354 3356 3583 3408 maledi-

1986 3450 2133 3499 ctum
2155 3463 2165 3496 :
2187 3444 2320 3514 quia
2336 3444 2605 3514 scriptum
2627 3450 2727 3507 est,
2750 3445 3069 3497 .lIalcdictus
3084 3446 3264 3496 omnis
3283 3446 3383 3511 qui
3393 3444 3587 3510 pendet

1987 3536 2047 3586 in
2081 3536 2248 3601 tigno.
2274 3532 2380 3597 Qui
2412 3550 2544 3603 ergo
2571 3549 2671 3602 pro
2704 3531 2864 3585 nobis
2892 3531 3070 3585 factus
3091 3538 3176 3585 est
3200 3531 3581 3597 maledictum,

1988 3623 2105 3693 ipse
2134 3621 2326 3691 utique
2355 3620 2620 3691 pependit
2652 3620 2710 3674 in
2741 3620 2910 3688 ligno,
2946 3619 2996 3673 id
3038 3626 3123 3671 est
3165 3619 3440 3677 Christus,
3491 3618 3586 3688 qui

1988 3727 2087 3764 nos
2117 3708 2426 3763 liberavita
2454 3708 2749 3762 maledicto
2785 3708 2944 3777 legis,
2978 3714 3039 3760 ut
3078 3724 3188 3762 non
3224 3708 3345 3776 jam
3383 3706 3585 3759 timore

1983 3796 2492 3869 justilicaremurin
2505 3795 2767 3865 operibus
2780 3795 2919 3863 legis
2946 3813 2955 3846 :
2985 3795 3080 3848 sed
3100 3795 3208 3847 ﬁde
3219 3795 3367 3865 apud
3382 3794 3583 3859 Deum,

1987 3904 2109 3957 quae
2130 3903 2240 3939 non
2263 3902 2361 3955 per
2381 3884 2663 3947 timorem,
2688 3884 2784 3936 sed
2807 3900 2906 3952 per
2924 3883 3279 3936 dilectionem
3299 3888 3584 3952 operatur.

1988 3974 2228 4047 Spiritus
2271 3973 2423 4026 enim
2465 3978 2691 4026 sanctus
2728 3971 2823 4042 qui
2862 3972 2966 4025 hoc
3006 3988 3106 4043 per
3148 3972 3377 4041 Moysen
3419 3970 3579 4035 dixit,

1989 4070 2287 4133 utrumque
2314 4061 2571 4132 providit,
2605 4065 2668 4115 ut
2696 4066 2753 4113 et
2782 4060 2985 4113 timore
3016 4058 3251 4114 visibilis
3282 4076 3457 4131 paenae
3487 4077 3585 4114 cu-

1987 4152 2333 4206 stodirentur
2352 4150 2447 4220 qui
2468 4150 2720 4204 nondum
2741 4154 3005 4221 poterant
3018 4166 3081 4202 ex
3104 4148 3466 4205 invisibilium
3482 4149 3590 4204 ﬁde

310 4243 424 4298 Ecce
443 4249 592 4303 lotus
628 4245 875 4299 mundus
894 4244 1031 4297 abiit
1042 4250 1159 4312 post
1184 4248 1349 4301 illum
1376 4245 1555 4309 (Joan.
1583 4250 1696 4311 xu),
1718 4258 1782 4296 ac
1808 4253 1971 4316 perl)
1990 4240 2170 4294 vivere
2203 4259 2213 4292 :
2249 4245 2305 4293 et
2332 4239 2449 4311 ipse
2480 4239 2741 4293 timorem
2773 4238 2943 4293 istum
2970 4239 3210 4292 solveret
3237 4238 3589 4308 suscipiendo

311 4332 419 4391 hoc,
452 4350 556 4403 pro
588 4331 759 4389 nobis
778 4332 990 4386 occisus
1018 4332 1240 4397 dicitur,
1272 4338 1329 4386 et
1354 4331 1562 4403 duplici
1578 4347 1786 4403 genere
1808 4348 1907 4401 pro

313 4419 480 4475 nobis.
496 4422 651 4477 Cum
666 4426 856 4475 autem
872 4425 1073 4492 putant
1094 4421 1253 4477 illum
1276 4420 1451 4475 occidi
1471 4419 1675 4479 debere
1709 4436 1777 4485 ne
1808 4420 1909 4475 do-

312 4518 469 4577 ceret,
490 4511 647 4573 nihil
667 4511 1039 4582 profecerunt,
1062 4509 1196 4581 quia
1216 4513 1273 4573 et
1291 4508 1545 4573 doctrina
1573 4510 1695 4580 ejus
1717 4508 1907 4572 crevit,

316 4604 365 4651 et
392 4606 637 4653 mortem
683 4598 970 4663 evacuavit
1010 4598 1068 4652 in
1107 4597 1363 4668 passione
1400 4614 1520 4651 sua.
1557 4597 1911 4651 Descendens

314 4688 451 4747 enim
479 4689 554 4743 ad
576 4688 791 4742 inferos
809 4703 988 4758 genus
1010 4686 1301 4747 hominum
1315 4685 1589 4751 liberavit,
1614 4702 1726 4757 qua
1745 4701 1913 4741 causa

317 4782 367 4827 et
384 4777 559 4830 occidi
580 4794 647 4831 se
668 4775 946 4847 permisit,
969 4775 1153 4829 sciens
1172 4791 1273 4846 pro
1295 4773 1456 4828 nobis
1485 4790 1605 4828 esse
1636 4779 1693 4828 et
1717 4778 1913 4837 contra

317 4863 596 4920 diabolum
606 4906 619 4918 .
630 4866 772 4933 (Aug
782 4868 817 4935 .)
834 4865 933 4920 Ille
944 4870 1112 4934 neget
1125 4863 1411 4917 Christum
1425 4860 1909 4933 maledictum,qui

316 4961 469 5022 negat
497 4961 561 5008 et
594 4954 906 5017 mortuum,
936 4953 1032 5025 qui
1060 4957 1252 5007 autem
1281 4952 1580 5006 confitetur
1604 4956 1907 5013 mortuum,

316 5056 508 5111 negare
529 5059 652 5097 non
670 5048 856 5113 potest
872 5048 1115 5097 mortem
1134 5041 1202 5096 de
1219 5045 1445 5112 peccato
1464 5057 1603 5103 esse,
1639 5046 1697 5094 et
1719 5039 1788 5093 ob
1809 5039 1911 5093 hoc

316 5130 472 5185 etiam
492 5132 690 5202 ipsum
709 5138 1000 5203 peccatum
1020 5130 1223 5194 vocari,
1245 5129 1443 5187 audiat
1474 5129 1659 5200 ipsum
1680 5129 1912 5197 Aposto-

321 5217 421 5273 lum
441 5220 751 5284 dicentem,
772 5224 906 5290 quia
927 5225 1075 5274 vetus
1096 5220 1254 5273 homo
1276 5223 1456 5273 noster
1474 5221 1647 5271 simul
1669 5233 1796 5285 cum
1816 5219 1911 5269 illo

321 5313 612 5375 truc-{ﬁsus
643 5316 715 5364 est
755 5312 926 5377 (Rom.
958 5312 1047 5375 vi),
1080 5313 1138 5362 et
1166 5307 1444 5377 intelligat
1474 5322 1642 5377 quem
1677 5303 1912 5359 maledi—

323 5403 456 5455 ctum
479 5399 709 5470 Moyses
736 5398 960 5455 dixerit.
996 5398 1237 5468 Ideoque
1260 5401 1483 5451 secutus
1503 5394 1803 5467 Apostolus
1835 5393 1916 5448 ait

325 5484 384 5539 de
411 5487 663 5554 Christo,
694 5490 872 5556 factus
895 5505 997 5557 pro
1027 5489 1178 5555 nobis
1214 5487 1564 5541 maledian
1588 5504 1602 5536 :
1628 5483 1770 5553 sicut
1802 5498 1913 5554 non

1993 4329 2139 4399 quod
2168 4328 2494 4394 timebatur,
2543 4328 2638 4399 qui
2679 4327 2882 4381 timore
2922 4326 3160 4392 sublato,
3205 4327 3414 4379 donum
3456 4327 3591 4380 dare

1992 4423 2211 4488 poterat
2240 4417 2549 4472 charitatis.
2584 4419 2698 4470 Nec
2730 4416 2787 4469 in
2828 4416 2931 4468 hoc
2970 4414 3115 4487 quod
3149 4413 3477 4467 maledictus
3506 4421 3593 4470 est

1991 4506 2323 4581 appellatus,
2358 4506 2451 4577 qui
2481 4505 2687 4577 pendet
2706 4505 2762 4559 in
2783 4504 2953 4573 ligno,
2975 4502 3316 4558 contumelia
3334 4501 3389 4556 in
3411 4503 3590 4558 Deum

1995 4594 2244 4664 putanda
2274 4599 2394 4655 est;
2427 4610 2491 4644 ex
2523 4596 2682 4663 parte
2724 4591 2929 4661 quippe
2971 4588 3195 4643 mortali
3232 4589 3497 4660 pependit
3533 4590 3591 4646 in

1995 4682 2145 4751 ligno
2178 4700 2189 4733 :
2221 4681 2535 4737 mortalitas
2565 4684 2755 4733 autem
2785 4678 2933 4735 unde
2973 4677 3064 4743 sit,
3112 4685 3308 4735 notum
3349 4686 3433 4733 est
3469 4696 3592 4734 cre-

1993 4769 2271 4838 dentibus,
2289 4786 2353 4823 ex
2377 4785 2541 4840 paena
2560 4767 2765 4838 quippe
2787 4773 2890 4833 est,
2906 4775 2964 4821 et
2973 4768 3363 4825 maledictione
3379 4769 3595 4840 peccati

1992 4858 2158 4930 primi
2189 4857 2432 4912 hominis
2470 4875 2479 4908 :
2518 4873 2685 4927 quam
2704 4856 2978 4910 Dominus
2996 4857 3259 4927 suscepit,
3294 4866 3350 4911 et
3366 4854 3597 4928 peccata

1992 4954 2185 5003 nostra
2213 4945 2445 5017 pertulit
2474 4945 2531 5000 in
2553 4962 2784 5015 corpore
2804 4962 2904 4999 suo
2933 4963 3101 5016 super
3121 4946 3354 5015 lignum.
3380 4947 3438 5000 Si
3461 4963 3594 5017 ergo

1992 5037 2288 5101 diceretur,
2321 5051 2472 5088 mors
2502 5034 2800 5090 maledicta
2827 5042 2930 5099 est,
2964 5051 3128 5087 nemo
3157 5035 3591 5113 exhorresceret,

1994 5125 2127 5196 quid
2157 5129 2348 5183 autem
2378 5124 2487 5178 nisi
2515 5139 2666 5177 mors
2688 5123 2912 5176 Domini
2943 5122 3209 5193 pependit
3240 5121 3297 5175 in
3326 5122 3498 5192 ligno,
3531 5128 3597 5179 ut

1996 5219 2233 5267 mortem
2265 5212 2555 5267 moriendo
2586 5212 2913 5282 superaret?
2956 5210 3162 5264 Eadem
3206 5210 3380 5281 igitur
3424 5213 3595 5267 male-

1995 5302 2143 5354 dicta
2164 5317 2285 5370 qua:
2303 5300 2447 5354 victa
2464 5306 2567 5353 est.
2584 5301 2744 5361 Item,
2762 5300 2804 5352 si
2825 5299 3123 5364 diceretur,
3153 5306 3440 5368 peccatum
3473 5318 3593 5355 ma-

1996 5390 2263 5445 ledictum
2291 5394 2395 5454 est,
2426 5406 2539 5443 non
2571 5388 2898 5454 minaretur;
2942 5388 3075 5457 quid
3106 5394 3295 5442 autem
3330 5390 3597 5459 pependit

2002 5481 2057 5549 in
2088 5480 2258 5552 ligno,
2292 5477 2400 5537 nisi
2432 5482 2720 5548 peccatum
2753 5476 2953 5533 veteris
2992 5476 3255 5547 hominis,
3296 5477 3445 5548 quod
3481 5478 3594 5547 Do-
