3966 6168
405 291 508 348 295

992 289 1054 342 Β.
1099 289 1368 343 RABANI
1407 289 1637 344 MAURI
1676 281 2012 344 ARCHIEP.
2053 287 2380 342 MOGUNT.
2423 287 2719 342 OPERUM
2755 285 2940 342 PARS
2979 285 3078 340 ΙΙΙ.

3456 337 3464 341 -
3564 279 3668 338 296

406 417 593 472 minus
621 433 721 487 pro
751 414 978 470 nobisin
1001 413 1123 484 ipsa
1138 414 1322 468 carnis
1341 416 1684 470 mortalitate
1706 415 1994 487 suscepit?
2013 415 2059 471 A
2081 431 2182 484 pro
2211 413 2441 467 infamia
2469 412 2656 483 objici,
2697 410 2846 482 quod
2881 410 3136 466 Salvator
3167 414 3357 488 noster
3387 411 3444 460 et
3482 405 3674 460 Domi-

405 507 554 560 unde
586 522 686 560 nec
715 502 940 557 erubuit
967 518 1068 556 nec
1095 501 1286 556 timuit
1317 505 1617 574 Apostolus
1652 505 1836 559 dicere
1866 521 1996 576 pec-

405 600 592 649 catum
621 609 750 647 eum
787 591 979 645 fecisse
1015 607 1116 661 pro
1157 591 1317 646 nobis
1343 593 1572 658 addens,
1607 599 1669 647 ut
1697 596 1759 648 de
1784 599 1997 662 peccato

405 684 784 737 condemnaret
821 684 1138 748 peceatum:
1181 697 1292 734 non
1333 681 1484 734 enim
1525 688 1583 736 et
1623 687 1782 736 vetus
1831 683 1996 736 homo

405 777 596 827 noster
638 769 804 823 simul
847 768 1268 839 cruciﬁgeretur
1319 769 1464 825 sicut
1511 770 1657 824 idem
1697 771 1998 842 Apostolus

405 859 537 914 alibi
565 857 700 912 dicit
729 859 900 924 (Item.
933 858 1028 922 v1),
1062 857 1170 910 nisi
1198 857 1256 911 in
1286 858 1382 912 illa
1413 865 1592 913 morte
1624 859 1846 914 Domini
1869 876 1998 931 pec-

404 947 511 1002 cati
557 947 735 1002 nostri
778 946 958 1016 ﬁgura
1005 946 1291 1017 penderet,
1341 954 1406 1001 ut
1451 954 1751 1002 evacuetur
1799 965 2000 1019 corpus

404 1035 632 1108 peccati,
680 1041 745 1110 ut
788 1036 938 1088 ultra
979 1051 1092 1090 non
1136 1035 1443 1091 serviamus
1483 1043 1729 1108 peccato.
1777 1039 1840 1091 In
1879 1039 2001 1106 ejus

404 1125 615 1196 peccati
641 1130 698 1178 et
745 1124 942 1178 mortis
988 1125 1168 1194 ﬁgura
1217 1125 1388 1179 etiam
1436 1127 1656 1198 Moyses
1703 1126 1761 1180 in
1811 1142 2000 1180 eremo

403 1230 572 1284 super
601 1213 819 1283 lignum
851 1213 1114 1266 exaltavit
1145 1220 1464 1284 serpentem
1487 1216 1676 1278 (Num.
1702 1219 1848 1281 xxx);
1873 1231 2001 1285 per-

403 1302 664 1356 suasione
695 1301 898 1373 quippe
936 1301 1212 1373 serpentis
1259 1303 1426 1357 homo
1476 1303 1535 1356 in
1583 1303 2002 1358 damnationem

403 1390 600 1444 mortis
627 1389 842 1444 cecidit.
896 1391 1090 1462 Itaque
1135 1407 1364 1462 serpens
1411 1392 1480 1445 ad
1533 1392 2001 1462 signiﬁcationem

402 1479 580 1550 ipsius
605 1478 804 1532 mortis
841 1479 1232 1532 convenienter
1270 1479 1328 1534 in
1366 1479 1518 1550 ligno
1569 1481 1846 1536 exaltatus
1895 1486 1998 1545 est,

403 1567 464 1622 in
491 1568 589 1622 illa
615 1567 765 1621 enim
796 1569 996 1638 figura,
1028 1585 1181 1621 mors
1201 1568 1425 1622 Domini
1444 1569 1724 1640 pendebat
1749 1569 1805 1624 in
1827 1569 1998 1640 ligno.

406 1658 674 1724 (Hieron.)
707 1655 969 1727 Subrepit
999 1662 1056 1709 et
1083 1656 1142 1710 in
1183 1657 1288 1710 hoc
1325 1658 1447 1711 loco
1477 1644 1744 1724 Marcion,
1795 1659 1864 1712 de
1911 1674 2005 1728 po-

2077 519 2184 556 nus
2214 502 2316 556 sub
2365 501 2468 556 Dei
2511 501 2684 555 fuerit
2721 499 3036 554 maledicto.
3089 496 3338 551 Primum
3386 495 3561 564 igitur
3595 493 3676 548 in-

2078 591 2350 644 tuendum
2373 595 2476 655 est,
2507 589 2655 660 quod
2677 605 2790 643 non
2809 587 3127 658 quicunque
3150 586 3208 640 in
3234 585 3386 655 ligno
3405 581 3678 656 pepende-

2079 679 2172 744 rit,
2206 679 2535 732 maledictus
2566 678 2640 732 sit
2667 677 2816 749 apud
2846 676 3164 740 Dominum,
3205 674 3302 728 sed
3350 673 3444 744 qui
3483 689 3677 744 pecca-

2081 767 2242 834 verit,
2275 773 2333 822 et
2377 773 2607 838 propter
2653 766 2830 820 scelus
2875 765 3046 819 morti
3084 763 3256 818 fuerit
3298 761 3672 833 adjudicatus,

2082 855 2446 927 sublatusque
2475 855 2534 909 in
2555 871 2814 920 crucem;
2855 870 2966 908 non
3008 853 3132 906 ideo
3176 851 3504 905 maledictus
3546 850 3679 922 quia

2083 945 2378 998 crucifixus
2399 950 2503 1008 est,
2530 945 2628 998 sed
2657 943 2789 1014 quia
2819 943 2878 996 in
2917 942 3088 996 talem
3133 940 3390 995 inciderit
3433 947 3674 1007 reatum,

2083 1038 2146 1086 ut
2162 1033 2432 1086 meruerit
2449 1032 2718 1103 crucifigi.
2737 1031 2950 1086 Deinde
2963 1031 3102 1084 illud
3115 1029 3507 1101 opponendum
3527 1028 3678 1099 quod

2082 1121 2314 1176 inferius
2333 1138 2501 1176 causa
2529 1120 2765 1193 patibuli
2791 1119 3011 1192 plenius
3038 1125 3364 1190 exponatur,
3389 1117 3680 1188 Scriptura

2085 1211 2379 1276 referente,
2412 1209 2482 1264 ob
2505 1209 2865 1264 maledictum
2897 1214 2953 1262 et
2978 1207 3382 1278 blasphemiam
3412 1206 3514 1262 Dei
3544 1223 3678 1260 eum

2085 1316 2207 1354 esse
2227 1299 2572 1354 cruciﬁxum.
2598 1299 2758 1364 Quod
2777 1299 3026 1370 apertius
3047 1297 3414 1369 Symmachus
3434 1301 3680 1350 transtu-

2085 1388 2150 1442 lit
2179 1389 2370 1442 dicens
2404 1407 2414 1440 :
2451 1390 2593 1455 Quia
2616 1393 2841 1457 propter
2861 1387 3253 1456 blasphemiam
3274 1388 3370 1440 Dei
3387 1400 3681 1453 suspensus

2085 1483 2178 1531 est.
2221 1477 2305 1530 Ad
2356 1483 2670 1530 extremum
2715 1474 3126 1545 interrogemus
3172 1492 3286 1540 eos,
3327 1473 3374 1528 si
3409 1473 3677 1538 Ananias,

2084 1565 2311 1620 Azarias
2340 1571 2397 1618 et
2418 1565 2632 1630 Misael,
2668 1566 2921 1619 nolentes
2969 1563 3206 1618 adorare
3243 1563 3456 1617 idolum
3494 1561 3684 1616 Nabu-

2085 1654 2436 1710 chodonosor
2471 1656 2636 1721 (Dan.
2679 1657 2786 1722 III),
2826 1653 3065 1707 fuissent
3105 1652 3160 1706 in
3201 1651 3352 1723 ligno
3390 1651 3679 1722 suspensi;

402 1751 606 1800 testate
635 1745 936 1810 Creatoris,
961 1762 1126 1816 quem
1147 1745 1590 1816 sanguinarium,
1613 1747 1896 1801 crudelem
1919 1747 2001 1800 in-
2019 1732 2067 1792 B
2088 1743 2382 1797 Eleazarus
2412 1759 2634 1814 quoque
2671 1741 3086 1812 nonagenarius
3115 1741 3218 1796 sub
3247 1741 3520 1795 Antiocho
3549 1755 3686 1809 rege

404 1833 596 1900 famat,
621 1841 678 1888 et
694 1833 989 1897 vindicem,
1013 1851 1270 1888 asserens
1291 1852 1392 1888 nos
1416 1836 1737 1906 redemptos
1762 1852 1884 1890 esse
1904 1853 2005 1906 per

404 1923 710 1989 Christum,
744 1923 840 1994 qui
883 1923 1115 1977 alterius
1145 1923 1273 1977 boni
1301 1924 1404 1978 Dei
1453 1924 1628 1978 Filius
1655 1925 1766 1992 sit;
1819 1925 1914 1996 qui
1957 1924 2006 1978 si

403 2010 761 2082 intelligeret,
793 2028 902 2082 quo
930 2011 1197 2066 differunt
1227 2029 1412 2066 emere
1452 2019 1509 2066 et
1539 2013 1817 2068 redimere
1851 2013 2005 2084 (quia

403 2100 500 2170 qui
529 2100 683 2166 emit,
715 2100 962 2154 alienum
990 2101 1144 2166 emit,
1175 2100 1272 2171 qui
1293 2107 1482 2156 autem
1513 2102 1756 2169 redimit,
1790 2102 1848 2156 id
1867 2102 2006 2156 emit

403 2189 624 2260 proprie
654 2189 802 2258 quod
818 2205 983 2242 suum
1003 2188 1128 2255 fuit,
1153 2196 1210 2243 et
1227 2207 1394 2244 suum
1433 2207 1554 2244 esse
1595 2190 1832 2260 desivit),
1855 2207 2002 2245 nun-

402 2294 571 2348 quam
604 2277 1017 2348 Scripturarum
1049 2277 1216 2332 verba
1244 2277 1518 2350 simplicia
1559 2279 1617 2333 in
1663 2279 2003 2334 calumniam

402 2366 488 2420 sui
539 2365 818 2436 dogmatis
847 2366 1226 2438 detorqueret.
1259 2367 1520 2421 Redemit
1545 2384 1678 2438 ergo
1707 2384 1810 2422 nos
1839 2367 2003 2422 Chri-

401 2460 520 2509 stus
549 2455 618 2508 de
649 2454 947 2509 maledicto
981 2454 1121 2525 legis
1153 2455 1300 2525 quod
1341 2456 1696 2526 peccantibus
1733 2457 2004 2511 constitu-

399 2549 520 2596 tum
545 2549 648 2609 est,
683 2560 822 2612 quos
843 2543 960 2613 ipse
990 2543 1243 2614 increpat
1270 2561 1371 2614 per
1398 2545 1728 2616 prOphetam
1759 2545 1948 2599 dicens
1982 2565 1998 2600 :

398 2631 525 2685 Ecce
546 2633 776 2699 peccatis
803 2634 997 2688 castris
1026 2633 1238 2685 uenditi
1261 2635 1402 2698 estis,
1427 2638 1477 2686 et
1507 2636 1569 2686 in
1599 2635 2000 2702 iniquitatibus

407 2723 599 2775 vestris
628 2721 823 2772 dimisi
847 2723 1080 2772 matrem
1111 2725 1348 2774 restram
1375 2721 1510 2791 (Isa.
1535 2724 1589 2788 L)
1624 2739 1637 2787 ;
1669 2727 1728 2776 et
1759 2722 2000 2792 Aposto-

408 2807 496 2860 lus
525 2807 630 2861 hoc
657 2806 838 2877 ipsum
879 2806 1114 2878 replicat
1141 2807 1362 2862 dicens:
1396 2809 1506 2877 Ego
1535 2815 1720 2862 autem
1751 2814 2000 2864 carnalis

397 2911 542 2960 sum,
567 2897 818 2949 venditus
847 2895 948 2948 sub
971 2900 1186 2964 peccato
1209 2897 1380 2963 (Rom.
1402 2900 1521 2965 vn).
1541 2897 1836 2952 Maledicta
1867 2916 2001 2970 quo-

2088 1831 2261 1903 Syriae
2311 1833 2392 1899 (ΙΙ
2431 1833 2568 1886 Mac.
2603 1835 2699 1901 vi),
2743 1837 2801 1884 et
2837 1847 2964 1886 cum
3003 1836 3220 1902 septem
3268 1829 3398 1883 ﬁliis
3439 1829 3688 1900 gloriosa

2087 1927 2270 1974 mater
2299 1922 2378 1987 (Il
2409 1921 2546 1975 Illae.
2594 1924 2652 1988 ι),
2695 1925 2886 1974 utrum
2934 1918 3259 1973 maledictos
3299 1935 3394 1972 eos
3434 1918 3683 1973 aestima-

2087 2009 2199 2062 turi
2221 2009 2525 2076 fuerint,an
2545 2009 2696 2062 omni
2717 2008 3105 2063 benedictione
3124 2006 3510 2078 dignissimos;
3535 2011 3690 2060 certe

2086 2097 2133 2151 si
2153 2114 2374 2152 crucem
2396 2114 2566 2168 quam
2586 2099 2768 2151 Aman
2788 2102 3083 2168 paraverat
3101 2095 3453 2150 Mardochaeo
3474 2096 3693 2161 (Esther

2085 2191 2200 2255 vn),
2233 2203 2346 2240 non
2377 2187 2494 2256 ipse
2524 2203 2627 2240 suo
2656 2187 2858 2247 merito
2897 2185 3328 2251 conscendisset,
3366 2190 3502 2256 puto
3544 2184 3695 2238 Mar-

2085 2273 2346 2328 dochzeus
2365 2273 2424 2327 in
2453 2290 2578 2327 eam
2609 2289 2722 2328 non
2759 2279 2824 2328 ut
2851 2273 3203 2339 maledictus,
3227 2273 3326 2326 sed
3359 2277 3426 2326 ut
3461 2277 3695 2326 sanctus

2085 2363 2428 2416 ascenderet.
2467 2361 2568 2416 His
2597 2368 2654 2416 et
2687 2361 2902 2416 caeteris
2941 2361 3218 2416 similibus
3265 2360 3686 2432 comprobatur,

2083 2450 2243 2505 illum
2264 2467 2384 2504 esse
2406 2449 2763 2504 maledictum
2793 2451 2888 2521 qui
2918 2451 3150 2520 dignum
3185 2449 3400 2505 facinus
3431 2449 3690 2520 patibulo

2085 2539 2426 2610 perpetravit
2477 2557 2488 2592 :
2543 2555 2656 2593 non
2702 2555 2830 2593 eum
2879 2539 2976 2610 qui
3013 2539 3309 2610 iniquitate
3341 2539 3597 2609 judicum
3627 2545 3694 2592 et

2085 2627 2440 2682 inimicorum
2471 2628 2723 2700 potentia
2751 2629 2836 2681 vel
2879 2629 3121 2682 clamore
3157 2627 3328 2698 vulgi,
3375 2633 3474 2682 aut
3512 2627 3692 2681 virtu-

2081 2722 2206 2770 tum
2243 2717 2471 2783 invidia,
2518 2723 2618 2772 aut
2661 2717 2811 2787 regis
2848 2717 2934 2770 ira
2971 2715 3142 2770 fuerit
3187 2716 3499 2771 cruciﬁxus.
3552 2717 3692 2770 Haec

2083 2805 2376 2860 adversum
2415 2806 2654 2860 Judmos.
2689 2805 2968 2860 Caeterum
2996 2810 3060 2860 ut
3085 2805 3156 2859 ad
3195 2821 3296 2860 nos
3331 2805 3525 2860 redeat
3563 2805 3691 2860 dis-

2085 2894 2321 2964 putatio,
2375 2894 2520 2948 scire
2550 2911 2664 2948 non
2703 2909 3004 2965 possumus
3054 2910 3227 2965 quare
3275 2895 3576 2964 Apostolus
3624 2894 3696 2948 in

399 3000 507 3054 que
537 2983 694 3054 legis,
729 2999 862 3054 quae
881 2983 939 3036 in
967 2983 1231 3050 Levitico,
1257 2985 1387 3038 etin
1409 2985 1842 3040 Deuteronomio
1864 2987 2000 3042 scri-
2025 3035 2064 3054 η
2085 2999 2150 3036 eo
2181 2983 2328 3054 quod
2357 2983 2627 3054 scriptum
2659 2989 2745 3037 est
2779 3001 2790 3035 :
2821 2985 3143 3038 Matedictus
3169 3000 3205 3037 a
3234 2985 3339 3038 Deo
3365 2985 3546 3038 omnis
3583 2987 3694 3053 qui

397 3078 494 3142 pta
521 3079 670 3138 sunt,
703 3088 817 3126 non
837 3072 954 3126 Deo
985 3078 1212 3126 auctore
1244 3074 1612 3144 complentur,
1647 3075 1744 3130 sed
1764 3077 2002 3146 prOphe-
2021 3071 2064 3094 υ
2077 3074 2273 3140 pendet
2303 3075 2368 3126 in
2393 3075 2564 3140 tigno,
2605 3071 2691 3124 vel
2734 3071 3075 3126 subtraxerit
3121 3071 3352 3143 aliquid,
3395 3071 3480 3126 vel
3518 3071 3688 3126 addi-

397 3160 507 3215 tico
545 3160 744 3232 spiritu
774 3159 862 3214 his
892 3159 987 3230 qui
1023 3161 1308 3231 peccaturi
1345 3168 1526 3229 erant,
1571 3180 1638 3216 ea
1677 3181 1800 3234 quae
1841 3181 2002 3218 even-

394 3256 522 3304 tura
553 3255 686 3304 sunt
715 3249 796 3302 eis
825 3249 1179 3303 nuntiantur.
1213 3249 1370 3314 Quod
1402 3250 1450 3303 si
1479 3252 1731 3322 Apostoli
1761 3252 2002 3306 voluerit

402 3354 504 3392 nos
555 3337 878 3392 testimonio
921 3344 1204 3392 coarctare
1245 3338 1482 3393 dicentis
1513 3357 1524 3392 :
1573 3339 1892 3410 Quicunque
1937 3359 2001 3395 ea;

395 3428 648 3495 operibus
678 3428 810 3494 tegis
835 3431 986 3490 sunt,
1011 3427 1112 3480 sub
1142 3428 1428 3481 maledicto
1447 3432 1598 3482 sunt.
1625 3429 1909 3497 Scriptum
1925 3435 2000 3484 est

397 3518 580 3568 enim:
606 3516 924 3568 Matedietus
952 3517 1133 3569 omnis
1150 3518 1251 3584 qui
1266 3532 1377 3570 non
1401 3520 1773 3584 permanserit
1798 3520 1860 3571 in
1889 3535 2002 3572 om-

394 3605 560 3657 nibus
585 3620 704 3672 quae
721 3606 926 3672 scripta
954 3609 1088 3657 sunt
1108 3607 1172 3658 in
1191 3605 1333 3658 libro
1364 3607 1515 3673 legis,
1540 3611 1602 3659 ut
1629 3606 1801 3673 faciat
1819 3622 1881 3660 ea
1903 3625 1920 3672 ;
1945 3613 2004 3661 et

397 3707 650 3745 asserere
679 3707 874 3745 omnes
903 3691 997 3762 qui
1041 3690 1144 3746 sub
1175 3691 1297 3761 lege
1335 3691 1564 3760 fuerint,
1615 3693 1788 3748 fuisse
1823 3695 2003 3769 male-

397 3780 595 3846 dictos,
630 3780 1044 3850 interrogemus
1071 3797 1221 3845 eum,
1247 3787 1438 3836 utrum
1470 3781 1529 3835 hi
1557 3782 1653 3854 qui
1683 3781 1787 3837 sub
1831 3783 2003 3838 Evan-

389 3868 538 3938 gelio
561 3868 772 3923 Christi
821 3874 972 3944 sunt,
1017 3874 1074 3922 et
1119 3869 1240 3938 ejus
1284 3875 1564 3942 praacepta
1603 3887 1715 3924 non
1765 3871 1995 3939 faciunt,

391 3957 677 4011 maledicti
705 3957 822 4010 sint
869 3973 946 4010 an
985 3957 1144 4010 non?
1195 3957 1253 4012 Si
1301 3959 1630 4014 maledictos
1677 3959 1897 4025 dixerit,
1941 3960 1997 4013 id

391 4043 620 4098 habebit
645 4045 704 4098 in
736 4044 1054 4113 Evangelio,
1090 4045 1240 4114 quod
1267 4061 1370 4099 nos
1399 4047 1672 4101 habemus
1718 4047 1778 4102 in
1825 4049 1948 4118 lege
1979 4066 1991 4100 :

391 4131 438 4186 si
458 4119 782 4185 maledictos
817 4133 1123 4202 negaverit,
1161 4133 1371 4187 frustra
1401 4151 1533 4205 ergo
1553 4135 1838 4206 Evangelii
1860 4152 1998 4206 prte-

391 4224 554 4290 cepta
582 4225 714 4272 sunt
743 4219 942 4290 posita,
975 4225 1033 4272 et
1059 4219 1270 4291 absque
1301 4223 1555 4276 mercede
1586 4229 1754 4277 erunt
1785 4224 1864 4289 hi,
1899 4224 1995 4294 qui

2083 3160 2246 3214 derit.
2285 3159 2342 3214 Si
2387 3161 2536 3214 enim
2573 3161 2745 3214 semel
2783 3161 3176 3215 auctoritatem
3205 3159 3573 3231 Septuaginta
3604 3161 3692 3216 in-

2081 3254 2394 3320 terpretum
2425 3247 2782 3319 sequebatur,
2827 3248 3022 3304 debuit
3049 3250 3196 3304 sicut
3229 3249 3298 3303 ab
3326 3248 3438 3304 illis
3466 3249 3689 3304 editum

2083 3343 2187 3402 est,
2211 3343 2268 3391 et
2305 3337 2406 3392 Dei
2445 3355 2648 3392 nomen
2675 3337 3002 3408 adjungere.
3049 3339 3106 3393 Si
3142 3355 3274 3393 vero
3311 3343 3375 3393 ut
3411 3337 3692 3394 Hebraeus

2083 3443 2148 3480 ex
2177 3425 2425 3480 Hebraeis
2463 3426 2520 3480 id
2551 3427 2699 3498 quod
2726 3425 2784 3480 in
2813 3443 2918 3480 sua
2943 3427 3139 3497 lingua
3175 3428 3407 3498 legerat,
3445 3427 3691 3498 putabat

2083 3532 2204 3569 esse
2246 3514 2618 3581 verissimum,
2662 3531 2764 3568 nec
2807 3518 2989 3570 omnis
3026 3532 3130 3570 nec
3169 3519 3234 3571 in
3265 3519 3432 3584 ligno,
3467 3532 3592 3587 qua:
3625 3517 3688 3571 in

2085 3602 2317 3658 Hebraeo
2363 3620 2476 3658 non
2505 3603 2800 3671 habentur,
2834 3620 3140 3658 assumere.
3175 3605 3252 3659 Ex
3291 3621 3402 3675 quo
3437 3604 3574 3659 mihi
3607 3605 3690 3659 vi-

2084 3691 2252 3746 detur
2279 3697 2378 3746 aut
2397 3697 2610 3746 veteres
2643 3691 3004 3747 Hebraeorum
3031 3693 3200 3748 libros
3229 3693 3393 3748 aliter
3417 3693 3690 3749 habuisse

2085 3796 2255 3850 quam
2292 3797 2441 3834 nunc
2489 3779 2700 3836 habent
2733 3799 2744 3834 :
2791 3787 2890 3836 aut
2916 3782 3264 3853 Apostolum,
3302 3787 3368 3836 ut
3393 3787 3524 3836 ante
3557 3783 3688 3854 jam

2079 3869 2212 3934 dixi,
2235 3885 2460 3924 sensum
2479 3869 2896 3941 Scripturarum
2921 3871 3193 3941 posuisse,
3211 3888 3323 3926 non
3338 3870 3538 3937 verba;
3579 3878 3692 3926 aut.

2081 3957 2230 4028 quod
2259 3958 2438 4029 magis
2469 3963 2556 4012 est
2571 3958 2984 4024 aestimandum,
3019 3965 3146 4030 post
3164 3959 3480 4031 passionem
3511 3960 3687 4016 Chri-

2079 4045 2152 4100 sti
2181 4051 2237 4100 et
2278 4047 2336 4100 in
2381 4046 2648 4114 Hebraeis,
2693 4053 2751 4102 et
2796 4047 2854 4101 in
2895 4048 3101 4102 nostris
3137 4048 3418 4103 codicibus
3457 4048 3528 4102 ab
3579 4048 3692 4104 ali-

2079 4151 2188 4205 quo
2216 4135 2320 4189 Dei
2347 4151 2554 4190 nomen
2574 4137 2912 4208 appositum,
2948 4143 3014 4190 ut
3031 4137 3323 4192 infamiam
3361 4136 3520 4192 nobis
3556 4137 3693 4192 inu-

2078 4229 2246 4290 reret,
2299 4223 2396 4294 qui
2442 4223 2500 4278 in
2550 4225 2836 4280 Christum
2882 4225 3243 4280 maledictum
3281 4243 3316 4280 a
3352 4227 3468 4282 Deo
3505 4226 3694 4281 credi-

391 4307 487 4361 illa
539 4307 954 4378 compleverint.
1008 4308 1252 4362 Solvitur
1298 4309 1490 4380 itaque
1538 4316 1842 4382 utrumque
1889 4313 2057 4408 hocD
2076 4329 2220 4366 mus.
2245 4313 2459 4367 Audaci
2489 4312 2681 4384 itaque
2702 4313 2843 4385 pede
2869 4313 2929 4368 in
2956 4315 3062 4369 hoc
3080 4315 3319 4386 procedo
3349 4315 3686 4383 certamine,

391 4395 576 4463 modo,
599 4395 880 4467 quomodo
927 4395 1182 4450 Christus
1225 4397 1387 4451 Jesus
1436 4415 1502 4452 ex
1544 4399 1841 4454 maledicto
1890 4395 2142 4456 nosuut
2178 4401 2248 4455 ad
2282 4401 2454 4455 libros
2495 4418 2810 4473 provocem,
2843 4403 2996 4458 nullo
3023 4403 3144 4458 loco
3191 4403 3462 4475 scriptum
3498 4421 3533 4457 a
3560 4404 3690 4460 Deo

391 4485 530 4556 legis
557 4485 832 4552 liberavit,
864 4485 1043 4539 factus
1072 4502 1172 4556 pro
1204 4485 1365 4540 nobis
1389 4487 1780 4556 maledictum;
1813 4488 1894 4543 ita
1925 4489 1994 4544 de
2080 4489 2401 4560 quempiam
2433 4507 2554 4544 esse
2581 4491 2964 4559 maledictum,
2999 4497 3055 4546 et
3094 4491 3412 4564 ubicunque
3449 4493 3690 4547 maledi-

390 4575 688 4628 maledicto
711 4589 931 4646 quoque
953 4574 1238 4644 Evangelii
1261 4575 1409 4646 quod
1431 4581 1706 4631 statutum
1729 4584 1814 4632 est
1829 4595 1998 4649 super
2079 4578 2189 4632 ctio
2215 4577 2460 4649 ponitur,
2496 4595 2784 4650 nunquam
2812 4581 2914 4634 Dei
2944 4597 3150 4636 nomen
3179 4581 3528 4653 adjunctum.
3559 4583 3691 4636 Ma-

391 4679 488 4716 eos
506 4663 601 4732 qui
630 4664 753 4732 ejus
793 4668 1072 4734 praecepta
1099 4680 1211 4718 non
1251 4663 1503 4731 fecerint,
1549 4665 1697 4720 eruit
1745 4683 1866 4733 nos,
1919 4667 1997 4720 fa—
2079 4667 2306 4720 ledictus
2329 4672 2388 4720 tu
2409 4667 2479 4720 ab
2506 4669 2762 4722 omnibus
2789 4670 2988 4734 bestiis,
3010 4669 3216 4724 dicitur
3235 4669 3306 4724 ad
3325 4675 3684 4742 serpentem;

392 4756 514 4805 ctus
540 4767 642 4820 pro
668 4749 828 4804 nobis
855 4750 974 4820 ipse
1004 4751 1362 4806 maledictum
1397 4771 1407 4806 :
1443 4753 1624 4808 sciens
1643 4755 1842 4809 talenti
1862 4771 1996 4826 quo-

393 4851 502 4913 que
528 4837 820 4892 minimam
849 4853 962 4891 non
992 4838 1272 4894 dimittere
1302 4841 1635 4910 portionem,
1671 4849 1730 4896 et
1757 4843 1992 4897 novissi-

393 4943 548 4981 mum
578 4925 798 4996 exigere
827 4926 1216 4996 quadrantem.
1243 4929 1484 4999 (Ambr.)
1513 4931 1630 4985 Hoc
1665 4931 1818 4998 dicit,
1863 4931 1994 5002 quia

393 5013 738 5086 exprobratis
765 5020 823 5067 et
843 5014 1154 5068 maledictis
1172 5016 1397 5082 Judaeis,
1420 5034 1545 5071 cum
1565 5019 1668 5072 sibi
1689 5020 1758 5074 de
1772 5019 1994 5090 justitia

392 5104 532 5175 legis
569 5103 959 5159 blandirentur
1005 5103 1184 5157 occiso
1223 5104 1528 5173 Salvatore,
1575 5107 1736 5178 quasi
1775 5107 1992 5162 sabbati

393 5193 582 5247 violati
611 5209 726 5259 reo,
757 5191 1070 5246 benedictio
1098 5191 1484 5262 promissionis
1516 5195 1753 5252 Abrahae
1783 5196 1992 5251 transi-

391 5288 514 5336 tum
545 5281 678 5334 fecit
706 5281 776 5334 ad
803 5286 1000 5350 gentes
1029 5297 1130 5352 per
1168 5281 1338 5334 ﬁdem
1377 5281 1585 5337 Christi
1633 5287 1786 5340 Jesu.
1834 5285 1993 5341 Unde

393 5368 530 5423 dicit
557 5367 826 5422 Dominus
855 5367 1060 5424 Judaais
1084 5386 1096 5420 :
1143 5370 1384 5422 Tolletur
1411 5385 1448 5423 a
1475 5373 1621 5425 vobis
1659 5389 1914 5442 regnum,
1943 5380 1994 5429 et

391 5459 619 5511 dabitur
651 5460 804 5524 genti
843 5459 1073 5524 facienti
1110 5459 1363 5525 fructum
1389 5461 1524 5526 ejus.
1561 5461 1832 5532 (Hieron)
1864 5463 1993 5518 Haec

393 5543 769 5599 famosissima
811 5545 1048 5615 quaestio
1097 5551 1200 5612 est,
1245 5550 1304 5600 et
1337 5545 1496 5602 nobis
1534 5549 1678 5604 solet
1721 5567 1757 5604 a
1784 5551 1996 5606 Iudaeis

2075 4760 2134 4808 et
2155 4755 2227 4808 ad
2252 4754 2434 4809 Adam
2468 4773 2480 4808 :
2515 4757 2804 4812 Maledicta
2841 4763 2990 4812 terra
3012 4761 3074 4812 in
3095 4760 3346 4828 operibus
3369 4763 3512 4823 tuis;
3530 4765 3587 4813 et
3605 4759 3690 4815 ad

2075 4841 2213 4896 Cain
2237 4860 2248 4895 :
2284 4845 2606 4898 Maledictus
2635 4850 2694 4898 tu
2723 4861 2886 4914 super
2917 4851 3126 4900 terram
3149 4865 3162 4910 ;
3187 4853 3244 4902 et
3263 4847 3398 4902 alibi
3417 4867 3434 4902 :
3452 4850 3692 4903 Maledi-

2074 4936 2192 4985 ctus
2222 4932 2489 4988 Chanaan
2515 4949 2674 5002 puer,
2707 4936 2959 5002 famulus
2988 4939 3095 4990 erit
3117 4938 3395 5004 fratribus
3413 4941 3548 5002 suis,
3572 4953 3692 4994 nec

2074 5035 2186 5073 non
2202 5020 2262 5074 in
2280 5020 2390 5074 alio
2405 5021 2526 5075 loco
2546 5039 2556 5074 :
2579 5023 2899 5077 Maledictus
2917 5025 3082 5090 furor
3095 5040 3384 5095 eorum,qu
3393 5029 3447 5080 ia
3463 5027 3686 5094 audax,

2075 5113 2124 5162 et
2143 5111 2234 5162 ira
2255 5125 2447 5163 eorum
2469 5113 2602 5178 quia
2615 5112 2782 5165 dura.
2799 5111 3028 5166 Nullum
3045 5119 3235 5168 autem
3246 5113 3412 5169 debet
3427 5130 3682 5179 movere,

2075 5197 2225 5267 quod
2247 5197 2504 5252 Christus
2522 5215 2622 5270 pro
2643 5199 2804 5254 nobis
2825 5201 3188 5256 maledictum
3216 5202 3394 5257 factus
3421 5202 3514 5269 sit,
3541 5203 3691 5274 quia

2076 5291 2134 5339 et
2165 5286 2315 5340 Deus
2353 5286 2450 5356 qui
2481 5304 2610 5342 eum
2642 5288 2848 5344 dicitur
2873 5289 3068 5345 fecisse
3105 5291 3486 5356 maledictum,
3529 5291 3682 5364 ipse,

2075 5390 2200 5429 cum
2221 5391 2333 5429 non
2363 5375 2530 5430 sciret
2570 5377 2826 5432 Christus
2862 5385 3169 5450 peccatum,
3212 5396 3315 5452 pro
3352 5380 3511 5435 nobis
3540 5397 3687 5438 eum

2075 5467 2366 5534 peccatum
2386 5463 2546 5531 fecit;
2589 5469 2647 5519 et
2683 5466 2938 5521 Salvator
2983 5467 3054 5522 de
3096 5469 3444 5539 plenitudine
3485 5471 3686 5526 Patris

2077 5551 2382 5614 exinanivit
2399 5569 2478 5620 se,
2502 5552 2742 5609 formam
2771 5555 2913 5610 servi
2942 5557 3222 5628 accipiens
3256 5559 3418 5626 (Phil.
3450 5570 3523 5630 ιι),
3555 5558 3687 5614 vita
