3966 6168
269 257 349 312 297

663 254 1242 310 ENARRATIONUM
1279 255 1358 310 IN
1395 255 1549 311 EPP.
1592 256 1806 312 PAULI
1851 259 1988 313 LIB.
2031 259 2149 314 XV.
2182 290 2250 350 -τ
2277 261 2357 314 ΙΝ
2393 259 2616 316 EPIST.
2657 265 2755 320 AD
2792 267 3052 325 GALAT.

3399 273 3504 332 298

265 384 607 468 mortuusgest,
629 384 687 434 et
720 377 999 468 sapientia
1019 377 1141 468 Dei,
1165 376 1398 468 iatmtas
1425 379 1724 452 appellata,
1755 387 1822 437 ut
1834 386 1886 444 A
1901 382 2074 454 ligno,
2131 390 2197 439 ut
2240 390 2531 456 peccatum
2569 388 2720 458 quod
2768 391 3229 460 commiseramus
3258 394 3318 450 in
3347 397 3512 468 ligno'

263 467 378 538 quod
399 466 631 522 stultum
660 471 784 522 erat
811 467 916 522 Dei
953 465 1265 538 sapientius
1290 468 1452 522 ﬁeret
1475 468 1816 526 hominibus.
1901 471 2148 527 scientiae
2172 471 2305 527 boni
2333 491 2399 528 ac
2429 475 2586 542 mali,
2605 477 2758 548 ligno
2787 478 3002 535 deleret
3027 498 3329 554 appensus.
3353 465 3504 542 crux

263 555 316 610 Et
331 555 379 610 in
398 572 555 611 vam
576 557 796 628 psalmo
821 556 891 610 de
911 572 971 610 se
988 553 1240 626 loquitur
1271 575 1283 610 :
1315 557 1481 626 Deus,
1512 561 1570 611 tu
1597 560 1706 613 scis
1735 561 1822 613 in-
1905 560 2028 632 ejus
2057 577 2278 616 amaras
2303 579 2479 634 aquas
2508 565 2678 620 vertit
2703 566 2763 622 in
2783 566 3005 624 dulcem
3026 553 3284 642 saporem
3307 573 3498 640 (Exod.

265 647 544 714 sipientiam
577 662 791 709 meam;
834 649 883 698 et
909 645 1107 698 delicta
1134 661 1254 698 mea
1282 661 1318 698 a
1348 649 1395 699 te
1424 661 1538 700 non
1555 653 1688 700 sunt
1706 648 1824 702 abs-
1905 653 2031 717 xv);
2064 655 2122 704 et
2149 650 2392 705 securim
2413 653 2693 724 perditam
2721 653 2782 710 in
2811 655 3263 730 profundumque
3289 660 3508 718 demer-

258 734 458 788 wndita.
491 733 714 804 Injuria
754 733 946 804 itaque
973 731 1198 786 Domini
1239 737 1434 787 nostra
1480 733 1662 804 gloria
1688 741 1774 790 est
1805 753 1818 790 :

1905 752 2046 805 sam,
2070 737 2244 792 missa
2272 739 2333 794 in
2361 740 2571 796 ﬂuente
2603 743 2866 798 Iordanis
2895 744 3100 801 levavit
3129 749 3230 815 (IV
3254 750 3377 818 Reg.
3409 751 3506 821 vr).

259 822 332 876 ille
354 827 602 876 mortuus
621 827 706 876 est
735 828 800 877 ut
826 837 930 876 nos
950 821 1262 875 viveremus
1287 837 1298 874 :
1325 820 1422 875 ille
1441 822 1729 878 descendit
1757 823 1830 878 ad
1909 825 1995 878 Ad
2038 831 2406 897 postremum,
2449 830 2628 884 factus
2677 838 2764 885 est
2799 831 2895 887 ille
2933 835 3274 903 maledictio,
3307 820 3508 906 factus,

259 909 448 976 inferos,
479 915 549 964 ut
575 927 681 964 nos
709 909 1140 968 ascenderemus
1169 909 1230 964 in
1251 909 1452 964 ccelum
1485 929 1497 963 :
1531 911 1626 965 ille
1651 911 1832 967 factus
1911 913 2162 985 inquam,
2186 932 2300 970 non
2331 923 2518 986 natus,
2538 925 2604 974 ut
2628 919 3044 977 benedictiones
3074 940 3198 995 quae
3217 927 3506 996 promissae

259 1005 327 1053 est
346 999 595 1065 stultitia,
629 1003 695 1054 ut
735 1016 837 1054 nos
876 997 1154 1070 sapientia
1185 999 1448 1053 ﬁeremus
1479 1016 1491 1052 :
1522 999 1616 1054 ille
1655 1017 1716 1055 se
1758 1000 1828 1055 de
1908 1000 2134 1058 fuerant
2149 1003 2541 1078 Abrahae,ipso
2560 1013 2789 1064 auctore
2809 1015 2868 1065 et
2885 1011 3110 1082 praevio,
3131 1013 3512 1070 transferren-

261 1087 584 1160 plenitudine
613 1093 672 1142 et
698 1088 768 1143 de
794 1087 975 1142 forma
991 1087 1094 1142 Dei
1115 1087 1830 1154 evacuavit,formamservi
1910 1095 2008 1145 tur
2033 1091 2104 1146 ad
2131 1098 2350 1164 gentes,
2383 1099 2442 1149 et
2467 1095 2700 1167 spiritus
2725 1099 3088 1170 repromissio
3114 1117 3218 1172 per
3241 1102 3413 1158 ﬁdem
3435 1104 3507 1159 il-

261 1175 524 1248 accipiens,
555 1183 622 1232 ut
651 1177 710 1232 in
739 1175 902 1232 nobis
930 1175 1213 1231 habitaret
1251 1175 1541 1247 plenitudo
1569 1176 1830 1233 divinita-
1913 1178 2023 1236 lius
2050 1182 2428 1252 compleretur
2455 1183 2516 1239 in
2540 1183 2723 1240 nobis.

261 1265 334 1332 tis,
361 1271 413 1320 et
435 1264 670 1321 Domini
699 1265 962 1321 ﬁeremus
991 1281 1096 1320 nos
1132 1265 1281 1320 servi
1305 1282 1320 1332 ;
1350 1263 1446 1319 ille
1470 1266 1740 1337 pependit
1772 1266 1834 1322 in

262 1399 3472 1430 _______________________________________

659 1500 1190 1628 LIBER
1302 1505 2112 1660 QUINTUS
2207 1510 3073 1644 DECIMUS.

653 1805 1012 1870 SEQUITUR
1046 1805 1281 1862 CAPUT
1317 1807 1419 1862 ΙΙΙ.

312 1893 542 1958 Fratres,
586 1895 892 1948 secundum
930 1895 1212 1950 hominem
1257 1897 1396 1950 dico.
1451 1895 1690 1966 (Ambr.)
1723 1897 1842 1952 Hoc

253 1979 385 2046 dicit,
449 1981 593 2052 quia
627 1983 910 2054 ~exemplo
972 1983 1234 2038 humanae
1307 2000 1488 2040 causae
1560 2001 1842 2040 commen-

251 2067 368 2123 dare
394 2069 512 2124 vult
527 2070 814 2125 rationem
835 2070 1034 2126 divinae
1055 2071 1465 2143 promissionis.
1488 2073 1650 2129 Unde
1669 2074 1840 2129 etiam

252 2159 560 2213 testamenti
609 2158 844 2213 humani
894 2159 1237 2215 mentionem
1271 2159 1407 2216 facit
1453 2161 1604 2234 quod
1645 2161 1842 2234 utique

253 2244 412 2300 multo
438 2253 530 2301 est
559 2246 846 2302 inﬁrmius
865 2264 1035 2319 quam
1055 2247 1328 2303 divinum.
1369 2251 1569 2304 Tamen
1599 2251 1842 2306 hominis

252 2337 634 2402 conﬁrmatum
673 2342 1058 2392 testamentum
1080 2354 1237 2392 nemo
1256 2341 1468 2408 spernit
1477 2343 1843 2408 autsuperor-

249 2423 637 2480 dinat.Verum
649 2425 881 2496 estquia
895 2430 1300 2482 testamentum
1311 2425 1559 2482 defuncti
1577 2427 1706 2498 jure
1726 2426 1842 2482 fac-

248 2515 354 2566 tum
372 2527 480 2567 non
502 2518 703 2584 potest
720 2513 920 2568 scindi.
947 2513 1170 2585 (Aug.)«
1190 2515 1404 2570 Tamen
1421 2515 1667 2570 hominis
1675 2521 1846 2570 testa-

247 2607 481 2656 mentum
507 2603 937 2672 conﬁrmatum,
954 2603 1158 2674 inquit,
1172 2619 1340 2657 nemo
1350 2603 1576 2658 irritum
1596 2603 1730 2658 facit
1746 2609 1845 2659 aut

248 2691 658 2760 superordinat,
697 2710 724 2743 o
758 2691 890 2763 quia
910 2708 1038 2746 cum
1067 2697 1308 2747 testator
1334 2697 1519 2746 mutat
1541 2696 1846 2748 testamen-

251 2786 373 2844 tum,
386 2795 502 2834 non
518 2781 927 2835 conﬁrmatum
947 2785 1130 2836 mutat
1150 2797 1162 2832 :
1186 2780 1474 2835 testatoris
1490 2781 1644 2836 enim
1663 2786 1846 2836 morte

246 2868 631 2924 conﬁrmatur.
661 2869 825 2934 Quod
853 2874 1043 2924 autem
1083 2884 1237 2924 mors
1274 2869 1564 2924 testatoris
1599 2870 1748 2925 valet
1772 2869 1845 2924 ad

243 2957 690 3012 conﬁrmandum
735 2963 1139 3013 testamentum
1184 2959 1330 3028 ejus,
1373 2959 1506 3030 quia
1550 2957 1845 3013 consilium

243 3050 448 3100 mutare
469 3047 608 3118 jam
638 3061 753 3101 non
779 3052 982 3118 potest,
1016 3046 1123 3101 hoc
1148 3046 1684 3102 incommutabilitas
1712 3063 1844 3120 pro-

1848 1810 1896 1870 B
1912 1808 2174 1864 similiter
2185 1810 2486 1881 justiﬁcari
2507 1812 2604 1883 qui
2620 1811 2814 1867 vivunt
2829 1828 2896 1868 ex
2912 1810 3177 1885 operibus
3187 1812 3510 1881 carnaliter,

1921 1913 2051 1952 cum
2084 1898 2174 1952 his
2219 1899 2315 1970 qui
2353 1899 2550 1955 vivunt
2579 1916 2647 1955 ex
2684 1901 2795 1956 ﬁde
2822 1900 3170 1973 spiritaliter.
3200 1903 3310 1957 Hoc
3336 1907 3524 1958 autem

1920 1987 2040 2042 dico
2061 1992 2447 2043 testamentum
2477 1992 2872 2058 conﬁrmatum
2901 2006 2938 2044 a
2963 1991 3220 2060 Itemque
3240 1995 3363 2060 post
3389 2006 3526 2060 qua-

1921 2076 2242 2144 dringentos
2257 2082 2308 2130 et
2331 2080 2569 2146 triginta
2581 2093 2757 2132 annos
2777 2079 2926 2146 facta
2937 2083 3013 2132 est
3033 2081 3136 2144 les,
3153 2094 3267 2132 non
3289 2080 3530 2132 irritum

1922 2164 2077 2230 facit,
2093 2165 2168 2218 ad
2183 2167 2559 2223 eoacuandam
2576 2167 3024 2235 promissionem.
3053 2164 3296 2234 (Ambr.)
3317 2166 3383 2220 In
3411 2166 3532 2220 solo

1924 2251 2146 2306 Christo
2168 2253 2454 2307 ﬁrmatam
2469 2252 2878 2308 benedictionis
2891 2252 3323 2324 promissionem
3340 2253 3522 2319 docet,

1923 2343 1989 2393 ut
2015 2339 2199 2411 legem
2229 2346 2358 2412 post
2379 2357 2504 2396 cccc
2547 2346 2605 2395 et
2643 2356 2754 2395 xxx
2792 2357 2971 2396 annos
3005 2340 3198 2396 datam
3239 2341 3518 2396 ostendat.

1925 2427 2246 2484 Constituta
2266 2429 2418 2484 enim
2458 2429 2850 2501 promissione,
2881 2435 3078 2501 postea
3115 2429 3252 2484 data
3287 2429 3376 2484 lex
3417 2435 3524 2497 est,

1927 2532 2050 2588 quae
2072 2533 2185 2572 non
2209 2517 2406 2589 utique
2433 2517 2749 2573 inﬁrmaret
2775 2517 3226 2590 promissionem,
3251 2517 3520 2590 sedquod

1924 2604 2117 2659 futura
2131 2612 2189 2660 et
2209 2607 2432 2677 quando
2451 2612 2690 2661 ventura
2702 2613 2851 2661 esset
2867 2605 3232 2677 signiﬁcaret.
3249 2607 3521 2675 (Hieron.)

1924 2693 2226 2765 Apostolus
2247 2691 2346 2766 qui
2375 2695 2636 2750 omnibus
2663 2694 2854 2750 omnia
2881 2695 3062 2750 factus
3102 2699 3209 2761 est,
3239 2699 3305 2749 ut
3330 2710 3526 2750 omnes

1925 2781 2294 2850 lucrifaceret,
2323 2782 2543 2838 debitor
2583 2783 2790 2839 Graecis
2831 2800 2897 2838 ac
2933 2781 3216 2850 Barbarie,
3253 2782 3524 2854 sapienti-

1924 2868 2048 2936 bus,
2063 2871 2281 2926 Galatis
2309 2887 2532 2943 quoque
2564 2887 2704 2942 quos
2732 2872 2902 2943 paulo
2918 2877 3052 2926 ante
3065 2871 3270 2926 stultos
3285 2871 3523 2938 dixerat,

1925 2957 2104 3014 factus
2133 2965 2220 3014 est
2235 2960 2462 3026 stultus,
2494 2975 2609 3014 non
2635 2959 2789 3014 enim
2817 2959 2889 3014 ad
2916 2976 3012 3014 eos
3037 2959 3126 3014 nis
3156 2975 3292 3014 usus
3320 2965 3410 3014 est
3427 2975 3522 3014 ar-

1923 3047 2209 3118 gumentis
2247 3047 2450 3119 quibus
2486 3047 2558 3102 ad
2601 3047 2904 3115 Romanos,
2930 3047 3031 3103 sed
3069 3047 3523 3119 simplicioribus,

241 3133 510 3190 missionis
540 3133 658 3190 Dei
685 3135 838 3190 valet
870 3135 940 3190 ad
981 3135 1427 3190 conﬁrmandam
1453 3135 1842 3191 hereditatem
1859 3125 1903 3186 Ο
1925 3141 1984 3191 et
2011 3153 2133 3209 quae
2160 3135 2581 3209 stultipossent
2609 3137 2948 3208 intelligere,
2977 3142 3036 3192 et
3061 3152 3206 3209 pene
3237 3135 3309 3192 de
3333 3136 3520 3194 trivio.

239 3219 481 3292 Abrahae,
497 3224 680 3294 cujus
704 3223 844 3278 ﬁdes
863 3222 1136 3295 deputata
1153 3229 1241 3279 est
1263 3223 1334 3278 ad
1347 3223 1650 3296 justitiam.
1673 3225 1846 3280 Abra-

240 3309 310 3364 hz
332 3312 488 3367 dicta:
505 3317 658 3366 sunt
681 3314 1073 3382 promissiones
1101 3317 1152 3367 et
1178 3315 1383 3367 semini
1398 3317 1534 3382 ejus,
1559 3329 1672 3368 non
1689 3314 1844 3380 dicit,

241 3403 284 3452 et
307 3403 627 3456 seminibus
659 3402 824 3469 quasi
847 3403 912 3454 in
931 3403 1146 3468 multis,
1169 3401 1263 3455 sed
1284 3403 1450 3469 quasi
1475 3403 1540 3455 in
1559 3417 1692 3467 uno,
1707 3405 1756 3456 et
1773 3417 1850 3454 se-

247 3490 379 3542 mini
417 3495 534 3554 tuo,
571 3491 685 3559 qui
731 3494 808 3542 est
845 3489 1112 3544 Christus.
1149 3489 1384 3558 (Ambr.)
1415 3489 1535 3544 Hoc
1569 3494 1657 3544 est
1702 3489 1851 3560 quod

247 3576 506 3649 scriptum
529 3582 631 3632 est
659 3576 719 3630 in
751 3576 957 3632 Genesi
984 3577 1055 3631 ad
1083 3576 1371 3632 Abraham
1403 3595 1416 3630 :
1447 3579 1516 3632 Et
1545 3580 1610 3632 in
1645 3580 1852 3632 semine

249 3671 330 3720 tuo
347 3667 759 3722 benedicentur
787 3683 972 3720 omnes
991 3671 1174 3735 gentes
1189 3666 1346 3738 (Gen.
1379 3670 1536 3736 xxn).
1557 3665 1717 3730 Quod
1737 3665 1852 3720 uti-

247 3769 342 3824 que
354 3755 415 3811 in
430 3755 679 3811 Christo
698 3754 994 3826 impletum
1014 3760 1102 3810 est
1119 3773 1133 3822 ;
1155 3753 1216 3809 in
1230 3755 1318 3826 cuj
1325 3771 1392 3810 us
1412 3754 1641 3810 nomine
1659 3770 1854 3810 omnes

244 3849 428 3910 gentes
451 3842 884 3900 benedicentur
903 3859 1005 3914 per
1024 3843 1212 3898 ﬁdem.
1243 3843 1375 3899 Ideo
1405 3859 1520 3898 non
1545 3843 1604 3898 in
1633 3843 1846 3909 multis,

245 3931 332 3986 sed
356 3932 416 3988 in
447 3949 572 3988 uno
606 3933 844 3987 ﬁrmata
868 3937 955 3986 est
983 3931 1298 4004 promissio,
1335 3932 1432 4004 qui
1455 3937 1544 3987 est
1569 3931 1847 3988 Christus.

245 4019 349 4076 Hac
360 4021 770 4094 disputatione
787 4037 894 4076 sua
908 4021 1211 4092 Apostolus
1228 4021 1388 4092 quasi
1415 4037 1542 4076 reos
1567 4019 1754 4076 falsati
1773 4025 1854 4076 te-

245 4111 498 4166 stamenti
519 4109 820 4180 designat,
843 4109 942 4181 qui
966 4108 1258 4164 credentes
1275 4109 1335 4164 in
1357 4109 1665 4177 Christum,
1683 4109 1856 4165 etiam

245 4197 304 4251 de
327 4199 454 4270 lege
483 4197 722 4270 aliquid
751 4202 1000 4270 sperant,
1025 4202 1091 4253 ut
1108 4213 1223 4253 non
1239 4198 1422 4253 solum
1441 4198 1594 4253 salus
1623 4197 1858 4270 promis-

245 4300 301 4337 sa
331 4287 390 4342 in
418 4288 688 4352 Christo,
723 4286 824 4342 sed
851 4291 909 4342 et
931 4286 992 4341 in
1020 4286 1146 4357 lege
1183 4287 1276 4353 sit,
1317 4285 1444 4342 ideo
1484 4285 1686 4358 probat
1733 4301 1859 4358 pro-

1927 3225 2088 3290 Quod
2114 3241 2186 3280 ne
2226 3225 2512 3280 videretur
2553 3225 2842 3298 imperitia
2879 3231 2938 3280 et
2982 3241 3098 3280 non
3137 3231 3261 3282 arte
3306 3225 3522 3292 fecisse,

1928 3313 2262 3386 prudentem
2292 3314 2478 3385 placat
2524 3320 2656 3368 ante
2693 3314 2982 3380 lectorem,
3013 3319 3074 3370 et
3113 3331 3238 3386 quae
3274 3313 3528 3371 dicturus

1931 3408 2034 3470 est,
2050 3407 2332 3474 temperat
2349 3403 2680 3474 praefatione
2708 3403 3000 3474 praemissa
3029 3420 3041 3456 :
3075 3403 3314 3470 Fratres,
3339 3419 3529 3459 secun-

1933 3493 2068 3545 dum
2095 3491 2382 3546 hominem
2408 3493 2548 3558 dico,
2583 3491 2732 3562 quod
2761 3490 2914 3546 enim
2945 3490 3199 3546 dicturus
3227 3507 3374 3559 sum,
3413 3507 3527 3548 non

1933 3579 2056 3634 dico
2084 3579 2391 3634 secundum
2417 3579 2620 3646 Deum,
2651 3595 2765 3634 non
2789 3579 2914 3634 dico
2933 3579 3244 3634 secundum
3267 3579 3527 3635 recondi-

1933 3675 2053 3724 tam
2071 3667 2429 3738 sapientiam,
2441 3673 2497 3722 et
2517 3683 2613 3723 eos
2633 3667 2732 3740 qui
2749 3667 2928 3722 solido
2947 3672 3186 3739 possunt
3199 3667 3348 3723 vesci
3365 3667 3491 3724 cibo
3509 3687 3524 3735 ;

1935 3754 2034 3811 sed
2058 3755 2370 3810 secundum
2398 3771 2494 3810 eos
2533 3755 2631 3827 qui
2673 3754 2744 3809 ob
2783 3755 3226 3810 teneritudinem
3253 3756 3527 3812 stomachi

1931 3845 2110 3898 lacteo
2131 3859 2258 3898 rore
2289 3848 2615 3915 pascuntur,
2647 3849 2706 3898 et
2733 3859 3092 3914 nequaquam
3116 3842 3308 3898 valent
3331 3843 3531 3898 audire

1933 3949 2056 4005 quae
2081 3931 2322 4004 grandia
2345 3937 2496 3987 sunt.
2533 3931 2694 3987 Unde
2734 3920 2794 3986 et
2835 3931 2908 3987 ad
2937 3929 3276 4000 Corinthios,
3297 3931 3360 3987 in
3401 3931 3529 4004 qui-

1932 4021 2039 4077 bus
2077 4019 2412 4076 audiebatur
2449 4020 2762 4087 fornicatio,
2795 4025 2855 4076 et
2891 4020 3022 4076 talis
3063 4019 3360 4076 fornicatio
3409 4037 3533 4092 quae

1935 4125 2040 4165 nec
2068 4109 2218 4164 inter
2241 4113 2440 4180 gentes
2468 4108 2716 4181 quidem,
2738 4107 2822 4164 ait
2848 4127 2865 4163 :
2897 4109 3008 4177 Ego
3035 4110 3174 4176 dico,
3209 4124 3322 4164 non
3347 4110 3531 4164 Domi-

1938 4214 2046 4254 nus
2079 4200 2132 4268 (I
2163 4197 2286 4254 Cor.
2319 4201 2436 4268 vn).
2481 4197 2553 4253 Et
2595 4197 2667 4252 ad
2709 4196 2936 4252 eosdem
2965 4196 3025 4251 in
3051 4197 3298 4252 secunda
3327 4215 3340 4250 :
3379 4198 3533 4266 Quod

1940 4291 2151 4357 loquor,
2173 4271 2286 4342 non
2303 4287 2607 4342 secundum
2634 4287 2809 4340 Deum
2829 4289 3041 4355 loquor,
3055 4287 3148 4339 sed
3165 4289 3329 4354 quasi
3353 4288 3419 4340 in
3445 4289 3534 4340 in-

245 4374 1065 4432 missionembenedictionisin
1076 4375 1194 4430 solo
1205 4374 1730 4444 Christofactam.(.4
1741 4378 1856 4445 ug.)
1873 4441 1906 4445 _
1937 4377 2201 4444 sipientia
2229 4375 2311 4443 (II
2333 4374 2454 4430 Cor.
2485 4377 2584 4443 xx).
2609 4373 2823 4428 Putant
2845 4371 3021 4443 aliqui
3048 4371 3198 4442 quod
3241 4371 3313 4427 de
3355 4377 3530 4427 testa-

245 4460 386 4518 Unus
422 4471 516 4520 est
543 4463 818 4520 Christus
863 4469 1034 4536 caput
1078 4469 1136 4520 et
1175 4480 1397 4537 corpus,
1428 4464 1662 4519 docente
1683 4441 1855 4536 ‘Ap—o;
1873 4441 1921 4500 D
1939 4441 2131 4518 mento
2158 4441 2423 4530 hominis,
2463 4467 2522 4517 et
2544 4441 2628 4516 de
2665 4441 2958 4516 testatoris
2991 4441 3194 4526 morte,
3225 4463 3286 4514 et
3315 4459 3534 4514 caeteris

247 4552 375 4608 stole
392 4561 576 4626 atque
597 4553 832 4608 dicente
852 4553 923 4608 de
952 4553 1168 4608 semine
1186 4552 1425 4620 Abrahae
1444 4570 1456 4606 :
1480 4553 1546 4610 Si
1567 4557 1756 4608 autem
1767 4569 1858 4608 vos
1937 4551 2199 4608 humanae
2209 4550 2596 4606 similitudinis
2609 4549 2998 4621 disputaturus
3013 4545 3281 4618 exemplis
3299 4547 3528 4603 dixerit:

250 4640 462 4710 Christi,
495 4660 640 4713 ergo
670 4643 904 4697 Abrahae
940 4659 1121 4698 semen
1148 4645 1294 4708 estis,
1325 4657 1454 4696 cum
1500 4641 1733 4696 dixisset
1758 4658 1855 4696 su-
1936 4643 2176 4708 Fratres,
2199 4640 2501 4695 secundum
2519 4639 2798 4692 hominem
2819 4638 2968 4702 dico;
2992 4635 3134 4690 mihi
3165 4641 3356 4692 autem
3384 4636 3534 4692 vide-
3624 4634 3628 4638 ’

248 4731 424 4800 pains
457 4750 474 4787 :
508 4733 650 4788 Non
683 4732 819 4786 dicit
847 4737 897 4784 et
920 4731 1243 4797 seminibus,
1263 4735 1534 4800 tanquam
1553 4733 1617 4784 in
1639 4733 1854 4796 multis,
1937 4733 2050 4795 tur,
2065 4735 2122 4783 et
2138 4734 2368 4800 propter
2387 4725 2494 4781 hoc
2512 4725 2740 4796 quidem
2760 4725 2909 4796 quod
2935 4723 3019 4779 illi
3037 4723 3402 4793 arbitrantur,
3432 4726 3533 4781 sed

253 4820 330 4872 sed
345 4826 634 4890 tanquam
653 4836 723 4874 in
742 4836 876 4884 uno,
891 4824 941 4874 et
966 4821 1168 4874 semini
1189 4824 1302 4886 tuo,
1327 4819 1472 4888 quod
1491 4823 1566 4872 est
1587 4817 1855 4873 Christus.
1940 4815 2182 4871 maxime
2191 4822 2420 4888 propter
2429 4813 2570 4869 illud
2580 4813 2730 4884 quod
2743 4812 3001 4885 sequitur
3015 4829 3138 4868 esse
3157 4813 3531 4885 praimissum,

255 4905 304 4960 Si
325 4923 458 4981 ergo
485 4924 703 4964 semen
725 4906 983 4973 Abrahae,
1011 4907 1119 4962 hoc
1145 4911 1234 4962 est
1261 4906 1534 4974 Christus,
1555 4905 1692 4978 quid
1706 4905 1859 4960 aliud
1941 4905 2114 4971 idest,
2129 4921 2241 4958 non
2261 4906 2396 4959 dicit
2413 4909 2464 4958 et
2481 4903 2784 4958 seminibus
2797 4905 2959 4972 quasi
2967 4905 3032 4956 in
3043 4905 3254 4968 multis,
3273 4905 3364 4957 sed
3372 4909 3536 4972 quasi

255 4994 448 5052 dictum
475 5004 574 5054 est
600 4994 817 5068 quibus
842 4995 1055 5051 dictum
1097 5000 1202 5062 est,
1237 5011 1372 5066 ergo
1404 4995 1636 5049 Abraha
1678 5009 1860 5048 semen
1942 4996 2007 5047 in
2017 4997 2214 5058 uno,et
2231 4993 2434 5046 semini
2443 4996 2535 5046 tuo
2545 4993 2645 5060 qui
2663 4995 2740 5046 est
2759 4989 3032 5046 Christus.
3055 4989 3264 5045 Omnes
3289 4991 3532 5062 scriptu-

257 5088 382 5154 estis,
399 5087 534 5154 nisi,
553 5087 720 5156 Ergo
749 5083 1005 5140 Christus
1025 5083 1196 5140 estis?
1219 5083 1288 5138 Et
1315 5082 1442 5137 ideo
1468 5098 1660 5137 semen
1685 5081 1862 5137 Abra-
1941 5098 2034 5136 ras
2059 5095 2229 5137 sensu
2253 5096 2319 5135 ac
2348 5079 2622 5134 memoria
2647 5095 2972 5151 peragrans,
3007 5093 3300 5150 nunquam
3329 5079 3536 5150 plurali

260 5171 373 5229 ham
396 5177 490 5231 cui
530 5174 716 5231 dictae
749 5179 887 5229 sunt
929 5172 1348 5246 promissiones,
1391 5171 1680 5226 Christum
1726 5169 1862 5226 dicit
1941 5185 2180 5226 numero
2207 5167 2426 5224 semina
2450 5167 2660 5239 scripta
2681 5167 2886 5240 reperi,
2911 5167 3010 5222 sed
3053 5165 3170 5221 sive
3203 5166 3266 5222 in
3304 5165 3531 5238 bonam,

259 5262 567 5334 Apostolus,
604 5263 723 5318 hoc
739 5267 828 5318 est
853 5279 1050 5318 omnes
1067 5261 1419 5318 Christianos
1438 5259 1547 5316 ﬁde
1572 5258 1861 5315 imitantes

262 5349 550 5408 Abraham.
585 5351 763 5416 Quod
787 5351 860 5405 ad
887 5349 1342 5422 singularitatem
1361 5347 1566 5421 redigit
1583 5363 1864 5404 commen-

264 5437 448 5507 dando,
478 5439 650 5513 quod
670 5453 788 5492 non
817 5439 1032 5494 dictum
1062 5444 1167 5506 est,
1201 5443 1261 5493 et
1286 5437 1612 5505 seminibus,
1645 5437 1745 5492 sed
1771 5452 1862 5492 se-

267 5528 384 5585 mini
409 5537 512 5586 tuo
547 5549 562 5584 :
603 5527 754 5601 quia
790 5533 850 5582 et
873 5544 991 5584 una
1037 5533 1124 5584 est
1160 5527 1320 5596 ﬁdes,
1367 5530 1428 5581 et
1474 5541 1588 5582 non
1627 5533 1865 5600 possunt

664 5628 937 5698 Ριτηοι..
965 5627 1124 5715 ρχιι

1942 5259 2059 5314 sive
2085 5259 2146 5314 in
2173 5257 2381 5314 malam
2396 5261 2636 5329 partem,
2653 5271 2877 5328 semper
2891 5254 3190 5326 singulari.
3221 5255 3454 5314 Necnon
3478 5264 3539 5316 et

1943 5347 2083 5402 illud
2111 5345 2260 5420 quod
2287 5345 2480 5401 infert:
2501 5346 2607 5400 Hoc
2635 5349 2822 5400 autem
2849 5345 2970 5398 dico
2999 5348 3384 5401 testamentum
3413 5363 3538 5402 con-

1945 5441 2236 5506 ﬁrmatum
2256 5452 2292 5490 a
2321 5436 2442 5500 Deo,
2458 5434 2506 5488 si
2523 5433 2648 5504 quis
2666 5433 2964 5503 diligenter
2981 5431 3236 5489 Hebraea
3253 5435 3538 5491 volumina

1945 5532 2002 5583 et
2029 5531 2259 5582 caeteras
2289 5523 2564 5582 editiones
2582 5537 2711 5580 cum
2725 5521 2871 5582 LXX.
2893 5519 3270 5594 interpretum
3295 5525 3536 5582 traueh-

3143 5623 3222 5683 10
