4034 6162
462 260 565 328 est
933 311 944 323 .
1058 268 1120 323 Β.
1165 261 1435 322 essm
1475 257 1707 315 MAURI
1747 257 2082 314 ARCHIEP.
2123 257 2448 314 MOGUNT.
2492 253 2789 314 0913mm
2825 241 3010 314 pina
3049 254 3148 314 ιιι.
3635 257 3737 316 300

463 395 618 451 tione
635 391 954 456 contulerit,
981 389 1229 445 inveniet
1255 386 1350 441 ubi
1363 389 1767 439 testamentum
1789 382 2060 451 scriptum
2079 383 2130 440 Α
2145 381 2342 435 doceat
2371 381 2670 452 Apostolus
2689 394 2800 436 non
2831 397 2994 453 posse
3016 397 3118 453 per
3146 379 3348 453 legem,
3381 396 3505 454 qua:
3545 388 3742 452 postea

469 488 575 548 est,
597 497 712 539 non
739 483 1143 537 testamentum
1172 487 1393 540 sonare,
1427 471 1526 527 sed
1548 477 1792 542 pactum,
1826 469 1974 540 quod
2001 469 2061 523 in
2143 471 2277 524 data
2317 475 2420 533 est,
2463 469 2924 540 repromissiones
2966 486 3088 541 quae
3126 475 3258 525 ante
3305 471 3462 524 factm
3510 475 3645 525 sunt
3671 472 3740 525 ad

469 570 703 627 Hebraeo
726 584 987 625 sermone
1012 565 1219 620 dicitur
1249 561 1463 619 Berith.
1489 559 1648 616 Unde
1699 558 2061 612 manifestum
2143 559 2427 612 Abraham
2439 557 3346 630 destrui,ctposterioraprioribus
3357 560 3739 631 praejudicare,

471 657 632 715 estid
657 657 854 713 fecisse
880 655 1215 727 Apostolum
1245 651 1392 723 quod
1423 647 1698 720 promisit,
1733 663 1835 702 nec
1865 659 2062 701 recon-

473 747 606 804 ditis
632 745 706 804 ad
726 745 956 800 Galatas
975 757 1142 799 usum
1164 758 1286 796 esse
1307 738 1582 803 sensibus,
1599 737 1698 791 sed
1727 735 2068 807 quotidiani:

475 841 534 891 et
557 833 778 900 vilibus,
821 837 880 888 et
905 845 1029 904 quae
1051 836 1300 903 possent,
1331 829 1442 882 nisi
1481 825 1844 898 praemisisset
1873 841 2067 880 secun-

473 927 610 979 dum
637 924 917 978 hominem
947 923 1088 987 dico,
1115 917 1489 992 prudentibus
1517 915 1832 986 displicere.
1851 913 2069 984 Suppu-

470 1011 631 1068 tandi
656 1011 719 1066 in
744 1011 852 1066 hoc
879 1010 1002 1066 loco
1029 1009 1166 1064 anni
1193 1007 1265 1062 ab
1283 1023 1350 1062 eo
1371 1012 1626 1076 tempore
1656 1019 1767 1075 quo
1795 1001 2068 1058 Dominus

471 1101 544 1156 ad
569 1099 859 1156 Abraham
885 1098 1108 1154 locutus
1141 1102 1230 1152 est
1256 1095 1447 1150 dicens
1483 1112 1494 1147 :
1531 1094 1596 1148 Et
1636 1096 1699 1146 in
1737 1095 1946 1145 semine
1977 1096 2068 1144 tuo

471 1191 855 1244 benedicentur
897 1203 1080 1240 omnes
1124 1190 1323 1253 gentes,
1365 1198 1547 1254 usque
1573 1181 1646 1235 ad
1684 1179 2066 1250 legislatonem

474 1277 726 1349 Moysen,
750 1282 944 1331 utrum
975 1272 1375 1346 quadringenti
1402 1271 1638 1340 triginta
1655 1269 1786 1334 sint,
1820 1269 1905 1321 vel
1927 1283 2066 1338 quo-

475 1365 640 1424 modo
660 1365 720 1424 in
747 1363 954 1423 Genesi
973 1363 1082 1434 ipsi
1124 1361 1363 1418 Abrahae
1407 1358 1680 1416 Dominus
1717 1357 2064 1428 polliceatur.

472 1453 632 1518 Quod
651 1458 780 1526 post
807 1450 1250 1523 quadringentos
1292 1464 1470 1502 annos
1498 1447 1568 1500 de
1597 1452 1753 1501 terra
1786 1445 2072 1500 servitutis

473 1541 574 1597 ﬁlii
601 1542 724 1612 ejus
751 1539 955 1596 exituri
983 1537 1116 1596 sint.
1151 1532 1280 1594 Non
1310 1535 1462 1592 enim
1489 1551 1662 1610 parva
1691 1549 1781 1589 res
1817 1540 1921 1600 est,
1953 1537 2012 1588 et
2039 1547 2073 1588 a

475 1630 670 1685 multis
717 1629 970 1701 quaesita,
1029 1626 1216 1682 nescio
1271 1641 1346 1680 an
1393 1619 1463 1679 ab
1499 1623 1690 1694 aliquo
1719 1623 1796 1676 sit
1823 1622 2066 1676 inventa.

2149 663 2274 702 cum
2287 647 2747 718 repromissiones
2759 647 2830 700 ad
2846 647 3132 702 Abraham
3148 656 3281 702 ante
3304 649 3748 720 quadringentos

2149 736 2384 806 triginta
2395 751 2572 792 annos
2593 737 2736 790 datae
2753 735 2884 797 sint,
2911 737 3059 808 quod
3070 737 3534 792 benedicerentur
3560 737 3620 792 in
3648 738 3747 792 illo

2149 825 2421 881 universae
2443 825 2717 880 nationes.
2739 826 2902 896 Legis
2915 832 3107 880 autem
3119 826 3451 891 observatio,
3472 827 3622 898 quod
3651 826 3748 898 qui

2149 914 2372 969 fecisset
2399 927 2544 980 eam,
2577 914 2788 969 viveret
2805 914 2865 968 in
2888 931 2974 980 ea,
3017 923 3143 985 post
3169 916 3614 986 quadringentos
3643 915 3748 970 tri-

2148 1003 2309 1074 ginta
2327 1017 2506 1057 annos
2521 1003 2699 1075 Moysi
2728 1003 2860 1057 data
2877 1003 2954 1057 sit
2977 1003 3036 1058 in
3059 1008 3251 1058 monte
3282 1004 3436 1059 Sina.
3463 1003 3506 1058 E
3529 1010 3752 1058 contra-

2151 1091 2235 1145 rio
2273 1091 2363 1145 hic
2389 1091 2496 1145 dici
2519 1097 2740 1162 poterat
2771 1109 2781 1144 :
2828 1091 2972 1156 Quid
3005 1107 3138 1162 ergo
3167 1106 3394 1147 necesse
3425 1093 3530 1146 fuit
3566 1093 3750 1162 legem

2149 1186 2276 1252 post
2295 1185 2519 1234 tantum
2535 1185 2759 1252 tempus
2778 1180 3382 1252 repromissionisdari,
3401 1194 3530 1235 cum
3548 1187 3608 1234 et
3618 1175 3754 1234 dato

2149 1269 2289 1339 lege,
2306 1269 2549 1340 suspicio
2563 1267 2860 1324 destructas
2880 1269 3198 1340 sponsionis
3223 1269 3505 1340 putaverit
3518 1265 3748 1336 oboriri,

2153 1364 2211 1412 et
2235 1365 2501 1412 manente
2535 1358 2989 1429 repromissione,
3023 1375 3134 1412 non
3165 1359 3458 1430 profutura
3484 1359 3572 1412 lex
3618 1358 3754 1412 data

2153 1447 2266 1500 sit?
2295 1447 2478 1511 Quam
2508 1447 2818 1518 praevidens
2846 1447 3146 1518 Apostolus
3177 1447 3563 1518 quaestionem,
3588 1447 3648 1501 in
3669 1463 3755 1501 se-

2154 1535 2456 1606 quentibus
2485 1535 2605 1608 ipse
2635 1535 2739 1590 sibi
2773 1535 3054 1606 proponit,
3090 1541 3148 1591 et
3177 1533 3420 1606 explicat
3442 1535 3636 1590 dicens
3663 1555 3672 1588 :

2227 1625 2369 1691 Quid
2389 1628 2568 1692 igitur
2597 1628 2718 1678 lca)?
2747 1627 3418 1693 Proptcrtrangressioncs
3443 1628 3625 1693 posita
3653 1631 3752 1692 cst,

475 1695 826 1774 Vincibiliter
871 1720 1065 1771 autem
1111 1714 1262 1786 quod
1293 1714 1382 1768 lex
1417 1711 1588 1766 infert
1630 1711 1882 1766 nondum
1914 1711 2066 1775 data,
2091 1695 2321 1766 Bdonec
2346 1715 2558 1767 veniret
2582 1729 2762 1766 semen
2783 1715 2876 1766 cui
2886 1715 3237 1780 promiserat,
3255 1715 3523 1767 ordinata.
3537 1729 3756 1781 peran-

476 1811 617 1873 erat,
645 1822 750 1864 nec
768 1811 959 1878 posset
984 1809 1112 1875 post
1137 1807 1224 1860 tot
1251 1817 1431 1860 annos
1449 1801 1534 1856 ita
1567 1799 1708 1865 dari,
1733 1805 1796 1856 ut
1813 1799 2072 1870 antiques

477 1895 717 1953 Abrahsa
747 1892 1148 1966 promissiones
1175 1891 1366 1948 irritas
1392 1889 1618 1946 faceret.
1631 1888 1690 1944 Si
1715 1887 1867 1943 enim
1885 1887 1972 1942 lex
1984 1889 2074 1958 ju-

476 1985 702 2048 stiﬁcat,
738 1998 850 2040 non
877 1985 966 2038 est
986 1980 1328 2052 iustiﬁcatus
1357 1978 1662 2042 Abraham,
1704 1976 1802 2048 qui
1829 1977 2073 2032 multum

480 2079 612 2129 ante
623 2071 807 2142 legem
817 2069 952 2128 fuit;
971 2069 1120 2140 quod
1140 2069 1276 2140 quia
1283 2067 1470 2124 dicere
1480 2081 1592 2122 non
1603 2070 1854 2136 possunt,
1867 2079 2072 2135 cogun-

479 2166 576 2217 tur
587 2159 751 2217 fateri
759 2197 773 2225 ,
795 2158 939 2230 legis
951 2156 1213 2230 operibus
1223 2172 1336 2213 non
1345 2157 1367 2226 j
1375 2155 1644 2211 ustiiiceri
1660 2153 2071 2219 hominem,sed

479 2249 613 2306 ﬁdo.
635 2247 817 2304 Simul
836 2246 1010 2304 etiam
1045 2262 1149 2302 nos
1167 2244 1318 2315 cogit
1339 2243 1672 2314 intelligere,
1697 2257 1894 2298 omnes
1921 2241 2068 2299 anti-

469 2353 623 2410 quos
641 2337 738 2408 qui
752 2335 1048 2408 justiticati
1067 2339 1216 2399 sunt,
1273 2349 1339 2390 ex
1375 2332 1501 2404 ipsa
1542 2331 1652 2389 ﬁdo
1685 2331 2022 2402 justiﬁcatos
2053 2349 2065 2383 :

482 2427 630 2498 quod
657 2425 810 2482 enim
829 2437 933 2481 nos
961 2441 1028 2480 ex
1053 2428 1212 2494 parte
1241 2420 1608 2494 prateritum,
1631 2419 1690 2476 id
1719 2425 1807 2476 est
1827 2420 2071 2489 primum

482 2515 787 2571 adventum
805 2512 1050 2578 Domini,
1085 2528 1152 2568 ex
1173 2517 1334 2584 parte
1360 2509 1632 2576 futurum,
1668 2509 1726 2565 id
1746 2516 1850 2575 est,
1870 2525 2072 2564 secun-

482 2603 620 2658 dum
637 2601 942 2658 adventum
969 2599 1194 2657 Domini
1222 2598 1518 2662 credendo,
1568 2597 1707 2653 salvi
1741 2597 2068 2663 ei‘iiciemur,

479 2691 588 2746 hoc
611 2694 794 2746 totum
821 2688 926 2753 illi,
957 2688 1014 2744 id
1044 2695 1150 2754 est,
1172 2693 1476 2757 utrumque
1495 2687 1796 2743 adventum
1818 2685 2073 2742 futurum

479 2775 802 2844 credebant,
834 2777 1118 2834 revelante
1143 2774 1250 2831 sibi
1279 2775 1492 2846 Spiritu
1513 2779 1725 2840 sancto,
1744 2781 1811 2829 ut
1823 2775 1961 2830 salvi
1978 2775 2072 2830 ﬁe-

483 2873 630 2923 rent.
662 2865 824 2922 Unde
859 2871 948 2923 est
997 2864 1171 2921 etiam
1225 2863 1365 2920 illud
1397 2883 1409 2918 :
1441 2862 1725 2921 Abraham
1763 2865 2072 2932 concupivit

481 2957 629 3012 diem
654 2970 842 3010 meum
867 2955 1068 3019 uidere,
1098 2959 1148 3008 et
1173 2954 1311 3008 vidit
1329 2955 1608 3020 etyaoisus
1623 2957 1697 3007 est
1721 2953 1901 3018 (Joan.
1927 2955 2066 3020 vui).

547 3041 614 3100 Si
637 3047 872 3099 animae
899 3045 1009 3110 (ego
1053 3041 1359 3104 hereditas,
1397 3043 1526 3108 jam
1567 3055 1679 3096 non
1723 3057 1788 3094 eo
1829 3043 2072 3108 promis-

2152 1805 2294 1869 gelos
2309 1805 2372 1854 in
2399 1817 2576 1854 manu
2599 1801 2938 1855 mediatoris.
2965 1802 3234 1855 Mediator
3251 1807 3437 1856 autem
3451 1805 3626 1856 unius
3641 1818 3753 1854 non

2154 1895 2248 1954 est,
2275 1890 2416 1944 Deus
2444 1895 2629 1943 autem
2659 1901 2809 1943 unus
2835 1894 2929 1943 est.
2962 1889 3133 1954 Quia-
3152 1895 3418 1944 manente
3451 1890 3755 1960 repromis-

2154 1979 2313 2034 sione
2332 1993 2455 2049 qute
2473 1977 2622 2032 facta
2639 1975 2824 2032 fuerat
2849 1977 2921 2032 ad
2939 1977 3244 2043 Abraham,
3277 1979 3365 2032 lex
3393 1983 3590 2050 postea
3617 1977 3750 2032 data

2155 2084 2255 2138 per
2307 2067 2538 2138 Moysen
2587 2065 2800 2121 frustra
2836 2066 3132 2122 videbatur
3169 2067 3346 2132 illata,
3379 2081 3481 2121 cur
3506 2067 3641 2122 data
3673 2066 3753 2121 sit

2153 2155 2428 2228 explicat:
2451 2159 2674 2223 propter
2703 2159 3162 2224 transgressiones
3185 2159 3367 2224 posita
3395 2161 3491 2221 est,
3523 2155 3713 2227 inquit
3736 2174 3746 2207 :

2151 2249 2280 2316 post
2307 2245 2577 2298 oll‘ensam
2606 2244 2758 2298 enim
2776 2243 2836 2298 in
2865 2259 3054 2298 eremo
3075 2243 3285 2315 populi,
3311 2248 3440 2315 post
3451 2244 3749 2298 adoratum

2153 2334 2410 2396 vitulum,
2435 2337 2494 2387 et
2520 2347 2778 2386 murmur
2797 2332 2855 2386 in
2881 2332 3206 2399 Dominum,
3235 2333 3327 2387 lex
3354 2333 3754 2403 transgressio-

2155 2436 2254 2478 nes
2275 2422 2628 2494 prohibitura
2654 2421 2922 2476 successit
2954 2439 2966 2474 :
2999 2424 3154 2476 Jusia
3173 2425 3373 2490 quippe
3403 2425 3488 2476 les
3514 2437 3629 2476 non
3675 2427 3752 2474 est

2149 2515 2346 2580 posita,
2401 2513 2613 2580 iniquis
2671 2514 2859 2565 autem
2911 2520 2960 2564 ct
3000 2525 3112 2564 non
3155 2511 3410 2576 subditis,
3463 2513 3656 2578 impiis
3703 2515 3752 2563 et

2149 2602 2519 2668 peccatoribus
2541 2602 2596 2666 (Ι
2626 2601 2765 2653 Tim.
2800 2602 2860 2664 ι).
2907 2599 2978 2654 Et
3007 2603 3074 2653 ut
3111 2598 3284 2653 altius
3325 2603 3580 2669 repetam
3625 2605 3758 2669 post

2155 2688 2549 2752 idololatriam,
2575 2687 2666 2742 cui
2695 2687 2755 2742 in
2791 2687 3032 2758 Egypto
3055 2687 3282 2742 fuerant
3311 2687 3634 2758 mancipati,
3673 2687 3754 2740 ita

2153 2783 2219 2831 ut
2262 2777 2442 2831 Deum
2477 2781 2703 2847 patrum
2737 2791 2970 2830 suorum
3015 2775 3480 2830 obliviscerentur
3506 2781 3564 2830 et
3592 2775 3754 2830 dice—

2151 2871 2315 2920 rent:
2351 2867 2450 2920 Isti
2475 2870 2606 2919 sunt
2632 2867 2717 2918 dii
2737 2867 2840 2929 tui,
2876 2866 3066 2928 Israel,
3099 2868 3198 2934 qui
3239 2865 3550 2918 eduxerunt
3592 2869 3640 2918 te
3689 2866 3757 2918 de

2156 2959 2307 3008 terra
2315 2955 2532 3022 .Egypti
2544 2954 2728 3021 (Exod.
2745 2957 2912 3021 xxxii)
2933 2971 2946 3018 ;
2979 2953 3125 3008 ritus
3138 2953 3360 3007 colendi
3374 2953 3575 3018 Deum,
3592 2959 3651 3007 et
3660 2952 3757 3008 de-

2155 3041 2536 3114 linquentium
2560 3057 2728 3114 pmna
2755 3041 2971 3096 sancite
2999 3047 3102 3107 est,
3134 3041 3194 3096 in
3216 3057 3389 3096 manu
3422 3041 3755 3096 mediatoris

470 3131 1180 3198 sions,Abrahaautempcr
1189 3131 1666 3198 repromissionem
1678 3129 2070 3184 donavitDcus.
2158 3131 2366 3186 Christi
2393 3131 2423 3184 Ι
2427 3147 2546 3197 esu,
2561 3131 2696 3202 quia
2713 3147 2800 3184 om
2810 3134 2909 3184 nia
2915 3147 3018 3198 per
3039 3134 3222 3198 ipsum
3243 3133 3392 3197 facta
3408 3136 3560 3192 sunt,
3573 3136 3622 3184 et
3632 3131 3756 3184 sine

483 3217 1530 3290 (Asnbr.)Duascausassibicontrarias
1543 3215 1854 3272 defendunt
1872 3216 2068 3282 Judai,
2157 3223 2271 3290 ipso
2307 3223 2518 3286 factum
2548 3223 2622 3273 est
2671 3221 2822 3273 nihil
2851 3217 3016 3289 (Joan
3043 3222 3100 3287 ι),
3136 3235 3250 3273 non
3287 3219 3468 3274 solum
3523 3219 3750 3283 coelum,

481 3310 636 3367 nullo
650 3308 802 3366 enim
809 3313 993 3380 pacto,
1007 3306 1164 3363 nulla
1176 3305 1396 3363 ratione
1407 3305 1632 3362 suaderi
1653 3310 1840 3376 potest
1861 3307 1888 3360 J
1896 3305 2069 3361 udaais
2155 3314 2326 3373 terra,
2358 3324 2532 3374 mare,
2562 3313 2621 3362 et
2634 3308 2891 3362 universa
2903 3324 3026 3378 qua:
3043 3307 3344 3372 cernimus,
3361 3307 3461 3362 sed
3471 3306 3644 3362 etiam
3657 3307 3760 3362 illa

480 3397 718 3454 Abrahae
727 3395 1158 3469 promissionem
1167 3400 1492 3452 evacuatam
1504 3394 1884 3465 perlegem,et
1895 3401 2062 3450 recte:
2151 3413 2276 3468 quae
2295 3413 2397 3468 per
2423 3397 2655 3468 Moysen
2669 3397 2810 3451 duro
2826 3396 3033 3467 populo
3064 3396 3225 3466 quasi
3247 3397 3451 3466 jugum
3470 3396 3612 3466 legis
3640 3396 3753 3451 im-

481 3485 743 3546 udaliud
769 3484 1064 3542 adversum
1086 3482 1400 3554 improvida
1428 3482 1864 3554 praesumptione
1883 3482 2068 3538 defen-
2151 3485 2336 3556 posita
2350 3486 2866 3556 sunt.(Ambr.)Lex
2879 3484 3240 3549 factorum,id
3257 3485 3759 3556 est,Moysi,posita

479 3572 1376 3648 dunt,putantesjustiiicationem
1386 3571 1509 3628 sine
1532 3587 1700 3642 opere
1723 3571 1864 3642 legis
1873 3587 2070 3642 prove-
2156 3580 2242 3628 est
2261 3575 2319 3628 in
2343 3574 2526 3628 medio
2555 3575 2704 3628 inter
2721 3580 2960 3644 emptam
2981 3573 3413 3645 promissionem
3435 3579 3493 3627 et
3532 3589 3749 3635 semen,

479 3667 726 3721 nimnon
737 3677 931 3735 posse;
952 3678 1081 3718 cum
1102 3659 1600 3727 sciantAbraham,
1617 3660 1713 3731 qui
1739 3660 1920 3716 forma
1951 3661 2073 3730 eius
2155 3663 2244 3718 cui
2273 3663 2421 3718 facta
2449 3663 2746 3734 promissio
2774 3668 2878 3728 est,
2912 3663 3019 3717 hoc
3057 3668 3145 3720 est
3196 3661 3347 3716 inter
3376 3661 3665 3716 Abraham
3696 3670 3758 3716 et

479 3753 564 3809 rei
587 3757 692 3820 est,
723 3752 848 3809 sine
871 3749 1284 3822 operibuslegis
1307 3765 1408 3822 per
1417 3749 1594 3806 solam
1615 3748 1784 3805 ﬁdem
1794 3748 2072 3818 justitica-
2157 3753 2510 3806 salvatorem.
2536 3751 2666 3806 Ideo
2686 3752 2853 3821 longe
2869 3750 3004 3828 data
3030 3757 3159 3821 post
3186 3751 3394 3805 factam
3424 3751 3756 3822 promissio-

481 3840 740 3898 tumSed
749 3841 1110 3897 simulatione
1123 3839 1368 3912 quedam
1387 3837 1576 3894 siccati
1592 3854 1704 3894 non
1727 3838 2068 3908 intelligunt,
2159 3855 2306 3906 nem,
2335 3840 2531 3912 utipsa
2551 3839 2912 3894 distinctione
2927 3839 3081 3894 aliud
3109 3839 3214 3902 lex,
3256 3845 3315 3894 et
3331 3839 3486 3894 aliud
3519 3840 3758 3910 promis-

380 3962 395 3975 -
480 3947 664 4002 neque
681 3929 1057 3994 considerant,
1075 3927 1214 3999 quia
1227 3927 1274 3982 si
1286 3943 1388 3998 per
1400 3927 1583 3996 legem
1594 3926 1944 3997 justiﬁcatio,
1978 3943 2072 3982 ex-
2156 3929 2242 3983 sio
2261 3929 2546 3984 videretur
2569 3947 2580 3982 :
2597 3935 2667 3982 ut
2677 3928 2943 3999 populum
2959 3928 3108 3982 Deia
3118 3927 3382 3998 gentibus
3395 3931 3756 3999 segregatum

484 4017 731 4076 eluditur
742 4015 1435 4087 promissio.Etsiesclusa
1446 4015 2074 4086 fueritpromissio,sine
2157 4017 2408 4072 eradicet
2457 4015 2562 4072 sub
2615 4017 2718 4072 Dei
2763 4018 2986 4080 timore,
3019 4022 3084 4070 ut
3129 4017 3336 4088 dignus
3359 4017 3523 4072 ﬁeret
3549 4017 3621 4070 ad
3663 4033 3759 4072 ex-

484 4105 654 4160 dubio
669 4103 1033 4160 ﬁmtrabitur
1045 4103 1186 4157 ﬁdes
1194 4103 1450 4158 Abrahae.
1471 4103 1631 4168 Quod
1646 4119 1719 4158 ne
1735 4103 1932 4158 audire
1947 4104 2072 4174 qui-
2157 4106 2476 4177 cipiendam
2487 4105 2936 4176 promissionem,
2951 4122 3076 4176 quae
3101 4111 3190 4160 est
3221 4105 3498 4160 Christus.
3531 4105 3642 4160 Lex
3669 4111 3758 4159 ta-

481 4193 685 4252 dunse
703 4190 1450 4264 patiunturJudmi,scientes
1461 4191 1596 4261 quia
1609 4192 1906 4262 promissio
1929 4208 1994 4246 ex
2015 4193 2074 4246 ﬁ-
2157 4210 2290 4248 men
2305 4194 2582 4250 factorum
2609 4194 2736 4248 ideo
2756 4193 2980 4260 dicitur,
3006 4194 3141 4264 quia
3165 4193 3331 4249 docet
3359 4210 3500 4265 quae,
3535 4193 3651 4248 Deo
3663 4196 3759 4266 ju-

481 4282 554 4338 de
567 4279 1048 4351 estAbnhaqum
1057 4278 1354 4350 promissio
1366 4294 1470 4350 per
1487 4279 1656 4334 fidem
1662 4280 2073 4349 justiiicat,non
2091 4326 2140 4354 η
2156 4282 2342 4348 beate,
2363 4282 2730 4354 corporaliter
2756 4283 2914 4349 ﬁant,
2949 4282 3019 4337 de
3041 4283 3351 4349 sacriﬁciis,
3375 4282 3446 4337 de
3467 4283 3757 4353 primoge-

479 4326 1047 4444 ιῖτῖἑῶῖᾶᾨί
1057 4326 1350 4423 Egi};
1366 4326 1728 4437 3.155.155;
1729 4326 1953 4423 ἔιᾘέ
1962 4326 2073 4424 ἓξὲξ
2091 4326 2140 4385 D
2157 4326 3354 4437 ἷιῖἇὲξ’ἆξὶιέἰιέᾇὲἑξέῖῖιὲ’ξιεὲ”ἱεῖίζὲᾇιῖὖζζιῖ
3373 4326 3757 4440 ἦἆῖιᾶΞὲ

482 4455 1746 4532 HiergohteredessuntpromissionisAbrahm
1756 4457 1852 4528 qui
1863 4457 1944 4511 illi
1954 4475 2075 4512 suc-
2157 4464 2375 4530 angelos
2396 4464 2460 4515 in
2487 4477 2665 4514 manu
2697 4463 3038 4516 mediatoris.
3057 4461 3304 4531 Angelos
3331 4459 3469 4514 dicit
3485 4449 3588 4514 Dei
3610 4475 3758 4514 nun-

481 4549 708 4614 eedunt,
739 4547 1110 4620 suscipientes
1137 4546 1328 4611 Mem,
1360 4545 1421 4600 in
1449 4561 1561 4616 qua
1579 4543 1905 4602 benedictus
1919 4549 2074 4618 etju-
2155 4550 2284 4616 tios,
2316 4549 2373 4603 id
2405 4555 2491 4604 est
2515 4549 2766 4621 Moysen,
2794 4555 2853 4604 et
2877 4549 3058 4604 ﬁlium
3077 4549 3249 4614 Nave,
3283 4552 3345 4603 et
3369 4554 3600 4604 caeteros
3621 4565 3757 4619 pro-

479 4637 760 4693 stiﬁcatus
784 4641 874 4691 est
894 4635 1200 4694 Abraham.
1231 4634 1641 4690 Testimonium
1669 4652 1802 4706 ergo
1840 4636 2073 4707 promis-
2159 4639 2358 4710 phetas
2389 4654 2568 4710 usque
2595 4639 2668 4692 ad
2697 4639 2972 4694 Joannem
3002 4638 3335 4709 Baptistam,
3369 4637 3439 4693 de
3471 4653 3580 4709 quo
3619 4637 3763 4692 dicit

480 4725 658 4783 sionis
670 4723 927 4790 Abreha,
943 4727 1347 4780 testamentum
1360 4723 1694 4796 appellatur,
1710 4729 1913 4796 utpost
1929 4741 2074 4780 mor—
2158 4727 2308 4782 Deus
2340 4746 2352 4780 :
2377 4728 2506 4782 Ecce
2533 4730 2692 4782 mitto
2716 4731 2981 4796 angelum
3009 4743 3192 4780 meum
3223 4732 3351 4781 ante
3369 4728 3568 4793 faciem
3599 4729 3761 4790 tuam

478 4820 597 4868 tam
623 4814 752 4886 ejus
773 4813 1022 4870 haudet
1058 4820 1248 4869 essent
1299 4813 1360 4868 in
1395 4812 1786 4884 promimione,
1809 4813 1910 4868 filii
1953 4815 2076 4884 ejus
2158 4816 2422 4886 (Malach.
2451 4816 2553 4886 ιη).
2585 4815 2694 4870 Per
2740 4816 2842 4870 hos
2870 4831 3024 4886 ergo,
3058 4815 3148 4869 lex
3175 4815 3453 4879 ordinata,
3487 4815 3764 4886 disposita

480 4902 614 4958 facti
631 4917 734 4974 per
761 4901 951 4956 ﬁdem.
976 4902 1112 4966 Quae
1142 4917 1314 4956 causa
1331 4901 1580 4956 cucurrit
1607 4919 1787 4972 usque
1815 4903 1886 4956 ad
1920 4903 2076 4956 Chri-

483 4999 635 5050 stum
661 4989 901 5047 Abrahae
925 4989 1348 5061 repromissum,
1377 4995 1443 5044 ut
1461 4997 1588 5060 post
1605 4998 1844 5046 mortem
1865 4991 2075 5044 Christi

482 5081 792 5147 creduit”,
825 5078 1077 5138 herode:
1103 5084 1294 5132 essent
1328 5077 1462 5132 ﬁdei
1493 5078 1732 5134 Abrahm
1771 5096 1874 5150 per
1899 5084 2074 5134 testa-

483 5175 737 5225 mentum
767 5166 1061 5239 sanguinis
1089 5165 1316 5222 Christi.
1351 5167 1572 5224 Donum
1602 5184 1736 5238 ergo
1763 5168 1913 5238 quod
1943 5184 2074 5239 pm-

481 5258 716 5314 lii-mm
737 5262 828 5312 est
852 5255 1109 5320 Abrahae,
1145 5253 1277 5310 ﬁliis
1305 5255 1427 5324 ejus
1460 5256 1520 5310 in
1556 5257 1780 5312 Christo
1825 5258 2073 5311 solutum

481 5354 567 5400 est
585 5365 597 5413 ;
631 5346 886 5416 quamvis
911 5351 969 5398 et
995 5344 1116 5415 ipse
1129 5343 1758 5405 Abrahamconsecutus
1771 5347 1849 5398 sit
1863 5346 2073 5400 donum

484 5436 586 5487 hoc
604 5432 718 5488 illic
740 5432 835 5488 ubi
869 5434 1130 5488 inventus
1159 5437 1262 5488 est.
1313 5433 1586 5503 Hieran.)
1619 5435 1859 5504 Simplex
1883 5441 2070 5492 autem

481 5529 684 5577 unus
695 5521 791 5592 qui
818 5521 876 5576 in
909 5522 1012 5578 hoc
1041 5523 1162 5575 loco
1191 5520 1418 5584 texitur,
1453 5522 1594 5576 hanc
1625 5523 1734 5576 vim
1763 5523 1948 5580 habet,
2013 5532 2072 5576 ut

2161 4907 2251 4958 est
2271 4922 2307 4957 a
2335 4903 2451 4960 Deo
2480 4908 2546 4958 in
2575 4920 2770 4970 inania,
2791 4903 2848 4958 id
2861 4910 2964 4970 est,
2983 4909 3262 4975 potestate
3279 4903 3612 4959 Seivatoris:
3636 4903 3763 4975 ipse

2159 4999 2247 5047 est
2273 4993 2553 5048 mediator
2583 4993 2670 5047 vel
2699 4992 3092 5047 reconciliator
3117 4992 3221 5047 Dei
3247 4997 3308 5046 et
3345 4991 3662 5058 hominum,
3695 5000 3764 5046 ut

2158 5083 2337 5136 salvet
2364 5098 2504 5153 quos
2533 5081 2654 5136 vult
2671 5097 2738 5136 ex
2755 5081 2843 5135 his
2863 5081 2960 5152 qui
2977 5081 3160 5152 legem
3179 5097 3280 5153 per
3299 5097 3472 5152 supra
3483 5097 3766 5136 memora-

2159 5171 2506 5240 tos-angelos
2537 5175 2904 5241 acceperunt;
2939 5170 3059 5242 ipse
3089 5169 3243 5224 enim
3271 5170 3388 5224 ait:
3421 5168 3578 5224 Sicut
3607 5172 3764 5224 enim.

2158 5262 2320 5314 Pater
2345 5261 2576 5313 suscitat
2603 5265 2848 5313 mortuos
2876 5265 2924 5313 ct
2951 5261 3214 5326 oioiﬁcat,
3251 5263 3330 5313 sic
3348 5264 3398 5313 et
3423 5259 3602 5313 Filius
3624 5274 3760 5328 quos

2155 5352 2273 5400 vim
2301 5351 2540 5414 m’ciﬁcat
2571 5350 2750 5414 (Joan.
2785 5349 2855 5418 v).

2226 5437 2494 5489 Mediator
2511 5441 2698 5489 atatem
2725 5439 2895 5490 unius
2922 5453 3034 5490 non
3052 5438 3145 5490 est.
3183 5436 3314 5491 Sine
3341 5434 3512 5490 dubio
3544 5435 3762 5489 media-

2153 5531 2261 5581 tor.
2299 5524 2404 5578 hoc
2421 5530 2524 5599 est,
2562 5523 2789 5581 arbiter.
2825 5540 2938 5580 non
2971 5530 3056 5579 est
3087 5524 3276 5590 unius,
3317 5525 3418 5580 sed
3461 5524 3708 5578 duorum
3745 5542 3758 5587 ;
