4034 6162
325 304 399 362 301

711 301 1290 358 ENARRATIONUM
1328 303 1404 358 IN
1443 301 1596 358 EPP.
1639 301 1851 358 PAULI
1895 301 2026 356 LIB.
2065 301 2179 356 XV.
2216 332 2280 342 —
2320 303 2398 356 IN
2435 302 2655 356 EPIST.
2700 303 2795 358 AD
2835 303 3090 358 GALAT.

3427 306 3530 363 302

322 447 420 487 cum
443 427 572 484 enim
599 426 713 482 duo
743 425 936 496 populi
964 425 1206 480 invicem
1233 427 1501 484 adversus
1533 444 1592 482 se
1618 427 1852 484 dimioa—
1871 429 1921 488 A
1941 427 2062 482 Ilaec
2081 428 2214 482 dicit
2236 428 2503 482 Dominus
2529 430 2884 494 omnipotens.
2908 428 3104 498 Neque
3127 429 3279 486 enim
3299 431 3531 502 angelus
3585 459 3592 470 -

318 523 416 575 ient
439 531 637 586 semper
671 513 1030 576 dissidentes.
1065 519 1122 570 et
1149 514 1362 573 inimici
1390 515 1713 572 diversitate
1749 514 1851 570 do—
1933 514 2031 584 qui
2061 531 2183 570 esse
2213 515 2396 570 dictus
2427 515 2612 571 fuerat
2642 514 2698 570 in
2734 515 3028 585 propheta,
3061 534 3128 574 ex
3155 535 3259 572 sua
3294 536 3535 589 persona

317 607 484 671 cuine,
521 604 768 660 Salvator
814 602 1017 658 horum
1066 602 1280 660 arbiter
1329 605 1498 668 venit,
1553 610 1854 674 amputans

315 695 520 764 unisque
543 691 760 763 populis
787 707 888 762 per
917 692 1065 762 quod
1091 691 1504 759 discordabant,
1536 700 1602 750 ut
1629 698 1856 764 possent

311 800 407 840 ese
445 779 661 854 paciﬁci.
711 779 960 838 Abstulit
1011 795 1146 850 ergo
1196 781 1504 852 gentilibus
1555 798 1854 838 numerum

311 873 528 934 Deorum,
548 875 604 926 et
624 869 962 927 famulatum
989 868 1415 936 elementorum,
1450 871 1599 941 quod
1627 871 1856 926 scanda-

307 962 399 1018 lum
422 965 534 1016 erat
557 957 844 1024 Hebraeis;
875 956 1110 1015 abstulit
1144 965 1203 1016 et
1233 959 1442 1016 Judmis
1482 975 1656 1030 opera
1691 960 1850 1029 legis,

306 1049 351 1104 id
373 1056 460 1113 est,
498 1047 840 1112 neomenias,
881 1046 1381 1113 circumcisionem,
1421 1055 1479 1104 et
1504 1061 1698 1104 curam
1734 1047 1858 1104 sab-

304 1137 413 1204 bati,
432 1145 484 1194 et
506 1136 872 1194 discretiones
893 1152 1148 1193 escarum
1176 1143 1236 1194 et
1262 1143 1464 1194 cmtera
1490 1153 1614 1210 qua:
1638 1137 1857 1194 abomi-

302 1225 542 1283 nabantur
555 1225 800 1296 gentiles
818 1243 833 1291 ;
861 1229 919 1282 et
937 1225 1019 1280 sic
1034 1225 1166 1282 facti
1181 1233 1318 1282 sunt
1335 1226 1568 1297 paciﬁci,
1588 1226 1685 1298 qui
1703 1226 1859 1297 prius

299 1316 488 1371 merant
509 1314 744 1371 inimici.
772 1313 833 1370 Si
853 1329 986 1384 ergo
1015 1314 1130 1369 haec
1157 1313 1240 1370 ita
1264 1329 1327 1368 se
1354 1314 1582 1380 habent.
1613 1315 1749 1386 quid
1774 1321 1861 1370 est

301 1411 352 1458 ut
372 1403 564 1460 Galatea
594 1401 939 1460 hebetudine
969 1403 1175 1458 mentis
1211 1401 1510 1460 arbitrium
1547 1404 1698 1458 istud
1742 1421 1860 1460 cor-

295 1497 543 1562 rumpant,
572 1490 831 1546 conversi
860 1491 932 1546 ad
965 1489 1362 1546 Judaismum?
1395 1492 1422 1546 J
1431 1491 1676 1547 udicium
1705 1495 1856 1549 enim

293 1579 558 1636 Salvatoris
596 1579 660 1636 in
691 1579 918 1636 irritum
963 1579 1194 1644 ducunt,
1228 1579 1453 1650 quando
1487 1585 1615 1651 post
1650 1580 1865 1636 factam”

288 1684 470 1739 pacem,
503 1669 668 1739 quasi
695 1667 1034 1739 pcenitentes
1064 1669 1135 1724 de
1173 1685 1260 1733 ea,
1293 1669 1604 1739 subjiciunt
1631 1686 1692 1724 se
1720 1669 1851 1736 illis,

1935 603 2180 658 audebat
2203 604 2356 674 loqui
2382 621 2392 655 :
2429 605 2546 660 Haec
2571 604 2706 658 dicit
2738 605 3006 660 Dominus
3035 613 3394 674 omnipotens.
3419 609 3533 666 Ma-

1937 705 2074 746 num
2106 691 2450 754 mediatoris.
2487 691 2801 762 potentiam
2839 698 2898 748 et
2925 692 3188 748 virtutem
3214 695 3340 764 ejus
3372 696 3534 752 debe-

1937 796 2064 836 mus
2095 781 2346 851 accipere
2376 799 2388 832 :
2424 781 2520 850 qui
2547 793 2676 836 cum
2705 781 3014 836 secundum
3047 781 3228 838 Deum
3256 801 3435 842 unum
3461 787 3536 840 sit

1935 867 2057 938 ipse
2075 886 2205 924 cum
2233 869 2420 933 Patre,
2442 869 2752 924 secundum
2774 869 3101 926 mediatoris
3120 871 3367 928 ofﬁcium
3389 875 3534 932 alius
3627 893 3630 902 ·

1937 955 2008 1010 ab
2038 974 2104 1012 eo
2128 957 2481 1028 intelligitur.
2505 958 2651 1022 Quia
2678 975 2808 1012 vero
2839 959 3092 1014 lectionis
3102 959 3248 1016 'ordo
3275 963 3536 1018 confusus

1938 1051 2041 1110 est,
2077 1052 2134 1100 et
2170 1046 2481 1118 hyperbato
2509 1047 2889 1118 perturbatur,
2923 1047 3003 1104 sic
3029 1047 3190 1104 nobis
3218 1051 3535 1108 reddendus

1938 1134 2160 1192 videtur
2187 1155 2198 1188 :
2231 1136 2320 1190 lex
2347 1136 2532 1207 posita
2558 1142 2644 1190 est
2661 1153 2764 1206 per
2789 1137 3018 1206 angelos
3041 1122 3100 1192 iii
3127 1155 3298 1196 manu
3328 1141 3538 1198 media-

1938 1224 2097 1289 toris,
2121 1230 2351 1296 propter
2372 1225 2847 1295 transgressiones
2873 1227 3132 1282 ordinata
3159 1241 3259 1298 per
3283 1231 3531 1300 angelos,

1939 1313 2118 1368 donec
2145 1314 2361 1370 veniret
2387 1329 2580 1370 semen
2607 1315 2697 1370 cui
2727 1315 3126 1385 repromissum
3157 1323 3298 1372 erat.
3331 1318 3534 1374 Semen

1940 1409 2130 1458 autem
2150 1403 2304 1458 haud
2323 1403 2558 1462 dubium
2577 1404 2714 1474 quin
2733 1403 3021 1458 Christum
3039 1405 3337 1474 signiﬁcet,
3352 1408 3449 1477 qui
3471 1425 3534 1464 ex

1940 1491 2188 1546 Matthaei
2217 1507 2442 1562 quoque
2486 1493 2762 1564 principio
2797 1491 3194 1564 comprobatur
3235 1510 3357 1550 esse
3389 1496 3536 1552 illius

1937 1577 2242 1645 Abraham,
2274 1580 2564 1652 Scriptura
2605 1580 2882 1637 referente
2915 1599 2928 1634 :
2972 1583 3130 1638 Liber
3164 1587 3536 1649 generationis

1935 1665 2061 1722 Jam
2087 1669 2175 1724 Clz.
2203 1671 2295 1724 isti
2334 1672 2444 1736 ﬁlii
2471 1671 2664 1735 David,
2693 1673 2803 1738 ﬁlii
2829 1669 3134 1727 Abraham.
3171 1672 3357 1742 (Aug)
3376 1672 3534 1730 Inve-

288 1773 389 1828 φη
412 1757 558 1828 prius
581 1757 712 1829 paci
745 1757 969 1812 fuerant
999 1757 1246 1812 inimica.
1269 1757 1440 1814 Juxta
1466 1773 1695 1814 sensum
1722 1773 1855 1828 ergo
1874 1748 1920 1807 B
1938 1757 2127 1812 nimus
2163 1758 2314 1812 inter
2351 1755 2486 1829 quid
2525 1765 2584 1814 et
2619 1759 2754 1829 quid
2783 1759 2858 1813 sit
2889 1759 3184 1826 mediator,
3227 1760 3348 1832 ipso
3383 1763 3536 1832 Apo-

287 1845 601 1912 Galatarum,
627 1846 890 1904 Christus
910 1845 1123 1902 arbiter
1140 1863 1254 1902 non
1275 1851 1381 1912 est,
1406 1846 1540 1917 quia
1561 1847 1776 1904 inducti
1795 1847 1853 1902 in
1933 1845 2078 1900 stole
2107 1845 2328 1901 dicente
2361 1864 2372 1900 :
2425 1849 2572 1902 Unus
2599 1851 2749 1902 enim.
2791 1849 2948 1912 Deus,
2995 1859 3143 1904 uirus
3172 1855 3220 1904 et
3269 1851 3540 1906 mediator

284 1935 384 2005 lege
419 1935 486 1990 de
529 1934 754 1992 duobus
796 1935 1018 2006 populis
1057 1951 1234 1992 unum
1278 1936 1548 2001 fecerunt,
1592 1942 1650 1991 et
1688 1936 1854 1991 unius

286 2023 452 2095 utique
476 2024 676 2096 populi
699 2023 913 2080 arbiter
933 2041 1099 2080 nemo
1121 2029 1226 2080 est.
1251 2025 1415 2080 Hunc
1442 2024 1706 2082 eumdem
1732 2041 1856 2079 sen-

283 2127 388 2168 sum
412 2112 478 2166 ad
511 2111 788 2184 Ephesios
809 2113 1169 2184 prosequitur
1191 2113 1384 2170 dicens
1418 2131 1430 2166 :
1460 2115 1575 2182 Ipse
1602 2119 1678 2170 est
1705 2118 1856 2168 enim

279 2217 374 2270 pes
387 2207 584 2267 nostra,
603 2205 710 2270 qui
730 2203 858 2268 fecit
875 2208 1108 2271 utraque
1129 2218 1329 2268 unum,
1347 2207 1396 2256 et
1414 2203 1659 2258 medium
1674 2205 1858 2271 parie-

281 2295 367 2344 tem
393 2293 645 2348 maceria:
678 2295 907 2351 scirem.
943 2293 1276 2346 inimicitias
1311 2293 1375 2346 in
1409 2307 1577 2346 carne
1611 2307 1744 2355 sua;
1773 2295 1856 2346 lc-

277 2379 794 2444 gcmmandatorum
825 2381 1053 2434 decretis
1081 2395 1370 2443 wacuam,
1406 2385 1470 2434 ut
1497 2381 1632 2434 duo:
1661 2381 1858 2436 condat

277 2470 328 2520 in
350 2470 623 2538 semetipso
657 2471 722 2522 in
761 2483 941 2522 unum
971 2483 1174 2522 novum
1204 2469 1500 2532 hominem,
1532 2471 1742 2535 faciens
1763 2485 1860 2538 pa-

276 2571 368 2608 cem
387 2557 588 2624 (Eplm.
622 2555 706 2621 ιι).
743 2555 803 2612 Si
832 2555 892 2610 in
923 2572 1036 2612 uno
1065 2573 1206 2612 novo
1237 2557 1464 2612 homine
1482 2557 1615 2612 fecit
1640 2573 1852 2628 pacem,

274 2641 518 2700 ambobus
545 2645 758 2716 utique
795 2643 1048 2710 abstulit,
1086 2659 1188 2716 per
1217 2645 1366 2717 quod
1399 2643 1764 2712 dissidebant,
1801 2653 1859 2700 et

274 2731 361 2786 hoc
383 2732 460 2787 eis
485 2733 700 2790 statuit
725 2733 861 2788 data
891 2751 995 2790 sua
1030 2734 1173 2806 lege,
1208 2751 1310 2806 per
1351 2735 1502 2806 quod
1541 2740 1728 2792 essent
1755 2751 1854 2806 pa-

269 2819 424 2886 ciﬁci;
472 2821 582 2878 hoc
657 2822 870 2878 Galatae
927 2823 1272 2894 irruperunt,
1330 2825 1584 2880 conversi
1635 2824 1708 2878 ad
1761 2825 1856 2880 Ju-

269 2909 540 2966 daismum.
573 2914 722 2967 Deus
741 2917 928 2968 autem
954 2926 1105 2968 unus
1131 2918 1226 2968 est.
1261 2913 1378 2970 Hoc
1407 2913 1564 2978 dicit,
1597 2929 1669 2969 ne
1691 2913 1855 2968 Chri-

267 3004 392 3054 stum
434 2999 802 3070 praedicando
844 3000 1043 3066 Deum,
1077 3016 1248 3070 quem
1285 3000 1563 3056 arbitrum
1585 3000 1724 3056 dicit
1753 3002 1854 3056 uni

1937 1935 2034 1990 Dei
2059 1941 2110 1988 et
2138 1935 2428 1991 hominum
2467 1936 2625 1990 homo
2665 1938 2916 1992 Christus
2943 1939 3121 1992 Jecur.
3154 1937 3212 1992 Si
3243 1953 3356 1993 non
3379 1939 3534 2008 jace-

1938 2037 2048 2088 res,
2103 2023 2471 2078 mediatorem
2519 2025 2900 2080 necessarium
2937 2041 3050 2080 non
3091 2025 3352 2094 haberes;
3406 2029 3536 2099 quia

1940 2127 2069 2166 vero
2079 2113 2235 2182 jaces
2251 2119 2308 2166 et
2321 2129 2552 2182 surgere
2568 2129 2678 2168 non
2692 2121 2869 2183 potes,
2885 2114 3255 2170 mediatorem
3262 2115 3416 2186 quod
3423 2133 3539 2170 am-

1940 2200 2105 2256 modo
2140 2201 2290 2255 Deus
2327 2201 2429 2256 tibi
2458 2202 2704 2272 porrexit
2739 2201 3028 2256 brachium
3054 2219 3221 2258 suum
3253 2221 3266 2256 :
3310 2204 3375 2258 Et
3413 2205 3538 2258 bra-

1937 2289 2127 2344 chium
2147 2291 2390 2352 Domini,
2417 2293 2510 2344 cui
2525 2294 2824 2346 revelatum
2855 2295 2928 2344 ρει
2951 2296 2974 2342 ?
2995 2291 3145 2356 (Isai.
3186 2295 3318 2356 Lm.)
3344 2291 3540 2346 Oritur

1939 2377 2175 2448 quinctio
2201 2377 2341 2432 satis
2370 2378 2700 2434 necessaria.
2725 2379 2784 2433 Si
2815 2378 2968 2434 enim
2997 2378 3134 2434 ﬁdes
3155 2379 3450 2448 justiﬂcat,
3481 2387 3539 2434 et

1941 2465 2158 2536 priores
2185 2465 2364 2522 sancti
2398 2467 2496 2537 qui
2535 2467 2684 2538 apud
2717 2467 2896 2522 Deum
2921 2467 3216 2537 justiticati
3247 2474 3397 2533 sunt,
3439 2485 3538 2538 per

1941 2553 2120 2624 ipsam
2153 2554 2448 2624 justiﬁcati
2478 2563 2626 2618 sunt,
2669 2555 2806 2627 quid
2846 2572 2986 2626 opus
3022 2561 3145 2636 erat
3177 2555 3360 2625 legem
3391 2557 3532 2612 dari.

1939 2641 2121 2706 Quam
2160 2644 2527 2714 quaestionem
2555 2644 2907 2702 tractandam
2952 2645 3032 2698 sic
3066 2643 3260 2700 intulit
3297 2644 3540 2700 interro-

1935 2747 2078 2800 gans
2109 2737 2168 2786 et
2198 2731 2388 2788 dicens
2420 2750 2431 2786 :
2467 2735 2612 2801 Quid
2638 2749 2764 2801 ergo
2788 2739 2812 2786 ?
2844 2733 3146 2804 Hucnsque
3180 2733 3334 2788 enim
3369 2733 3539 2790 inter-

1937 2820 2156 2889 rogatio
2185 2826 2272 2875 est
2311 2839 2322 2874 :
2365 2821 2568 2878 deinde
2606 2821 2848 2878 infertur
2883 2820 3192 2892 responsio,
3227 2824 3313 2878 (ea
3349 2828 3537 2878 trans—

1935 2911 2232 2976 gressionis
2254 2914 2441 2977 gratia
2467 2914 2746 2979 proposita
2773 2915 2864 2974 est,
2895 2911 3062 2965 donec
3080 2913 3310 2977 veniret,
3331 2910 3534 2982 inquit,

1937 3012 2118 3052 unum
2142 3001 2236 3052 cui
2251 3002 2592 3067 promissum
2612 3005 2704 3063 est,
2740 3000 3067 3068 dispositum
3091 3014 3193 3068 per
3221 3003 3442 3067 angelos
3471 3004 3534 3054 in

266 3085 381 3151 Deo,
399 3061 744 3158 praedicasse
773 3061 1068 3160 putaretur
1092 3061 1290 3145 contra
1317 3089 1500 3160 legem
1529 3095 1588 3144 et
1616 3090 1855 3162 prophe-
1876 3061 1925 3126 Ο
1941 3104 2115 3144 manu
2133 3061 2470 3142 mediatoris.
2487 3061 2754 3142 illediator
2767 3061 2958 3142 autem
2973 3061 3147 3144 unius
3166 3103 3278 3142 non
3288 3061 3383 3154 est,
3398 3089 3536 3146 Deus

267 3180 354 3226 tas.
380 3175 683 3232 Arbitrum
715 3193 849 3248 ergo
881 3179 1032 3234 hunc
1047 3161 1160 3248 'per
1186 3178 1630 3248 assumptionem
1667 3161 1853 3235 carnis

264 3262 478 3335 intelligi
503 3265 702 3332 docet,
741 3266 890 3321 sicut
917 3265 1054 3322 dicit
1087 3266 1158 3322 ad
1194 3267 1554 3324 Timotheum
1587 3285 1598 3320 :
1629 3269 1854 3324 Arbiter

265 3351 347 3407 Dei
383 3359 430 3408 et
463 3355 772 3410 hominum
814 3355 972 3409 homo
1015 3355 1264 3411 Christus
1301 3339 1455 3412 Jecur
1491 3356 1546 3422 (Ι
1589 3358 1729 3412 Tim.
1772 3359 1848 3423 η).

261 3441 409 3496 Juxta
424 3450 620 3498 autem
651 3443 802 3513 quod
830 3443 980 3500 Deus
1005 3449 1109 3508 est,
1135 3461 1171 3500 a
1196 3444 1363 3500 Patre
1385 3445 1534 3503 hunc
1558 3461 1671 3502 non
1697 3462 1855 3516 sepa-

265 3529 378 3596 rari,
391 3531 486 3588 sed
502 3547 698 3588 unum
718 3549 842 3588 esse
865 3549 992 3588 cum
1015 3533 1208 3588 Patre:
1233 3535 1349 3590 sive
1369 3535 1520 3590 enim
1532 3535 1717 3600 Pater,
1739 3534 1854 3590 sive

263 3617 414 3676 Filius
442 3621 600 3678 Deus
632 3637 790 3678 unus
816 3629 922 3677 est.
947 3622 1096 3678 Deus
1115 3623 1267 3678 enim
1298 3629 1514 3680 naturm
1533 3640 1740 3678 nomen
1770 3629 1856 3677 est

263 3712 310 3760 et
325 3710 637 3777 potestatis,
662 3726 840 3782 quam
861 3711 920 3766 in
942 3710 1110 3766 Patre
1130 3717 1188 3768 et
1206 3711 1348 3767 Filio
1370 3712 1715 3772 individuam
1740 3729 1856 3766 ma-

260 3798 507 3868 nereipaa
515 3799 829 3854 nominum
841 3799 985 3854 ratio
995 3799 1175 3856 docet.
1193 3789 1774 3870 (Hieron.)Postquam
1784 3800 1855 3855 ob

263 3893 490 3942 nostram
508 3887 770 3943 salutem
790 3887 860 3942 de
881 3887 1112 3957 virginis
1133 3895 1292 3944 utero
1311 3888 1576 3959 dignatus
1596 3896 1680 3944 est
1702 3889 1856 3944 nasci

255 3974 515 4030 mediator
539 3976 652 4032 Dei
682 3981 746 4030 et
771 3975 1065 4032 hominum
1085 3977 1254 4032 homo
1277 3977 1534 4032 Christus
1561 3977 1742 4042 Iesus,
1765 3995 1856 4033 se-

255 4069 463 4128 Quester
478 4071 574 4120 est
589 4064 786 4120 dictus
811 4081 824 4116 :
846 4069 1151 4134 antequam
1169 4081 1302 4120 vero
1321 4065 1635 4122 humanum
1653 4081 1854 4137 corpus

253 4160 570 4218 assumeret,
597 4158 665 4208 et
694 4158 848 4208 esset
871 4152 1021 4223 apud
1054 4153 1281 4208 Patrem
1307 4153 1367 4208 in
1399 4153 1674 4224 principio
1705 4154 1854 4210 Deus

256 4238 485 4306 verbum,
519 4241 600 4296 ad
629 4257 836 4297 omnes
862 4247 1085 4298 sanctos
1106 4242 1177 4297 ad
1198 4257 1338 4312 quos
1352 4240 1544 4298 'factus
1564 4249 1652 4298 est
1668 4257 1854 4297 sermo

1935 3195 2059 3234 vero
2069 3196 2219 3235 unus
2230 3184 2322 3232 est.
2343 3177 2708 3232 Mediatorem
2722 3177 2751 3231 J
2755 3192 2914 3232 esum
2927 3176 3215 3234 Christum
3229 3177 3536 3234 secundum

1935 3267 2224 3324 hominem
2251 3266 2360 3322 dici
2389 3282 2456 3320 ex
2483 3265 2580 3320 illa
2609 3265 2866 3335 ejusdem
2895 3265 3149 3337 Apostoli
3173 3266 3458 3322 sententia
3473 3267 3540 3322 ﬁt

1935 3357 2158 3426 planius
2175 3373 2306 3411 cum
2327 3355 2409 3410 ait
2440 3372 2451 3408 :
2489 3356 2638 3410 Unus
2659 3357 2808 3409 enim
2836 3356 2996 3434 Deus,
3029 3371 3179 3410 unus
3199 3361 3248 3412 et
3267 3357 3537 3412 mediator

1934 3447 2034 3500 Dei
2069 3451 2116 3502 et
2157 3448 2451 3500 hominum
2485 3445 2643 3498 homo
2683 3445 2933 3498 Christus
2965 3446 3140 3498 Jesus.
3185 3445 3238 3511 (Ι
3268 3447 3409 3500 Tim.
3453 3448 3536 3513 ιι.)

1936 3534 2212 3592 Mediator
2243 3549 2378 3603 ergo
2395 3533 2545 3588 inter
2571 3533 2751 3588 Deum
2771 3538 2828 3586 et
2847 3533 3026 3588 Deum
3053 3549 3177 3590 esse
3197 3548 3311 3588 non
3329 3539 3534 3605 posset,

1935 3623 2070 3696 quia
2098 3639 2245 3679 unus
2273 3628 2361 3676 est
2391 3621 2558 3676 Deus.
2593 3621 2860 3676 Μειλίχιον·
2883 3625 3071 3674 autem
3101 3625 3274 3676 unius
3297 3637 3410 3678 non
3436 3629 3530 3688 est,

1936 3711 2070 3782 quia
2095 3711 2244 3766 inter
2271 3709 2489 3779 aliquos
2515 3709 2734 3764 medius
2754 3714 2857 3764 est.
2880 3709 3081 3778 Angeli
3112 3725 3277 3780 porro
3305 3709 3402 3781 qui
3422 3727 3534 3767 non

1936 3799 2078 3870 lapsi
2099 3806 2234 3855 sunt
2261 3815 2294 3854 a
2321 3801 2622 3868 conspectu
2654 3797 2774 3860 Dei,
2800 3797 3110 3852 mediatore
3131 3813 3244 3853 non
3274 3814 3416 3868 opus
3441 3799 3537 3856 ha-

1936 3887 2088 3951 bent,
2106 3904 2207 3958 per
2227 3903 2396 3957 quem
2417 3885 2866 3940 reconcilientur.
2887 3886 3030 3940 Item
3043 3885 3231 3955 angeli
3251 3885 3368 3956 qui,
3381 3886 3536 3942 nullo

1936 3976 2231 4042 suadente,
2267 3981 2578 4046 spontanee
2613 3973 3067 4044 praevaricatione
3096 3974 3180 4030 sic
3213 3974 3352 4046 lapsi
3380 3982 3530 4040 sunt,

1940 4079 2041 4136 per
2069 4065 2441 4122 mediatorem
2461 4078 2574 4118 non
2601 4063 3052 4118 reconciliantur.
3075 4064 3272 4120 Restat
3299 4080 3454 4135 ergo,
3473 4071 3539 4118 ut

1937 4154 2032 4226 qui
2064 4153 2372 4208 mediatore
2414 4151 2654 4223 superbo
2692 4152 2916 4208 diabolo
2950 4153 3274 4224 superbiam
3308 4169 3538 4225 persua-

1937 4243 2105 4298 dente
2125 4243 2376 4312 dejectus
2397 4249 2500 4302 est,
2529 4242 2678 4296 medi
2687 4249 2844 4298 atere
2864 4243 3064 4297 humili
3083 4242 3329 4308 Christo,
3353 4243 3536 4300 humi-

255 4322 558 4392 Dei,Enoch
573 4329 863 4396 videlicet,
880 4331 1021 4396 Noe,
1036 4329 1341 4396 Abraham,
1356 4331 1512 4386 Isaac
1529 4329 1783 4396 etJacob,
1797 4336 1855 4384 et
1873 4381 1918 4402 η
1935 4331 2155 4388 litatem
2181 4331 2574 4402 persuadente,
2597 4332 2868 4400 erigatur.
2893 4331 3038 4385 Nam
3068 4332 3115 4384 si
3144 4331 3318 4386 Filius
3348 4331 3452 4386 Dei
3477 4332 3538 4384 in

254 4381 704 4490 ρυεὲἐζὶὶςῖγεὲᾞ
714 4381 780 4474 ἆ
797 4381 1553 4492 ignauiam;
1565 4381 1856 4490 sciuit—er
1873 4381 1920 4438 θ
1935 4381 2522 4491 ἆῖιᾎῖιῖιίέἐξιῖλῖιῖίὶέιῖέ
2548 4381 2737 4474 ratiis
2765 4433 2995 4474 manere
3021 4417 3204 4482 vellet,
3229 4433 3332 4472 nec
3359 4435 3420 4472 se
3439 4435 3536 4472 ax-

253 4513 672 4573 commemorat,
698 4507 822 4564 sine
844 4507 1228 4564 additamento
1248 4508 1513 4574 hominis,
1531 4525 1700 4579 quem
1722 4524 1852 4563 nec-
1935 4509 2200 4574 inaniret,
2225 4509 2465 4564 formam
2483 4507 2628 4562 servi
2649 4506 2943 4576 accipiens,
2961 4520 3074 4559 non
3093 4511 3244 4560 esset
3261 4505 3541 4560 mediator

253 4591 370 4648 dum
395 4601 820 4667 “sumpserat,
845 4596 1126 4654 mediator
1144 4597 1538 4654 tantummodo
1569 4613 1851 4667 nuncupn-
1935 4598 2036 4654 Dei
2065 4603 2124 4654 et
2152 4597 2464 4662 hominum,
2495 4597 2629 4666 quia
2656 4595 2778 4665 ipsa
2796 4592 3044 4649 Trinitas
3071 4609 3217 4650 unus
3249 4593 3400 4648 Deus
3427 4601 3530 4654 est.

255 4685 347 4735 tur.
377 4683 542 4748 Quod
584 4690 793 4740 autem
828 4685 910 4742 ait
947 4705 962 4740 :
1003 4687 1108 4744 Leo;
1139 4687 1404 4742 ordinata
1436 4701 1536 4754 per
1570 4689 1790 4755 angelos
1831 4705 1845 4738 :
1932 4687 2128 4742 eadem
2167 4686 2226 4742 in
2254 4685 2453 4750 tribus,
2493 4684 2659 4738 Patre
2701 4689 2760 4737 et
2793 4681 2934 4736 Filio
2963 4689 3022 4738 et
3067 4681 3282 4752 Spiritu
3317 4689 3530 4750 sancto,

253 4767 340 4823 hoc
364 4773 480 4828 vult
509 4773 790 4844 intelligi,
814 4774 963 4844 quod
991 4774 1053 4830 in
1073 4774 1228 4832 omni
1251 4775 1440 4830 Veteri
1467 4774 1844 4840 Testamento,
1930 4774 2158 4830 deitatis
2185 4773 2502 4830 mternitate
2535 4777 2593 4826 et
2621 4771 3290 4842 :equalitateconstante;
3312 4772 3394 4828 sic
3419 4773 3528 4829 ita-

257 4855 332 4911 ubi
357 4861 603 4932 angelus
631 4861 890 4932 primum
919 4863 1070 4920 visus
1096 4863 1354 4930 refertur,
1383 4870 1444 4918 et
1469 4868 1665 4934 postea
1687 4864 1848 4933 quasi
1932 4879 2041 4933 que
2086 4863 2284 4918 unicus
2329 4861 2505 4916 Filius
2541 4860 2645 4924 Dei
2693 4859 2968 4916 mediator
2997 4861 3100 4917 Dei
3137 4869 3197 4918 et
3233 4861 3528 4920 hominum

255 4943 380 5002 Deus
411 4949 669 5020 loquens
723 4949 1026 5018 inducitur,
1069 4952 1303 5022 angelus
1340 4951 1571 5022 quidem
1612 4967 1740 5006 vere
1781 4968 1848 5006 ex
1931 4952 2223 5016 factusest,
2247 4948 2633 5004 cumVerbum
2653 4949 2772 5015 Dei,
2789 4950 2939 5006 Deus
2957 4950 3104 5021 apud
3127 4951 3326 5018 Deum,
3342 4958 3401 5005 et
3417 4967 3534 5006 ma-

257 5033 506 5091 ministris
535 5036 830 5108 pluribus,
863 5039 1200 5112 quicumque
1237 5041 1313 5096 sit
1339 5041 1508 5106 visus,
1535 5040 1634 5096 sed
1663 5040 1722 5096 in
1749 5040 1848 5095 illo
1924 5041 2192 5110 jestatem
2207 5055 2370 5094 suam
2390 5037 2653 5109 usquead
2674 5039 2922 5094 humana
2935 5039 3212 5110 deposuit,
3234 5047 3292 5096 et
3309 5039 3536 5096 humili-

255 5124 507 5181 lnediator
535 5127 822 5196 loquatur
843 5127 940 5198 qui
967 5127 1120 5184 dicat
1151 5147 1162 5182 :
1196 5129 1305 5198 ligo
1335 5146 1461 5184 sum
1490 5131 1630 5183 Deus
1669 5130 1848 5183 Abra-
1929 5135 2106 5185 tatem
2119 5129 2426 5184 humanam
2439 5126 3534 5198 usqueaddivinasubvexit,utmadiator

259 5209 380 5278 heia,
410 5221 460 5267 et
499 5216 662 5272 Deus
705 5215 874 5281 Isaac,
908 5222 958 5270 et
997 5218 1138 5272 Deus
1177 5219 1340 5272 Jacob
1368 5217 1561 5288 (Based.
1593 5223 1690 5282 Ill).
1735 5219 1850 5273 Nec
1935 5223 2085 5272 esset
2113 5217 2261 5272 inter
2286 5217 2467 5271 Deum
2490 5222 2548 5269 et.
2573 5215 2847 5278 homines,
2869 5215 3037 5268 homo
3058 5230 3159 5284 per
3176 5215 3355 5270 Deum
3384 5215 3533 5270 ultra

258 5298 438 5356 mirum
465 5301 520 5356 si
551 5303 722 5358 Deus
750 5302 1016 5374 loquatur
1041 5303 1102 5358 in
1129 5305 1363 5374 angelis,
1393 5321 1524 5360 cum
1551 5305 1724 5360 etiam
1753 5322 1854 5376 per
1937 5306 2211 5362 homines.
2251 5305 2378 5376 Ipse
2411 5310 2497 5359 est
2525 5304 2678 5358 enim
2715 5303 2997 5373 speciosus
3033 5302 3216 5356 forma
3257 5322 3368 5374 prae
3402 5303 3532 5358 ﬁliis

259 5388 461 5456 angelos
499 5391 609 5461 qui
655 5389 720 5444 in
763 5391 1088 5448 hominibus
1125 5401 1260 5448 sunt
1302 5394 1566 5465 loquatur
1608 5395 1758 5450 Deus
1793 5395 1852 5448 in

259 5477 546 5548 Niphatis,
561 5479 799 5536 dicente
814 5480 1083 5538 Zacharia
1100 5499 1110 5533 :
1127 5482 1195 5538 Et
1215 5485 1297 5538 ait
1315 5487 1544 5549 angelus
1564 5487 1663 5551 qui
1678 5486 1856 5552 loquo-

263 5561 402 5619 Μαι·
431 5571 497 5624 in
519 5585 615 5625 me
653 5569 843 5636 (iacti.
866 5587 924 5638 ιι.
947 5587 1023 5639 iv,
1044 5573 1100 5639 γ)
1125 5589 1138 5638 ς
1161 5587 1231 5628 ac
1247 5571 1512 5643 deinceps
1540 5571 1816 5628 inferente
1840 5591 1850 5624 :

1937 5395 2252 5459 hominum,
2268 5401 2333 5449 ut
2349 5400 2550 5448 unctus
2573 5393 2694 5446 oleo
2715 5389 3100 5446 exsultationis
3120 5407 3234 5460 prae
3254 5391 3536 5462 participi-

1938 5483 2043 5538 bus
2066 5484 2183 5539 suis
2205 5485 2372 5552 (Ps-al.
2407 5487 2574 5547 XLIV).
2604 5481 2795 5536 Sanati
2825 5485 2960 5533 sunt
2984 5494 3119 5548 ergo
3149 5479 3219 5534 ab
3247 5479 3536 5550 impietate

1939 5570 2213 5644 superbiae
2240 5577 2307 5627 ut
2333 5569 2832 5626 reconciliarentur
2858 5566 2976 5623 Deo
2997 5566 3332 5638 quicumque
3363 5565 3537 5618 homi-
