3966 6168
473 309 576 366 3‘03

1066 310 1130 364 B.
1172 309 1442 364 RABANI
1479 309 1712 364 MAURI
1759 309 2098 384 ARCHIEP.

2137 308 2461 364 MOGUNT.
2504 308 2801 363 OPERUM
2838 307 3023 363 PARS
3058 308 3159 363 III.
3641 307 3732 364 304

476 453 578 493 nes
619 401 997 492 humilitatem
1050 433 1259 489 Christi
1304 450 1406 519 per
1457 432 1858 488 revelationem
1914 435 2135 495 ante-A
2150 449 2428 489 memores
2457 433 2610 500 estis,
2636 433 2772 505 quia
2796 450 2895 488 vos
2923 424 3226 505 aliquando
3244 438 3442 502 gentes
3467 432 3527 487 in
3552 448 3732 497 carne,

477 542 648 598 quam
685 525 866 591 ﬁeret,
903 529 961 578 et
989 538 1092 595 per
1126 522 1491 594 Evangelium
1526 529 1895 594 posteaquam
1922 523 2071 577 facta

474 620 580 682 est,
605 612 882 669 credendo
896 611 1229 678 dilexerunt,
1247 611 1532 683 diligendo
1551 611 1760 666 imitati
1783 618 1934 667 sunt.
1959 612 2070 667 Sed

473 703 594 759 haec
614 701 839 774 justitia
864 699 1015 767 ﬁdei,
1048 700 1183 772 quia
1201 716 1316 756 non
1344 716 1446 773 pro
1466 699 1670 754 merito
1696 700 1831 755 data
1857 706 1944 755 est
1965 701 2068 755 ho—

475 789 742 857 minibus,
777 789 877 844 sed
916 805 1020 860 pro
1058 789 1448 844 misericordia
1487 795 1545 844 et
1578 789 1767 860 gratia
1799 790 1922 857 Der,
1957 805 2071 844 non

474 884 598 936 erat
635 878 922 951 popularis
963 883 1267 950 antequam
1300 878 1451 934 Deus
1492 877 1662 933 homo
1706 878 1856 932 inter
1893 877 2073 933 homi-

473 985 576 1024 nes
613 973 960 1024 nasceretur.
1001 967 1198 1024 Semen
1241 972 1433 1022 autem
1464 967 1558 1022 cui
1594 971 1936 1037 promissum
1973 972 2065 1033 est,

472 1057 745 1130 populum
752 1056 1051 1129 signiﬁcat,
1067 1072 1183 1112 non
1202 1057 1328 1112 illos
1343 1055 1730 1129 paucissimos,
1750 1056 1848 1128 qui
1864 1056 2075 1111 revela-

470 1146 724 1203 tionibus
732 1162 859 1202 eam
868 1146 1119 1202 futuram
1128 1145 1700 1218 cernentes,quamvis
1710 1162 1811 1218 per
1819 1145 2076 1200 eamdem

472 1235 647 1291 ﬁdem
678 1235 819 1291 salvi
852 1235 1073 1302 ﬁerent,
1110 1235 1383 1306 populum
1417 1240 1613 1290 tamen
1641 1235 1858 1290 salvum
1887 1233 2072 1289 facere

472 1341 590 1381 non
607 1328 887 1397 poterant.
911 1324 1020 1389 Qui
1037 1324 1278 1396 populus
1297 1340 1434 1379 sane
1461 1324 1510 1378 si
1538 1340 1641 1396 per
1665 1329 1850 1378 totum
1879 1322 2075 1377 orbem

472 1412 864 1470 consideretur
883 1412 1039 1481 (nam
1059 1412 1130 1467 de
1162 1415 1282 1468 toto
1313 1411 1448 1467 orbe
1478 1412 1782 1466 Ecclesiam
1812 1411 2076 1466 Hierusa-

472 1503 589 1558 lem
617 1502 901 1558 ccelestem
926 1504 1273 1574 congregat),
1303 1501 1469 1573 pauci
1506 1505 1656 1569 sunt,
1688 1501 1823 1573 quia
1853 1500 1946 1555 via
1979 1516 2075 1555 an-

473 1596 644 1664 gusta
683 1607 991 1664 paucorum
1046 1596 1150 1658 est,
1198 1590 1258 1644 in
1293 1606 1473 1645 unum
1512 1595 1708 1645 tamen
1750 1589 2075 1662 congregati

476 1685 756 1753 quotquot
769 1679 1007 1736 existere
1022 1684 1329 1752 potuerunt
1346 1696 1414 1734 ex
1431 1696 1542 1751 quo
1558 1678 1921 1750 Evangelium
1938 1695 2078 1750 prae-

2151 523 2246 594 qui
2274 522 2522 577 dicimini
2551 521 2908 594 praeputium,
2932 521 3003 576 ab
3022 538 3092 576 ea
3120 538 3244 593 quae
3272 521 3478 576 dicitur
3504 520 3737 576 circum-

2150 611 2286 666 cisio
2312 611 2372 666 in
2409 628 2576 666 carne
2604 611 2946 677 manufacta,
2979 611 3113 682 quia
3147 611 3320 666 eratis
3360 611 3456 666 illo
3491 615 3738 683 tempore

2151 701 2274 755 sine
2293 700 2535 767 Christo,
2558 700 2790 755 alienati
2809 717 2844 754 a
2869 699 3135 754 societate
3163 701 3358 768 Israel,
3381 706 3440 756 et
3465 699 3742 772 peregrini

2150 794 2639 855 testamentorum,
2671 789 3058 860 promissionis
3095 806 3254 861 spem
3298 799 3413 844 nOn
3453 788 3738 853 habentes,

2153 884 2212 934 et
2229 879 2350 934 sine
2365 879 2481 934 Deo
2496 877 2556 932 in
2574 878 2688 932 hoc‘
2696 877 2927 935 mundo.
2948 897 2976 930 ι)
2999 877 3254 949 Denique
3273 877 3388 932 illic
3404 877 3660 932 inﬁdeles
3677 877 3743 932 de

2153 969 2299 1024 oliva
2327 984 2431 1022 sua
2447 967 2630 1034 fracti,
2651 967 2746 1023 hic
2770 972 2965 1023 autem
2993 966 3185 1022 ﬁdeles
3204 967 3274 1022 de
3297 967 3538 1022 oleastro
3556 967 3619 1022 in
3643 965 3744 1022 oli-

2151 1074 2280 1112 vam
2298 1055 2524 1111 illorum
2550 1056 2749 1111 inserti
2775 1072 2899 1112 esse
2925 1061 3332 1111 monstrantur.
3355 1055 3589 1110 Illorum
3615 1072 3745 1126 ergo

2155 1150 2280 1200 erat
2294 1145 2365 1200 de
2379 1145 2521 1216 legis
2540 1145 2986 1214 transgressione
3005 1145 3301 1221 atterenda
3317 1143 3748 1216 superbia,sicut

2153 1235 2227 1289 ad
2243 1234 2524 1289 Romanos
2538 1250 2667 1288 cum
2684 1233 3103 1305 Scripturarum
3115 1232 3301 1289 verbis
3316 1238 3545 1306 peccata
3552 1249 3747 1288 eorum

2155 1328 2547 1394 exaggerasset
2580 1321 2790 1378 :rScitis
2817 1328 3033 1388 autem,
3066 1322 3270 1395 inquit,
3302 1326 3570 1393 quoniam
3597 1339 3746 1392 quae-

2155 1429 2367 1481 cunque
2383 1416 2468 1466 lea:
2483 1413 2638 1479 dicit,
2651 1412 2738 1466 his
2755 1415 2929 1482 quiin
2949 1416 3060 1482 lege
3075 1417 3210 1466 sunt
3224 1415 3490 1482 loquitur,
3508 1417 3571 1467 ut
3591 1427 3749 1466 omne

2155 1519 2212 1556 os
2239 1502 2580 1568 obstruatur,
2611 1507 2661 1555 et
2688 1517 2815 1556 reus
2842 1503 2943 1569 ﬁat
2959 1502 3414 1581 omnisjnundus
3442 1502 3547 1556 Deo
3577 1500 3746 1571 (Rom.

2155 1592 2233 1660 III)
2260 1608 2274 1657 ;
2297 1589 2476 1645 Judaei
2507 1589 2722 1644 scilicet
2749 1589 2819 1644 de
2836 1589 3285 1660 transgressione
3311 1588 3450 1661 legis
3470 1594 3529 1644 et
3553 1594 3750 1660 gentes

2157 1679 2226 1733 de
2246 1679 2535 1751 impietate
2563 1679 2686 1734 sine
2704 1679 2846 1749 lege.
2884 1678 3046 1733 Unde
3067 1684 3125 1733 et
3152 1678 3361 1733 iterum
3386 1678 3501 1733 ait:
3523 1679 3753 1735 Conclu-

476 1769 716 1838 dicatur,
753 1773 812 1825 et
843 1774 1120 1842 quotquot
1155 1774 1424 1841 poterunt
1460 1784 1639 1840 usque
1667 1767 1728 1822 in
1766 1768 1939 1822 ﬁnem
1974 1765 2229 1826 sae—Bsit
2253 1771 2403 1823 enim
2434 1769 2574 1823 Deus
2600 1771 2792 1824 omnia
2823 1771 2888 1822 in
2915 1769 3382 1834 incredulitatem,
3404 1773 3466 1822 ut
3495 1767 3751 1822 omnibus

477 1858 591 1914 culi
625 1874 728 1931 per
765 1874 960 1914 omnes
997 1863 1216 1930 gentes,
1260 1857 1540 1929 adjunctis
1585 1855 1693 1911 sibi
1738 1856 1912 1911 etiam
1962 1856 2075 1911 illis

479 1947 736 2020 quamvis
771 1946 1144 2020 paucissimis,
1184 1946 1284 2019 qui
1318 1963 1386 2002 ex
1419 1946 1531 2001 ﬁde
1567 1945 1793 2000 Domini
1821 1961 1924 2018 per
1952 1961 2079 2016 pro-

479 2034 732 2108 phetiam
759 2041 892 2091 ante
920 2034 1116 2091 ambos
1153 2035 1426 2091 adventus
1456 2035 1580 2106 ejus
1607 2035 1850 2088 salutem
1877 2033 2076 2105 gratiae

479 2128 873 2197 perceperunt,
904 2124 1143 2197 implent
1168 2130 1491 2180 sanctorum
1532 2123 1920 2178 beatissimum
1951 2121 2080 2177 civi-

479 2212 615 2269 tatis
646 2213 1003 2285 sempiterna:
1031 2218 1262 2269 statum.
1310 2212 1668 2285 Superbienti
1706 2228 1839 2283 ergo
1869 2210 2077 2283 populo

476 2303 569 2358 lex
602 2302 790 2375 posita
815 2306 920 2370 est,
949 2309 1016 2358 ut
1042 2303 1311 2375 quoniam
1339 2302 1585 2374 gratiam
1626 2301 1938 2366 charrtatis,
1971 2299 2080 2354 nisi

480 2390 830 2459 humiliatus,
865 2391 1114 2464 accipere
1142 2408 1258 2447 non
1286 2396 1492 2463 posset,
1526 2395 1585 2445 et
1611 2390 1734 2445 sine
1762 2390 1869 2444 hac
1894 2388 2083 2460 gratia

479 2480 638 2536 nullo
666 2480 834 2536 modo
863 2486 1144 2552 praecepta
1159 2479 1302 2550 legis
1323 2480 1602 2552 impleret,
1634 2477 2081 2549 transgressione

480 2569 898 2635 humiliaretur,
940 2572 1007 2624 ut
1041 2573 1319 2641 quareret
1368 2569 1616 2640 gratiam
1663 2586 1674 2622 :
1719 2584 1825 2622 nec
1861 2584 1922 2622 se
1964 2566 2082 2622 suis

483 2655 706 2712 meritis
722 2656 941 2712 salvum
961 2656 1103 2723 ﬁeri,
1129 2657 1278 2728 quod
1297 2655 1603 2728 superbum
1617 2661 1722 2722 est,
1735 2655 2079 2726 opinaretur,

483 2748 552 2800 ut
576 2749 729 2800 esset
753 2760 868 2800 non
894 2743 956 2799 in
981 2761 1087 2800 sua
1111 2750 1390 2816 potestate
1418 2749 1477 2799 et
1500 2743 1716 2799 viribus
1745 2745 1959 2814 justus,
1986 2743 2083 2798 sed

486 2832 548 2888 in
573 2848 750 2888 manu
767 2833 1097 2888 mediatoris
1109 2833 1474 2905 justiﬁcantis
1501 2832 1760 2905 impium.
1790 2833 1901 2887 Per
1919 2848 2086 2903 ange-

484 2921 571 2978 los
600 2926 793 2978 autem
816 2921 1137 2977 ministrata
1160 2926 1250 2977 est
1273 2921 1459 2977 omnis
1494 2921 1838 2994 dispensatio
1865 2920 2087 2976 Veteris

485 3002 834 3067 Testamenti
851 3016 1055 3084 agente
1074 3010 1135 3066 in
1149 3009 1231 3066 eis
1250 3011 1464 3083 Spiritu
1478 3015 1692 3077 sancto,
1708 3016 1766 3065 et
1782 3009 1906 3082 ipso
1918 3009 2087 3064 verbo

2156 1860 2488 1912 misereatur
2517 1875 2533 1911 :
2565 1857 2670 1911 hoc
2687 1862 2746 1911 et
2761 1872 2911 1911 nunc
2937 1855 3090 1924 dicit,
3115 1855 3383 1911 refricans
3402 1856 3584 1928 ipsam
3607 1872 3754 1928 quee-

2157 1946 2416 2003 stionem.
2456 1947 2563 2001 Lex
2604 1961 2729 2014 ergo
2775 1947 3036 2000 adversus
3068 1948 3345 2015 promissa
3391 1947 3491 2000 Dei
3517 1951 3541 2000 ?
3577 1946 3750 2002 Absit.

2161 2034 2396 2104 (Amer
2415 2033 2577 2090 Absit
2603 2035 2799 2106 utique
2827 2033 2961 2106 quia
2994 2050 3110 2088 non
3136 2038 3222 2089 est
3250 2034 3340 2089 lex
3366 2034 3597 2090 inimica
3622 2050 3756 2106 pro-

2159 2124 2462 2190 missionis,
2489 2124 2697 2196 quippe
2725 2140 2855 2178 cum
2882 2123 3178 2178 confirmet
3196 2139 3355 2192 eam;
3382 2140 3515 2178 nam
3544 2123 3761 2196 primus

2160 2214 2382 2286 Moyses
2426 2212 2570 2267 dixit
2599 2231 2612 2267 :
2652 2213 2981 2282 Prophetam
3023 2213 3311 2267 suscitabit
3344 2214 3492 2268 vobis
3525 2214 3669 2268 Deus
3698 2213 3761 2267 de

2160 2304 2436 2372 fratribus
2453 2304 2647 2356 vestris
2662 2299 2839 2372 (Deut.
2869 2303 3037 2369 xvm).
3060 2300 3178 2356 Hoc
3199 2301 3269 2356 de
3294 2301 3519 2357 Christo
3544 2301 3764 2356 dictum

2162 2391 2364 2446 Petrus
2388 2391 2675 2463 apostolus
2702 2389 2904 2461 probat
2932 2390 2993 2444 in
3021 2389 3176 2444 Actis
3205 2390 3588 2462 apostolorum
3618 2389 3762 2459 (Aet.

2164 2484 2270 2549 m):
2295 2479 2360 2535 Si
2377 2483 2529 2534 enim
2557 2480 2689 2534 data
2714 2484 2845 2533 esset
2876 2482 2963 2533 les:
2984 2495 3104 2548 quae
3122 2485 3295 2548 posset
3322 2482 3621 2547 viviﬁcare,
3644 2495 3770 2534 vere

2163 2586 2228 2624 ea:
2247 2573 2356 2638 lege
2385 2571 2774 2638 essetjustitia.
2798 2567 3085 2623 Justitiam
3113 2568 3258 2623 hanc
3283 2568 3437 2631 dicit,
3460 2585 3586 2641 qua:
3615 2568 3771 2640 apud

2163 2658 2344 2713 Deum
2370 2658 2686 2729 imputatur
2707 2657 2950 2728 justitia,
2971 2656 3029 2711 id
3057 2661 3145 2712 est
3162 2657 3313 2722 ﬁdei,
3334 2658 3468 2729 quia
3485 2664 3544 2713 et
3559 2659 3656 2714 lex
3673 2659 3775 2713 ha-

2164 2746 2289 2802 buit
2309 2746 2608 2818 justitiam,
2634 2745 2733 2800 sed
2760 2746 2833 2800 ad
2861 2762 3126 2821 praesens,
3154 2763 3267 2801 non
3289 2763 3413 2818 quae
3427 2747 3778 2818 justiﬁcaret

2165 2835 2317 2908 apud
2343 2836 2524 2890 Deum
2544 2855 2562 2890 :
2586 2835 2878 2890 remittere
2898 2835 3051 2891 enim
3079 2840 3309 2906 peccata
3336 2851 3451 2890 non
3478 2835 3690 2907 potuit,
3710 2841 3780 2891 ut

2167 2925 2237 2979 de
2265 2923 2650 2996 peccatoribus
2678 2924 2888 2980 faceret
2909 2925 3094 2996 justos
3119 2941 3132 2977 :
3163 2924 3262 2978 sed
3288 2923 3361 2978 ad
3394 2923 3499 2978 hoc
3524 2924 3667 2979 data
3684 2930 3780 2980 est

2166 3019 2232 3069 ut
2247 3015 2452 3068 terrori
2471 3019 2637 3081 esset,
2652 3029 2957 3086 provocans
2972 3012 3232 3068 homines
3250 3012 3321 3067 ad
3340 3011 3547 3067 bonam
3563 3013 3775 3079 vitam,

484 3099 742 3156 veritatis
759 3099 1014 3156 nondum
1032 3099 1342 3167 incarnato,
1366 3100 1463 3155 sed
1483 3115 1775 3171 nunquam
1799 3098 1870 3153 ab
1896 3099 2087 3170 aliqua
2104 3085 2150 3146 Ο
2164 3102 2537 3158 irreverentes
2557 3101 2817 3174 puniens,
2840 3101 3078 3173 ideoque
3105 3117 3219 3156 non
3245 3105 3333 3156 est
3349 3101 3484 3156 data
3509 3101 3619 3164 lex,
3646 3118 3782 3174 quae

484 3188 734 3246 veridica
743 3188 1235 3245 administratione
1254 3188 1552 3243 recedente
1565 3207 1577 3242 :
1595 3188 1729 3260 quia
1744 3204 1846 3267 per
1857 3187 2086 3259 angelos

486 3277 763 3352 disposita
787 3283 876 3334 est
902 3277 1002 3333 illa
1041 3278 1382 3351 dispensatio
1416 3277 1578 3349 legis,
1618 3294 1749 3332 cum
1782 3276 2086 3348 aliquando

487 3382 670 3436 suam,
694 3367 999 3440 aliquando
1024 3367 1127 3422 Dei
1147 3364 1473 3439 personam,
1506 3366 1653 3421 sicut
1683 3365 2087 3438 prophetarum

487 3455 663 3511 etiam
683 3472 808 3512 mos
833 3462 939 3524 est,
963 3459 1216 3527 agerent,
1239 3471 1451 3528 perque
1479 3454 1636 3509 illam
1657 3454 1844 3526 legem
1864 3452 2088 3508 morbos

487 3543 900 3613 ostendentem,
915 3561 1030 3600 non
1041 3543 1411 3610 auferentem,
1427 3543 1603 3598 etiam
1616 3540 2088 3615 praevaricationis

486 3633 725 3691 crimine
733 3633 975 3690 contrita
982 3639 1070 3689 est
1077 3631 1358 3705 superbia;
1371 3632 1709 3704 dispositum
1719 3637 1807 3687 est
1815 3648 1916 3704 per
1923 3647 2092 3700 ange-

485 3721 594 3792 los,
606 3723 706 3779 sed
725 3723 786 3779 in
804 3739 977 3779 manu
999 3722 1418 3789 mediatoris,ut
1426 3722 1547 3793 ipse
1565 3719 1832 3776 liberaret
1850 3737 1887 3775 a
1902 3735 2092 3792 pecca-

486 3811 585 3880 tis,
601 3813 725 3884 jam
747 3828 852 3886 per
869 3811 1379 3883 transgressionem
1398 3810 1539 3882 legis
1558 3816 1779 3866 coactos
1811 3807 2085 3875 conﬁteri,

489 3916 632 3972 opus
641 3901 748 3956 sibi
758 3918 881 3956 esse
889 3901 1136 3972 gratiam
1149 3906 1207 3956 et
1216 3899 1663 3956 misericordiam
1674 3898 1918 3966 Domini,
1934 3903 2001 3952 ut
2010 3897 2089 3952 si-

487 3987 547 4042 bi
562 3994 792 4060 pewata
804 3989 1248 4056 dimitterentur,
1267 3993 1326 4044 et
1342 3989 1403 4044 in
1423 4005 1570 4044 nova
1585 3989 1701 4043 vita
1718 4004 1822 4058 per
1842 4003 1973 4041 eum
1993 3985 2092 4058 qui

489 4091 593 4148 pro
603 4091 665 4130 se
673 4075 1009 4147 sanguinem
1021 4075 1780 4144 fudisset,reconciliarentur
1788 4077 1906 4130 Deo
1912 4109 1930 4128 .-
1941 4075 2009 4129 In
2019 4073 2092 4130 is-

488 4163 566 4219 tis
582 4162 738 4220 enim
755 4168 880 4220 erat
891 4180 994 4237 per
1009 4164 1515 4236 transgressionem
1533 4164 1675 4235 legis
1689 4163 2088 4235 confringenda

488 4251 773 4326 superbia,
807 4252 906 4325 qui
936 4253 1246 4325 gloriantes
1273 4254 1344 4308 de
1376 4258 1539 4325 patre
1580 4251 1886 4318 Abraham,
1928 4252 2089 4324 quasi

386 4332 391 4345 ’
490 4341 814 4400 naturalem
842 4358 906 4398 se
925 4340 1219 4414 jactabant
1242 4341 1450 4396 habere
1465 4341 1768 4413 justitiam,
1800 4347 1859 4396 et
1886 4341 2091 4396 merita

489 4448 598 4490 sua
637 4432 702 4488 in
735 4401 1161 4488 circunicisione
1200 4429 1414 4486 caeteris
1462 4401 1726 4502 gentibus
1758 4401 1926 4485 tanto
1967 4401 2154 4502 per-D

490 4520 758 4577 niciosius
770 4525 984 4594 quanto
993 4519 1353 4591 arrogantius
1366 4518 1763 4591 praeferebant;
1777 4524 1976 4590 gentes
1993 4535 2090 4575 au-

489 4614 610 4664 tem
630 4607 893 4665 facillime
921 4608 1094 4664 etiam
1124 4607 1248 4663 sine
1265 4607 1592 4679 hujusmodi
1613 4607 1753 4679 legis
1778 4613 2092 4679 transgres-

492 4697 652 4752 sione
675 4695 1148 4752 humiliarentur:
1180 4695 1438 4751 homines
1465 4696 1620 4751 enim
1649 4696 1865 4752 nullam
1894 4713 1962 4750 ex
1989 4712 2090 4768 pa-

490 4782 749 4840 rentibus
778 4783 1056 4855 originem
1087 4785 1325 4856 justitiaa
1363 4801 1425 4840 se
1458 4785 1687 4841 trahere
1724 4786 2093 4858 praevrdentes

493 4871 924 4927 simulacrorum
950 4871 1123 4928 etiam
1149 4889 1339 4929 servos
1362 4873 1579 4929 invenit
1604 4874 1944 4945 Evangelica
1966 4889 2094 4944 gra-

492 4961 595 5018 tia.
617 4960 746 5017 Non
773 4959 926 5016 enim
953 4960 1101 5016 sicut
1126 4962 1252 5016 istis
1269 4962 1379 5018 dici
1406 4967 1646 5034 poterat,
1677 4979 1791 5017 non
1823 4962 1994 5018 fuisse
2021 4962 2092 5016 il-

489 5050 607 5108 lam
633 5048 918 5123 justitiam
953 5055 1254 5122 parentum
1292 5066 1491 5106 eorum
1523 5051 1585 5106 in
1617 5051 1869 5106 colendis
1904 5050 2088 5119 idolis,

491 5156 665 5214 quam
675 5154 799 5196 esse
808 5137 1244 5195 arbitrabantur:
1251 5139 1334 5194 ita
1343 5139 1517 5195 etiam
1527 5141 1556 5195 J
1562 5139 1738 5195 udaais
1749 5140 1860 5195 dici
1871 5145 2096 5212 poterat

492 5228 694 5286 falsam
717 5229 892 5287 fuisse
906 5225 1189 5301 justitiam
1207 5227 1386 5300 patris
1411 5227 1699 5284 Abraham
1725 5245 1738 5282 :
1764 5228 1957 5301 itaque
1981 5228 2095 5284 illis

494 5316 703 5374 dicitur
729 5334 744 5372 :
775 5318 954 5397 Facite
972 5331 1099 5386 ergo
1123 5317 1377 5385 fructum
1404 5318 1643 5386 dignum
1664 5320 2016 5386 pwnitentia,
2042 5323 2093 5372 et

497 5421 568 5463 ne
581 5406 838 5462 direritis
851 5406 1022 5473 vobis,
1043 5406 1266 5460 Patrem
1283 5405 1542 5460 habemus
1558 5406 1845 5462 Abraham
1867 5425 1884 5462 :
1897 5411 2092 5476 potens

497 5499 575 5550 est
601 5497 753 5550 enim
777 5494 919 5550 Deus
935 5494 1001 5549 de
1023 5494 1300 5564 lapidibus
1317 5494 1441 5549 istis
1465 5496 1733 5549 suscitare
1750 5498 1895 5564 ﬁlios
1910 5495 2090 5550 Abra-

508 5599 606 5640 am
622 5582 842 5655 (Matth.
866 5584 966 5654 nr).
986 5581 1118 5640 Istis
1138 5587 1332 5639 autem
1354 5581 1563 5640 dicitur
1587 5601 1600 5638 :
1633 5600 1662 5635 α
1676 5583 1919 5656 Propter
1940 5583 2092 5656 quod

2166 3197 2357 3264 posset
2382 3191 2678 3258 viviﬁcare,
2709 3190 2810 3246 sed
2836 3191 3228 3246 condemnare.

2239 3281 2344 3337 Sed
2369 3282 2635 3334 conclusit
2658 3282 2940 3348 scriptura
2969 3281 3159 3334 omnia
3177 3280 3279 3334 sub
3292 3285 3522 3349 peccato,
3549 3285 3619 3334 ut
3641 3295 3785 3349 pro-

2168 3371 2357 3423 missio
2375 3385 2440 3422 ca:
2457 3369 2561 3437 [ide
2585 3370 2710 3422 Jesu
2738 3368 2949 3424 Christi
2969 3368 3204 3422 daretur
3220 3368 3585 3423 credentibus.
3605 3368 3787 3424 Hunc

2171 3472 2401 3512 sensum
2438 3462 2498 3511 et
2532 3456 2604 3510 ad
2641 3457 2926 3511 Romanos
2965 3455 3155 3527 posuit
3196 3455 3388 3510 dicens
3425 3472 3437 3508 :
3485 3455 3791 3512 Conclusit

2170 3547 2312 3601 Deus
2362 3548 2554 3600 omnia
2606 3546 2706 3600 sub
2743 3550 2977 3614 peccato,
3021 3549 3084 3599 ut
3129 3547 3385 3599 omnium
3434 3547 3792 3600 misereatur

2170 3636 2342 3695 (Rom.
2380 3636 2475 3704 x1).
2519 3634 2639 3689 Hoc
2676 3632 2820 3688 dixit
2860 3633 3008 3704 quod
3055 3649 3225 3704 supra
3271 3631 3599 3701 memoravi,
3646 3633 3801 3706 quia

2172 3724 2260 3778 lex
2292 3723 2365 3777 ad
2395 3722 2501 3777 hoc
2536 3723 2670 3777 data
2710 3728 2812 3790 est,
2848 3727 2913 3776 ut
2949 3727 3268 3792 peccatores
3302 3738 3427 3776 reos
3461 3738 3523 3776 se
3561 3723 3802 3777 scirent

2173 3812 2323 3884 apud
2340 3812 2539 3867 Deum.
2562 3811 2934 3866 Manifestatis
2954 3811 3107 3865 enim
3125 3809 3369 3882 peccatis
3386 3810 3506 3865 suis
3525 3811 3811 3866 conclusi

2171 3907 2322 3969 sunt,
2342 3906 2407 3957 ut
2432 3918 2494 3956 se
2519 3916 2785 3955 excusare
2811 3916 2926 3955 non
2948 3904 3196 3971 possent,
3216 3899 3316 3954 sed
3335 3906 3668 3970 quaererent
3692 3899 3812 3954 mi-

2172 3990 2551 4057 sericordiam,
2572 3994 2638 4044 ut
2663 3988 2892 4043 veniens
2921 3988 3020 4060 qui
3046 3988 3357 4060 promissus
3384 3987 3572 4043 fuerat
3596 3988 3805 4067 Abra-

2172 4079 2276 4146 hae,
2327 4079 2495 4133 ﬁdem
2538 4077 2717 4132 solam
2762 4076 2834 4131 ab
2886 4076 2967 4132 eis
3022 4082 3296 4149 posceret,
3353 4093 3523 4149 quam
3578 4077 3817 4133 habuit

2168 4167 2471 4233 Abraham,
2508 4171 2574 4220 ut
2601 4166 2880 4221 malorum
2911 4181 3144 4221 suorum
3169 4167 3392 4222 veniam
3420 4172 3478 4221 et
3501 4166 3818 4238 justiﬁes-

2167 4255 2379 4310 tionem
2407 4239 2777 4310 mereréntur.
2800 4255 2921 4309 Hoc
2946 4253 3099 4309 enim
3133 4255 3602 4311 manifestaverat
3632 4256 3819 4312 Deus

2169 4360 2273 4416 per
2299 4344 2505 4399 Isaiam
2541 4343 2874 4416 prophetam
2903 4341 3094 4398 dicens
3124 4362 3136 4397 :
3189 4345 3367 4399 Veniet
3393 4360 3459 4399 ea:
3493 4343 3647 4400 Sion
3699 4348 3821 4416 qui

2169 4435 2374 4504 eripiat
2399 4439 2451 4488 et
2477 4437 2690 4487 avertat
2712 4435 3052 4502 impietatem
3072 4449 3109 4487 a
3124 4434 3306 4500 Iacob,
3326 4433 3491 4487 ethoc
3513 4435 3637 4488 erit
3670 4437 3821 4490 illis

2171 4538 2206 4576 a
2244 4538 2330 4576 me
2375 4526 2781 4590 testamentum,
2821 4536 2951 4576 cum
2989 4521 3268 4575 abstulero
3308 4524 3531 4590 peccata
3580 4537 3824 4577 eorum

2169 4609 2306 4682 (Isa.
2365 4611 2497 4678 er).
2560 4609 2753 4681 [Aug]
2809 4608 3045 4674 Quando
3100 4607 3265 4664 audis
3319 4607 3825 4680 promissionem,

2172 4703 2431 4770 exspecta
2458 4698 2746 4753 factorem.
2778 4697 2988 4753 Idonea
3013 4696 3123 4752 fuit
3159 4690 3412 4752 humana
3436 4702 3669 4754 natura
3698 4713 3833 4772 per

2171 4786 2412 4842 liberum
2463 4786 2760 4842 arbitrium
2802 4787 3100 4841 vulnerare
3148 4802 3227 4852 se,
3276 4785 3377 4841 sed
3409 4787 3531 4857 jam
3572 4788 3839 4845 vulne-

2172 4881 2299 4931 rata
2332 4881 2390 4930 et
2423 4875 2690 4941 sauciata,
2723 4890 2838 4929 non
2879 4880 2967 4930 est
3009 4875 3215 4930 idonea
3249 4891 3353 4946 per
3397 4873 3662 4931 liberum
3718 4895 3842 4934 ar-

2172 4963 2406 5020 bitrium
2455 4980 2655 5019 sanare
2709 4979 2788 5019 se.
2836 4964 2995 5019 Bona
3031 4970 3119 5018 est
3161 4964 3253 5018 lex
3299 4964 3349 5018 si
3397 4963 3524 5036 quis
3579 4981 3677 5021 ea.
3736 4967 3847 5024 le-

2172 5054 2372 5126 gitime
2419 5058 2632 5109 utatur.
2679 5052 2827 5118 Quid
2876 5058 2962 5107 est
3004 5068 3140 5124 ergo
3185 5052 3438 5123 legitime
3479 5051 3564 5107 uti
3622 5053 3797 5128 lege
3822 5059 3855 5111 ?

2148 5143 2284 5198 rPer
2308 5143 2493 5214 legem
2517 5158 2820 5214 agnoscere
2848 5140 3109 5196 morbum
3139 5157 3324 5206 suum,
3348 5147 3408 5195 et
3427 5157 3722 5212 quaram
3758 5147 3857 5203 ad

2173 5230 2474 5286 sanitatem
2502 5231 2751 5286 divinum
2779 5229 3125 5301 adjutorium
3152 5247 3166 5282 :
3194 5230 3328 5302 quia
3357 5229 3503 5285 sicut
3528 5228 3679 5287 dixi
3713 5252 3731 5288 :
3778 5236 3861 5292 Si

2173 5319 2309 5375 data
2332 5324 2482 5375 esset
2497 5319 2606 5387 lex,
2629 5336 2753 5391 quae
2780 5323 2971 5388 posset
2988 5317 3285 5386 viviﬁcare,
3310 5318 3542 5374 omnino
3560 5333 3654 5374 ex
3682 5321 3857 5397 lege

2172 5414 2322 5475 esset
2341 5408 2584 5480 justitia,
2614 5424 2718 5463 nec
2744 5413 3094 5480 quaereretur
3118 5407 3392 5474 Salvator,
3423 5422 3529 5462 nec
3553 5411 3865 5470 veniret

2120 5508 2129 5523 '
2173 5497 2448 5568 Christus,
2461 5514 2566 5553 nec
2582 5496 2858 5568 sanguine
2871 5512 2974 5552 suo
2994 5510 3155 5552 ovem
3170 5496 3448 5568 perditam
3467 5508 3855 5567 quareret.

2173 5566 2415 5642 Sic'dicit
2425 5586 2537 5642 alio
2550 5587 2672 5643 loco
2686 5566 2839 5643 idem
2855 5566 3194 5668 Apostolus
3219 5586 3372 5668 am
3394 5587 3446 5643 si
3614 5589 3869 5659 lege»;
