4034 6162
736 272 1315 331 ENARRATIONUM
1351 277 1429 331 IN
1468 276 1619 331 EPP.
1664 277 1877 334 PAULI
1915 280 2050 335 LIB.
2093 280 2209 334 XV.
2233 281 2388 335 -ΙΝ
2428 282 2649 338 EPIST.
2692 283 2789 337 AD
2829 283 3085 341 GALAT.

3457 286 3563 342 306

322 398 527 465 justitia,
555 410 673 464 ergo
716 396 969 451 Christus
998 401 1176 465 gratis
1208 404 1462 452 mortuus
1505 406 1579 454 est
1611 402 1756 470 (Gal.
1794 406 1870 471 Π).
1896 407 1946 465 Α
1964 404 2050 458 nis
2080 384 2341 459 adferret.
2376 407 2491 462 Nec
2510 425 2642 463 vero
2672 410 3066 467 aestimandum
3087 412 3564 485 Scripturam,an-

327 493 556 557 Nonergo
571 488 653 540 lex
680 486 817 540 data
848 492 952 551 est,
976 492 1041 540 ut
1072 493 1362 557 peccatum
1387 489 1652 553 auferret,
1687 491 1782 543 sed
1814 498 1876 545 ut

323 581 405 636 sub
427 583 635 651 peccato
672 576 866 629 omnia
883 577 1236 629 concluderet
1270 597 1280 630 :
1318 578 1403 630 lex
1433 578 1583 632 enim
1613 581 1874 634 ostende-

320 671 397 724 bat
418 685 525 723 esse
546 674 855 737 peccatum,
880 666 1027 736 quod
1049 666 1130 719 illi
1160 683 1260 737 per
1279 669 1745 722 consuetudinem
1766 687 1874 724 ca—

319 760 423 823 cati,
462 763 680 829 possent
708 762 908 826 putare
940 755 1239 825 justitiam,
1268 761 1331 810 ut
1378 757 1481 810 hoc
1501 758 1666 812 modo
1687 759 1872 812 humi-

317 848 408 904 liati
434 851 842 916 cognoscerent,
875 861 987 899 non
1018 846 1074 899 in
1124 862 1226 899 sua
1272 863 1444 900 manu
1491 864 1612 901 esse
1633 848 1873 902 salutem

314 954 459 1001 suam,
481 935 572 989 sed
601 935 663 988 in
682 951 855 989 manu
884 935 1208 989 mediatoris
1230 954 1243 1002 ;
1270 936 1512 990 maxime
1536 938 1741 1008 quippe
1766 938 1872 991 hu-

312 1027 486 1081 militas
518 1031 760 1089 revocat,
796 1024 1077 1102 undenos
1105 1025 1309 1094 dejecit
1336 1025 1634 1097 superbia:
1677 1034 1734 1081 et
1753 1027 1875 1098 ipsa

311 1115 559 1170 humilitas
579 1114 1101 1168 estaccommodata
1121 1115 1490 1185 percipienda
1509 1117 1706 1185 gratia
1719 1118 1873 1170 Chri-

311 1206 384 1271 sti,
421 1203 507 1276 qui
549 1203 841 1273 singulare
888 1204 1223 1257 humilitatis
1275 1206 1588 1276 exemplum
1622 1211 1724 1259 est.
1762 1207 1875 1260 Nec

310 1294 567 1366 quisquam
606 1292 700 1345 hic
730 1298 849 1344 tam
897 1292 1156 1362 imperite
1189 1293 1409 1359 dixerit,
1462 1295 1576 1347 Cur
1598 1312 1731 1365 ergo
1762 1312 1873 1349 non

308 1382 485 1455 profuit
499 1381 708 1435 Judais
746 1382 895 1451 quod
914 1399 1014 1451 per
1041 1382 1269 1451 angelos
1290 1383 1470 1452 legem
1491 1384 1874 1438 ministrantes

307 1473 351 1524 in
394 1487 554 1524 manu
586 1471 921 1524 mediatoris
953 1470 1204 1541 dispositi
1234 1476 1367 1525 sunt
1399 1471 1422 1523 ‘?
1478 1472 1695 1526 Profuit
1723 1474 1873 1527 enim

306 1568 541 1631 quantum
572 1560 689 1613 dici
730 1576 843 1613 non
884 1564 1066 1630 potest
1100 1579 1111 1613 :
1166 1577 1290 1631 qua
1324 1560 1474 1614 enim
1492 1562 1747 1630 gentium
1777 1563 1873 1616 Ec-

302 1650 451 1704 clesia
484 1648 844 1702 venditarum
900 1665 1089 1703 rerum
1113 1666 1345 1703 suarum
1385 1651 1567 1721 pretia
1604 1652 1673 1704 ad
1703 1652 1872 1722 pedes

1959 499 2171 547 ctorem
2201 512 2322 548 esse
2354 499 2584 566 peccati,
2604 499 2736 569 quia
2755 500 2944 555 omnia
2970 501 3074 555 sub
3093 509 3321 573 peccato
3339 505 3564 561 conclu-

1959 581 2095 636 sisse
2124 583 2361 649 dicatur,
2391 602 2519 639 cum
2547 588 2877 642 mandatum
2907 590 3057 660 quod
3071 607 3136 645 ex
3161 593 3293 662 jure
3312 594 3564 667 praecipi-

1956 676 2070 737 tur,
2094 674 2353 727 ostendat
2380 675 2566 745 potius
2597 682 2910 748 arguatque
2948 683 3261 749 peccatum,
3290 698 3460 752 quam
3487 684 3564 738 sit

1956 776 2125 814 causa
2156 763 2369 832 peccati
2401 782 2414 829 ;
2468 765 2748 835 quomodo
2780 771 2837 820 et
2886 768 3066 821 Judex
3092 784 3206 824 non
3236 775 3325 824 est
3365 776 3562 827 auctor

1954 850 2176 903 sceleris
2206 868 2448 922 nequam
2497 854 2752 908 homines
2792 855 3085 911 vinciendo
3116 876 3128 911 :
3190 858 3287 913 sed
3331 861 3559 915 conclu-

1955 937 2037 991 dit
2084 955 2197 1005 eos,
2262 946 2319 993 et
2399 948 2665 996 nocentes
2714 944 3005 998 sententia
3052 962 3167 1001 sua
3221 948 3562 1004 auctoritate

1956 1028 2303 1097 pronuntiat,
2328 1035 2393 1082 ut
2421 1030 2638 1085 debitos
2673 1048 2851 1101 pana
2882 1032 3239 1105 indulgentia
3271 1041 3469 1107 postea
3508 1039 3559 1094 si

1957 1117 2196 1170 voluerit
2223 1118 2549 1189 principalis
2597 1120 2867 1175 absolvat.
2901 1122 3091 1193 (Aug.)
3140 1124 3216 1179 Ut
3266 1126 3560 1181 enimtam

1957 1222 2129 1276 prope
2160 1207 2562 1274 invenirentur,
2602 1215 2660 1263 et
2687 1215 2806 1263 tam
2841 1210 2910 1264 de
2948 1212 3202 1282 proximo
3240 1214 3311 1269 ad
3350 1215 3553 1283 Deum,

1957 1295 2195 1349 venditis
2223 1296 2338 1350 suis
2367 1297 2533 1351 rebus
2591 1300 2941 1366 accederent,
2985 1301 3135 1371 quod
3173 1303 3447 1358 Dominus
3474 1305 3557 1359 eis

1956 1384 2207 1455 pracipit
2246 1386 2341 1455 qui
2380 1386 2586 1440 vellent
2615 1404 2737 1441 esse
2772 1388 3021 1459 perfecti,
3045 1391 3171 1461 lege
3197 1391 3322 1462 ipsa
3343 1392 3557 1448 factum

1956 1478 2058 1540 est,
2080 1473 2184 1527 sub
2204 1491 2315 1544 qua
2346 1475 2808 1531 custodiebantur
2838 1478 3087 1533 conclusi
3112 1479 3171 1533 in
3199 1496 3325 1535 eam
3360 1481 3552 1550 ﬁdem,

1955 1561 2010 1615 id
2043 1567 2145 1627 est,
2168 1562 2226 1615 in
2246 1563 2548 1617 adventum
2580 1567 2702 1635 ejus
2723 1566 2873 1631 ﬁdei,
2908 1584 3031 1637 qua
3070 1573 3268 1639 postea
3309 1570 3560 1627 revelata

1955 1655 2056 1703 est.
2089 1651 2384 1704 Conclusio
2427 1652 2579 1705 enim
2617 1658 2739 1707 erat
2764 1660 2886 1708 tum
2918 1655 3091 1709 timor
3135 1657 3304 1712 unius
3343 1657 3467 1727 Dei,
3498 1665 3558 1714 et

302 1738 650 1808 apostolorum
684 1737 1030 1809 posuerunt?
1070 1739 1217 1808 quod
1251 1744 1337 1792 tot
1372 1740 1547 1792 millia
1577 1729 1932 1796 hominumB
1953 1739 2100 1809 quod
2132 1740 2588 1809 praevaricatores
2616 1742 2791 1812 ipsius
2820 1743 2961 1815 legis
2998 1744 3212 1800 inventi
3245 1752 3398 1814 sunt,
3438 1764 3553 1802 non

299 1834 393 1882 tam
420 1833 648 1898 repente
680 1827 953 1891 fecerunt,
976 1844 1077 1880 nec
1110 1826 1287 1881 turba
1335 1828 1646 1883 inﬁdelium
1696 1831 1872 1883 consi-

298 1917 525 1970 deranda
577 1923 740 1982 sunt,
802 1917 984 1969 omnis
1031 1917 1179 1970 enim
1207 1934 1341 1970 area
1383 1918 1573 1971 multis
1618 1918 1870 1989 partibus

296 2007 591 2077 ampliorem
614 2005 794 2059 habet
813 2007 1101 2076 palearum
1133 2012 1371 2077 partem,
1391 2024 1560 2077 quam
1576 2007 1865 2063 frumenti.

296 2096 427 2149 Unde
461 2096 633 2149 etiam
669 2100 863 2149 autem
895 2096 994 2149 illa
1022 2096 1277 2165 ejusdem
1326 2096 1580 2165 Apostoli
1609 2097 1778 2151 verba
1797 2098 1868 2152 ad

294 2184 561 2250 Romanos,
594 2184 711 2238 nisi
742 2184 811 2237 de
852 2184 1294 2238 sanctiﬁcatione
1317 2186 1637 2239 Judaorum
1663 2206 1675 2239 ι
1727 2188 1869 2253 Quid

293 2280 428 2341 ergo?
454 2275 733 2342 l’l’unquid
782 2276 989 2341 repulit
1020 2275 1161 2327 Deus
1186 2276 1393 2342 plebem
1426 2290 1587 2328 suam
1618 2280 1641 2328 ?
1687 2274 1863 2330 Absit.

291 2363 409 2417 Nam
424 2379 511 2430 ego
541 2364 807 2416 Israelita
835 2379 961 2415 sum
974 2379 1037 2416 ex
1054 2366 1259 2416 semine
1286 2363 1586 2428 Abraham,
1623 2365 1684 2416 de
1714 2366 1862 2417 tribu

292 2453 571 2520 Benjamin.
595 2453 731 2506 Non
758 2454 965 2519 repulit
995 2453 1128 2505 Deus
1153 2452 1359 2519 plebem
1372 2469 1531 2505 suam
1547 2468 1717 2520 quam
1728 2469 1867 2521 pra:-

289 2543 424 2594 ,ςείαί
451 2542 627 2609 (Rern.
690 2543 785 2605 x1).
846 2541 988 2593 Cum
1009 2546 1199 2594 autem
1229 2540 1487 2594 laudaret
1507 2558 1621 2611 pra
1652 2541 1866 2595 caeteris

288 2630 515 2683 Ecclesiis
526 2630 799 2699 gentium
822 2629 1123 2683 Ecclesium
1152 2630 1754 2697 Thcssalonicensium,
1789 2629 1865 2683 si-

1954 1828 2024 1881 ad
2050 1828 2375 1898 perniciem,
2407 1830 2505 1882 sed
2549 1830 2619 1884 ad
2663 1831 2964 1886 utilitatem
2997 1833 3174 1887 valuit
3200 1836 3280 1889 eis
3308 1836 3407 1908 qui
3428 1852 3553 1892 cre-

1952 1917 2235 1970 diderunt.
2272 1918 2529 1987 Cognitio
2561 1919 2709 1972 enim
2735 1920 2968 1991 majoris
2985 1921 3355 1991 agritudinis,
3387 1924 3553 1981 etde-

1952 2006 2187 2059 siderari
2215 2006 2497 2060 medicum
2543 2008 2929 2063 vehementius
2975 2008 3122 2077 fecit,
3169 2016 3227 2066 et
3270 2012 3430 2084 diligi
3458 2029 3552 2067 ar-

1950 2095 2211 2149 dentius:
2276 2097 2381 2151 Cui
2429 2099 2577 2151 enim
2606 2100 2738 2165 plus
2787 2100 3119 2164 dimittitur,
3173 2104 3305 2169 plus
3361 2104 3550 2171 diligit

1954 2184 2101 2249 (Luc.
2132 2186 2245 2251 vn).

2022 2274 2211 2341 Itaque
2240 2276 2325 2327 lex
2351 2276 2670 2342 paedagogus
2699 2280 2882 2329 noster
2910 2282 3029 2330 erat
3058 2280 3123 2330 in
3144 2277 3361 2333 Christo
3396 2281 3547 2348 Jesu,

1954 2368 2014 2414 ut
2030 2378 2095 2415 ea:
2126 2364 2631 2431 ﬁdejusliﬁcemur.
2671 2363 3280 2433 (Ambr.)Idemsensus
3293 2371 3398 2435 est,
3415 2368 3551 2440 quia

1951 2449 2053 2503 sub
2080 2466 2216 2504 cura
2233 2451 2372 2521 legis
2411 2468 2655 2517 eramus,
2687 2452 2863 2508 donec
2886 2454 3104 2508 veniret
3140 2454 3419 2524 Christus,
3451 2458 3549 2529 qui

1951 2555 2053 2592 nos
2074 2540 2362 2594 credentes
2386 2541 2743 2611 justiﬁcaret.
2775 2544 3113 2597 Atubivenit
3143 2546 3548 2614 ﬁdesg'amnon

1947 2645 2141 2681 sumus
2167 2631 2267 2682 sub
2292 2631 2596 2698 paedagogo.
2644 2632 2838 2687 Omnes
2864 2635 3014 2686 enim
3046 2634 3159 2700 ﬁlii
3187 2635 3287 2687 Dei
3299 2638 3425 2688 estis
3448 2650 3549 2705 per

286 2719 420 2772 miles
445 2736 539 2773 eos
566 2720 753 2773 factos
784 2719 918 2772 dicit
946 2719 1433 2783 EcclesiisJudaa,
1468 2719 1600 2789 quia
1628 2720 1806 2773 multa
1832 2737 1866 2773 a
1947 2719 2103 2784 fidem
2130 2721 2192 2771 in
2220 2720 2433 2773 Christo
2460 2721 2606 2773 Jesu.
2643 2718 2757 2774 Sub
2790 2721 3092 2792 padagogo
3130 2721 3226 2794 qui
3253 2722 3551 2795 agit,pote-

282 2809 669 2863 contribulibus
690 2808 807 2862 suis
828 2824 930 2878 pro
961 2808 1069 2861 ﬁde
1099 2809 1247 2877 passi
1285 2814 1464 2875 erant,
1501 2810 1779 2879 quomodo
1809 2815 1866 2863 et
1947 2806 2108 2859 statis
2139 2823 2254 2861 sua
2282 2824 2394 2861 non
2417 2814 2519 2861 est.
2576 2808 2852 2863 Parvulus
2897 2809 3050 2863 enim
3098 2816 3156 2864 et
3204 2810 3455 2867 lubricus
3473 2812 3549 2868 ad

285 2898 348 2951 illi
374 2899 647 2953 aJudais.
684 2898 828 2951 Hinc
848 2902 936 2950 est
963 2903 1022 2950 et
1042 2897 1177 2950 illud
1198 2898 1345 2967 quod
1369 2899 1536 2968 paulo
1566 2903 1696 2952 ante
1718 2915 1864 2952 com-
1944 2896 2305 2966 peccandum,
2329 2896 2433 2950 sub
2471 2897 2760 2968 paedagogi
2804 2914 2941 2952 cura
2981 2898 3238 2954 habetur.
3271 2899 3547 2956 Veniente

280 2989 577 3054 memoravi,
604 2988 766 3059 quod
787 2987 869 3040 ait
886 2987 956 3041 ad
988 2987 1270 3041 Romanos
1301 3005 1313 3039 :
1368 2987 1430 3042 Si
1459 2991 1608 3041 enim
1631 2991 1862 3055 spirita-
1890 3049 1926 3062 Α
1945 2990 2134 3039 autem
2156 2985 2398 3052 Christo,
2425 2986 2521 3056 qui
2549 2987 2708 3057 quasi
2743 2987 2814 3041 de
2843 2987 3152 3043 minoribus
3198 2989 3335 3044 facit
3360 2991 3543 3062 majo-

282 3077 403 3129 libus
422 3049 647 3131 eorum-
671 3079 1221 3130 communicarerunt
1270 3081 1470 3144 gentes,
1512 3049 1697 3129 debent
1721 3082 1767 3130 et
1798 3080 1863 3131 in
1885 3049 1929 3110 θ
1944 3091 2054 3139 res,
2090 3073 2311 3128 liberati
2332 3049 2401 3128 de
2421 3049 2699 3146 potestate
2739 3076 3048 3147 padagogi,
3075 3094 3177 3148 per
3194 3049 3545 3133 ablutionem

280 3168 578 3219 carnalibus
610 3168 949 3219 ministrare
965 3169 1039 3219 eis
1066 3165 1243 3235 (Rom.
1277 3166 1390 3234 xv).

337 3257 667 3309 Priusenim
683 3271 849 3323 quam
875 3257 1240 3321 veniretﬁdes,
1256 3256 1357 3308 sub
1374 3257 1863 3322 legecustodieban-
1944 3252 2176 3322 peccati.
2213 3255 2482 3321 (Hieron)
2532 3253 2878 3323 Padagogus
2924 3254 3171 3325 parvulis
3199 3255 3542 3326 assignatur,

279 3349 373 3398 tur.
426 3347 687 3399 conclusi
732 3360 795 3397 in
850 3360 970 3397 eam
1018 3346 1177 3411 ﬁdem
1223 3360 1339 3412 quae
1378 3347 1671 3398 revelanda
1719 3351 1855 3399 erat.
1944 3347 2009 3395 ut
2070 3341 2363 3395 lasciviens
2419 3341 2734 3395 refrenetur
2788 3346 2942 3408 atas,
2983 3348 3042 3397 et
3080 3360 3258 3414 prona
3309 3343 3370 3399 in
3408 3343 3546 3399 vitia

278 3432 375 3485 Hoc
399 3442 482 3487 est
510 3433 675 3504 quod
696 3433 848 3497 dicit,
876 3433 1009 3504 quia
1028 3437 1331 3503 antequam
1352 3434 1569 3487 veniret
1584 3434 1854 3500 Salvator,
1941 3430 2111 3484 corda
2137 3436 2455 3495 teneantur,
2487 3430 2622 3485 dum
2638 3436 2836 3485 tenera
2854 3432 3055 3486 studiis
3074 3433 3331 3488 eruditur
3356 3432 3543 3489 infan-

275 3520 359 3575 sub
402 3523 538 3594 legis
602 3523 871 3576 custodia
917 3522 1220 3593 agebamus
1276 3539 1348 3576 ne
1386 3539 1762 3593 peccaremus,
1796 3529 1859 3576 ut
1938 3519 2043 3573 tia:
2078 3520 2471 3590 etadmajores
2486 3520 2852 3591 philosophia
2874 3521 3207 3591 acregenda
3223 3521 3544 3593 reipublica

275 3613 490 3666 venienti
520 3611 906 3684 promissione
936 3612 1090 3682 digni
1109 3628 1379 3666 essemus.
1422 3613 1540 3665 Hac
1592 3612 1739 3665 enim
1759 3628 1857 3682 Spe

274 3698 341 3754 lex
368 3710 513 3756 tutos
534 3700 856 3773 praestabat
883 3717 1002 3767 nos,
1038 3708 1101 3755 ut
1120 3701 1365 3755 venienti
1395 3701 1616 3755 Christo
1632 3702 1858 3755 offerret

276 3807 373 3856 nos,
394 3792 448 3845 id
468 3798 557 3845 est
586 3791 841 3845 Judaos.
879 3792 1149 3860 (Hieron)
1188 3791 1344 3845 Sicut
1375 3791 1652 3844 mediator
1670 3791 1771 3844 Dei
1801 3796 1855 3843 et

273 3877 560 3948 hominum,
600 3881 759 3934 inter
787 3880 1014 3933 dantem
1043 3885 1101 3934 et
1119 3880 1485 3951 accipientem
1514 3881 1714 3951 legem,
1744 3896 1858 3933 me-

1939 3608 2260 3678 disciplinas
2307 3615 2461 3663 metu
2492 3625 2668 3678 pana
2716 3610 2959 3663 coercita
3016 3614 3383 3681 praparetur.
3413 3612 3543 3666 Non

1938 3703 2128 3751 tamen
2160 3697 2497 3767 paedagogus
2527 3697 2798 3766 magister
2825 3703 2884 3751 et
2902 3702 3064 3768 pater
3090 3703 3195 3765 est,
3227 3715 3331 3753 nec
3368 3699 3543 3754 hare-

1938 3786 2171 3840 ditatem
2193 3792 2250 3839 et
2276 3786 2567 3839 scientiam
2593 3785 2903 3856 padagogi,
2942 3785 2993 3839 is
3013 3786 3108 3856 qui
3139 3787 3413 3853 eruditur,
3443 3802 3540 3841 ex-

1939 3880 2155 3947 spectat
2189 3893 2201 3927 :
2237 3876 2335 3928 sed
2359 3874 2607 3928 alienum
2626 3873 2874 3928 custodit
2892 3874 3071 3929 ﬁlium
3094 3874 3452 3945 padagogus,
3471 3874 3541 3929 ab

274 3967 377 4022 dius
408 3971 555 4038 fuit;
622 3970 708 4023 sic
752 3971 839 4023 lex
877 3970 999 4040 ipsa
1043 3988 1166 4040 qua
1194 3976 1321 4041 post
1368 3971 1855 4041 repromissionem
1902 3978 1908 3982 ‘
1940 3982 2024 4031 eo,
2049 3971 2345 4035 postquam
2365 3964 2460 4017 ille
2501 3962 2909 4034 adlegitimum
2937 3962 3220 4035 capienda
3240 3962 3540 4018 haeredita-

275 4056 383 4111 data
415 4065 518 4123 est,
581 4061 743 4113 inter
788 4060 1277 4129 repromissionem
1327 4065 1383 4113 et
1429 4059 1855 4129 completionem
1938 4055 2010 4107 tis
2033 4060 2257 4125 tempus
2283 4053 2573 4107 advenerit
2611 4070 2950 4107 recessurus.
2976 4054 3232 4124 Denique
3261 4057 3319 4107 et
3333 4069 3540 4108 nomen

275 4149 375 4216 ejus
399 4150 591 4203 media
647 4148 949 4218 subrepsit,
991 4165 1113 4218 qua
1156 4164 1267 4201 non
1296 4148 1501 4201 idcirco
1532 4146 1857 4202 arbitranda
1938 4147 2225 4219 padagogi
2255 4148 2563 4218 hocipsum
2592 4152 2775 4214 sonat,
2791 4154 2850 4202 et
2868 4153 2955 4203 est
2969 4148 3341 4219 compositum
3359 4165 3395 4202 a
3413 4147 3544 4207 παῖς

277 4245 343 4290 est
389 4239 833 4309 promissionem
891 4238 1201 4301 excludere,
1253 4237 1385 4306 quia
1441 4243 1637 4307 postea
1662 4236 1856 4290 subse-
1939 4241 1995 4289 et
2007 4229 2139 4305 ἄγω,
2157 4236 2302 4306 quod
2316 4252 2520 4305 pueros
2532 4235 2743 4306 agat,id
2757 4242 2861 4303 est,
2875 4237 3070 4302 ducat;
3085 4236 3276 4307 itaque
3291 4240 3348 4290 et
3362 4236 3541 4309 Moysi

275 4336 383 4381 cuta
418 4345 567 4385 eam.
625 4344 753 4399 qua
799 4326 955 4398 prius
1000 4326 1127 4391 fuit,
1174 4326 1391 4379 videtur
1440 4325 1662 4379 abolere
1697 4343 1709 4391 ;
1759 4324 1853 4377 sed
1874 4324 2045 4399 nlex,
2080 4326 2285 4396 populo
2316 4325 2626 4380 lascivienti
2646 4325 2717 4379 ad
2748 4324 3225 4396 instarpadagogi
3248 4324 3542 4379 severioris

278 4432 329 4467 ex
353 4434 413 4470 eo
458 4419 616 4489 quod
674 4434 787 4471 non
819 4417 1004 4487 potuit
1030 4416 1325 4479 viviﬁcare,
1368 4432 1469 4468 nec
1502 4414 1559 4466 id
1608 4414 1856 4467 tribuere
1874 4412 1921 4429 ”
1940 4413 2196 4484 apposita
2214 4419 2318 4481 est,
2351 4420 2415 4468 ut
2443 4414 2753 4467 custodiret
2783 4430 2897 4479 eos,
2923 4418 2980 4466 et
3012 4412 3214 4466 futura
3234 4412 3365 4465 ﬁdei
3394 4428 3538 4483 pra-

276 4508 401 4575 quod
445 4506 819 4579 repromissio
853 4506 1033 4576 prima
1076 4504 1323 4576 pollicita
1360 4509 1463 4569 est,
1500 4503 1859 4556 manifestum
1939 4509 2193 4574 pararet;
2221 4520 2343 4573 qua
2372 4508 2673 4574 postquam
2701 4502 2855 4555 venit
2874 4506 2930 4553 et
2955 4499 3365 4554 credidimusin
3381 4500 3540 4555 Chri-

278 4602 347 4647 est
371 4597 427 4650 in
460 4597 790 4651 custodiam
840 4612 964 4650 eam
1000 4594 1464 4666 repromissionis,
1498 4609 1610 4646 non
1639 4593 1696 4646 in
1724 4592 1857 4646 sub-
1941 4597 2111 4657 stum,
2137 4593 2258 4662 jam
2273 4609 2387 4646 non
2416 4609 2612 4646 sumus
2639 4589 2744 4644 sub
2772 4589 3095 4660 padagogo,
3122 4593 3280 4642 tutor
3311 4605 3347 4642 a
3375 4587 3538 4643 nobis

278 4685 569 4741 versionem
602 4687 821 4740 datam.
857 4685 914 4739 Si
946 4684 1095 4737 enim
1126 4685 1259 4737 data
1288 4684 1375 4736 lex
1403 4687 1553 4735 esset
1579 4699 1700 4751 qua
1728 4699 1857 4751 pos-
1941 4686 2277 4750 curatorque
2309 4680 2622 4745 discedunt,
2665 4683 2723 4731 et
2765 4676 3081 4749 legitimum
3109 4676 3292 4733 atatis
3311 4682 3538 4750 tempus

1944 3169 2302 3234 peccatorum
2329 3163 2461 3229 facti
2488 3181 2683 3218 sumus
2710 3164 2809 3217 ﬁlii
2829 3165 2951 3231 Dei,
2968 3182 3097 3219 cum
3126 3183 3378 3221 essemus
3398 3168 3543 3222 servi
3636 3178 3639 3181 ’

277 4782 345 4828 set
372 4784 646 4846 prastare
696 4776 890 4839 vitam,
925 4780 981 4826 et
1022 4773 1079 4826 id
1136 4773 1283 4843 quod
1332 4770 1690 4842 repromissio
1727 4787 1857 4840 spo-

278 4868 528 4934 ponderat
558 4864 848 4927 exhibere,
872 4880 1000 4916 vere
1031 4862 1324 4933 promissio
1362 4878 1462 4931 per
1489 4861 1671 4929 legem
1691 4864 1857 4929 puta-

278 4962 407 5010 retur
430 4957 687 5010 exclusa.
723 4954 886 5007 Nunc.
907 4956 1094 5005 autem
1118 4955 1346 5021 propter
1362 4947 1854 5019 transgressiones,

277 5056 324 5099 ut
332 5064 491 5117 supra
504 5045 781 5107 diximus,
799 5042 1002 5113 posita,
1022 5040 1201 5109 magis
1213 5056 1307 5092 eos
1322 5038 1508 5109 arguit
1518 5042 1853 5108 peccatores,

278 5135 451 5203 quibus
480 5140 621 5206 post
639 5130 1131 5204 repromissionem
1158 5130 1217 5182 in
1237 5128 1569 5193 custodiam,
1586 5132 1660 5193 et,
1694 5131 1760 5179 ut
1778 5126 1859 5178 ita

276 5222 449 5279 dicam.
483 5225 543 5279 in
579 5238 871 5276 carcerem
908 5220 1040 5273 data
1078 5224 1180 5283 est,
1230 5222 1294 5270 ut
1323 5216 1454 5286 quia
1496 5233 1594 5286 per
1641 5214 1858 5268 arbitrii

279 5312 595 5372 libertatem,
644 5312 942 5366 noluerant
999 5308 1325 5361 innocentes
1380 5310 1697 5375 exspectare
1728 5320 1859 5373 pro-

280 5403 508 5469 missum,
544 5401 827 5471 legalibus
854 5398 1090 5451 vinculis
1123 5395 1429 5467 prapediti,
1454 5400 1512 5447 et
1540 5394 1597 5447 in
1623 5392 1860 5447 servitu-

282 5498 374 5545 tem
398 5493 807 5546 mandatorum
849 5487 1079 5551 redacti,
1126 5484 1544 5538 custodirentur
1573 5483 1633 5536 in
1663 5482 1864 5535 adven-

284 5586 379 5635 tum
405 5582 619 5636 futura
651 5581 703 5633 in
725 5578 951 5634 Christo
970 5575 1118 5639 ﬁdei,
1144 5591 1267 5643 qua
1288 5574 1455 5627 ﬁnem
1484 5570 1865 5641 repromissio-

1941 4771 2222 4835 ineuntes,
2254 4785 2383 4822 vere
2408 4768 2509 4822 Dei
2521 4767 2645 4821 Filii
2676 4767 3055 4834 nominamur,
3068 4768 3159 4822 cui
3172 4784 3276 4822 nos
3302 4773 3540 4839 generat

1940 4874 2052 4913 non
2084 4857 2171 4911 lex
2200 4856 2426 4923 abolita,
2451 4856 2549 4910 sed
2571 4861 2753 4910 mater
2777 4857 2937 4923 ﬁdes,
2971 4874 3094 4928 qua
3123 4861 3212 4911 est
3235 4856 3297 4911 in
3308 4857 3535 4913 Christo

1939 4947 2089 5001 Jesu.
2128 4945 2310 5015 (Aug)
2358 4946 2466 5010 Qui
2504 4946 2759 5017 sequitur
2787 4946 3035 5001 litteram
3075 4946 3353 5001 translata
3367 4944 3537 5000 verba

1940 5035 2085 5088 sicut
2113 5035 2339 5105 propria
2356 5040 2529 5101 tenet,
2556 5051 2738 5106 neque
2768 5035 2908 5090 illud
2934 5034 3083 5106 quod
3120 5034 3348 5104 proprio
3366 5032 3534 5088 verbo

1940 5124 2289 5194 signiﬁcatur
2341 5124 2513 5178 refert
2540 5125 2610 5178 ad
2656 5124 2825 5178 aliam
2880 5121 3349 5194 signiﬁcationem
3381 5139 3393 5175 :
3433 5122 3533 5176 sed

1941 5213 1988 5267 si
2036 5211 2331 5266 sabbatum
2364 5213 2625 5279 audierit,
2676 5213 2828 5267 verbi
2872 5212 3076 5282 gratia,
3120 5226 3235 5264 non
3262 5208 3531 5281 intelligit

1941 5302 2048 5357 nisi
2080 5318 2257 5355 unum
2286 5302 2437 5355 diem
2466 5302 2534 5356 de
2563 5307 2797 5373 septem,
2822 5300 2918 5370 qui
2947 5299 3214 5354 continuo
3251 5298 3535 5353 volumine
3614 5298 3625 5309 ’

1943 5394 2295 5461 repetuntur,
2331 5396 2388 5443 et
2414 5407 2541 5443 cum
2557 5389 2799 5444 audierit
2819 5386 3179 5453 sacriﬁcium,
3196 5403 3309 5442 non
3318 5385 3535 5440 excedit

1946 5478 2282 5549 cogitatione
2329 5478 2486 5543 illud,
2521 5479 2668 5550 quod
2708 5475 2830 5532 ﬁeri
2875 5475 2945 5529 de
2990 5476 3230 5531 victimis
3266 5490 3535 5548 pecorum

1946 5568 2302 5638 terrenisque
2323 5567 2599 5623 fructibus
2626 5568 2770 5622 solet
2794 5585 2804 5619 :
2852 5581 2976 5637 qua
3003 5572 3193 5631 tamen
3222 5561 3541 5625 servitusin
