3966 6168
456 279 556 334 307

1037 281 1098 334 B.
1141 277 1412 333 RABANI
1451 275 1684 333 MAURI
1733 274 2067 334 ARCHIEP.
2109 277 2432 334 MOGUNT.
2475 275 2773 334 OPERUM
2809 274 2993 333 PARS
3028 274 3128 333 ῙῙῙ.

3586 285 3676 342 308

457 405 649 460 Judmo
701 406 906 476 populo
939 405 1104 474 longe
1157 419 1193 456 a
1221 409 1550 458 ceterarum
1597 403 1854 474 gentium
1892 419 2049 458 more
2067 407 2115 464 Α
2133 419 2431 476 corporum
2449 407 2819 474 separantur:
2849 409 3112 459 caeterum
3129 403 3264 458 fides
3279 420 3374 477 pro
3389 407 3575 464 mentis
3591 408 3678 463 de-

455 493 720 558 distabat,
740 493 1193 564 quandoquidem
1215 492 1382 546 rebus
1398 492 1804 564 temporalibus
1818 493 1898 546 ita
1917 492 2051 546 sub-

454 583 634 654 fugati
665 589 845 648 erant,
877 588 942 637 ut
959 598 1107 637 unus
1137 582 1197 636 in
1228 583 1309 636 eis
1337 581 1596 636 omnibus
1619 581 2050 636 commendare-

455 677 551 726 tur
586 672 754 726 Deus.
797 671 866 726 Et
901 685 1224 742 quanquam
1263 672 1427 741 signa
1479 685 1670 726 rerum
1708 671 2050 741 spiritalium

457 775 557 832 pro
593 761 731 832 ipsis
767 760 936 815 rebus
973 759 1354 826 observarent,
1395 760 1712 815 nescientes
1731 775 1846 830 quo
1871 759 2050 813 refer-

453 855 669 910 rentur.
719 849 777 904 id
831 855 1021 903 tamen
1080 849 1314 904 insitum
1377 847 1678 914 habebant,
1735 849 1885 920 quod
1939 863 2053 902 ser-

455 940 766 1004 vitutetali,
798 939 896 994 uni
917 940 1148 992 omnino
1185 955 1353 1010 quem
1389 955 1500 992 non
1544 937 1828 1003 videbant,
1863 937 2050 1008 place-

455 1035 583 1082 rent
606 1027 744 1093 Deo,
784 1041 956 1099 quam
979 1027 1292 1089 custodiam
1319 1034 1594 1098 tanquam
1623 1027 1732 1080 sub
1747 1026 2051 1096 padagogo

457 1117 815 1188 parvulorum
841 1117 1016 1172 fuisse
1045 1117 1567 1188 scribitApostolus,
1601 1120 1660 1172 et
1671 1115 1798 1170 ideo
1813 1115 1908 1186 qui
1919 1113 2052 1169 tali-

457 1206 560 1260 bus
578 1206 756 1278 signis
792 1207 1158 1278 pertinaciter
1187 1206 1552 1270 inhaeserunt,
1598 1209 2051 1260 contemnentem

457 1297 565 1348 ista
591 1296 916 1361 Dominum,
934 1311 1061 1350 cum
1078 1297 1199 1365 jam
1219 1301 1445 1366 tempus
1474 1293 1834 1348 revelationis
1853 1308 2050 1346 eorum

456 1385 716 1450 venisset,
731 1385 879 1440 ferre
903 1399 1016 1440 non
1038 1389 1364 1456 potuerunt,
1398 1388 1570 1454 atque
1586 1382 1720 1437 inde
1739 1381 2052 1438 calumnias

455 1473 602 1544 quod
625 1473 856 1528 sabbato
899 1479 1126 1528 curaret
1163 1473 1344 1527 moliti
1367 1475 1516 1527 sunt.
1555 1473 1874 1540 Quicunque
1901 1473 2052 1524 enim

455 1565 722 1631 baptismi
741 1563 884 1629 estis,
909 1563 1192 1617 Christum
1209 1564 1496 1616 institistis.
1511 1560 1750 1628 (Ambr.)
1766 1561 1883 1614 Hoc
1893 1559 2046 1625 dicit,

453 1651 586 1721 quia
605 1651 914 1717 credentes,
929 1652 1061 1704 dum
1076 1651 1471 1716 immutantur,
1487 1650 1774 1704 Christum
1785 1649 2047 1713 induunt,

2131 494 2352 548 votione
2391 499 2668 558 censetur,
2703 497 2760 546 et
2789 508 2937 564 saepe
2963 493 3168 560 evenit,
3212 499 3273 548 ut
3299 500 3354 548 et
3379 497 3682 554 mullerviro

2132 583 2331 637 salutis
2342 598 2512 637 causa
2527 583 2644 648 ﬂat,
2659 587 2716 636 et
2739 582 3034 636 mulierem
3061 582 3146 636 vir
3162 583 3220 636 in
3234 583 3490 654 religione
3506 601 3686 656 pmce-

2132 671 2246 725 dat.
2263 672 2405 726 Cum
2433 677 2625 725 autem
2657 685 2750 725 res
2777 671 2860 726 ita
2876 687 2936 724 se
2965 669 3187 736 habent,
3212 677 3270 726 et
3287 677 3405 726 tota
3423 672 3686 728 diversitas

2130 761 2374 830 generis,
2397 759 2737 814 conditionis
2757 766 2816 816 et
2827 775 3145 831 corporum,
3161 761 3364 822 Christi
3382 761 3688 832 baptismate

2133 855 2190 904 et
2216 849 2548 904 indumento
2578 848 2732 903 illius
2771 848 3082 914 auferatur,
3105 865 3298 906 omnes
3323 865 3494 908 unum
3517 865 3692 905 sumus

2132 939 2192 992 in
2221 938 2448 996 Christo
2475 939 2504 992 J
2509 953 2627 1004 esu,
2659 943 2725 992 ut
2773 937 3054 1008 quomodo
3101 938 3270 992 Pater
3295 943 3353 992 et
3379 937 3542 992 Filius
3567 939 3620 992 in
3637 956 3691 992 Ie

2132 1041 2309 1086 unum
2331 1016 2483 1094 sunt,
2525 1029 2604 1080 ita
2633 1033 2692 1080 et
2717 1043 2821 1080 nos
2848 1026 2907 1082 in
2936 1027 3072 1098 ipsis
3102 1042 3276 1082 unum
3307 1027 3494 1080 simus.
3525 1028 3693 1098 (Δυσ.)

2133 1116 2536 1186 Nunquidnam
2566 1115 2742 1186 igitur
2767 1116 2962 1170 ﬁdeles
2999 1115 3222 1170 ﬂamina;
3253 1131 3439 1170 sexum
3470 1117 3693 1186 corporis

2134 1205 2450 1260 amiserunt
2477 1206 2502 1257 ?
2539 1206 2637 1262 sed
2657 1205 2788 1276 quia
2816 1203 2892 1258 ibi
2924 1210 3268 1259 renovantur
3311 1204 3380 1267 ad
3415 1203 3692 1274 imaginem

2133 1295 2254 1354 Dei,
2298 1293 2395 1350 ubi
2423 1309 2587 1347 sexus
2625 1293 2816 1348 nullus
2865 1297 2968 1359 est,
2998 1293 3077 1348 ibi
3120 1293 3300 1348 factus
3340 1298 3424 1347 est
3449 1293 3607 1346 homo
3631 1293 3694 1352 ad

2132 1381 2436 1451 imaginem
2467 1381 2589 1443 Dei,
2633 1380 2730 1436 ubi
2773 1396 2940 1442 sexus
2985 1381 3176 1442 nullus
3229 1386 3333 1447 est,
3373 1380 3475 1434 hoc
3503 1387 3600 1440 est,
3644 1380 3695 1435 in

2133 1471 2335 1542 spiritu
2381 1471 2588 1524 mentis
2609 1486 2744 1536 sue,
2770 1486 2966 1524 omnes
2995 1470 3146 1541 apud
3183 1483 3310 1524 eam
3349 1469 3530 1524 vestiti
3558 1474 3695 1523 sunt.

2135 1559 2403 1630 Nunquid
2414 1559 2485 1612 de
2504 1559 2760 1613 nuditate
2775 1575 3063 1613 servorum
3083 1575 3315 1616 suorum
3331 1557 3590 1612 sollicitus
3605 1555 3702 1618 erit

2131 1649 2218 1702 vir
2245 1649 2368 1718 ejus
2395 1663 2527 1702 cum
2554 1647 2760 1704 alicubi
2789 1649 3134 1713 demoratur,
3168 1647 3382 1701 habens
3428 1647 3701 1716 conjugem

451 1740 677 1810 quando
687 1741 790 1795 hoc
801 1741 1314 1813 appellanturquod
1326 1740 1709 1796 credunt.Non
1720 1739 2046 1802 εεωυιιπω,
2067 1729 2116 1788 Β
2135 1738 2308 1792 talem
2339 1736 2512 1800 ?Quis
2543 1741 2630 1790 est
2638 1737 2744 1790 iste
2774 1736 2878 1803 vir,
2902 1737 3011 1792 nisi
3039 1737 3340 1800 Christus?
3370 1737 3483 1790 Aut
3499 1735 3701 1804 coniux,

452 1843 622 1898 neque
642 1830 858 1886 Cra-ws
877 1849 894 1884 :
922 1846 1032 1884 non
1071 1835 1147 1883 est
1179 1845 1385 1892 senius,
1419 1843 1591 1897 neque
1620 1830 1760 1882 liber
1789 1843 1806 1878 :
1832 1841 1946 1880 non
1973 1831 2048 1879 est

455 1921 749 1984 masculus,
783 1935 956 1988 neque
969 1921 1184 1986 femina
1207 1934 1222 1969 :
1253 1933 1438 1972 omnes
1455 1920 1606 1971 enim
1625 1933 1714 1973 vos
1727 1929 1907 1970 unum
1923 1917 2049 1968 estis

452 2009 514 2060 in
532 2007 746 2062 Christo
775 2007 1152 2062 Jesu.Nullam
1175 2005 1504 2062 distantiam
1524 2005 1662 2060 dicit
1674 2003 2045 2069 credentium,

449 2101 514 2150 ut
549 2095 688 2150 nulli
727 2096 1126 2168 praejudicetur
1169 2096 1304 2168 quid
1355 2095 1525 2150 fuerit
1571 2099 1878 2164 antequam
1925 2108 2049 2146 cre-

449 2185 628 2250 deret,
643 2185 906 2240 omnibus
921 2185 1070 2240 enim
1085 2186 1174 2239 his
1203 2201 1378 2239 unum
1393 2185 1682 2239 decretum
1695 2189 1782 2238 est
1793 2183 2004 2237 donum
2033 2201 2044 2236 τ

448 2274 594 2345 apud
621 2275 800 2329 Deum
834 2275 986 2329 enim
1025 2275 1179 2328 nulla
1229 2273 1494 2328 discretio
1531 2279 1618 2327 est
1655 2287 2046 2342 personarum,

447 2363 555 2416 nil
586 2379 806 2418 morum
829 2369 888 2418 et
918 2365 1078 2416 vitm:
1109 2368 1176 2419 ut
1203 2363 1464 2416 homines
1501 2361 1672 2417 unius
1687 2361 1814 2415 lldei
1832 2361 2052 2418 meritis

447 2452 890 2522 distinguantur,
917 2469 1032 2506 non
1057 2451 1328 2522 personis.
1363 2452 1638 2521 (Hieron)
1681 2449 1843 2514 Quod
1859 2455 2050 2504 autem

449 2540 708 2595 Christus
735 2541 809 2594 sit
847 2539 1262 2605 indumentum,
1287 2555 1402 2594 non
1448 2540 1632 2594 solum
1669 2539 1740 2592 de
1788 2539 2049 2609 praesenti

446 2629 585 2696 loco,
610 2645 806 2684 verum
835 2629 1007 2683 etiam
1037 2629 1107 2682 de
1137 2629 1247 2682 alio
1279 2627 1696 2698 comprobatur,
1740 2626 1919 2681 Paulo
1949 2642 2049 2681 eo-

447 2717 574 2770 dem
593 2716 924 2773 cohortante
949 2737 960 2770 :
997 2719 1218 2773 Indum
1246 2733 1337 2770 vos
1367 2719 1670 2771 Dominum
1687 2718 1876 2769 Jesum
1891 2715 2047 2769 Chri—

2131 1825 2238 1880 nisi
2269 1824 2546 1880 Ecclesia?
2566 1826 2769 1879 Vestiti
2797 1831 2931 1880 sunt
2957 1832 3018 1880 et
3033 1826 3267 1897 optime,
3296 1840 3464 1896 quam
3489 1823 3702 1895 optime.

2130 1914 2298 1970 vultis
2321 1915 2524 1968 nosse?
2572 1915 2854 1983 Quotquot-
2896 1917 2961 1968 in
3017 1915 3232 1969 Christo
3275 1916 3538 1982 baptismi
3573 1915 3702 1973 estis.

2130 2005 2316 2059 vestiti
2335 2003 2492 2069 estis,
2517 2004 2800 2060 Christum
2813 2005 3096 2057 induistis.
3111 2004 3326 2060 Omnes
3339 2001 3566 2058 omnino
3573 2000 3709 2072 apud

2132 2110 2256 2148 eam
2286 2092 2474 2148 vestiti
2498 2098 2633 2150 sunt
2661 2092 2758 2162 qui
2779 2092 3068 2150 Christum
3081 2092 3411 2148 induerunt.
3451 2090 3573 2146 Non
3599 2095 3709 2145 tan-

2130 2189 2252 2236 tum
2291 2181 2362 2236 ad
2399 2181 2640 2236 formam
2678 2181 3038 2247 sacramenti,
3091 2181 3191 2235 sed
3241 2181 3414 2236 etiam
3451 2179 3510 2235 in
3560 2194 3714 2249 opere

2133 2271 2393 2342 exempli.
2444 2275 2746 2341 sequentes
2779 2270 3017 2342 vestigia
3070 2271 3302 2328 Domini
3348 2269 3454 2330 sui.
3487 2267 3717 2325 Induunt

2132 2366 2322 2414 autem
2345 2360 2602 2414 Homines
2629 2359 2937 2426 Christum,
2971 2359 3280 2430 aliquando
3312 2374 3492 2429 usque
3528 2356 3596 2412 ad
3634 2372 3716 2412 sa-

2133 2449 2406 2508 cramenti
2423 2449 2840 2520 perceptionem
2875 2467 2887 2501 :
2913 2448 3221 2520 aliquando
3249 2454 3309 2503 et
3337 2445 3720 2518 usqueadvitn

2131 2538 2651 2593 sanctiﬁcationem.
2694 2539 2878 2609 Atque
2921 2537 3062 2591 illud
3105 2537 3360 2608 primum
3388 2540 3445 2590 et
3473 2535 3628 2593 bonis
3661 2548 3721 2588 ac

2131 2628 2296 2682 malis
2332 2632 2521 2698 potest
2557 2643 2680 2680 esse
2717 2643 3013 2682 commune
3060 2644 3072 2680 :
3116 2627 3228 2682 hoc
3264 2631 3460 2686 autem
3495 2625 3721 2680 alterum

2130 2717 2424 2787 proprium
2451 2722 2539 2772 est
2565 2716 2840 2770 bonorum
2869 2715 3190 2787 acpiorum.
3209 2718 3406 2784 Itaque
3431 2717 3534 2776 les,
3552 2711 3724 2783 inquit

448 2811 596 2860 slum
632 2807 809 2871 (Romt
841 2810 976 2876 xm).
1011 2805 1070 2860 Si
1099 2805 1274 2877 igitur
1308 2804 1406 2876 qui
1445 2805 1504 2858 in
1534 2804 1760 2859 Christo
1780 2803 2045 2875 baptisati
2122 2808 2446 2875 padagogus
2473 2807 2588 2874 fuit
2621 2811 2802 2860 uoster
2828 2809 2892 2858 in
2912 2805 3145 2860 Christo.
3182 2805 3306 2861 Hoc
3335 2802 3578 2875 estquod
3605 2800 3682 2860 ait
3709 2818 3720 2852 ε

447 2899 599 2962 sunt,
641 2894 930 2950 Christum
949 2894 1278 2962 induerunt,
1311 2892 1673 2950 maniibstum
1710 2897 1798 2946 est
1832 2905 1930 2948 eos
1949 2893 2045 2964 qui

2129 2895 2244 2950 Sub
2270 2897 2379 2964 lege
2396 2895 2860 2960 custodiebantur,
2893 2896 3137 2949 conclusi
3164 2896 3233 2950 in
3263 2910 3328 2950 ea
3346 2909 3364 2944 :
3383 2897 3723 2962 posteaquam

381 3024 386 3034 ,
449 2997 562 3038 non
581 2989 716 3038 sunt
752 2983 936 3038 induti
967 2983 1274 3047 Christum,
1311 2997 1424 3036 non
1455 2982 1628 3038 fuisse
1653 2980 1966 3053 baptizatos
1985 2981 2044 3036 in
2071 3046 2106 3055 _
2127 2987 2279 3038 venit
2307 2985 2455 3051 ﬁdes,
2481 2987 2608 3053 jam
2639 2999 2754 3038 non
2783 2998 2978 3037 sumus
3005 2983 3106 3037 sub
3129 2984 3447 3055 padagogo.
3480 2981 3588 3038 Eos
3606 2993 3730 3049 ergo

449 3072 700 3140 Christo;
737 3073 806 3126 ad
829 3087 924 3128 eos
935 3072 1084 3129 enim
1101 3072 1197 3144 qui
1219 3046 1431 3137 ﬁdeles,
1449 3076 1507 3126 et
1525 3046 1806 3142 baptisma
1834 3071 2042 3128 Christi
2064 3046 2110 3108 δ
2128 3089 2240 3126 non
2271 3046 2636 3143 reprehendit
2651 3071 2748 3143 qui
2763 3046 3210 3128 faciunt
3227 3046 3480 3142 gratiam
3510 3046 3726 3130 Christi,

449 3163 730 3216 consecuti
750 3161 1117 3233 putabantur,
1133 3162 1348 3216 dictum
1368 3167 1472 3227 est,
1509 3163 1730 3215 Indum
1747 3175 1834 3214 vos
1854 3162 2046 3214 Βουδί-

449 3265 589 3305 num
611 3253 795 3306 Jesum
809 3254 1111 3308 Christum.
1133 3251 1190 3306 Si
1203 3250 1331 3322 quis
1345 3249 1450 3305 hoc
1461 3254 1879 3320 corporeum,“
1898 3249 2046 3320 quod

447 3339 622 3394 oculis
671 3341 857 3394 carnis
886 3341 1176 3411 aspicitur,
1211 3357 1371 3411 aqua:
1409 3344 1632 3394 tantum
1671 3338 1877 3409 accipit
1895 3339 2046 3392 lava-

447 3441 626 3494 cmm,
657 3443 770 3484 non
794 3433 882 3483 est
908 3428 1141 3484 indutus
1173 3429 1476 3484 Dominum
1513 3429 1703 3482 Jesum
1734 3426 2042 3481 Christum.

449 3517 594 3571 Nam
613 3513 670 3572 et
697 3517 891 3572 Simon
930 3518 1024 3572 ille
1045 3518 1114 3572 de
1150 3518 1383 3572 Actibus
1409 3517 1790 3588 apostolorum
1817 3529 2046 3584 accepe—

447 3609 536 3660 rat
563 3602 849 3662 lavacrum
879 3623 1058 3678 aquae,
1093 3623 1285 3662 verum
1316 3607 1452 3678 quia
1490 3605 1760 3677 Spiritum
1791 3609 2046 3664 sanctum

447 3709 560 3749 non
590 3695 849 3762 habebat,
865 3697 1096 3751 indutus
1113 3712 1224 3750 non
1243 3701 1366 3752 erat
1384 3694 1672 3752 Christum
1691 3713 1702 3748 ε
1722 3701 1780 3748 et
1798 3694 2045 3754 haeretici

445 3784 530 3838 vel
550 3785 873 3856 hypocritre,
915 3792 974 3841 et
1004 3786 1061 3840 hi
1104 3787 1201 3857 qui
1231 3785 1456 3842 sordide
1474 3784 1752 3848 victitant,
1785 3783 2048 3838 videntur

447 3873 674 3944 quidem
703 3875 954 3946 accipere
993 3875 1354 3946 baptismum,
1399 3873 1498 3928 sed
1521 3875 1710 3926 nescio
1729 3887 1801 3926 an
1835 3872 2042 3926 Christi

445 3961 690 4016 habeant
717 3963 1133 4018 indumentum.
1151 3964 1350 4032 Itaque
1359 3961 1800 4026 consideremus,
1814 3976 1886 4014 ne
1901 3961 2045 4016 forte

447 4055 504 4103 et
528 4051 587 4103 in
615 4049 776 4106 nobis
817 4050 1024 4121 aliquis
1053 4051 1528 4122 deprehendatur,
1563 4049 1660 4120 qui
1696 4065 1760 4103 ex
1805 4063 1872 4102 eo
1894 4048 2044 4120 quod

448 4137 656 4192 Christi
695 4155 808 4192 non
833 4139 1006 4194 habet
1038 4139 1454 4205 indumentum,
1490 4143 1763 4208 arguatur
1808 4154 1921 4194 non
1943 4137 2044 4192 ba-

445 4226 688 4297 ptizatus
717 4227 776 4281 in
798 4227 1042 4284 Christo.
1067 4228 1209 4282 Cum
1226 4234 1416 4281 autem
1431 4227 1558 4297 quis
1568 4227 1741 4282 semel
1758 4227 2045 4286 Christum

2130 3161 2290 3232 quasi
2320 3161 2471 3215 enim
2491 3161 2742 3215 nondum
2773 3159 2993 3215 venerit
3022 3161 3119 3230 qui
3144 3165 3380 3218 vocaret
3418 3160 3481 3216 in
3508 3157 3732 3216 liberta-

2128 3256 2264 3315 tem,
2298 3250 2380 3304 sic
2406 3249 2590 3306 adhuc
2609 3249 2806 3310 volunt
2826 3263 2948 3310 esse
2973 3248 3078 3303 sub
3106 3249 3444 3320 padagogo.
3462 3245 3621 3312 Quod
3639 3261 3730 3305 au-

2129 3344 2264 3404 tem,
2295 3338 2440 3394 ﬁlios
2450 3339 2552 3394 Dei
2564 3339 2701 3392 dicit
2711 3355 2834 3398 esse
2854 3353 3049 3400 omnes
3058 3354 3158 3408 per
3171 3339 3372 3404 fidem,
3388 3337 3526 3410 quia
3547 3335 3733 3396 indue-

2128 3432 2264 3484 runt
2285 3427 2591 3495 Christum,
2616 3428 2935 3498 quicunque
2961 3427 3020 3483 in
3039 3427 3270 3489 Christo
3295 3427 3569 3498 baptisati
3589 3430 3731 3487 sunt.

2129 3517 2200 3572 ad
2232 3517 2339 3574 hoc
2369 3517 2517 3571 valet
2538 3533 2612 3572 ne
2636 3523 2836 3588 gentes
2867 3517 2937 3571 de
2957 3533 3017 3572 se
3041 3516 3441 3587 desperarent,
3469 3515 3604 3587 quia
3630 3527 3736 3574 non

2129 3605 2594 3663 custodiebantur
2619 3605 2724 3661 sub
2757 3605 3062 3678 pade
3094 3623 3105 3657 :
3130 3610 3190 3660 et
3207 3605 3344 3664 ideo.
3382 3621 3446 3664 eo
3467 3604 3616 3670 ﬁlios
3632 3617 3739 3664 non

2131 3701 2419 3766 putarent,
2449 3695 2544 3750 sed
2578 3711 2681 3766 per
2717 3693 2885 3751 ﬁdem
2908 3693 3196 3752 induendo
3215 3695 3526 3754 Chr-istum
3555 3705 3742 3752 omnes

2130 3785 2275 3838 fiunt
2300 3784 2402 3839 ﬁlii
2427 3802 2438 3837 ε
2472 3801 2586 3839 non
2615 3791 2821 3840 natura
2835 3783 2983 3838 sicut
2999 3782 3200 3842 unicus
3217 3783 3409 3850 (ilius,
3441 3782 3544 3854 qui
3576 3781 3742 3842 etiam

2128 3873 2408 3944 sapientia
2441 3873 2542 3928 Dei
2571 3879 2674 3935 est,
2726 3889 2910 3944 neque
2947 3871 3202 3943 potentia
3238 3879 3308 3932 at.
3346 3869 3744 3945 singulatim

2127 3963 2499 4034 susceptionis
2528 3963 2600 4018 ad
2629 3961 2943 4024 habendam
2983 3960 3332 4027 naturaliter
3371 3967 3432 4022 et
3473 3959 3746 4031 agendam

2127 4067 2424 4122 personam
2435 4051 2740 4122 sapientiae,
2773 4050 2920 4106 sicut
2949 4051 3070 4120 ipse
3091 4048 3405 4116 mediator,
3428 4066 3611 4113 unum
3624 4061 3746 4109 cum

2124 4139 2248 4211 ipsa
2260 4141 2598 4211 suscipiente
2609 4139 2889 4210 sapientia
2917 4139 3038 4198 sine
3051 4139 3504 4209 interpositione
3515 4138 3752 4208 aliudsi

2129 4229 2458 4283 mediatoris
2473 4229 2704 4284 allectus
2723 4247 2736 4294 ;
2763 4227 2860 4287 sed
2897 4227 3000 4286 ﬁlii
3016 4228 3161 4288 ﬁunt
3177 4228 3641 4300 participatione
3663 4241 3752 4288 saw

445 4316 617 4370 fuerit
642 4317 894 4384 indutus,
929 4324 986 4372 et
1014 4309 1220 4372 missus
1248 4317 1306 4370 in
1338 4317 1625 4369 ﬂammam
1656 4315 1898 4386 Spiritus
1918 4327 2107 4386 sanvD
2126 4318 2372 4390 pientiae,
2395 4319 2450 4372 id
2481 4321 2833 4389 praeparante
2861 4322 3030 4386 atque
3069 4322 3386 4387 praestante
3417 4315 3755 4380 mediator-is

445 4406 518 4460 cti
553 4407 754 4463 ardore
783 4406 1094 4472 canduerit,
1129 4422 1241 4460 non
1271 4405 1610 4476 intelligitur
1629 4420 1832 4459 aurum
1861 4405 2041 4471 sit,an

445 4502 786 4566 argentum;
823 4497 1071 4568 quandiu
1112 4493 1264 4550 calor
1301 4511 1546 4575 massam
1586 4494 1854 4566 possidet,
1897 4509 2044 4548 unus

445 4587 642 4656 igneus
663 4587 816 4639 color
830 4593 935 4652 est,
953 4592 1012 4642 et
1021 4585 1204 4642 omnis
1219 4585 1515 4639 diversitas
1523 4582 2046 4654 generis,conditio—

444 4673 533 4726 nis
570 4679 629 4727 et
663 4689 962 4749 corporum
1001 4675 1257 4730 aufertur
1293 4673 1612 4730 istiusmodi
1651 4673 1984 4732 vestimento
2028 4690 2039 4724 :

445 4761 568 4816 Non
587 4767 664 4815 est
707 4765 857 4816 enim
899 4765 1142 4828 Judaeus,
1193 4778 1366 4832 neque
1405 4763 1640 4818 Grzcus.
1681 4761 1790 4815 Pro
1827 4760 2040 4824 Graec,

444 4849 714 4918 gentllem
735 4851 990 4922 accipere
1018 4850 1290 4905 debemus
1320 4868 1332 4904 :
1359 4849 1494 4922 quia
1522 4850 1681 4921 ἵλλην
1712 4853 1772 4902 et
1787 4849 2043 4904 Gmcum

446 4947 504 4996 et
513 4942 800 4998 ethnicum
817 4951 1124 5014 utrumque
1142 4945 1442 5014 significat.
1465 4945 1582 4998 Nec
1597 4942 1825 4998 Iudaeus
1837 4942 2044 4996 idcirco

446 5030 646 5086 melior
683 5036 787 5098 est,
819 5033 954 5103 quia
989 5031 1354 5090 circumcisus
1383 5037 1487 5098 est,
1531 5047 1633 5086 nec
1657 5029 1888 5101 gentilis
1917 5031 2044 5084 ideo

443 5117 706 5187 deterior,
739 5121 875 5191 quia
903 5121 1244 5192 praeputium
1274 5122 1449 5176 habet
1474 5141 1486 5188 ;
1521 5121 1620 5175 sed
1650 5135 1750 5190 pro
1769 5118 2040 5190 qualitate

446 5207 597 5275 fidei,
628 5209 712 5264 vel
741 5210 986 5275 Iudaeus,
1017 5211 1102 5264 vel
1134 5211 1380 5276 Graecus,
1406 5210 1606 5264 melior
1651 5209 1767 5262 sive
1795 5208 2043 5261 deterior

445 5301 550 5350 est.
575 5297 786 5364 Servus,
799 5315 1022 5372 quoque
1044 5307 1102 5354 et
1116 5299 1260 5356 liber
1279 5315 1390 5356 non
1420 5299 1740 5353 conditione
1769 5312 2040 5368 separan.

443 5393 540 5438 tur
555 5385 654 5439 sed
683 5387 812 5453 fide,
845 5389 980 5458 quia
1015 5394 1202 5459 potest
1226 5403 1420 5440 servus
1451 5386 1626 5440 libero
1665 5401 1786 5440 esse
1817 5385 2033 5450 melior,

445 5479 504 5527 et
521 5472 664 5528 liber
691 5491 917 5531 servum
937 5478 996 5531 in
1011 5477 1141 5531 ﬁdei
1169 5474 1438 5546 qualitate
1463 5475 2038 5546 pmvertere.Mascue

2125 4409 2252 4470 fide,
2297 4423 2467 4478 quam
2486 4406 2619 4462 ﬁdei
2653 4405 2900 4476 gratiam
2931 4421 3081 4466 nunc
3117 4405 3540 4473 indumentum
3573 4411 3752 4471 vocat.

2124 4498 2200 4552 Ut
2232 4497 2519 4552 Christum
2559 4495 2743 4552 induti
2789 4502 2923 4562 sunt
2951 4495 3046 4565 qui
3094 4495 3154 4556 in
3184 4511 3318 4557 eum
3353 4495 3753 4563 crediderunt.

2125 4585 2316 4640 etideo
2329 4584 2429 4639 ﬁlii
2451 4584 2575 4650 Dei,
2599 4584 2913 4654 fratresque
2943 4582 3198 4653 ejusdem
3232 4583 3593 4650 mediatoris
3621 4583 3756 4650 elisa

2125 4681 2199 4729 ct:
2230 4678 2380 4740 sunt,
2406 4673 2464 4728 in
2496 4690 2606 4745 qua
2636 4673 2744 4730 (ide
2773 4689 2886 4732 non
2915 4677 3004 4732 est
3029 4670 3327 4738 distantia.
3353 4673 3551 4740 Judaei
3571 4686 3759 4744 neque

2125 4763 2326 4829 Graeci,
2351 4779 2466 4817 non
2503 4762 2648 4818 servi
2686 4778 2869 4833 neque
2907 4759 3086 4825 liberi,
3129 4776 3243 4825 non
3283 4763 3549 4832 masculi
3590 4767 3653 4831 et
3678 4767 3760 4816 to-

2124 4852 2310 4907 mime.
2341 4852 2405 4906 In
2437 4857 2710 4922 quantum
2729 4850 2881 4910 enim
2913 4864 3112 4910 omnes
3131 4849 3330 4916 ﬁdeles
3363 4857 3536 4920 sunt,
3557 4864 3761 4922 omnes

2125 4956 2300 4996 unum
2329 4945 2464 4998 sunt
2484 4940 2542 4995 in
2553 4939 2778 4996 Christo
2797 4939 2950 5001 Iesu.
2967 4937 3038 5000 Et
3056 4937 3105 4992 si
3128 4936 3236 5001 hoc,
3261 4936 3416 5006 facit
3445 4940 3620 5008 ﬁdes,
3664 4954 3765 5011 per

2125 5045 2296 5100 quam
2313 5029 2372 5083 in
2401 5029 2506 5092 huc
2526 5027 2643 5086 vita
2661 5029 2816 5097 iuste
2834 5025 3173 5092 ambulatur.
3189 5034 3420 5102 quanto
3444 5027 3764 5100 perfectis?

2123 5124 2292 5190 atque
2329 5117 2670 5177 cumulatius
2703 5116 2760 5174 id
2799 5115 3012 5186 species
3045 5115 3168 5186 ipsa
3213 5113 3453 5186 factum
3482 5123 3598 5187 est,
3632 5133 3766 5184 cum

2121 5206 2436 5261 videbimus
2473 5205 2613 5262 facie
2665 5205 2737 5262 ad
2787 5205 2988 5268 faciem
3031 5223 3042 5258 ε
3103 5221 3237 5270 nam
3283 5221 3453 5272 nunc
3495 5205 3766 5278 ςιιαωνιὶε

2122 5295 2400 5366 primitias
2434 5294 2705 5350 habentes
2741 5294 2993 5366 spiritus.
3013 5294 3110 5365 qui
3130 5293 3246 5360 vita
3259 5299 3353 5358 est
3384 5301 3646 5368 propter
3669 5296 3771 5370 jus-

2121 5384 2334 5438 stitiam
2349 5383 2498 5449 ﬁdei,
2521 5389 2714 5442 tamen
2746 5383 2880 5454 quia
2899 5383 3082 5447 adhuc
3097 5388 3396 5449 mortuum
3421 5389 3520 5453 est
3551 5401 3768 5460 corpus

2119 5477 2348 5544 prepter
2375 5478 2684 5544 peceatum.
2715 5471 3032 5534 differentia
3060 5471 3171 5526 ista
3203 5471 3289 5526 vel
3313 5471 3634 5544 gentium,
3677 5473 3768 5543 Yﬁl

441 5563 528 5618 lus
565 5563 828 5621 similiter
864 5573 921 5620 et
957 5565 1184 5629 femina,
1202 5563 1531 5618 fortitudine
1567 5569 1627 5618 et
1651 5562 2036 5620 imbecillitate
2116 5562 2452 5616 conditionis
2489 5561 2574 5617 vel
2601 5576 2766 5621 salus
2787 5561 2906 5631 iam
2927 5559 3154 5630 quidem
3165 5559 3362 5628 βωλςβ
3393 5567 3497 5632 ρει
3526 5561 3608 5636 ab
3626 5563 3768 5638 sui...
