3966 6168
413 293 510 352 311

1001 294 1064 351 Β.
1105 293 1378 352 RABANI
1415 297 1646 353 MAURI
1692 297 2026 354 ARCHIEP.
2070 297 2395 354 MOGUNT.
2438 297 2736 354 OPERUM
2773 299 2958 355 PARS
2999 301 3097 357 III.

3587 298 3691 354 312

412 437 536 477 ram
573 421 805 476 domina
825 421 917 476 sit.
943 422 1013 476 Et
1040 420 1348 476 secundum
1375 428 1674 494 utramque
1703 422 2015 494 intelligen-
2032 423 2368 494 Agentium,
2401 423 2505 477 hoc
2525 423 2800 478 duntaxat
2818 425 2960 492 loco,
2993 424 3088 495 qui
3119 431 3176 478 et
3207 440 3403 479 eorum
3439 439 3695 495 personae

409 511 570 578 tiam,
602 527 714 583 qua
727 514 942 565 tutores
955 515 1013 564 et
1037 515 1275 575 actores,
1293 511 1376 564 vel
1397 511 1718 582 prophetas,
1744 513 1828 565 vel
1845 528 2012 583 ange-

414 601 498 654 los
507 599 768 666 diximus,
782 599 1045 671 parvulus
1071 599 1176 653 iste
1187 599 1384 654 tandiu
1401 600 1504 653 sub
1520 599 1800 655 actoribus
1821 606 1910 656 est
1924 605 2023 661 at-_

417 704 526 760 que
548 687 851 754 tutoribus,
883 687 1061 742 donec
1079 687 1396 758 legitimum
1413 687 1646 760 perfecti
1665 689 1770 744 viri
1789 695 2014 762 tempus

413 776 744 850 impleverit.
763 775 1104 848 Legitimum
1132 782 1324 832 autem
1351 783 1594 850 tempus,
1627 778 1776 832 sicut
1803 779 2012 834 Roma-

411 867 502 922 nis
527 865 746 936 legibus
777 865 971 937 viginti
1009 865 1258 936 quinque
1281 881 1559 921 annorum
1600 867 1784 938 spatio
1812 867 2014 922 termi-

413 959 600 1021 natur,
632 954 712 1008 ita
740 954 813 1008 ad
843 954 1076 1009 humani
1103 955 1332 1025 generis
1359 955 1780 1026 perfectionem,
1803 956 2012 1011 Christi

414 1049 713 1116 reputatur
733 1043 1023 1109 adventus,
1047 1043 1240 1097 statim
1271 1049 1339 1098 ut
1357 1043 1452 1098 ille
1483 1044 1718 1111 venerit,
1744 1050 1804 1100 et
1819 1061 2014 1100 omnes

412 1133 474 1188 in
500 1132 686 1188 virum
711 1131 1019 1204 perfectum
1048 1131 1408 1200 creverimus,
1433 1132 1772 1205 paedagogus
1793 1151 1828 1188 a
1856 1133 2016 1188 nobis

417 1224 685 1293 tutorque
741 1220 1055 1276 discedunt.
1100 1221 1256 1276 Tunc
1304 1222 1639 1277 auctoritate
1681 1223 1905 1277 Domini
1959 1229 2018 1278 et

417 1309 764 1366 hereditatis
793 1309 1146 1382 possessione
1192 1309 1566 1381 perfruemur.
1599 1311 1666 1366 In
1705 1327 1817 1383 qua
1859 1311 2016 1384 prius

419 1398 559 1466 nati,
573 1398 987 1471 quodammodo
1014 1397 1355 1470 putabamur
1373 1399 1565 1454 alieni.
1589 1401 1674 1454 lla
1699 1406 1750 1456 et
1778 1417 1892 1464 nos,
1927 1401 2016 1455 in-

2093 512 2358 566 decenter
2387 527 2444 565 se
2494 517 2680 583 potest
2711 517 3031 580 annectere,
3066 511 3268 584 quibus
3295 513 3369 567 ad
3413 511 3694 582 evangeli-

2095 599 2336 654 zandum
2365 601 2572 655 missus
2593 605 2696 655 est.
2730 601 2944 656 Deinde
2969 603 3092 673 jam
3109 601 3264 668 dicit,
3295 601 3555 656 veniente
3577 601 3694 672 ple-

2095 689 2351 744 nitudine
2371 691 2662 762 temporis,
2677 691 2858 745 Deum
2886 690 3106 745 misisse
3134 690 3340 746 Filium
3361 705 3528 745 suum
3541 689 3612 744 ad
3632 689 3697 743 li-

2093 779 2406 834 berandum
2434 779 2732 850 parvulum
2759 779 3040 834 haeredem
3067 779 3403 834 servientem
3431 795 3498 834 ex
3529 784 3692 850 parte

2094 867 2205 938 legi
2232 874 2504 939 tanquam
2533 869 2855 940 paedagogo,
2906 885 2973 924 ex
3005 875 3166 941 parte
3199 867 3494 924 elementis
3523 867 3697 938 hujus

2095 957 2310 1024 mundi,
2339 963 2611 1028 tanquam
2631 957 3086 1030 procuratoribus
3106 963 3163 1013 et
3190 957 3494 1013 actoribus.

2166 1046 2238 1102 At
2264 1047 2363 1100 ubi
2375 1049 2524 1101 venit
2532 1048 2822 1116 plenitudo
2845 1051 3121 1116 temporis,
3147 1049 3308 1101 misit
3321 1048 3463 1101 Deus
3481 1048 3696 1102 Filium.

2097 1151 2262 1189 suum
2277 1137 2488 1203 factum.
2510 1152 2574 1190 ea:
2597 1139 2850 1200 muliere,
2883 1138 3096 1204 factum
3127 1137 3228 1190 sub
3247 1139 3372 1204 lege,
3397 1141 3463 1190 ut
3489 1152 3574 1190 eos
3595 1139 3698 1204 qui

2097 1225 2196 1278 sub
2213 1227 2322 1292 lege
2337 1231 2498 1278 erant
2515 1227 2825 1289 redimeret,
2849 1231 2910 1278 ut
2927 1225 3274 1294 adoptionem
3293 1223 3698 1296 ﬁliorumreci-

2091 1329 2364 1382 peremus.
2381 1312 2620 1384 (Ambr.)
2641 1313 2939 1368 Plenitudo
2957 1313 3229 1386 temporis
3241 1319 3329 1367 est
3347 1313 3690 1386 completum

2098 1409 2320 1473 tempus
2347 1402 2495 1473 quod
2515 1402 2856 1474 preﬁnitum
2875 1401 3063 1458 fuerat
3081 1403 3242 1457 aDeo
3262 1399 3448 1468 Patre’,
3465 1400 3694 1474 quando

421 1487 563 1558 quit,
581 1503 708 1542 cum
724 1503 958 1542 essemus
970 1491 1222 1557 parvuli,
1251 1489 1352 1542 sub
1380 1491 1660 1543 elementis
1683 1491 1886 1544 mundi
1900 1505 2018 1544 era-
2100 1489 2354 1545 mitteret
2378 1491 2582 1546 Filium
2609 1507 2796 1558 suum,
2835 1497 2901 1546 ut
2931 1508 2997 1546 ex
3046 1491 3263 1562 virgine
3308 1491 3490 1546 factus
3530 1489 3694 1561 quasi

417 1592 545 1630 mus
562 1579 868 1630 servientes.
899 1576 1194 1631 Elementa
1213 1577 1428 1644 mundi,
1453 1577 1679 1632 eosdem
1698 1594 1839 1649 quos
1849 1595 2021 1650 supra
2100 1579 2269 1634 homo
2293 1585 2640 1642 nasceretur,
2650 1580 2954 1652 subjiciens
2973 1597 3034 1634 se
3051 1580 3161 1650 legi
3182 1595 3362 1650 usque
3383 1579 3454 1634 ad
3475 1584 3698 1650 tempus

419 1669 637 1720 tutores
665 1669 724 1719 et
750 1669 966 1719 actores
979 1665 1210 1730 dixerat,
1240 1665 1540 1737 appellavit
1563 1685 1574 1720 :
1599 1666 1750 1738 quod
1761 1665 1865 1720 sub
1886 1667 2022 1738 ipsis
2101 1667 2390 1740 baptismi,
2438 1676 2504 1724 ut
2542 1669 2784 1726 formam
2833 1671 2996 1724 daret
3048 1669 3328 1741 quomodo
3379 1673 3701 1740 peccatores

420 1754 668 1824 primum
712 1753 1044 1826 praesidibus
1085 1753 1396 1822 constituti,
1447 1754 1580 1826 quia
1634 1755 1874 1810 necdum
1914 1756 2016 1810 Dei
2039 1743 2088 1804 Β
2105 1757 2302 1824 abluti,
2336 1764 2394 1812 et
2427 1775 2463 1812 a
2501 1760 2642 1830 jugo
2675 1759 2816 1837 legis
2843 1758 3042 1830 erepti,
3087 1757 3414 1830 dignatione
3444 1757 3566 1823 Dei,
3597 1757 3702 1811 ﬁlii

423 1841 551 1896 Filii
577 1857 778 1914 capere
805 1842 876 1896 ad
907 1858 1011 1896 nos
1027 1847 1353 1914 poteramus
1373 1843 1696 1911 adventum,
1731 1843 2022 1898 erudieba-
2102 1848 2226 1918 ejus
2254 1847 2678 1919 adoptarentur,
2707 1849 2854 1902 sicut
2888 1847 3245 1919 promiserat,
3269 1845 3548 1918 redempti
3573 1861 3703 1900 san-

423 1947 556 1986 mur
571 1931 632 1985 in
661 1930 867 1986 medio.
899 1931 1168 1986 Nonnulli
1199 1948 1296 1986 eos
1323 1948 1446 1986 esse
1475 1932 1706 2002 angelos
1737 1932 2020 1988 arbitran-
2099 1935 2272 2006 guine
2301 1936 2428 1990 Filii
2449 1938 2590 2008 ejus.
2607 1937 2955 1992 Salvatorem
2983 1941 3173 1990 autem
3191 1951 3419 1990 necesse
3437 1940 3559 1989 erat
3577 1934 3702 1989 ﬁeri

419 2025 533 2086 tur,
557 2019 655 2092 qui
675 2024 919 2093 quatuor
940 2020 1137 2075 mundi
1159 2021 1453 2076 elementis
1471 2021 1833 2093 praesideant,
1853 2028 2019 2078 terrae
2101 2024 2206 2080 sub
2247 2025 2390 2096 lege,
2442 2025 2602 2096 quasi
2641 2025 2820 2080 ﬁlium
2869 2024 3108 2080 Abrahae
3150 2025 3316 2096 juxta
3347 2039 3597 2091 carnem,
3637 2029 3703 2077 ut

423 2108 699 2176 videlicet,
750 2125 930 2181 aqua,
961 2109 1078 2180 igni
1119 2115 1179 2164 et
1204 2110 1342 2176 aeri,
1394 2116 1452 2165 et
1494 2127 1721 2165 necesse
1768 2127 1908 2178 esse,
1959 2117 2024 2166 ut
2101 2113 2462 2169 circumcisus
2473 2114 2980 2186 appareretisesse,
3004 2113 3100 2185 qui
3115 2111 3698 2185 promissusAbrahaa,

425 2197 755 2269 priusquam
780 2197 908 2270 quis
937 2197 1132 2252 credat
1157 2198 1216 2252 in
1257 2198 1500 2266 Christo,
1531 2198 1643 2253 illis
1671 2198 1897 2254 arbitris
1923 2217 2025 2272 gu-
2103 2209 2334 2258 venerat
2353 2207 2553 2274 gentes
2570 2203 3018 2274 justiﬁcare,per
3037 2203 3225 2268 ﬁdem,
3244 2202 3469 2272 signum
3489 2199 3706 2256 habens

350 2329 361 2336 ς
431 2285 720 2342 bemetur.
745 2287 1040 2342 Elementa
1071 2287 1289 2354 mundi,
1322 2288 1527 2343 caelum
1571 2295 1630 2342 et
1673 2293 1884 2344 terram
1917 2307 1930 2341 :
1967 2295 2026 2344 et
2105 2293 2227 2363 ejus
2277 2292 2367 2346 cui
2414 2291 2725 2364 promissus
2767 2291 2953 2346 fuerat
2994 2309 3006 2344 :
3044 2291 3170 2345 ideo
3215 2290 3368 2345 ultra
3413 2289 3702 2344 neminem

429 2391 506 2433 ea.
528 2391 652 2447 quae
678 2375 830 2431 intra
868 2375 986 2432 haec
1023 2382 1176 2444 sunt,
1208 2377 1460 2448 plerique
1491 2377 1774 2449 appellata
1800 2382 2020 2449 putant,
2105 2381 2353 2452 oportuit
2387 2379 2727 2448 circumcidi,
2760 2380 2891 2452 quia
2937 2380 3134 2434 tandiu
3165 2379 3414 2434 cucurrit
3454 2379 3700 2450 signum,

431 2465 582 2536 quod
627 2464 888 2520 videlicet
918 2466 1113 2532 solem,
1162 2465 1377 2532 lunam,
1421 2465 1620 2532 maria,
1663 2466 1928 2520 silvarum
1969 2473 2028 2521 et
2106 2470 2472 2542 quoadusque
2497 2469 2713 2525 veniret
2739 2469 2836 2541 qui
2855 2469 3164 2541 promissus
3179 2469 3366 2523 fuerat
3382 2473 3704 2523 restaurare

429 2553 708 2608 montium
727 2553 862 2608 deos
897 2559 954 2608 et
981 2555 1264 2625 sapientes
1290 2555 1536 2620 Graeciae,
1559 2560 1617 2609 et
1643 2553 1893 2610 barbarae
1923 2572 2026 2610 na-
2107 2559 2296 2628 ﬁdem,
2318 2559 2378 2613 in
2401 2575 2513 2630 qua
2529 2559 2872 2630 justiﬁcatus
2895 2565 2983 2614 est
3015 2558 3302 2613 Abraham
3329 2557 3386 2612 in
3407 2556 3704 2630 praeputio,

430 2641 632 2708 tiones,
646 2641 1017 2713 Romanique,
1033 2643 1286 2698 omnium
1299 2643 1762 2714 superstitionum
1781 2645 2024 2711 sentina,
2107 2652 2172 2702 ut
2199 2647 2556 2702 credentibus
2585 2663 2699 2702 non
2727 2663 2868 2718 opus
2895 2647 2968 2702 sit
3001 2647 3349 2702 circumcisio
3373 2665 3386 2714 ;
3418 2645 3705 2701 Abraham

433 2735 786 2797 venerentur,
817 2749 854 2786 a
883 2730 1086 2802 quibus
1107 2748 1235 2786 cum
1279 2731 1536 2786 Christus
1577 2732 1794 2786 venerit
1827 2732 2030 2787 libera-
2107 2743 2298 2792 autem
2318 2737 2444 2791 ideo
2463 2737 2824 2792 circumcisus
2853 2741 2958 2803 est,
2993 2736 3128 2808 quia
3149 2737 3330 2790 ﬁlium
3365 2751 3426 2789 se
3463 2734 3707 2790 credidit

431 2834 564 2873 mur
592 2837 604 2873 :
637 2818 1017 2890 intelligentes
1045 2836 1116 2874 ea
1141 2825 1430 2874 creaturas
1465 2837 1606 2886 esse,
1640 2837 1752 2875 non
1771 2821 2022 2876 numina.
2109 2824 2454 2891 habiturum,
2485 2825 2543 2880 in
2584 2841 2695 2897 quo
2723 2843 2919 2880 omnes
2969 2832 3165 2896 gentes
3212 2824 3700 2880 benedicerentur.

433 2907 544 2962 Alii
573 2907 853 2963 elementa
881 2909 1098 2975 mundi,
1131 2909 1315 2980 legem
1350 2909 1800 2981 interpretantur
1825 2909 2021 2982 Moysi,
2110 2914 2384 2986 (Hie-ron.)
2423 2914 2735 2985 Diligenter
2765 2915 3060 2979 attendite,
3113 2913 3263 2985 quod
3317 2930 3430 2968 non
3477 2913 3704 2970 dixerit.

432 3003 491 3050 et
517 2995 744 3068 eloquia
770 2996 1201 3069 Prophetarum,
1236 2998 1387 3069 quod
1405 3015 1508 3070 per
1525 2998 1642 3052 haec
1661 2999 1823 3070 quasi
1842 2999 2022 3066 initia,
2107 3002 2316 3058 factum
2345 3020 2449 3075 per
2475 3003 2790 3069 mulierem,
2815 3003 2966 3074 quod
3001 3002 3251 3058 Marcion
3271 3007 3332 3056 et
3357 3007 3569 3057 ceterae
3595 3001 3710 3056 hae-

427 3091 488 3140 et
513 3085 744 3140 exordia
769 3085 1110 3152 litterarum,
1155 3087 1258 3142 Dei
1287 3087 1570 3154 timorem,
1612 3087 1710 3158 qui
1739 3075 2088 3160 sapientiazC
2110 3108 2265 3146 reses
2286 3093 2500 3159 volunt,
2533 3109 2657 3164 quae
2685 3092 2996 3164 putativam
3029 3089 3239 3146 Christi
3271 3106 3498 3145 carnem
3535 3089 3710 3144 simu-

429 3173 768 3246 pzincipium
789 3179 896 3242 est,
927 3175 1326 3248 suscipiamus.
1359 3176 1613 3248 Denique
1651 3177 1723 3232 ad
1773 3194 1888 3245 eos,
1931 3180 2027 3249 qui
2109 3180 2256 3246 lant;
2277 3179 2375 3234 sed
2403 3196 2468 3234 ea:
2492 3183 2746 3248 muliere,
2779 3185 2846 3235 ut
2879 3196 2992 3234 non
3023 3196 3127 3251 per
3152 3179 3328 3245 illam,
3368 3178 3466 3232 sed
3504 3195 3571 3232 ex
3607 3177 3709 3232 illa

423 3266 546 3334 jam
575 3261 848 3318 deberent
877 3280 1000 3319 esse
1028 3264 1280 3336 perfecti,
1313 3271 1372 3320 et
1388 3265 1627 3320 veritate
1647 3266 1906 3337 neglecta
1925 3267 2027 3320 ad-
2109 3274 2277 3324 natus
2297 3285 2418 3323 esse
2442 3269 2725 3324 credatur.
2759 3269 2920 3334 Quod
2955 3275 3148 3324 autem
3191 3274 3444 3322 sanctam
3478 3273 3537 3321 et
3569 3265 3707 3322 bea-

429 3353 540 3408 huc
567 3351 993 3424 disciplinarum
1016 3353 1304 3426 principiis
1342 3353 1710 3422 inhaerebant,
1743 3354 1940 3410 scribit
1967 3355 2029 3411 in
2111 3362 2227 3412 tam
2249 3364 2490 3413 matrem
2503 3358 2748 3425 Domini,
2769 3357 3086 3422 mulierem,
3103 3373 3216 3411 non
3237 3356 3516 3428 virginem
3529 3347 3711 3410 nomi-

431 3441 681 3513 Epistola
709 3442 780 3497 ad
809 3441 1075 3498 Hebraeos
1101 3444 1404 3515 Apostolus
1437 3461 1450 3497 :
1476 3444 1696 3498 Etenim
1726 3460 1852 3498 cum
1880 3445 2030 3498 debe-
2109 3437 2284 3506 navit,
2315 3437 2420 3492 hoc
2465 3437 2617 3492 idem
2664 3443 2722 3491 et
2748 3437 2807 3505 in
2856 3437 3154 3508 Evangelia
3201 3431 3341 3488 κατὰ
3378 3435 3709 3491 Μειιὶιωιιω

427 3533 562 3584 retis
587 3546 694 3584 esse
722 3534 984 3600 magistri
1019 3538 1245 3601 propter
1285 3537 1516 3601 tempus,
1553 3547 1787 3586 rursum
1826 3549 2030 3588 necesse
2111 3527 2382 3598 scriptum
2411 3532 2515 3592 est,
2541 3527 2765 3598 quando
2782 3542 2924 3581 uxor
2941 3525 3262 3598 appellatur
3287 3525 3516 3596 Joseph,
3549 3531 3609 3578 et
3635 3521 3710 3578 ab

429 3617 639 3673 habetis
667 3625 731 3672 ut
775 3621 1086 3674 doceamini
1119 3637 1238 3688 qua:
1288 3623 1405 3675 sint
1443 3624 1706 3676 elementa
1753 3624 2032 3690 principii
2111 3617 2232 3688 ipso
2253 3617 2492 3670 Domino
2513 3615 2674 3688 quasi
2693 3615 2898 3670 mulier
2928 3615 3252 3686 increpatur
3273 3632 3285 3666 :
3306 3630 3421 3669 non
3433 3613 3587 3668 enim
3613 3628 3711 3667 ne-

427 3721 754 3762 sermonum
801 3709 896 3762 Dei
951 3708 1134 3776 (Hebr.
1194 3711 1268 3778 v).
1333 3709 1525 3780 [Aug]
1597 3709 1785 3774 Quaeri
1838 3715 2030 3764 autem
2111 3721 2266 3760 casse
2295 3710 2418 3760 erat
2443 3721 2669 3777 semper
2707 3704 2868 3776 quasi
2897 3709 3060 3758 caute
3107 3709 3166 3758 et
3205 3703 3404 3758 timide
3433 3701 3712 3774 virginem

429 3801 616 3866 potest
643 3796 924 3868 quomodo
942 3797 1251 3852 secundum
1273 3798 1418 3852 hanc
1437 3797 1884 3866 similitudinem,
1927 3797 2032 3854 sub
2111 3794 2317 3860 dicere,
2347 3810 2476 3850 cum
2505 3793 2710 3849 mulier
2736 3809 2931 3848 sexum
2969 3791 3150 3864 magis
3197 3791 3494 3863 signiﬁcet,
3535 3807 3713 3862 quam

429 3884 724 3940 elementis
741 3885 913 3956 hujus
939 3885 1136 3941 mundi
1157 3885 1386 3941 fuerunt
1413 3887 1612 3954 Judaei,
1643 3904 1772 3942 cum
1791 3887 1902 3942 illis
1931 3905 2034 3960 per
2111 3883 2370 3955 copulam
2388 3883 2512 3938 viri.
2531 3881 2823 3949 Quomodo
2839 3881 2942 3938 sub
2963 3883 3087 3952 lege
3101 3881 3280 3936 factus
3301 3888 3405 3947 est,
3427 3885 3494 3934 ut
3503 3895 3600 3934 eos
3609 3881 3712 3951 qui

427 3972 614 4044 legem
643 3989 812 4044 quam
831 3979 1190 4045 acceperunt,
1216 3991 1362 4029 unus
1391 3975 1541 4029 Deus
1563 3975 1660 4046 qui
1678 3975 1811 4030 fecit
1828 3977 2031 4032 ccelum
2111 3971 2216 4026 sub
2234 3973 2358 4044 lege
2381 3979 2544 4027 erant
2569 3971 2874 4026 redimeret
2898 3989 2909 4024 :
2941 3971 3022 4026 sic
3042 3976 3273 4043 propter
3299 3969 3425 4024 illos
3453 3970 3552 4041 qui
3585 3971 3708 4024 nati

433 4065 492 4114 et
538 4067 752 4115 terram
808 4061 1075 4116 colendus
1137 4062 1627 4117 commendaretur
1661 4083 1673 4117 :
1707 4065 1806 4118 sed
1847 4069 2032 4135 potest
2111 4060 2337 4116 fuerant
2363 4078 2430 4116 ex
2459 4060 2713 4127 muliere,
2745 4076 2812 4115 ex
2841 4060 3078 4115 muliere
3097 4059 3252 4114 nasci
3273 4057 3468 4112 voluit.
3486 4058 3634 4112 Nam
3651 4066 3712 4112 et

431 4164 554 4204 esse
581 4148 728 4203 alius
759 4149 942 4204 exitus
971 4149 1201 4221 capituli
1249 4150 1439 4221 hujus,
1487 4157 1552 4205 ut
1593 4167 1722 4206 cum
1771 4153 2030 4223 superius
2112 4149 2453 4222 baptismum
2489 4150 2548 4204 in
2583 4149 2842 4206 Jordanis
2871 4150 3083 4203 ﬂuento
3098 4148 3302 4202 idcirco
3333 4147 3497 4219 quasi
3523 4147 3708 4218 poeni-

432 4237 616 4308 legem
633 4237 1003 4310 paedagogum
1021 4237 1238 4305 fecerit,
1270 4237 1375 4293 sub
1406 4255 1516 4310 quo
1535 4245 1660 4294 erat
1686 4241 1780 4296 ille
1790 4243 2031 4313 p0pulus
2111 4244 2256 4306 tens,
2287 4255 2417 4294 cum
2431 4244 2580 4293 esset
2607 4255 2643 4292 a
2668 4237 2913 4310 peccatis
2931 4236 3089 4304 liber,
3109 4237 3341 4308 accepit,
3373 4242 3438 4290 ut
3461 4241 3705 4290 caeteros

433 4325 778 4393 Iudaeorum,
819 4343 970 4382 nunc
990 4332 1386 4399 procuratores
1413 4334 1472 4382 et
1491 4333 1707 4384 actores
1737 4329 1888 4384 dicat
1915 4330 2032 4386 ele-
2045 4381 2093 4399 ἢ
2113 4327 2374 4382 edoceret
2385 4327 2740 4382 mundandos
2757 4342 2879 4380 esse
2898 4342 3002 4396 per
3019 4324 3381 4397 baptismum,
3395 4329 3454 4379 et
3469 4325 3531 4378 in
3553 4324 3704 4379 ﬁlios

346 4409 356 4419 ’
433 4381 627 4471 menta
672 4381 888 4482 mundi,
1089 4415 1294 4488 quibus
1339 4381 2095 4490 serviebant
2112 4433 2258 4472 nova
2273 4416 2505 4489 spiritus
2529 4415 2830 4486 adoptione
2848 4381 3128 4485 generari.
3163 4413 3324 4480 Quod
3345 4381 3714 4485 nequaquam

434 4505 582 4561 illius
610 4505 705 4560 ille
725 4506 1011 4578 parvulus,
1045 4505 1103 4560 id
1136 4511 1240 4574 est,
1283 4507 1548 4578 populus,
1584 4513 1814 4580 propter
1854 4525 2028 4564 unam
2111 4505 2434 4576 intelligens
2481 4505 2726 4558 Joannes
2770 4503 3044 4576 Baptista,
3105 4519 3239 4558 eum
3293 4502 3366 4556 ad
3416 4503 3709 4558 lavacrum

433 4593 603 4648 ﬁdem
631 4594 703 4649 ad
741 4610 920 4650 unum
949 4611 1144 4650 semen
1189 4593 1428 4650 Abrahae
1471 4597 1779 4668 pertinens,
1813 4597 1947 4670 quia
1974 4604 2032 4652 et
2111 4593 2443 4666 prohibebat
2481 4593 2766 4660 accedere,
2797 4592 3022 4648 dicens:
3061 4593 3170 4660 Ego
3199 4609 3235 4646 a
3269 4597 3316 4646 te
3342 4591 3500 4646 debeo
3526 4592 3712 4660 bapti—
3748 4664 3759 4672 _

433 4681 504 4735 de
521 4681 728 4736 Judaeis
747 4683 884 4736 etde
897 4682 1159 4754 gentibus
1167 4690 1543 4756 congregatus
1571 4690 1676 4752 est,
1689 4687 1896 4757 partim
1906 4687 2030 4743 fue-

433 4769 511 4822 rit
537 4768 641 4823 sub
669 4770 973 4841 padagogo
992 4771 1132 4843 legis
1153 4778 1409 4846 tempore
1429 4773 1684 4846 pueritiae
1704 4792 1838 4842 sure,
1852 4775 1911 4832 id
1921 4782 2026 4844 est,

2110 4687 2239 4738 zari
2261 4684 2479 4752 (Matth.
2521 4686 2622 4752 In),
2654 4689 2714 4737 et
2741 4681 2936 4736 statim
2971 4686 3388 4736 sacramentum
3423 4679 3662 4734 docetur
3696 4698 3708 4732 :

2111 4774 2242 4830 Sine
2269 4774 2443 4838 modo,
2493 4775 2572 4827 sic
2619 4775 2770 4826 enim
2819 4787 2915 4826 nos
2966 4773 3110 4826 decet
3155 4771 3461 4839 adimplere
3490 4785 3708 4823 omnem

433 4873 503 4912 ex
521 4873 591 4912 ea
603 4863 766 4930 parte
793 4875 907 4931 qua
933 4859 1004 4915 de
1022 4861 1230 4917 Judaeis
1254 4869 1629 4934 congregatus
1658 4869 1745 4919 est
1777 4882 1789 4918 :
1822 4865 2028 4936 partim
2101 4865 2388 4931 justitiam
2418 4862 2615 4932 (Marc.
2640 4877 2687 4928 1;
2717 4862 2860 4916 Joan
2889 4863 2950 4929 ι),
2981 4876 3052 4913 ne
3081 4859 3178 4930 qui
3208 4858 3280 4914 ob
3309 4857 3606 4914 hominum
3623 4874 3714 4912 sa-

433 4944 538 5002 sub
566 4947 859 5024 elementis
890 4949 1060 5021 hujus
1091 4951 1306 5020 mundi,
1330 4951 1536 5024 quibus
1547 4958 1823 5024 tanquam
1835 4970 2029 5025 procu-

430 5036 714 5094 ratoribus
740 5043 800 5094 et
833 5038 1116 5094 actoribus
1163 5040 1460 5108 serviebat,
1506 5059 1573 5095 ex
1615 5058 1684 5096 ea
1717 5048 1878 5113 parte
1915 5057 2029 5112 qua

431 5125 502 5180 de
527 5126 789 5198 gentibus
816 5133 1188 5199 congregatus
1219 5136 1324 5196 est,
1358 5136 1424 5185 ut
1459 5130 1610 5202 quod
1649 5130 1848 5184 miscet
1873 5132 2025 5202 Apo-

432 5215 610 5269 stolus
631 5233 931 5287 personam
953 5234 1134 5283 suam,
1149 5233 1263 5272 non
1289 5218 1507 5274 dicens:
1532 5219 1676 5274 Cum
1697 5219 1892 5272 essetis
1901 5234 2028 5290 par-

432 5303 545 5357 vuli
576 5303 680 5358 sub
711 5305 1003 5362 elementis
1031 5307 1200 5377 hujus
1231 5307 1427 5362 mundi
1452 5308 1645 5374 eratis,
1679 5307 1776 5362 sed
1797 5306 2020 5362 dicens:

433 5393 570 5446 (Jum
601 5410 832 5448 essemus
857 5399 1108 5464 parvuli,
1138 5397 1238 5450 sub
1265 5399 1542 5450 elementis
1568 5397 1777 5450 mundi
1803 5412 2026 5450 eramus

430 5483 739 5548 servientes,
771 5499 883 5539 non
903 5485 1188 5555 pertineat
1205 5485 1276 5539 ad
1307 5484 1774 5555 significationem
1803 5485 2026 5540 Judan-

426 5582 572 5632 rum,
605 5585 669 5623 ex
699 5569 902 5642 quibus
919 5572 1128 5630 Paulus
1143 5572 1418 5642 originem
1441 5571 1614 5630 ducit.
1639 5571 1738 5626 sed
1757 5572 1938 5642 magis
1951 5572 2024 5625 ad

2108 4950 2286 5006 lutem
2315 4955 2564 5018 venerat,
2597 4949 2818 5021 aliquid
2845 4949 2915 5004 de
2951 4947 3376 5003 conversatione
3417 4947 3715 5002 hominum

2108 5038 2422 5111 praeteriret
2451 5041 2636 5108 (Aug.)
2669 5037 2778 5094 Sed
2828 5037 3080 5103 offendit,
3111 5038 3325 5106 factum
3353 5053 3418 5091 es:
3445 5039 3702 5101 muliere,

2106 5129 2242 5200 quia
2268 5133 2465 5182 natum
2493 5128 2830 5182 conﬁtemur
2847 5143 2914 5182 ex
2934 5125 3172 5198 virgine,
3194 5125 3405 5180 factum
3426 5141 3542 5180 non
3567 5140 3705 5179 con-

2107 5219 2337 5272 ﬁtemur
2361 5217 2472 5270 nisi
2494 5216 2781 5272 hominem
2813 5235 2825 5270 :
2861 5216 3013 5270 Deus
3035 5221 3227 5270 autem
3249 5230 3476 5286 semper
3494 5213 3708 5268 faciens

2107 5311 2212 5374 est,
2247 5305 2370 5360 ﬁeri
2404 5305 2585 5361 nescit
2611 5311 2676 5360 ut
2712 5305 2804 5371 sit,
2839 5305 2962 5359 ﬁeri
2991 5305 3174 5360 nescit
3198 5305 3368 5370 Deus,
3401 5302 3501 5358 sed
3541 5303 3608 5357 ﬁt
3638 5311 3707 5356 ut
3784 5365 3795 5368 _

2107 5394 2318 5466 aliquid
2345 5394 2513 5450 alicui
2553 5394 2646 5460 sit,
2679 5394 2960 5465 quomodo
2989 5393 3196 5448 dicitur
3227 5412 3239 5448 :
3277 5394 3530 5456 Domine,
3553 5392 3707 5459 refu-

2105 5488 2260 5554 gium
2291 5487 2470 5552 factus
2521 5490 2597 5538 est
2640 5485 2796 5538 nobis
2831 5485 2992 5552 (Psal.
3033 5485 3250 5551 Lxxrx);
3283 5487 3342 5536 et
3372 5500 3384 5536 :
3429 5483 3704 5538 Dominus

2105 5575 2284 5642 factus
2333 5579 2408 5627 est
2463 5575 2774 5627 auxiliator
2826 5587 2979 5624 meus
3028 5572 3191 5642 (Psal.
3237 5574 3408 5632 xxxx).
3463 5569 3705 5634 Quando
