3880 6146
234 293 320 349 313
629 287 1209 344 ENARRATIONUM
1246 289 1324 344 IN
1363 287 1517 343 EPP.
1559 286 1774 342 PAULI
1812 287 1949 342 LIB.
1990 287 2106 342 xv.
2141 289 2299 343 —IN
2337 288 2558 344 EPIST.
2598 287 2694 343 AD
2733 287 2989 344 GALAT.
3331 270 3447 344 '314

237 421 384 475 factus
415 416 502 488 qui
545 430 832 486 nunquam
877 418 966 468 est
1011 413 1237 467 factus?
1273 412 1544 468 Dominus
1579 414 1967 473 autemAtem
1989 411 2136 482 quod
2165 411 2264 476 ait,
2294 416 2358 464 ut
2374 413 2730 480 adoptionem
2741 415 2994 481 ﬁliorum
3013 416 3450 482 recipiamus,re-

229 507 443 562 Christus
479 504 639 558 homo
677 503 858 556 factus
903 507 1007 567 est,
1040 507 1106 556 ut
1135 507 1300 566 esset,
1333 506 1399 556 ut
1429 500 1524 572 qui
1555 505 1775 555 creator
1853 499 2033 554 fertur
2059 499 2130 553 ad
2167 499 2225 552 id
2274 500 2423 570 quod
2469 501 2628 568 dixit,
2661 503 2874 569 factum
2911 519 2977 556 ea:
3006 505 3258 558 muliere.
3301 503 3446 558 Hinc

227 611 412 666 semper
445 598 576 658 erat,
627 597 889 646 creatura
933 596 1098 644 esset.
1147 591 1382 644 Manens
1417 591 1568 644 enim
1597 590 1765 656 Deus,
1854 588 2006 642 enim
2054 588 2412 659 adoptionem
2451 589 2752 660 recipimus
2802 591 2950 662 quod
2985 590 3078 644 ille
3105 591 3306 646 unicus
3336 608 3450 647 non

225 687 371 740 factus
394 687 476 736 est
492 681 674 747 homo,
690 686 756 735 ut
776 680 937 734 ﬁeret
955 680 1104 752 quod
1124 695 1238 734 non
1263 685 1402 745 erat,
1417 695 1528 732 non
1557 684 1623 733 ut
1652 694 1774 750 per-
1855 677 2190 747 dedignatus
2203 683 2288 731 est
2297 677 2784 749 participationem
2796 685 3013 734 naturae
3025 685 3251 747 nostrae,
3269 681 3450 736 factus

225 775 311 828 iret
350 771 486 843 quod
527 774 666 824 erat.
707 769 828 824 Hoc
855 785 989 838 ergo
1027 768 1096 822 de
1126 768 1342 838 virgine
1374 767 1524 838 quod
1563 767 1775 822 factum

223 869 304 928 est,
325 877 484 932 quare
499 875 563 913 ex
583 858 858 912 muliere?
894 857 1056 922 Quod
1077 857 1227 928 apud
1256 856 1540 922 Hebraeos,
1565 855 1661 910 ubi
1690 861 1777 911 est

223 951 373 1022 prima
404 949 592 1018 lingua
627 947 950 1018 Scriptum,
983 946 1189 1000 mulier
1216 963 1424 1000 nomen
1453 951 1540 1000 est
1567 945 1777 1016 signiﬁ-

218 1039 352 1094 candi
376 1053 550 1104 sexus,
585 1052 697 1091 non
725 1036 944 1090 amissaa
981 1035 1342 1106 integritatis.
1375 1036 1522 1105 Lege
1553 1034 1777 1106 quando

218 1127 387 1182 mulier
411 1127 591 1180 forma
619 1132 742 1179 est:
777 1126 1055 1192 Extruxit,
1103 1123 1290 1196 inquit
1321 1125 1493 1190 Deus,
1543 1140 1720 1178 unam
1753 1140 1779 1176 e

1855 782 1922 820 ex
1949 766 2185 820 muliere
2210 773 2268 820 et
2293 783 2405 820 non
2443 767 2624 821 solum
2651 768 2979 838 unigenitus
3023 775 3192 836 esset,
3217 769 3311 824 ubi
3341 769 3451 824 fra-

1856 861 1972 910 tres
1999 871 2113 910 non
2149 855 2336 923 habet,
2365 856 2464 910 sed
2506 856 2678 912 etiam
2708 857 3118 929 primogenitus
3168 858 3229 913 in
3259 859 3450 913 multis

1855 943 2124 1000 fratribus
2153 946 2333 999 ﬁeret.
2363 945 2487 1000 Duo
2516 945 2666 1000 enim
2687 947 2996 1017 proposuit,
3025 949 3238 1016 factum
3251 964 3316 1002 ea
3330 964 3452 1002 mu-

1860 1037 2012 1099 liere,
2061 1040 2137 1098 et,
2179 1035 2390 1101 factum
2417 1035 2518 1088 sub
2549 1038 2676 1103 lege,
2711 1036 2809 1088 sed
2839 1039 3058 1090 mutato
3099 1035 3315 1102 ordine,
3357 1052 3448 1090 re-

1857 1123 2101 1194 spondit,
2111 1123 2232 1192 jam
2245 1122 2402 1177 illum
2421 1124 2689 1195 populum
2714 1123 3048 1195 adjungens,
3073 1125 3169 1197 qui
3190 1125 3452 1196 parvulus

1857 1210 1959 1265 sub
1990 1211 2446 1282 procuratoribus
2492 1218 2550 1266 et
2588 1212 2868 1267 actoribus
2911 1213 3205 1281 serviebat,
3247 1213 3305 1268 id
3343 1219 3447 1280 est,

217 1220 344 1272 castis
367 1219 492 1284 ejus,
525 1215 586 1269 id
625 1219 729 1278 est,
763 1213 887 1278 viri,
921 1219 971 1267 et
997 1215 1287 1281 zdi/icavit
1313 1229 1436 1267 eam
1482 1216 1544 1266 in
1573 1216 1774 1266 mulie-
1857 1213 1959 1265 sub
1990 1213 2446 1282 procuratoribus
2492 1218 2550 1266 et
2588 1213 2868 1267 actoribus
2911 1213 3205 1281 serviebat,
3247 1213 3305 1268 id
3343 1219 3426 1278 est

1858 1300 2150 1354 elementis
2169 1301 2338 1372 hujus
2357 1301 2573 1369 mundi,
2606 1318 2677 1356 ne
2707 1307 2976 1373 putarent
3001 1319 3062 1356 se
3091 1318 3204 1357 non
3233 1317 3354 1357 esse
3383 1303 3452 1356 ﬁ-

216 1321 327 1359 rem.
353 1305 438 1358 Sic
462 1303 671 1358 mulier
689 1303 886 1368 Maria,
927 1302 1005 1356 sic
1037 1301 1088 1356 ei
1116 1302 1329 1356 dictum
1357 1306 1446 1356 est
1471 1307 1776 1371 antequam

214 1398 420 1465 pareret,
453 1399 761 1462 antequam
789 1391 1140 1462 conciperet:
1181 1393 1346 1445 Beata
1378 1397 1437 1444 tu
1469 1393 1619 1444 inter
1647 1407 1774 1444 mu-
1857 1389 1980 1455 lios,
2013 1390 2147 1462 quia
2173 1405 2286 1444 non
2306 1395 2470 1445 erant
2497 1390 2600 1444 sub
2629 1391 2953 1462 padagogo.

213 1487 344 1536 lieres
370 1483 510 1548 (Luc.
541 1490 608 1549 1).
649 1481 791 1534 Cum
837 1481 1029 1551 itaque
1053 1479 1170 1537 ait:
1204 1481 1356 1534 Misit
1397 1481 1538 1534 Deus
1565 1481 1775 1534 Filium
1930 1480 2203 1547 Quoniam
2231 1485 2418 1533 autem
2437 1483 2562 1534 estis
2582 1483 2691 1546 ﬁlii
2710 1482 2826 1546 Dei,
2850 1483 3004 1534 misit
3025 1482 3162 1535 Deus
3177 1480 3453 1549 Spiritum

209 1587 346 1624 suum
363 1571 572 1637 factum
597 1587 662 1624 ex
681 1572 932 1633 muliere,
957 1568 1094 1624 satis
1121 1568 1371 1623 ostendit
1397 1585 1464 1622 eo
1495 1569 1619 1640 ipso
1641 1568 1776 1622 mis-
1860 1569 1992 1622 Filii
2012 1571 2106 1621 sui
2131 1572 2195 1622 in
2224 1569 2389 1622 corda
2416 1574 2608 1623 nostra
2638 1573 2972 1624 clamantem
3009 1589 3025 1623 :
3069 1571 3236 1634 Abba,
3269 1571 3451 1624 Pater.

208 1675 309 1714 ann
328 1659 519 1713 Filium
553 1675 670 1730 quo
688 1657 868 1712 factus
891 1663 978 1712 est
1004 1675 1069 1711 ex
1086 1657 1341 1712 muliere.
1367 1658 1529 1722 Quod
1553 1674 1687 1727 ergo
1708 1657 1776 1710 de
1862 1655 2098 1725 (Ambr.)
2149 1655 2230 1710 Ab
2281 1657 2369 1711 his
2430 1657 2601 1728 cmpit
2637 1657 2839 1728 quibus
2879 1663 2938 1712 et
2974 1657 3170 1712 scribit
3207 1659 3396 1712 dicens
3441 1677 3451 1711 :

210 1748 472 1802 Deonatus
504 1752 616 1813 est,
657 1747 715 1801 in
747 1747 854 1802 hoc
881 1747 1092 1800 mundo
1121 1753 1272 1800 erat:
1308 1747 1456 1817 quod
1485 1751 1676 1800 autem
1706 1747 1840 1808 deB
1859 1746 3454 1818 QuoniamautemestisﬁliiDei,etsubjungitJudaeos,dum

208 1836 375 1902 Maria,
406 1842 580 1891 natus
613 1842 700 1890 est
725 1835 784 1890 in
816 1836 965 1890 hunc
987 1835 1279 1900 mundum,
1305 1835 1510 1889 missus
1529 1834 1770 1889 advenit.
1857 1834 1970 1888 ait:
2004 1836 2154 1888 Misit
2183 1837 2323 1888 Deus
2366 1836 2644 1904 Spiritum
2677 1837 2808 1889 Filii
2839 1841 2932 1890 sui
2963 1839 3026 1890 in
3047 1837 3212 1890 corda
3242 1842 3451 1890 nostra.

205 1925 371 1996 Itaque
397 1941 526 1979 cum
585 1926 708 1979 sine
737 1924 853 1996 ullo
890 1923 1050 1978 initio
1085 1924 1374 1995 temporis,
1414 1924 1472 1976 in
1501 1923 1776 1994 principio
1858 1923 2093 1987 Quando
2121 1929 2311 1978 autem
2339 1930 2538 1993 gentes
2581 1923 2724 1978 dixit
2749 1925 2893 1978 ﬁlios
2937 1925 3040 1980 Dei
3069 1925 3361 1980 credentes
3396 1925 3456 1979 in

201 2021 326 2068 esset
348 2013 604 2080 verbum,
635 2019 694 2067 et
721 2013 954 2067 verbum
977 2018 1125 2067 esset
1149 2013 1300 2084 apud
1320 2013 1520 2077 Deum,
1549 2017 1606 2066 et
1625 2013 1776 2067 Deus

203 2109 324 2156 esset
347 2101 602 2169 verbum,
630 2102 752 2156 sine
787 2103 900 2156 ullo
921 2107 1176 2174 tempore
1207 2102 1266 2156 in
1291 2101 1460 2156 verbo
1490 2101 1611 2173 ipso
1633 2108 1772 2168 erat,

201 2208 290 2263 quo
315 2197 568 2263 tempore
597 2192 832 2246 verbum
853 2207 982 2246 caro
1011 2193 1174 2246 ﬁeret
1201 2197 1260 2244 et
1285 2190 1569 2246 habitaret
1595 2191 1652 2244 in
1683 2208 1778 2245 no-

201 2278 282 2333 bis.
310 2280 436 2344 Quae
471 2279 776 2352 plenitudo
813 2279 1084 2352 temporis
1139 2297 1268 2334 cum
1309 2279 1572 2345 venisset,
1621 2283 1776 2334 misit

197 2369 314 2423 Deus
330 2369 537 2424 Filium
569 2386 742 2424 suum
777 2371 989 2436 factum
1009 2386 1074 2424 ea:
1087 2373 1340 2434 muliere,
1367 2369 1426 2422 id
1455 2373 1543 2423 est
1566 2369 1776 2424 factum

199 2458 244 2510 in
267 2464 525 2529 tempore,
565 2465 636 2513 ut
664 2459 1018 2512 incarnatum
1046 2457 1278 2512 verbum
1325 2457 1647 2520 hominibus
1683 2475 1778 2529 ap-

196 2553 406 2616 pareret.
433 2549 718 2615 (Hierom)
729 2547 890 2600 Alius
917 2563 1046 2601 vero
1071 2547 1256 2618 ipsum
1273 2547 1525 2612 verbum,
1548 2548 1778 2601 redime-

195 2642 278 2698 ret,
307 2637 520 2690 acutius
577 2635 912 2701 intuebitur,
945 2641 1004 2690 et
1032 2635 1199 2701 dicet,
1231 2652 1326 2690 eos
1353 2635 1656 2706 signiﬁcari
1687 2645 1777 2689 re-

199 2724 443 2796 demptos,
467 2725 572 2796 qui
597 2724 843 2796 primum
863 2724 933 2778 de
960 2724 1062 2779 Dei
1083 2729 1242 2795 parte
1264 2723 1493 2791 fuerint,
1510 2729 1566 2778 et
1583 2729 1778 2795 postea

197 2828 297 2866 esse
323 2813 673 2868 cessaverint
705 2833 716 2867 :
747 2813 874 2868 illos
911 2830 1041 2868 vero
1087 2813 1184 2884 qui
1214 2812 1319 2868 sub
1349 2814 1474 2884 lege
1505 2830 1616 2868 non
1660 2813 1778 2868 fue-

194 2901 306 2966 rint,
333 2918 442 2963 non
471 2907 607 2956 tam
631 2901 834 2956 redimi
865 2918 1034 2974 quam
1073 2902 1204 2969 emi,
1228 2903 1379 2957 unde
1407 2908 1464 2957 et
1487 2903 1558 2956 ad
1587 2903 1778 2958 Corin-

190 2989 406 3056 thios,in
436 2991 656 3062 quibus
687 2989 1022 3046 audiebatur
1047 2989 1342 3045 fornicatio
1372 2997 1430 3045 et
1454 2991 1584 3046 talis
1602 2991 1778 3046 forni-

1859 2012 2168 2076 Christum,
2192 2029 2316 2083 quae
2337 2012 2495 2082 prius
2532 2011 2757 2066 fuerant
2795 2013 3052 2080 inimicae,
3077 2012 3314 2068 dubium
3343 2030 3456 2068 non

1859 2106 1984 2155 erat
2007 2101 2229 2155 Judaeos
2271 2101 2562 2156 credentes
2591 2101 2700 2155 dici
2739 2101 2884 2156 filios
2911 2103 3034 2169 Dei,
3069 2119 3211 2173 quos
3237 2107 3458 2157 constat

1854 2189 1974 2258 jam
2014 2188 2230 2260 pridem
2261 2189 2367 2244 hoc
2395 2189 2624 2243 nomine
2644 2195 2998 2260 nuncupatos
3031 2208 3042 2242 :
3077 2205 3280 2244 nomen
3303 2190 3453 2244 enim

1859 2277 1992 2332 olim
2023 2283 2379 2348 acceperunt,
2413 2279 2565 2332 velut
2592 2277 2652 2331 in
2695 2277 2960 2348 imagine,
2999 2284 3064 2332 ut
3106 2284 3303 2349 postea
3321 2295 3455 2332 con-

1857 2367 2180 2421 ﬁrmaretur
2197 2383 2298 2438 per
2325 2366 2632 2434 Christum,
2665 2367 2799 2438 quia
2829 2367 2950 2420 sine
2977 2367 3180 2438 spiritu
3192 2383 3305 2420 non
3334 2374 3458 2421 erat

1858 2456 2105 2526 plenum.
2153 2455 2272 2510 Hoc
2323 2461 2412 2508 est
2441 2455 2589 2526 quod
2621 2455 2758 2509 dicit
2784 2459 2842 2508 et
2873 2455 2943 2509 ad
2986 2455 3269 2510 Romanos
3301 2473 3312 2508 :
3341 2457 3456 2525 Ipse

1859 2544 2107 2612 Spiritus
2138 2547 2513 2598 testimonium
2535 2545 2717 2598 reddit
2741 2547 2976 2613 spiritui
3002 2546 3356 2613 nostro,quod
3369 2561 3458 2598 su-

1858 2649 1983 2686 mus
2043 2635 2154 2700 ﬁlii
2216 2634 2315 2687 Dei
2372 2635 2543 2700 (Rom.
2588 2638 2735 2700 vm);
2799 2637 2865 2687 ut
2905 2633 3057 2688 enim
3089 2632 3460 2704 probaremur

1857 2721 2109 2792 adoptati
2146 2737 2267 2775 esse
2295 2738 2330 2774 a
2359 2721 2476 2776 Deo
2505 2721 2564 2775 in
2604 2721 2768 2789 ﬁlios,
2808 2722 3071 2793 spiritum
3099 2739 3266 2776 suum
3305 2723 3460 2777 dedit

1859 2808 2041 2876 nobis,
2075 2809 2171 2880 qui
2191 2810 2416 2880 signum
2448 2810 2626 2881 patris
2655 2811 2919 2865 ostendat
2945 2810 3004 2866 in
3033 2811 3198 2878 ﬁlios,
3225 2817 3290 2866 ut
3327 2811 3459 2883 quia

1860 2898 1965 2952 hoc
1992 2915 2106 2952 non
2141 2899 2478 2952 auderemus
2517 2899 2702 2954 dicere
2735 2899 2795 2953 in
2831 2899 3161 2954 inﬁrmitate
3219 2905 3277 2954 et
3311 2901 3459 2954 indi-

1860 2987 2078 3058 gnitate
2109 2993 2328 3054 nostra,
2347 2995 2634 3058 suggerat,
2649 2994 2716 3043 ut
2725 2989 3037 3044 audeamus
3059 2989 3265 3056 dicere,
3284 2991 3456 3054 Abba,

193 3079 316 3132 catio
343 3096 466 3151 quae
513 3096 710 3150 neque
739 3081 890 3134 inter
925 3085 1125 3150 gentes
1172 3079 1421 3151 quidem,
1453 3079 1720 3134 scribitur
1763 3075 1838 3135 :C
1862 3076 2011 3148 quod
2025 3078 2304 3142 estPater,
2319 3077 2560 3147 denique
2589 3077 2798 3132 Judaeis
2817 3078 2924 3132 hoc
2945 3079 3067 3149 jam
3101 3078 3316 3133 dudum
3346 3094 3457 3132 non

189 3167 343 3222 Pretio
371 3173 546 3238 empti
591 3171 716 3222 estis
761 3170 815 3234 (Ι
857 3168 978 3223 Cor.
1013 3173 1128 3238 vn),
1167 3179 1280 3224 non
1329 3169 1626 3240 redempti,
1675 3168 1778 3224 sub

193 3255 294 3326 lege
320 3258 528 3330 quippe
561 3273 683 3312 non
728 3257 969 3312 fuerant.
1005 3259 1190 3327 (Aug.)
1222 3258 1360 3312 Ecce
1389 3258 1459 3312 ad
1491 3259 1594 3312 hoc
1626 3258 1780 3312 venit

189 3345 418 3402 Christus
459 3353 530 3402 ut
577 3363 676 3402 eos
723 3346 820 3418 qui
861 3346 964 3400 sub
1001 3347 1124 3417 lege
1167 3353 1330 3401 erant
1361 3346 1684 3414 redimeret,
1715 3353 1780 3402 ut

187 3436 283 3502 jam
301 3452 410 3489 non
437 3436 633 3490 simus
651 3435 756 3490 sub
803 3435 946 3506 lege,
981 3436 1080 3490 sed
1107 3434 1210 3490 sub
1243 3436 1448 3505 gratia.
1478 3436 1616 3500 Quis
1644 3452 1778 3506 ergo

187 3521 320 3578 dedit
343 3523 581 3594 legem?
601 3523 694 3578 ille
717 3524 876 3578 dedit
899 3524 1100 3595 legem,
1126 3524 1223 3596 qui
1242 3524 1399 3578 dedit
1417 3529 1476 3578 et
1499 3525 1771 3594 gratiam:

189 3613 268 3665 sed
290 3612 470 3682 legem
513 3598 629 3685 per
654 3629 878 3668 servum
927 3613 1099 3680 misit,
1145 3629 1272 3666 cum
1317 3613 1504 3684 gratia
1529 3613 1648 3684 ipse
1675 3613 1774 3668 de-

188 3700 395 3756 scendit.
431 3701 505 3756 Et
530 3701 694 3756 unde
711 3701 844 3756 facti
865 3707 1028 3756 erant
1053 3701 1313 3757 homines
1333 3701 1436 3758 sub
1460 3702 1584 3772 lege
1610 3703 1635 3755 ?
1663 3718 1777 3756 non

191 3789 451 3860 implendo
466 3792 687 3862 legem.
716 3791 823 3855 Qui
844 3807 977 3862 ergo
997 3791 1179 3862 legem
1202 3791 1418 3863 implet,
1437 3807 1552 3846 non
1570 3797 1657 3846 est
1673 3791 1778 3846 sub

192 3877 308 3948 Re,
332 3880 430 3935 sed
460 3896 605 3934 cum
633 3880 794 3950 lege.
844 3881 940 3952 qui
985 3887 1176 3934 autem
1211 3877 1314 3935 sub
1355 3881 1478 3951 lege
1513 3886 1617 3947 est,
1667 3897 1780 3936 non

191 3967 511 4035 sublevatur,
548 3969 654 4023 sed
674 3968 948 4040 premitur
977 3969 1119 4039 lege.
1152 3968 1361 4024 Omnes
1388 3969 1580 4040 itaque
1607 3969 1784 4023 homi-

191 4071 273 4110 nes
308 4058 411 4112 sub
452 4059 594 4129 lege
629 4059 981 4125 constitutos,
1027 4075 1154 4112 reos
1191 4057 1325 4112 facit
1349 4058 1456 4124 lex,
1491 4064 1550 4112 et
1575 4057 1647 4112 ad
1677 4058 1782 4114 hoc

189 4144 280 4199 illis
318 4165 492 4220 super
532 4152 714 4218 caput
731 4152 834 4213 est,
864 4153 928 4201 ut
963 4147 1224 4202 ostendat
1251 4153 1497 4218 peccata,
1538 4163 1650 4202 non
1679 4147 1782 4201 tol-

191 4232 271 4288 lat.
299 4235 366 4290 Et
394 4237 679 4308 quoniam
710 4236 828 4290 suis
856 4235 1068 4290 viribus
1108 4235 1344 4307 implere
1380 4251 1493 4291 non
1522 4241 1784 4307 poterant

191 4321 366 4393 legem,
403 4325 544 4380 facti
574 4324 660 4378 rei
700 4323 804 4379 sub
834 4325 957 4395 lege
989 4324 1429 4395 imploraverunt
1465 4324 1783 4379 liberatoris

1860 3170 1948 3220 est
1973 3181 2297 3220 concessum
2329 3165 2532 3220 dicere.
2559 3167 2828 3237 (Hieron.)
2858 3167 3152 3222 Manifeste
3172 3167 3459 3238 apostolus

1861 3254 2070 3308 Paulus
2099 3259 2214 3308 tres
2237 3253 2478 3324 spiritus
2507 3255 2794 3309 nominat:
2819 3254 3092 3327 Spiritum
3121 3255 3246 3310 Filii
3267 3254 3368 3310 Dei
3397 3261 3460 3308 ut

1862 3343 1922 3397 in
1942 3343 2205 3415 praesenti
2227 3343 2368 3409 loco,
2401 3347 2554 3398 misit
2599 3341 2878 3413 Spiritum
2913 3345 3048 3399 Filii
3091 3347 3183 3398 sui
3209 3347 3273 3398 in
3295 3345 3460 3398 corda

1861 3437 2088 3497 nostra;
2123 3438 2180 3486 et
2210 3432 2485 3503 Spiritum
2513 3432 2636 3500 Dei,
2667 3438 2734 3488 ut
2748 3432 2807 3486 in
2837 3433 2934 3487 illo
2973 3451 2986 3486 :
3043 3433 3308 3503 Quotquot
3332 3434 3458 3502 Spi-

1859 3523 1978 3575 ritu
2005 3522 2104 3575 Dei
2135 3527 2404 3589 aguntur,
2439 3522 2500 3574 hi
2528 3524 2638 3589 ﬁlii
2674 3523 2774 3576 Dei
2813 3527 2948 3576 sunt
2990 3523 3160 3588 (Rom.
3203 3527 3354 3589 vui);
3405 3528 3461 3576 et

1862 3609 2135 3680 Spiritum
2157 3615 2434 3676 sanctum,
2468 3615 2534 3664 ut
2553 3609 2630 3663 ibi
2664 3628 2675 3662 :
2720 3610 2960 3678 Corpora
2982 3615 3160 3664 vestra
3194 3613 3459 3678 templum

1857 3701 2039 3752 sancti
2076 3699 2323 3766 Spiritus
2368 3705 2518 3764 sunt,
2569 3703 2670 3767 qui
2713 3702 2882 3752 estin
2918 3700 3066 3752 vobis
3116 3698 3172 3768 (Ι
3204 3698 3325 3752 Cor.
3359 3701 3454 3766 vr).

1858 3785 2050 3840 Alium
2097 3792 2288 3840 autem
2321 3786 2593 3858 Spiritum
2622 3792 2880 3840 sanctum
2901 3802 3023 3840 esse
3054 3801 3225 3857 quam
3253 3784 3458 3839 Filium

1865 3875 1985 3941 Dei,
2005 3874 2462 3930 manifestissime
2492 3875 2551 3929 in
2564 3873 2863 3945 Evangelio
2891 3873 3289 3946 comprobatur
3313 3891 3324 3926 :
3351 3875 3460 3942 Qui

1863 3966 2070 4020 dixerit
2087 3966 2314 4018 verbum
2334 3971 2528 4020 contra
2550 3965 2757 4020 Filium
2771 3966 3030 4028 hominis,
3048 3965 3362 4018 dimittetur
3378 3966 3452 4016 ei:

1862 4056 2176 4123 quicunque
2203 4060 2389 4109 autem
2416 4056 2622 4108 dixerit
2649 4059 2845 4108 contra
2874 4054 3154 4123 Spiritum
3180 4059 3455 4119 sanctum,

1863 4159 1960 4198 nec
1987 4145 2076 4198 hic
2107 4161 2202 4198 nec
2225 4148 2285 4198 in
2342 4147 2538 4212 futuro
2582 4145 2900 4198 dimittetur
2941 4147 2992 4197 ei
3027 4145 3176 4210 (Luc.
3226 4146 3346 4212 xu).
3377 4143 3457 4196 De

1865 4232 2332 4304 quinquagesimo
2359 4233 2574 4304 psalmo
2595 4238 2711 4288 tres
2742 4231 2974 4304 spiritus
3003 4233 3321 4286 nominatos
3340 4231 3461 4286 bre-

1863 4321 2008 4376 viter
2043 4323 2358 4387 ostendam,
2409 4323 2692 4393 Pr0pheta
2729 4322 2950 4375 dicente
2988 4339 2999 4372 :
3039 4322 3143 4374 Cor
3183 4321 3459 4374 mundum

192 4413 457 4480 auxilium,
484 4420 550 4468 et
581 4418 773 4468 reatus
787 4413 924 4483 legis
943 4413 1074 4468 fecit
1090 4413 1481 4484 aegritudinem
1501 4412 1776 4484 superbis,
1797 4393 1846 4453 D
1863 4427 1987 4464 crea
2015 4415 2080 4466 in
2099 4428 2202 4476 me,
2224 4413 2382 4475 Deus,
2415 4417 2464 4464 et
2481 4411 2760 4480 Spiritum
2774 4415 2984 4464 rectum
3001 4411 3208 4462 innova
3223 4411 3285 4468 in
3298 4412 3460 4462 visce-

190 4505 438 4569 egntudo
468 4501 852 4574 superborum
871 4502 1018 4557 facta
1036 4507 1124 4556 est
1151 4502 1426 4556 confessio
1455 4502 1774 4557 humilium.

191 4587 294 4642 lam
325 4592 685 4646 conﬁtentur
729 4591 925 4661 aegroti
967 4591 1103 4662 quia
1139 4596 1432 4660 aegrotant,
1475 4597 1540 4646 ut
1594 4591 1781 4646 veniat

190 4679 412 4734 medicus
439 4688 504 4735 et
532 4686 702 4734 sanet
728 4685 984 4750 aegrotos.
1019 4679 1268 4734 Medicus
1305 4679 1431 4751 quis
1446 4679 1472 4733 ’l
1506 4679 1778 4736 Dominus

193 4775 357 4820 noster
380 4769 559 4824 Iesus
586 4768 864 4824 Christus.
898 4767 1271 4840 Adeptionem
1298 4773 1595 4840 propterea
1621 4769 1774 4836 dicit,

192 4860 242 4908 ut
275 4855 540 4912 distincte
591 4857 972 4927 intelligamus
1009 4857 1239 4912 unicum
1278 4858 1380 4913 Dei
1409 4857 1589 4912 ﬁlium
1623 4877 1636 4926 ;
1677 4873 1780 4912 nos

193 4944 319 4998 alim
360 4945 648 5001 beneﬁcio
706 4952 766 5000 et
812 4945 1132 5016 dignatione
1189 4946 1584 5002 misericordiae
1635 4947 1776 5018 ejus,

194 5029 271 5085 ﬁlii
297 5033 395 5090 Dei
421 5051 655 5090 sumus.
689 5035 787 5090 Ille
815 5040 1021 5089 natura
1047 5041 1133 5090 est
1173 5036 1342 5104 ﬁlius,
1393 5035 1490 5106 qui
1528 5035 1635 5090 hoc
1670 5040 1774 5102 est,

195 5123 318 5188 quod
341 5123 544 5178 Pater.
578 5124 694 5178 Nec
721 5123 860 5178 dixit
895 5123 1252 5195 accipiamus,
1280 5124 1378 5179 sed
1414 5124 1770 5196 recipiamus,

195 5215 243 5262 ut
263 5209 616 5281 signiﬁcaret
643 5211 748 5266 hoc
776 5228 878 5266 nos
921 5211 1173 5266 amisisse
1212 5213 1269 5267 in
1307 5213 1508 5280 Adam,
1555 5230 1626 5268 ex
1663 5229 1775 5284 quo

195 5299 434 5354 mortales
461 5317 689 5356 sumus.
723 5300 841 5354 Hoc
867 5317 1002 5371 ergo
1031 5301 1180 5372 quod
1207 5301 1325 5356 ait:
1360 5308 1424 5356 ut
1442 5319 1525 5356 eos
1546 5305 1647 5372 qui
1673 5303 1773 5356 sub

199 5385 286 5453 ιῳε
296 5395 458 5444 erant
477 5389 798 5456 redimeret,
816 5394 875 5444 et
887 5389 960 5443 ad
984 5389 1337 5446 liberandum
1352 5407 1482 5446 eum
1502 5391 1773 5464 populum

199 5477 433 5544 pertinet,
467 5476 580 5550 qui
615 5478 876 5549 parvulus
915 5477 1019 5534 sub
1046 5479 1352 5551 paedagogo
1387 5479 1684 5547 serviebat,
1716 5485 1776 5535 et

202 5561 506 5621 refertur-ad
529 5565 594 5620 id
610 5566 757 5638 quod
775 5566 932 5629 dixit,
964 5569 1176 5634 factum
1203 5570 1304 5623 sub
1334 5572 1462 5637 lege.
1494 5568 1640 5624 Illud
1667 5585 1774 5623 au-

1861 4501 2018 4554 ribus
2037 4503 2190 4554 meis.
2220 4501 2297 4555 Ne
2318 4502 2584 4568 projicias
2605 4515 2689 4552 me
2713 4515 2749 4552 a
2788 4499 2932 4565 facie
2964 4501 3077 4559 tua,
3103 4501 3152 4550 et
3180 4494 3456 4564 Spiritum

1859 4594 2118 4644 sanctum
2145 4594 2309 4644 tuum
2339 4605 2406 4642 ne
2423 4591 2648 4656 auferas
2667 4603 2703 4641 a
2725 4602 2826 4639 me.
2851 4586 3023 4640 Redde
3040 4586 3190 4639 mihi
3209 4587 3459 4638 laetitiam

1858 4681 2129 4732 salutaris
2147 4680 2248 4740 tui,
2267 4682 2317 4730 et
2329 4676 2548 4745 Spiritu
2563 4676 2874 4744 principali
2891 4675 3159 4741 conﬁrma
3177 4691 3281 4727 me.
3303 4674 3462 4728 Prin-

1859 4765 2097 4838 cipalem
2125 4765 2415 4836 Spiritum,
2450 4765 2676 4818 Patrem
2705 4763 2971 4834 appellat,
3013 4763 3146 4834 quia
3172 4761 3348 4817 Filius
3395 4779 3460 4816 ex

1863 4855 2049 4921 Patre,
2103 4859 2161 4908 et
2196 4870 2309 4908 non
2357 4855 2526 4908 Pater
2582 4869 2649 4906 ex
2696 4852 2878 4920 Filio;
2939 4851 3211 4924 Spiritum
3271 4855 3460 4906 autem

1861 4949 2098 5010 rectum,
2121 4942 2374 4998 veritatis
2388 4948 2559 5014 atque
2580 4941 2838 5012 justitize,
2853 4941 3140 4998 Christum
3159 4941 3460 4995 Dominum

1861 5032 2171 5103 signiﬁcat;
2235 5031 2371 5103 quia
2412 5033 2576 5086 Pater
2613 5047 2774 5086 omne
2800 5033 3093 5099 judicium
3137 5031 3285 5082 dedit
3320 5030 3461 5082 Filio

1863 5124 2038 5191 (Joan.
2069 5125 2147 5192 v).
2171 5122 2242 5176 Et
2269 5125 2356 5175 est
2383 5120 2441 5174 in
2470 5120 2743 5175 Psalmis:
2791 5121 2952 5186 Deus,
2982 5119 3268 5188 judicium
3301 5123 3458 5171 tuum

1856 5213 1977 5279 regi
2006 5213 2098 5277 da,
2146 5215 2196 5264 et
2231 5213 2520 5279 justitiam
2551 5215 2707 5264 tuam
2735 5212 2850 5276 ﬁlio
2890 5210 3033 5276 regis
3074 5204 3242 5277 (Psal.
3275 5212 3450 5278 LXXI).

1856 5300 2032 5354 Porro
2054 5299 2326 5370 Spiritum
2349 5305 2607 5354 sanctum
2636 5303 2832 5370 aperto
2851 5295 3078 5350 nomine
3105 5303 3301 5352 vocat:
3328 5314 3452 5370 qua:

1855 5388 2082 5461 quidem
2102 5404 2230 5443 cum
2247 5387 2530 5442 vocabulis
2553 5386 2918 5460 personisque
2942 5385 3294 5454 dissentiant,
3315 5386 3450 5442 sub-

1853 5477 2062 5534 stantia
2074 5482 2392 5548 naturaque
2413 5477 2626 5532 sociata
2640 5479 2791 5542 sunt,
2814 5479 2872 5530 et
2893 5474 3280 5530 indiﬁ'erenter
3298 5477 3450 5531 idem

1854 5567 2098 5640 Spiritus
2127 5565 2198 5620 ob
2234 5571 2450 5621 naturae
2487 5566 2834 5631 societatem,
2867 5579 3018 5620 nunc
3041 5563 3226 5618 Patris
3245 5564 3452 5619 dicitur
