3880 6146
367 284 471 342 315

952 284 1016 339 Β.
1056 281 1331 339 RABANI
1378 280 1611 339 IAURI
1645 279 1959 338 ABOHIEP

2048 278 2352 339 IOGUNT.
2393 279 2693 339 OPERUM
2727 279 2914 339 PARS
2948 280 3052 341 ΙΙΙ.

3534 283 3638 343 316

364 427 506 477 esse,
536 426 688 467 nunc
713 409 862 466 Filii.
891 411 1307 481 Argumentum
1332 413 1523 465 autem
1553 424 1664 481 quo
1692 408 1952 467 adseram
1966 407 2505 479 Aquemadmodum
2531 409 2703 463 multi
2717 408 2804 464 dii
2828 413 2879 464 et
2904 408 3122 467 domini
3147 411 3341 475 auiti,
3364 412 3457 469 sed
3482 412 3640 467 nobis

364 505 618 566 conatur,
652 515 755 554 nos
775 501 897 569 jam
925 514 1040 573 non
1065 514 1189 553 esse
1207 497 1313 553 sub
1348 499 1489 569 lege,
1517 498 1616 552 sed
1644 497 1748 552 sub
1773 497 1959 568 gratia
2035 512 2186 553 unus
2216 498 2352 552 Deus
2380 499 2559 562 Pater,
2587 511 2689 565 per
2715 512 2875 566 quem
2906 501 3100 553 omnia
3125 504 3177 552 et
3204 515 3304 554 nos
3323 503 3390 556 in
3421 503 3561 570 ipso,
3591 506 3642 555 et

365 587 590 645 Domini
616 589 769 654 Iesu,
812 587 914 642 tali
943 587 1057 647 ﬁne
1083 586 1382 642 concludit.
1413 587 1685 658 Superius
1716 586 1954 653 dixerat,

364 683 430 732 ut
454 678 803 746 adoptionem
829 679 1080 744 ﬁliorum
1116 679 1507 744 recipcrcmus:
1529 691 1680 730 nunc
1706 675 1809 730 Dei
1837 690 1958 730 esse

364 780 467 820 nos
494 764 657 831 ﬁlios,
690 781 757 819 ex
798 763 1003 836 spiritu
1032 762 1235 836 probat
1262 779 1430 835 quem
1459 762 1733 818 habemus
1760 763 1821 818 in
1857 778 1961 818 no-

360 853 464 908 bis.
490 855 795 925 Nunquam
812 853 986 918 enim,
1008 853 1213 925 inquit,
1242 852 1582 908 auderemus
1601 851 1819 907 dicere:
1853 855 1960 907 Pa—

364 949 445 997 ter
474 948 672 1008 noster,
706 946 875 1012 quies
900 946 965 997 in
982 946 1146 1009 catis,
1165 944 1539 1009 sanctiﬂutur
1558 956 1758 996 nomen
1777 946 1957 1004 tuum,

361 1032 469 1087 nisi
507 1032 578 1086 de
604 1031 950 1087 conscientia
979 1030 1229 1102 Spiritus
1257 1028 1567 1085 habitantis
1606 1029 1662 1085 in
1690 1028 1872 1095 nobis,
1906 1034 1964 1082 et

362 1136 569 1192 magna
585 1136 855 1177 sensuum
875 1124 934 1174 et
951 1119 1281 1189 dogmatum
1300 1135 1434 1174 voce
1449 1119 1731 1173 clamante
1752 1137 1764 1172 :
1789 1119 1956 1183 Abba,

364 1213 546 1276 Pater,
594 1208 772 1275 Abba,
824 1207 1166 1264 Hebraicum
1205 1213 1310 1273 est,
1362 1207 1608 1279 idipsum
1639 1206 1964 1278 signiﬁcans

361 1299 510 1371 quod
532 1299 718 1365 Pater,
743 1304 802 1355 et
816 1298 965 1353 hanc
983 1296 1450 1355 consuetudinem
1467 1296 1526 1351 in
1557 1294 1812 1367 pluribus
1828 1295 1965 1350 locis

362 1388 655 1460 Scriptura
682 1391 997 1451 conservat,
1018 1391 1086 1442 ut
1104 1385 1446 1441 Hebraicum
1465 1383 1699 1439 verbum
1717 1400 1846 1443 cum
1876 1383 1964 1439 in-

360 1475 767 1547 terpretatione
795 1490 901 1530 sua
926 1480 1117 1547 ponat.
1152 1474 1479 1529 Notandum
1506 1473 1678 1528 etiam
1698 1473 1833 1544 quia
1848 1472 1964 1527 cla-

2041 601 2187 640 unus
2213 587 2484 640 Dominus
2517 587 2670 640 Iesus
2707 584 2974 651 0hristus,
3008 601 3112 655 per
3156 602 3318 656 quem
3344 592 3556 655 omnia,
3588 596 3647 645 st

2042 689 2139 729 nos
2178 689 2281 743 per
2314 676 2497 743 ipsum
2525 673 2579 741 (Ι
2617 673 2739 731 θον.
2770 676 2902 743 var).
2942 675 3086 732 Cum
3123 680 3315 733 autem
3358 676 3514 744 dicit,
3556 679 3645 733 his

2039 765 2142 832 qui
2156 765 2497 819 naturaliter
2508 777 2622 819 non
2631 766 2765 817 sunt
2773 763 2861 817 dii
2867 765 3132 828 servistis,
3144 765 3284 821 satis
3294 764 3648 825 dmonstrat

2040 864 2428 907 unumverum
2447 850 2630 907 Deum
2647 855 2855 909 natura
2870 867 2994 909 esse
3023 851 3226 919 Deum,
3258 869 3373 925 quo
3390 855 3640 919 nomine,

2041 939 2288 996 Trinitas
2307 939 2632 997 ﬁdelissimo
2671 944 2733 995 et
2761 940 3038 997 catholico
3051 941 3272 1013 gremio
3291 943 3477 1002 cordis
3506 945 3652 1005 aeni-

2044 1027 2226 1118 pitur.
2240 1028 2348 1083 Eos
2382 1032 2574 1084 autem
2593 1027 2689 1118 qui
2709 1032 2914 1085 natiue
2930 1045 3046 1086 non
3063 1035 3198 1087 sunt
3217 1029 3318 1096 dii,
3348 1035 3655 1104 propterea

2043 1115 2301 1187 superius
2374 1115 2768 1188 procuratores
2823 1122 3154 1189 aetatesque
3209 1120 3474 1191 appellat,
3516 1122 3655 1192 quia

2046 1205 2201 1261 nulla
2229 1209 2492 1261 creatura
2517 1210 2620 1271 est,
2651 1204 2767 1261 sive
2788 1220 2913 1277 quae
2934 1205 2995 1263 in
3020 1207 3256 1264 veritate
3275 1214 3485 1275 manet,
3508 1209 3655 1267 dans

2044 1292 2283 1364 gloriam
2319 1293 2467 1349 Deo:
2507 1292 2623 1349 sive
2650 1309 2775 1364 quo
2806 1292 2867 1351 in
2885 1293 3123 1351 veritate
3147 1311 3263 1353 non
3281 1297 3458 1365 stetit,
3487 1315 3646 1370 que-

2046 1399 2178 1438 rens
2194 1382 2435 1453 gloriam
2454 1398 2635 1439 suam.
2659 1383 2830 1439 Nulla
2846 1398 2982 1453 ergo
2998 1389 3265 1445 creatIu-a
3280 1390 3369 1442 est
3384 1403 3528 1459 qua,
3551 1404 3654 1445 va-

2047 1469 2114 1525 lit
2131 1469 2293 1536 nolit,
2318 1486 2435 1526 non
2452 1469 2653 1527 divina:
2681 1470 3046 1542 providentia
3073 1472 3301 1533 serviat.
3324 1474 3425 1531 sed
3452 1475 3648 1533 volens

359 1580 485 1620 mor
519 1564 579 1620 in
621 1563 926 1636 Scripturis
966 1579 1081 1619 non
1126 1578 1346 1632 magnae
1378 1561 1528 1617 vocis
1565 1561 1814 1628 emissio,
1866 1561 1966 1615 sed
2048 1558 2182 1615 facit
2207 1575 2339 1615 cum
2365 1575 2435 1615 ea
2461 1559 2612 1630 quod
2632 1557 2842 1617 bonum
2871 1563 2977 1627 est,
3001 1561 3072 1616 de
3104 1561 3203 1617 illa
3228 1578 3359 1618 vero
3383 1578 3510 1635 quse
3537 1563 3649 1620 hoc

357 1653 606 1708 scientiae
625 1652 996 1723 intelligatur,
1020 1656 1080 1707 et
1097 1652 1426 1722 dogmatum
1448 1651 1803 1721 magnitudo:
1830 1666 1966 1705 nam
1984 1720 2015 1725 _A
2046 1663 2161 1703 non
2203 1648 2340 1703 vult.
2380 1648 2448 1703 lit
2490 1647 2640 1720 quod
2679 1648 2901 1718 justum
2945 1654 3054 1705 est.
3090 1650 3239 1709 Nam
3269 1651 3318 1707 si
3344 1651 3517 1709 etiam
3544 1652 3659 1725 ipsi

359 1747 418 1797 et
451 1741 512 1797 in
541 1741 730 1797 Exodo
760 1720 1051 1814 respondit
1084 1720 1358 1797 Dominus
1393 1739 1466 1794 ad
1503 1720 1735 1812 Moysen
1766 1757 1780 1793 :
1815 1741 1961 1808 Quid
1982 1720 2030 1785 Β
2046 1736 2502 1809 praevaricatores
2562 1736 2751 1808 angeli
2785 1751 2915 1794 cum
2969 1738 3222 1810 principe
3262 1756 3367 1796 suo
3401 1720 3650 1798 Diabolo

357 1834 564 1886 clamas
589 1832 664 1886 ad
692 1847 774 1885 me
810 1831 998 1897 (Exod.
1038 1829 1196 1898 xiv)?
1225 1844 1354 1884 cum
1383 1828 1608 1900 penitus
1650 1827 1830 1900 Moysi
1855 1844 1959 1883 vox
2039 1841 2153 1883 non
2172 1832 2325 1881 recte
2343 1825 2663 1883 dicerentur
2688 1832 3082 1897 procuratores
3098 1828 3186 1885 vel
3203 1833 3425 1886 actores
3436 1829 3647 1887 divine

358 1920 516 1975 nulla
542 1919 891 1992 praecesserit
914 1937 928 1986 ;
971 1934 1167 1975 verum
1194 1924 1592 1990 compunctum
1619 1933 1735 1983 cor,
1767 1922 1826 1972 et
1855 1933 1957 1987 pro
2038 1913 2832 1986 providentimmonDominus
2846 1915 3240 1986 magistratum
3256 1917 3645 1989 hujusmundi

359 2007 565 2080 populo
600 2007 1042 2081 lacrymabiliter
1076 2007 1452 2078 ingemiscens
1469 2048 1483 2067 .
1511 2007 1803 2078 Scriptura
1850 2005 1960 2060 cla-

360 2112 576 2152 morem
605 2097 840 2152 vocavit.
872 2095 1164 2161 Quomodo
1204 2095 1380 2166 igitur
1407 2095 1504 2166 qui
1533 2093 1806 2166 Spiritum
1833 2093 1961 2149 Filii

357 2186 460 2240 Dei
489 2183 680 2250 habet,
731 2184 909 2240 Filius
934 2185 1037 2240 Dei
1068 2189 1155 2238 est
1180 2203 1193 2247 ;
1222 2183 1303 2238 sic
1344 2184 1403 2238 in
1446 2183 1816 2254 reciprocum,
1864 2182 1961 2254 qui

359 2273 635 2345 Spiritum
665 2273 795 2331 Filii
827 2272 930 2330 Dei
960 2288 1075 2327 non
1103 2271 1291 2337 habet,
1315 2272 1417 2327 Dei
1438 2271 1613 2327 Filius
1644 2287 1757 2327 non
1779 2276 1965 2343 potest

366 2361 658 2434 appellari.
673 2363 965 2432 Accopistis
974 2364 1241 2431 spiritum
1252 2362 1563 2430 adoptionis
1577 2362 1827 2428 ﬁliorum
1843 2361 1960 2423 Dei,

357 2455 423 2506 in
457 2468 571 2521 quo
610 2455 917 2506 clamamus
941 2470 958 2504 :
990 2451 1160 2513 Abba,
1193 2452 1354 2505 Pater
1384 2451 1555 2517 (Rom.
1590 2451 1728 2519 vni).
1769 2448 1963 2520 [Aug.]

370 2540 509 2595 Ecce
531 2539 624 2595 hic
641 2555 755 2595 non
768 2538 912 2594 dixit
931 2538 1081 2610 quod
1099 2538 1218 2610 ipse
1241 2537 1485 2610 Spiritus
1504 2538 1710 2592 clamet
1730 2537 1963 2600 orando,

362 2628 670 2698 sad,inquo
680 2626 1503 2694 clamamus,Abba,Pater.Alio
1515 2631 1708 2681 tamen
1735 2625 1856 2683 loco
1887 2625 1968 2680 ait

365 2715 610 2785 (GalJv):
634 2716 908 2784 Quoniam
929 2718 1041 2783 lilii
1054 2717 1200 2780 estis,
1222 2718 1379 2769 misit
1388 2715 1528 2769 Deus
1545 2713 1823 2783 Spiritum
1834 2715 1968 2769 Filii

363 2807 460 2859 sui
485 2807 551 2859 in
573 2805 741 2859 corda
771 2809 982 2871 nostra,
999 2806 1331 2858 clamantem
1358 2804 1510 2857 Abba
1538 2804 1720 2867 Pater,
1744 2818 1858 2857 non
1875 2801 1966 2857 hic

370 2893 470 2957 ait,
486 2896 549 2948 in
562 2908 668 2963 quo
679 2893 1109 2957 clamamus,sed
1128 2891 1315 2963 ipsum
1328 2890 1603 2962 Spiritum
1624 2891 1962 2947 clamantem

362 2982 547 3037 dicere
572 2980 793 3044 maluit,
819 2996 930 3053 quo
956 2979 1203 3036 eﬁicitur
1223 2985 1289 3035 ut
1305 2981 1630 3037 clamemus.
1657 2979 1815 3035 Sicut
1831 2985 1967 3037 sunt

2042 2002 2337 2060 Diabolum
2359 2003 2587 2069 diceret,
2614 2019 2719 2061 nec
2735 2008 2992 2061 uteretur
3010 2004 3107 2061 illo
3126 2006 3201 2062 ad
3226 2007 3651 2079 correptionam

2043 2091 2335 2149 hominum
2376 2091 2501 2163 ipsa
2548 2096 2797 2162 potestas
2843 2093 3169 2163 apostolica,
3216 2095 3416 2152 eodem
3467 2097 3655 2153 Paulo

2044 2180 2176 2239 alibi
2212 2181 2433 2239 dicente
2473 2183 2528 2247 (Ι
2566 2182 2706 2237 Tim.
2739 2186 2812 2249 r);
2845 2198 2977 2251 quos
3024 2184 3239 2239 tradidi
3293 2182 3534 2250 Satanas,
3576 2193 3648 2243 ut

2030 2271 2262 2345 discant
2291 2285 2403 2327 non
2438 2270 2855 2338 blasphemaro;
2902 2275 2961 2326 et
3001 2270 3113 2328 alio
3153 2271 3276 2329 loco
3317 2275 3372 2341 (Ι
3395 2275 3521 2330 Oor.
3557 2280 3646 2344 ν),

2045 2359 2117 2415 ad
2136 2357 2395 2424 salutem,
2419 2357 2503 2415 ait
2525 2357 2676 2415 enim
2699 2375 2712 2413 z
2745 2358 2858 2427 Ego
2882 2361 3106 2429 quidem
3131 2363 3275 2417 sicut
3302 2363 3496 2419 absens
3522 2380 3657 2419 cor-

2042 2462 2194 2517 paro,
2218 2462 2457 2516 presens
2472 2452 2660 2503 autem
2676 2448 2900 2516 spiritu,
2915 2451 3042 2517 jam
3054 2451 3312 2517 judicavi
3331 2455 3494 2520 quasi
3509 2468 3660 2521 pra-—

2047 2550 2168 2591 sons
2191 2551 2319 2593 eum
2344 2538 2447 2604 qui
2471 2537 2552 2591 sio
2578 2541 2832 2604 operatus
2854 2540 2931 2593 est
2958 2539 3024 2595 in
3042 2541 3268 2595 nomine
3284 2540 3513 2597 Douiini
3538 2556 3661 2596 na—

2046 2626 2156 2679 stri
2188 2626 2317 2681 Jesu
2359 2623 2584 2688 Christi,
2632 2627 2972 2692 congregatis
3005 2626 3154 2683 vobis
3182 2632 3231 2683 ot
3260 2643 3380 2683 meo
3405 2631 3647 2698 spiritu.

2046 2714 2428 2782 cumpotentia
2443 2712 2672 2769 Domini
2686 2716 2865 2769 nostri
2880 2715 3008 2769 Iesu
3026 2714 3255 2781 Christi,
3270 2718 3490 2774 tradere
3510 2721 3666 2786 qius-

2046 2801 2198 2858 modi
2216 2799 2438 2859 Salen:
2466 2804 2531 2857 in
2559 2803 2857 2857 interitum
2883 2805 3075 2861 carnis
3099 2809 3163 2860 ut
3191 2807 3429 2874 spiritus
3452 2811 3658 2865 salvus

2045 2892 2117 2945 sit
2145 2893 2210 2945 in
2237 2891 2325 2947 die
2351 2890 2581 2949 Domini
2611 2891 2760 2947 Jesu.
2802 2889 2914 2950 Sed
2950 2891 3317 2962 magistratus
3354 2892 3459 2951 sub
3486 2898 3665 2953 tanto

2045 2976 2386 3049 imperatore
2412 2993 2528 3035 non
2546 2976 2697 3045 facit,
2730 2977 2840 3037 nisi
2868 2985 3143 3050 quantum
3170 2980 3251 3039 illi
3279 2982 3660 3054 permittitur,

364 3071 486 3126 illa:
516 3073 631 3140 Ipse
647 3039 893 3140 Spiritus
912 3072 1228 3138 interpellat
1246 3071 1539 3138 gemitibus
1558 3071 1966 3124 incnarrabili—
1987 3039 2545 3137 ctat-procuratores
2582 3039 2915 3139 acturusque
2951 3067 3122 3140 hujus
3156 3039 3355 3129 mundi

362 3161 462 3214 bus
477 3178 495 3225 ;
515 3164 599 3214 et:
614 3156 862 3228 Spiritus
878 3160 1064 3215 Patris
1073 3163 1241 3213 rastri
1252 3164 1327 3212 cst
1339 3161 1441 3228 qui
1459 3161 1709 3228 loquitur
1720 3161 1783 3213 in
1796 3159 1960 3213 vobis.

431 3249 622 3318 Itaque
638 3250 764 3317 jam
798 3263 910 3302 non
932 3251 1009 3301 est
1036 3263 1243 3314 servus,
1272 3249 1363 3301 sed
1384 3250 1557 3314 ﬁlius.
1578 3245 1816 3317 (Ambr.)
1838 3248 1963 3302 Non

357 3343 448 3392 est
478 3353 690 3403 servus,
723 3336 858 3407 quia
887 3334 1141 3390 sublatus
1168 3335 1238 3390 de
1278 3340 1556 3407 potestate
1584 3335 1740 3405 legis,
1775 3335 1961 3391 socius

358 3425 543 3483 factus
569 3431 658 3481 est
686 3424 1087 3480 benedictionis
1117 3423 1330 3496 proprii
1356 3424 1457 3479 ﬁlii
1488 3423 1609 3480 Dei.
1637 3425 1787 3491 Quod
1813 3427 1865 3479 si
1892 3427 1960 3492 ﬂ-

361 3519 495 3577 lius,
517 3521 569 3570 et
598 3506 766 3570 haras
794 3529 894 3584 per
916 3515 1109 3569 Deum.
1134 3511 1377 3568 Dubium
1407 3529 1520 3568 non
1550 3518 1656 3576 est,
1676 3511 1809 3584 quia
1835 3513 1961 3567 ideo

360 3604 486 3675 quis
523 3604 757 3675 adoptat
792 3602 895 3657 sibi
936 3601 1134 3666 filium,
1168 3606 1231 3656 ut
1270 3602 1551 3657 heredem
1595 3601 1756 3657 illum
1787 3602 1958 3657 relin-

361 3697 501 3764 quat
521 3733 534 3747 .
581 3693 680 3748 sed
720 3691 1021 3748 hereditas
1060 3708 1129 3745 ex
1163 3697 1344 3747 morte
1374 3691 1613 3762 alicujus
1642 3691 1900 3762 provenit
1941 3711 1952 3745 :

361 3780 493 3853 quid
523 3787 611 3836 est
642 3797 779 3852 ergo
821 3786 889 3836 ut
924 3780 1191 3836 mortales
1228 3781 1352 3851 ejus
1388 3779 1640 3836 hmredes
1676 3779 1954 3848 dicantur,

362 3871 458 3942 qui
491 3886 718 3942 semper
733 3870 910 3926 vivit?
938 3870 1049 3925 Sed
1069 3869 1362 3941 Scriptura
1378 3885 1536 3924 more
1563 3875 1758 3924 nostro
1776 3869 1958 3940 loqui-

360 3966 473 4025 tur,
500 3966 566 4014 ut
593 3959 910 4035 intelligpre
931 3958 1242 4029 possimus;
1266 3964 1331 4013 ut
1347 3958 1497 4012 enim
1517 3957 1778 4012 ostendat
1798 3957 1961 4013 datu-

363 4062 489 4102 rum
531 4053 751 4118 patrem
780 4047 912 4101 filiis
949 4047 1019 4100 de
1046 4045 1207 4101 bonis
1248 4046 1381 4113 suis,
1423 4047 1540 4101 haec
1568 4063 1692 4118 quae
1721 4047 1958 4103 daturus

363 4142 451 4190 est
475 4135 861 4191 hereditatem
891 4135 1152 4206 appellat.
1191 4136 1460 4203 (Hirrum)
1491 4135 1651 4200 Quod
1678 4141 1869 4190 autem
1896 4135 1956 4190 in

363 4226 467 4278 hoc
495 4224 617 4280 loco
635 4223 894 4289 dicimus,
918 4222 1205 4278 increteris
1226 4239 1449 4293 quoque
1476 4222 1773 4278 observare
1784 4224 1954 4279 debe-

2046 3153 2223 3221 ciunt,
2261 3155 2370 3213 nisi
2389 3158 2666 3226 quantum
2689 3155 2962 3215 Dominus
2990 3155 3143 3215 sinit.
3176 3158 3303 3218 Non
3331 3157 3482 3217 enim
3509 3160 3667 3219 latet

2044 3258 2176 3301 eum
2196 3243 2409 3314 aliquid
2433 3243 2578 3303 sicut
2596 3243 2903 3311 hominem,
2940 3250 3045 3305 aut
3059 3245 3120 3301 in
3141 3247 3331 3319 aliquo
3349 3254 3441 3306 est
3455 3249 3661 3309 minus

2044 3337 2261 3404 potens,
2276 3338 2341 3393 ut
2358 3338 2751 3404 procuratores
2767 3338 2938 3406 stilus
2953 3340 3172 3393 actores
3180 3336 3279 3408 qui
3291 3343 3426 3395 sunt
3440 3337 3503 3396 in
3521 3340 3663 3409 ejus

2041 3426 2320 3493 potestate
2355 3421 2586 3493 aliquid,
2628 3421 2751 3493 ipso
2798 3422 2915 3481 sive
2951 3439 3067 3482 non
3113 3425 3497 3497 permittente.
3529 3428 3660 3486 sive

2042 3511 2346 3577 nesciente,
2366 3509 2427 3567 in
2447 3509 2714 3581 subjectis
2739 3509 2848 3569 sibi
2866 3527 2969 3583 pro
2986 3529 3090 3571 suo
3104 3515 3289 3585 gradu
3315 3514 3484 3573 rebus
3512 3516 3654 3574 οω-

2040 3598 2209 3657 ciant.
2241 3599 2369 3657 Non
2397 3599 2479 3655 eis
2500 3606 2689 3659 tamen
2720 3600 3049 3671 rependitur
3067 3603 3218 3674 quod
3244 3603 3315 3659 de
3327 3603 3463 3675 ipsis
3485 3605 3657 3676 justo

2040 3689 2124 3753 tit,
2149 3687 2248 3744 sed
2277 3704 2389 3760 quo
2409 3688 2600 3747 animo
2626 3689 2735 3760 ipsi
2762 3689 3004 3749 faciunt:
3033 3691 3170 3762 quia
3198 3708 3381 3764 neque
3401 3692 3652 3753 liberam

2039 3776 2386 3835 voluntatem
2406 3777 2667 3837 rationali
2685 3784 2958 3837 creaturis
2979 3796 3094 3837 suis
3122 3781 3275 3840 Deus
3301 3782 3545 3853 negavit.
3588 3792 3653 3839 et

2039 3870 2232 3923 tamen
2253 3871 2588 3938 potestatem
2609 3882 2734 3938 quae
2752 3867 2927 3925 etiam
2943 3868 3184 3939 injustas
3207 3871 3362 3941 justo
3388 3871 3648 3930 ordinat.

2039 3953 2146 4010 sibi
2182 3955 2435 4013 retinuit.
2480 3955 2659 4020 Quem
2686 3957 2873 4013 locum
2898 3956 3069 4015 latius
3097 3963 3158 4015 et
3183 3958 3413 4017 uberius
3432 3960 3492 4017 in
3512 3961 3657 4018 aliis

2039 4042 2197 4101 libris
2240 4044 2622 4101 tractavimus.
2666 4044 2794 4101 Sive
2833 4061 2968 4116 ergo
3008 4047 3185 4105 solem
3234 4054 3293 4103 et
3329 4048 3540 4113 lunam,
3586 4060 3657 4108 et

2037 4131 2244 4199 sidera,
2275 4137 2334 4187 et
2359 4133 2580 4193 cmlum.
2612 4136 2672 4188 et
2696 4138 2908 4191 terram
2934 4141 3251 4207 cataraque
3290 4137 3653 4211 bujusmodi,

2036 4226 2234 4292 gentes
2252 4220 2528 4288 colebant,
2561 4222 2675 4282 sive
2702 4222 2997 4293 daemonia,
3014 4230 3165 4281 recte
3190 4225 3296 4282 sub
3315 4232 3658 4299 procurato-

362 4330 508 4380 mus,
552 4313 622 4369 de
661 4319 783 4368 toto
827 4328 1036 4384 genere
1063 4311 1355 4369 hominum
1395 4311 1665 4383 singulari
1718 4328 2022 4384 numero“
2039 4309 2195 4367 ribus
2220 4316 2280 4367 et
2294 4309 2577 4369 actoribus
2594 4310 2766 4369 fuisse
2796 4311 3212 4383 intelliguntur.
3234 4315 3653 4377 Verumtamen

1972 4355 2023 4419 D

362 4403 657 4476 disputari.
691 4404 901 4459 Omnes
930 4401 1081 4456 enim
1115 4399 1408 4455 credentes
1452 4416 1628 4456 unum
1675 4417 1873 4456 sumus
1898 4401 1957 4456 in
1974 4399 2021 4419 ⁴¹
2040 4414 2110 4455 ea
2119 4414 2243 4470 quae
2262 4400 2727 4470 sequuntur,jam
2742 4400 2903 4471 quasi
2916 4401 3253 4473 explicatam
3270 4404 3657 4474 quastionem

362 4493 587 4549 Christo
615 4493 767 4560 Jesu,
816 4496 876 4546 et
899 4490 1154 4547 membra
1189 4488 1439 4560 corporis
1467 4490 1620 4560 ejus:
1654 4490 1797 4545 etin
1827 4507 1958 4562 per-

361 4582 569 4637 fectum
598 4581 781 4637 virum
816 4581 1051 4649 redacti,
1090 4579 1248 4635 illum
1295 4577 1568 4633 habemus
1595 4584 1783 4650 caput.
1825 4579 1960 4651 quia

362 4675 525 4739 caput
551 4672 668 4723 viri
690 4671 943 4727 Christus
971 4676 1066 4727 est.

432 4754 537 4811 Sed
563 4760 697 4810 tunc
715 4758 936 4826 quidem
954 4760 1272 4826 ignorantes
1291 4758 1487 4823 Deum,
1511 4757 1596 4811 his
1618 4758 1718 4826 qui
1746 4762 1957 4813 natura

362 4858 477 4899 non
493 4850 627 4899 sunt
642 4844 758 4910 Ilii,
777 4846 1110 4901 serviebatis.
1129 4845 1367 4915 (Ambr.)
1383 4845 1661 4910 Quoniam
1678 4845 1838 4917 prius
1857 4862 1960 4917 per

362 4931 741 5005 ignorantimn
778 4931 1101 5003 poscebant,
1132 4933 1299 4991 idolis
1331 4934 1628 4998 serviente,
1650 4934 1814 4990 facile
1848 4934 1959 4990 illis

358 5023 618 5094 ignotum
635 5020 935 5092 signiﬁcat,
968 5020 1116 5075 sicut
1146 5021 1283 5077 dicit
1307 5022 1366 5076 in
1404 5022 1608 5079 Genesi
1632 5021 1957 5078 Abimelech

358 5110 430 5166 ad
451 5111 658 5167 Deum:
678 5111 926 5172 Domino,
956 5108 1159 5180 inquit.
1187 5113 1448 5180 nunquid
1463 5116 1677 5179 gentem
1697 5127 1962 5179 ignoran-

356 5205 466 5253 tem
500 5202 690 5268 perdes
718 5205 743 5252 ν
777 5199 964 5269 (Aug)
1016 5197 1164 5252 Satis
1190 5198 1478 5269 probabile
1513 5205 1601 5254 est
1643 5199 1817 5256 etiam
1862 5216 1958 5254 su—

358 5288 550 5358 perius
567 5289 641 5342 de
655 5286 919 5358 gentibus
936 5285 1171 5353 dictum,
1193 5288 1343 5357 quod
1361 5287 1466 5342 sub
1478 5288 1772 5347 elementis
1790 5289 1960 5360 hujus

358 5375 553 5432 mundi
580 5381 746 5431 erant
775 5376 1102 5439 servientes,
1134 5381 1407 5447 tanquam
1432 5377 1539 5433 sub
1571 5378 1954 5450 procuratori-

359 5465 465 5520 bus
508 5470 568 5520 et
600 5463 902 5520 actoribus.
940 5465 1086 5520 Nam
1124 5464 1247 5536 ipsa
1283 5464 1564 5523 elementa
1598 5465 1795 5538 utique
1840 5481 1956 5522 non

359 5560 494 5610 sunt
534 5551 871 5609 naturaliter
906 5552 987 5609 dii
1023 5553 1139 5609 sive
1184 5552 1243 5607 in
1289 5551 1429 5608 calo
1474 5552 1590 5609 sive
1646 5554 1705 5610 in
1759 5560 1950 5621 terra;

2040 4502 2236 4545 rursus
2278 4487 2586 4558 implicant.
2628 4489 2771 4545 Cum
2808 4489 2962 4548 enim
2991 4507 3095 4562 per
3120 4497 3300 4550 totam
3329 4493 3657 4564 Epistolam

2038 4592 2153 4635 non
2173 4576 2244 4633 ab
2259 4575 2385 4635 aliis
2402 4578 2666 4637 ostendat
2681 4577 3039 4637 sollicitatam
3048 4581 3223 4638 fuisse
3232 4581 3567 4639 Galatarum
3584 4585 3660 4640 ﬂ-

2036 4665 2302 4733 dem,nisi
2331 4664 2404 4724 ab
2431 4665 2513 4723 eis
2533 4667 2629 4737 qui
2649 4682 2716 4724 ex
2734 4667 3154 4727 circumcisione
3165 4676 3414 4738 erant,et
3430 4671 3503 4727 ad
3518 4688 3660 4729 oar-

2039 4754 2195 4813 neles
2216 4753 2633 4813 observationes
2653 4755 2812 4826 legis,
2830 4761 3104 4829 tanquam
3121 4758 3183 4815 in
3196 4759 3279 4815 eis
3296 4760 3451 4837 salus
3468 4771 3653 4823 om

2041 4843 2319 4903 adducere
2328 4843 2648 4915 cupiebant;
2663 4844 2768 4902 hoc
2776 4850 3001 4907 tantum
3012 4845 3214 4905 loboad
3228 4848 3488 4922 eosloqui
3498 4849 3638 4907 vide
3652 4886 3661 4896 ι

2039 4937 2133 4991 tur
2153 4933 2251 5003 qui
2270 4933 2343 4991 ad
2367 4932 2665 5004 gentilium
2677 4934 3106 5006 superstitiones
3126 4936 3312 4994 redire
3324 4944 3653 4997 tentarent.

2113 5022 2276 5079 Nunc
2300 5027 2487 5079 autem
2515 5038 2643 5079 cum
2679 5027 3038 5091 cogitaveritis
3065 5026 3260 5089 Deum,
3289 5030 3404 5082 imo
3430 5033 3659 5096 cogniti

2042 5113 2167 5167 sitis
2182 5128 2221 5167 a
2246 5112 2372 5177 Deo,
2395 5111 2661 5180 quomodo
2677 5115 3070 5169 convertimini
3086 5117 3293 5170 iterum
3312 5118 3387 5171 ad
3404 5119 3657 5185 inﬁmus

2041 5205 2090 5255 et
2144 5216 2310 5268 egena
2363 5202 2646 5266 statuente,
2700 5202 2902 5269 quibus
2949 5203 3128 5259 denuo
3181 5207 3387 5259 seruire
3422 5208 3601 5261 vultis
3628 5214 3658 5260 .9

2043 5287 2283 5357 (Ambr.)
2344 5287 2526 5345 Grave
2582 5288 2810 5349 illorum
2849 5289 3161 5347 admisz
3205 5292 3460 5359 adnotat,
3504 5295 3655 5365 quia

2036 5382 2167 5450 post
2195 5377 2573 5451 cognitionem
2604 5377 2728 5444 Dei,
2763 5394 2832 5434 ea
2858 5395 2982 5450 quin
3010 5396 3361 5452 paganorum
3388 5389 3522 5439 sunt
3542 5400 3655 5441 sc-

2035 5466 2135 5537 qui
2154 5471 2459 5538 ceperant,
2489 5471 2549 5522 et
2566 5465 2694 5540 plus
2712 5466 2957 5529 addidit:
2977 5486 3006 5523 α
3028 5468 3176 5533 Quia
3192 5487 3307 5535 non
3326 5471 3421 5528 isti
3434 5487 3657 5544 cogito-

2036 5560 2239 5612 verunt
2264 5555 2466 5620 Deum,
2493 5554 2593 5612 sed
2613 5555 2796 5627 magis
2819 5557 3032 5629 cogniti
3050 5558 3223 5622 aDeo
3242 5566 3394 5616 sunt.
3430 5579 3458 5615 ι
3490 5561 3657 5619 Cum
