3880 6146
232 281 331 342 317

673 282 1250 344 ENARBATIONUM
1285 283 1364 344 IN
1402 282 1554 342 EPP.
1595 284 1811 344 PAULI
1847 286 1985 344 LIB.
2025 286 2144 344 XV.
2187 315 2250 333 -ν-
2291 285 2370 343 IN
2407 284 2628 343 EPIS'I‘.
2668 283 2766 342 AD
2803 283 3061 340 GALAT.

3397 283 3500 339 318

231 407 378 464 enim
407 406 466 464 hi
523 423 634 470 non
675 413 994 477 quearerent
1035 409 1234 475 Deum,
1285 409 1573 468 advocavit
1616 426 1713 466 eos
1758 411 2730 482 adAnuncvivuntangeli.superum
2741 425 2850 480 que
2861 409 3128 476 virtutes;
3165 410 3350 466 sensui
3371 425 3501 464 vero

227 511 388 552 suam
415 497 685 566 gratiam,
708 503 767 552 et
779 497 837 556 hi
859 497 1065 568 ingrati
1082 498 1154 552 ad
1174 513 1241 552 ea
1259 499 1507 554 converti
1520 505 1823 570 ceperant,

224 599 346 660 quae
376 591 518 644 tunc
536 585 798 642 colebant
825 587 1048 657 quando
1078 586 1416 656 ignorabant
1433 588 1632 654 Deum,
1651 594 1716 646 ut
1732 606 1827 646 ve-

219 681 564 730 nerarentur
621 675 847 734 inﬁrma
901 683 958 730 et
1015 691 1193 746 egena
1249 677 1546 743 elementa,
1604 683 1663 733 et
1716 694 1826 736 non

221 769 336 820 tota
395 769 594 824 mente
658 765 942 824 Chiistum
1009 765 1068 824 in
1131 781 1242 836 quo
1311 766 1494 822 omnis
1550 766 1831 826 inhabitat

219 850 507 912 divinitas.
559 853 792 912 Inﬁrma
847 859 905 912 et
949 870 1128 924 egena
1176 854 1310 913 dicit
1358 855 1654 920 elementa.
1697 857 1830 931 quia

219 940 554 1011 imperfecta
606 949 786 1009 sunt;
848 944 918 1000 ad
983 943 1291 1012 regendum
1348 944 1498 1003 enim
1556 945 1829 1003 mundum

219 1030 457 1091 invicem
537 1037 708 1100 egent
770 1032 858 1086 sui
915 1052 924 1083 :
987 1033 1046 1092 in
1099 1031 1325 1090 Christo
1383 1033 1531 1092 enim
1586 1034 1830 1104 perfecta

217 1118 370 1176 salus
399 1125 510 1174 est.
549 1121 824 1191 alterum)
846 1121 990 1176 Puto
1021 1121 1212 1190 itaque
1253 1121 1502 1190 quandiu
1541 1122 1665 1192 quis
1699 1139 1828 1192 par—

219 1207 380 1262 vulus
430 1215 543 1274 est,
597 1225 700 1264 nec
749 1215 1027 1266 statutum
1057 1215 1279 1280 tempus
1309 1225 1345 1270 ἢ
1372 1215 1532 1280 patre
1559 1211 1824 1281 implevit,

218 1303 278 1350 ut
322 1295 484 1358 ﬁlius
534 1303 589 1354 et
639 1298 818 1357 lateres
864 1297 1134 1369 appellari
1189 1305 1378 1369 queat.
1408 1299 1511 1356 sub
1541 1300 1830 1356 elementis

218 1401 347 1445 eum
377 1387 605 1452 mundi,
641 1387 766 1457 lege
794 1387 1051 1446 videlicet
1091 1405 1212 1447 esse
1241 1389 1438 1459 Moysi.
1473 1390 1614 1447 Cum
1641 1395 1830 1448 autem

217 1481 346 1548 post
396 1475 746 1543 libertatem,
786 1477 1143 1549 adoptionem
1188 1483 1246 1534 et
1291 1477 1672 1537 hereditatem
1716 1478 1830 1536 ﬁlio

219 1563 470 1622 debitam
500 1581 735 1622 rursum
783 1583 1038 1624 reversus
1066 1566 1236 1625 fuerit
1262 1567 1332 1625 ad
1359 1567 1561 1636 legem,
1589 1567 1830 1622 cireum-

219 1653 326 1706 cidi
355 1653 559 1708 volens
587 1660 648 1708 et
673 1659 852 1712 totam
881 1655 1126 1714 Iudaicae
1144 1655 1557 1726 superstitionis
1584 1655 1830 1715 litteram

1908 499 2142 560 Judaico
2163 508 2506 572 comparata,
2541 517 2652 554 non
2694 506 2810 553 tam
2852 499 3211 562 elementum,
3253 499 3358 552 hoc
3397 506 3500 556 est.
3604 504 3612 512 “

1910 591 2152 654 initium,
2170 608 2338 661 quam
2352 590 2617 660 perfectio
2629 587 3170 660 nuncupatur.Quod
3183 593 3372 641 autem
3389 588 3470 642 ait
3487 605 3499 640 ι

1915 700 1936 733 α
1964 681 2126 735 Nunc
2145 697 2274 734 vero
2296 685 2695 749 cognoscentes
2705 679 2882 732 Deum
2891 675 3089 751 ,magis
3100 681 3288 730 autem
3299 676 3506 745 cogniti

1911 768 1980 822 ab
1999 786 2094 834 eo;
2121 788 2146 819 »
2181 768 2318 822 illud
2341 767 2605 830 ostendit,
2628 767 2776 839 quod
2810 771 2937 836 post
2961 765 3238 819 idolorum
3269 765 3502 829 cultum,

1911 858 2090 914 Deum
2117 857 2495 912 intellexerint
2531 857 2763 918 Galatae,
2804 855 2888 908 vel
2931 854 3117 924 potius
3159 853 3264 924 ipsi
3313 854 3507 922 cogni-

1910 948 2063 1002 tione
2087 948 2210 1015 ejus
2229 946 2383 1015 digni
2404 946 2518 1002 sint
2533 944 2797 1014 judicati;
2821 960 2932 998 non
2956 943 3104 1013 quod
3119 943 3270 996 Deus
3290 947 3510 996 creator

1912 1036 2164 1093 omnium
2188 1034 2396 1104 aliquid
2419 1035 2658 1102 ignoret,
2683 1034 2778 1087 sed
2815 1033 2961 1103 quod
2986 1048 3081 1085 eos
3099 1036 3322 1085 tantum
3365 1031 3509 1084 scire

1913 1124 2150 1184 dicatur.
2177 1123 2271 1194 qui
2292 1139 2542 1178 errorem
2571 1123 2779 1193 pietate
2809 1119 3148 1175 mutaverint
3181 1139 3192 1173 :
3228 1122 3508 1188 Gognom't

1909 1215 2718 1280 cnimllommmqm'mntcjus
2733 1213 2811 1274 (ΙΙ
2828 1213 2940 1268 Tim
2954 1251 2965 1262 .
2981 1213 3058 1275 ιι).
3079 1210 3148 1264 Et
3175 1210 3429 1264 Salvator
3449 1209 3506 1262 in

1912 1302 2210 1373 Evangelio
2245 1321 2255 1354 :
2289 1303 2396 1369 Ego
2425 1317 2569 1364 sum,
2607 1301 2704 1364 ait,
2736 1302 2929 1355 Pastor
2962 1301 3150 1364 bonus,
3174 1305 3222 1352 et
3253 1313 3506 1365 cognosco

1913 1409 2059 1448 meas
2089 1398 2136 1445 ct
2167 1396 2494 1458 cognoscunt
2522 1408 2605 1444 me
2635 1406 2762 1444 mea!
2785 1391 3059 1455 (Joan.x);
3090 1387 3375 1444 eontraad
3399 1388 3506 1441 im-

1912 1481 2034 1552 pios
2069 1500 2079 1534 :
2114 1482 2300 1535 Nescio
2333 1495 2441 1542 eos,
2467 1481 2692 1534 reccdits
2719 1495 2754 1531 a
2779 1494 2880 1540 ius,
2917 1479 3163 1545 operarii
3189 1478 3508 1544 iniquitatis

1913 1569 2058 1644 (Luc.
2092 1572 2236 1636 xm);
2271 1573 2328 1623 et
2355 1568 2425 1624 ad
2469 1568 2670 1622 stultas
2699 1566 2942 1636 virgines
2977 1584 2987 1617 :
3023 1565 3210 1620 Nescio
3242 1581 3349 1629 vos,
3385 1581 3509 1634 qua

1912 1659 2035 1715 sitis
2066 1660 2284 1724 (Matth.
2319 1661 2473 1723 xxv).

217 1742 418 1812 soqni;
452 1747 617 1808 tunc.
645 1760 770 1813 quis
797 1743 952 1815 prius
998 1744 1049 1802 ei
1098 1744 1294 1802 mundi
1342 1750 1564 1802 tantum
1611 1745 1894 1820 fuerant};
1985 1749 2108 1802 Ilios
2159 1749 2452 1802 observatis
2494 1752 2543 1799 at
2590 1761 2794 1800 mense:
2840 1751 2888 1798 ct
2930 1750 3173 1811 tempora
3221 1748 3270 1796 ct
3298 1757 3500 1798 annos.

219 1831 526 1897 elementa,
550 1831 779 1888 inﬁrma
809 1849 1031 1904 quoque
1060 1839 1117 1886 et
1144 1850 1322 1903 egena
1355 1833 1622 1890 dicuntur
1668 1850 1828 1888 exor-

217 1920 327 1976 dia.
347 1921 419 1974 In
437 1925 673 1982 tantum
694 1922 845 1984 enim
864 1921 1004 1982 nihil
1024 1929 1261 1993 prosunt
1279 1922 1586 1978 cultoribus
1607 1923 1741 1987 suis,
1769 1929 1832 1980 ut

213 2025 280 2074 ne
327 2009 438 2064 hoc
485 2009 724 2080 quidem
763 2011 843 2066 eis
899 2010 1160 2069 exhibere
1217 2011 1458 2076 valeant,
1507 2012 1656 2081 quod
1703 2017 1832 2070 ante

213 2099 620 2169 mutitarent,
637 2099 1046 2170 Hierosolyma,
1071 2100 1300 2171 templo,
1318 2100 1594 2170 altarique
1614 2099 1831 2160 destru-

216 2188 336 2242 ctis.
361 2187 734 2258 Respondeat
751 2189 958 2258 aliquis
981 2195 1040 2246 et
1057 2187 1243 2249 dicat:
1272 2188 1329 2247 Si
1361 2189 1446 2246 lex
1475 2195 1532 2242 et
1552 2194 1829 2259 precepts

215 2293 338 2346 quea
363 2277 426 2332 in
455 2277 586 2345 lege
613 2277 933 2347 conscripta
950 2284 1101 2343 sunt,
1137 2277 1361 2338 inﬁrma
1399 2283 1457 2331 et
1506 2293 1683 2347 egena
1711 2277 1826 2337 ele-

217 2373 411 2422 menta
437 2371 596 2430 sunt,
621 2371 679 2418 et
701 2365 759 2419 hi
778 2366 890 2438 qui.
905 2371 1283 2434 cognoverunt
1300 2367 1500 2430 Deum,
1525 2366 1704 2436 magis
1723 2383 1826 2422 au-

217 2465 332 2510 tem
351 2455 568 2524 cogniti
589 2461 727 2512 sunt
744 2453 815 2508 ab
835 2470 920 2520 eo,
946 2454 1124 2522 legem
1147 2453 1440 2511 observare
1458 2469 1570 2514 non
1597 2455 1822 2519 debent,

219 2561 291 2598 ne
318 2543 431 2604 inci
442 2543 610 2614 piant
638 2559 751 2606 non
800 2548 917 2600 tam
945 2543 1124 2604 Deum
1160 2543 1362 2607 colere,
1397 2560 1432 2601 a
1478 2560 1588 2614 quo
1619 2544 1828 2613 cogniti

216 2640 369 2698 sunt,
404 2647 582 2704 quam
612 2631 686 2688 ad
714 2647 810 2694 eos
841 2633 1041 2692 reverti
1073 2632 1167 2703 qui
1199 2637 1402 2694 natura
1430 2647 1541 2717 non
1559 2638 1694 2696 sunt
1713 2633 1826 2697 dii;

218 2728 318 2780 aut
339 2722 526 2792 legem
548 2721 988 2781 observaverunt
1008 2721 1226 2792 Moyses
1245 2727 1304 2778 et
1323 2723 1627 2792 prophetae,
1642 2727 1699 2780 et
1719 2738 1831 2783 non

216 2817 611 2882 cognoverunt
638 2810 840 2876 Deum,
863 2825 964 2868 nec
983 2810 1189 2880 cogniti
1218 2817 1354 2874 sunt
1397 2811 1468 2871 ab
1510 2827 1576 2866 eo
1609 2830 1620 2864 :
1658 2817 1758 2872 aut
1783 2812 1829 2872 si

214 2905 610 2972 cognoverunt
637 2900 840 2965 Deum,
863 2899 1131 2962 mandata
1159 2901 1297 2970 legis
1327 2899 1558 2961 minime
1583 2901 1828 2971 comple-

217 2994 456 3056 veruat;
483 2989 640 3061 quod
661 2995 966 3058 utrumque
988 2989 1360 3060 periculusum
1383 2995 1470 3052 est
1489 2989 1674 3050 dicere
1699 3007 1709 3044 :
1731 2995 1832 3044 aut

1914 1835 2157 1904 (Ambu)
2200 1836 2336 1899 Qum
2375 1836 2653 1891 elementa
2707 1833 2910 1890 dixerit
2965 1848 3113 1888 nunc
3169 1830 3505 1886 declaravit:

1911 1927 2062 1982 diem
2091 1926 2173 1980 sol
2203 1924 2354 1984 facit,
2386 1940 2608 1979 menses
2636 1938 2833 1978 cursus
2859 1921 3033 1987 lunai;
3083 1925 3343 1990 tempore
3379 1935 3510 1973 vero

1914 2021 2047 2071 sunt
2090 2031 2204 2078 ver,
2236 2019 2419 2078 sistas,
2452 2018 2780 2072 autumnus,
2827 2011 3028 2072 hiems,
3079 2015 3321 2080 quatuor
3371 2009 3506 2064 hac.

1911 2103 2188 2174 completo
2218 2117 2453 2158 numero
2481 2101 2708 2172 proprio
2737 2099 2949 2156 faciunt
2975 2115 3204 2153 annum.
3225 2097 3358 2152 Dies
3377 2114 3510 2166 ergo

1912 2191 2210 2248 observant
2228 2191 2323 2260 qui
2347 2191 2560 2254 dicunt,
2586 2197 2651 2245 ut
2669 2194 2838 2260 puta:
2867 2187 3124 2242 Crastino
3151 2186 3508 2258 proficiscen-

1910 2281 2044 2338 dum
2069 2297 2178 2338 non
2202 2285 2304 2340 est.
2328 2287 2456 2350 post
2468 2279 2776 2333 crastinum
2797 2277 2946 2332 enim
2970 2292 3083 2331 non
3113 2275 3279 2328 debet
3293 2274 3508 2352 aliquid

1911 2370 2181 2432 inchoari,
2217 2374 2273 2424 et
2302 2368 2382 2422 sic
2412 2367 2597 2422 solent
2624 2367 2806 2435 magis
2842 2363 3042 2435 decipi.
3079 2363 3149 2418 Hi
3181 2368 3370 2416 autem
3414 2379 3507 2418 co-

1910 2459 2036 2518 lunt
2064 2474 2304 2534 menses,
2337 2457 2433 2527 qui
2464 2473 2660 2510 cursus
2693 2454 2838 2509 lunae
2863 2457 3289 2526 perscrutantur
3314 2451 3506 2506 dicen-

1911 2553 2014 2610 tes.
2047 2553 2111 2602 ut
2139 2552 2294 2618 puta,
2327 2545 2581 2616 Septima
2604 2545 2738 2600 luna
2769 2543 3144 2598 instrumenta
3165 2541 3365 2596 conﬁci
3393 2556 3506 2599 non

1911 2636 2134 2693 debent.
2159 2636 2322 2690 Nona
2349 2635 2554 2690 iterum
2584 2633 2720 2690 luna
2739 2637 2803 2686 ut
2821 2637 2976 2702 puta,
3008 2636 3259 2701 emptum
3287 2645 3509 2684 servum

1912 2726 2142 2783 domum
2167 2725 2296 2781 duci
2318 2739 2430 2780 non
2452 2727 2692 2798 oportet.
2722 2721 2792 2777 Et
2811 2737 2911 2791 per
2931 2720 3048 2776 hau:
3073 2718 3292 2774 facilius
3325 2718 3510 2772 solent

1912 2814 2144 2870 adversa
2203 2811 2516 2883 provenire.
2565 2811 2844 2881 Tempora
2906 2825 3038 2865 vero
3085 2807 3165 2864 sic
3216 2807 3513 2862 observant

1911 2919 2039 2960 cum
2070 2903 2266 2960 dicunt
2302 2920 2312 2954 :
2343 2901 2522 2957 Hodie
2552 2899 2696 2955 veris
2723 2898 2946 2956 initium
2975 2903 3078 2962 est,
3111 2895 3380 2952 festivitas
3401 2903 3504 2959 est,

1913 2997 2039 3064 post
2058 3007 2184 3049 cras
2204 2989 2536 3048 Vulcanalia
2552 2994 2714 3054 sunt;
2745 2993 2804 3043 et
2821 2987 2961 3044 talia
2977 2986 3182 3042 iterum
3201 2985 3391 3040 aiunt:
3412 2984 3511 3038 Po-

213 3079 344 3134 illos
375 3095 492 3134 non
540 3077 736 3134 fecisse
777 3094 902 3148 quae
949 3078 1088 3148 legis
1126 3084 1280 3144 sunt,
1313 3085 1371 3140 et
1400 3079 1480 3136 sic
1511 3078 1833 3149 cognovisse
1854 3077 2126 3143 Ceterum
2158 3085 2263 3143 est,
2295 3080 2525 3136 domum
2555 3076 2746 3145 egredi
2773 3093 2886 3132 non
2917 3074 3064 3130 licet.
3099 3075 3290 3151 Annos
3315 3073 3396 3127 sic
3421 3088 3511 3127 co—

215 3168 400 3230 Deum)
425 3187 438 3220 :
463 3174 570 3228 aut
597 3183 712 3226 non
739 3165 1062 3236 cognovisse
1092 3167 1290 3232 Deum,
1325 3167 1462 3230 dum
1493 3167 1736 3232 inﬁrma,
1768 3173 1825 3224 et

1911 3171 2034 3228 lunt
2060 3185 2190 3225 cum
2219 3169 2418 3224 dicunt
2446 3187 2456 3220 :
2493 3165 2762 3226 Kalendis
2791 3163 3074 3222 Ianuariis
3103 3177 3278 3219 novus
3299 3166 3386 3216 est
3414 3177 3510 3220 an.

213 3273 400 3327 egena
426 3256 572 3327 legis
601 3255 886 3318 elementa
914 3255 1257 3318 custodiunt.
1292 3256 1453 3320 Quod
1483 3256 1710 3326 quidem
1747 3257 1825 3316 sic

1911 3276 2016 3319 nus
2050 3277 2062 3311 :
2097 3258 2256 3329 quasi
2289 3273 2402 3315 non
2433 3255 2683 3327 quotidie
2729 3253 2864 3310 anni
2903 3253 3264 3324 impleantur,
3297 3251 3394 3305 sed
3447 3257 3512 3304 ut

213 3346 357 3408 θοινί
378 3351 589 3417 Potest.
619 3351 683 3408 ιιι
702 3345 956 3406 dicamus
976 3343 1100 3408 illos
1118 3345 1399 3415 quomodo
1422 3345 1630 3408 Paulus
1649 3345 1828 3405 factus
1913 3349 2064 3410 illius
2112 3345 2440 3405 memoriam
2490 3345 2740 3402 recolant
2785 3343 2912 3400 Iani
2952 3340 3228 3406 bifrontis,
3261 3339 3366 3396 hac
3411 3355 3506 3393 su—

213 3434 530 3498 25th.1816
549 3433 799 3498 JudaeuS,
817 3439 882 3488 ut
897 3433 1118 3494 Iudaeos
1137 3433 1518 3500 lucrimeret;
1543 3441 1600 3496 8t
1619 3433 1676 3496 in
1692 3435 1832 3493 Cenv
1912 3436 2242 3508 perstitione
2270 3440 2526 3498 utuntur,
2559 3450 2683 3504 quas
2711 3433 2876 3502 longe
2904 3429 3070 3488 debet
3096 3446 3217 3486 esse
3257 3445 3291 3482 a
3339 3428 3512 3484 servis

213 3524 368 3588 chris
395 3539 464 3580 ex
493 3527 626 3579 voto
656 3539 874 3586 comam
904 3522 1166 3588 totondit,
1189 3529 1248 3580 et
1276 3522 1636 3592 nudipedalia
1660 3529 1830 3594 atque
1912 3525 2033 3584 Dei.
2069 3525 2126 3580 Si
2159 3525 2307 3584 enim
2337 3524 2486 3582 Deus
2516 3539 2582 3578 ex
2612 3528 2732 3576 toto
2751 3521 2917 3576 corde
2939 3519 3226 3588 diligatur.
3249 3517 3370 3587 ipso
3388 3533 3514 3587 pro-

216 3613 514 3678 cgivitium
546 3611 952 3682 Hierosolymis
981 3612 1038 3676 in
1065 3612 1274 3682 templo
1307 3611 1554 3675 exercuit
1576 3614 1713 3678 (Aci.
1749 3617 1825 3681 χ),

1914 3615 2050 3686 pitio
2081 3614 2237 3670 nulla
2274 3611 2441 3668 debet
2481 3627 2600 3666 esse
2633 3609 2892 3668 formido.
2924 3624 3105 3678 neque
3137 3605 3380 3676 suspicio
3411 3604 3512 3660 ha-

219 3713 279 3758 ηῑ
317 3718 526 3768 eorum
567 3701 796 3764 “dum
836 3699 1100 3766 invidiam
1141 3699 1238 3770 qui
1292 3699 1618 3762 Cateshizati
1663 3700 1734 3754 de
1765 3717 1831 3756 eo
1913 3701 2498 3762 rum’rerum.Aliteri
2527 3696 2918 3764 (Hirron.)Qui
2938 3712 3050 3751 non
3070 3695 3268 3751 adorat
3286 3693 3508 3748 Patrem

214 3792 465 3856 ﬁlerunt.
499 3789 655 3860 quod
681 3794 882 3852 contra
910 3789 1090 3859 legem
1116 3787 1295 3859 Moysi
1333 3795 1392 3850 et
1418 3789 1597 3853 Deum
1624 3790 1825 3850 faceret

1912 3791 1972 3848 in
1997 3791 2198 3862 spiritu
2221 3797 2280 3844 et
2299 3789 2554 3851 veritate,
2579 3786 2759 3844 nescit
2773 3783 3177 3842 sabbatismum
3198 3781 3408 3836 sanctis
3428 3797 3514 3836 re-

213 3881 632 3952 prophetarum
666 3897 679 3932 ε
709 3878 794 3942 ita
821 3883 881 3932 et
917 3882 1138 3940 sanctos
1177 3875 1326 3932 viros
1368 3877 1565 3942 fecisse
1607 3877 1830 3948 quidem
1913 3881 2180 3952 positum,
2211 3879 2281 3933 de
2310 3893 2421 3948 quo
2452 3875 2704 3947 loquitur
2732 3875 2881 3932 Deus
2911 3891 2924 3928 :
2956 3870 3020 3928 Si
3039 3872 3325 3928 introierit
3357 3871 3420 3925 in
3432 3885 3514 3924 re.

211 3985 431 4040 ⁸⁸⁸1ΰέ
459 3969 606 4038 bigis
635 3973 818 4034 erant,
852 3965 950 4030 sed
978 3982 1204 4026 Sensum
1234 3967 1415 4036 magis
1445 3967 1582 4037 legis
1611 3973 1832 4032 secutos
1912 3973 2096 4038 quiem
2118 3984 2296 4026 meam
2318 3969 2488 4034 (Psat.
2505 3966 2650 4032 χειν)
2676 3982 2688 4029 ;
2721 3968 2910 4020 etnon
2937 3960 3007 4016 de
3034 3957 3146 4016 illis
3164 3957 3511 4029 temporibus

211 4076 356 4125 esse,
371 4073 554 4130 quam
578 4057 848 4123 litteram,
873 4055 968 4126 qui
992 4071 1104 4112 non
1120 4054 1310 4120 mimis
1331 4072 1499 4126 quam
1523 4055 1826 4121 Abraham,
1914 4057 2243 4118 recordatur
2253 4055 2322 4113 de
2339 4054 2542 4125 quibus
2561 4051 2834 4123 scriptum
2854 4055 2942 4106 est
2965 4067 2976 4102 :
3002 4049 3388 4106 Rccordamim’
3404 4049 3514 4102 die-

210 4147 440 4216 snblnto
469 4147 548 4200 de
576 4145 717 4207 facie
745 4146 1079 4212 velamento,
1115 4143 1415 4215 cupierunt
1455 4144 1639 4200 videre
1681 4145 1828 4208 diem
1914 4160 2041 4206 rum
2091 4148 2280 4204 seculi
2309 4145 2439 4210 (Isa.
2471 4146 2650 4211 xw);
2686 4147 2745 4196 et
2789 4139 2920 4196 alibi
2953 4157 2966 4198 :
3003 4139 3334 4193 Mcmoratus
3384 4151 3512 4191 sum

213 4237 447 4306 Christi,
471 4239 539 4290 et
555 4235 818 4300 viderunt
855 4239 914 4288 et
953 4232 1121 4290 laetati
1153 4238 1292 4298 sunt
1312 4233 1498 4302 (Joan.
1532 4240 1666 4301 vni),
1699 4234 1829 4296 fecti
1911 4239 2024 4297 (lies
2043 4238 2318 4302 antiquas,
2344 4239 2391 4288 et
2421 4249 2598 4290 annos
2626 4237 2852 4290 aeternos
2873 4232 2935 4284 in
2957 4232 3132 4285 mente
3151 4227 3322 4282 habui
3341 4227 3508 4291 (Psal.

211 4324 442 4392 intier
473 4322 689 4396 populo
719 4321 950 4384 inﬁrmi,
973 4327 1039 4386 ut
1059 4321 1312 4386 inﬁrmos
1335 4320 1833 4380 lucrifacerentzet
1913 4329 2116 4388 uxvi).
2152 4323 2283 4382 Dies
2304 4321 2565 4381 Judaicos
2593 4320 2868 4380 observat.
2903 4322 2962 4372 et
2988 4331 3228 4377 menses,
3264 4320 3320 4369 et
3367 4319 3509 4368 tem-

211 4413 302 4470 his
329 4412 432 4486 qui
463 4410 576 4474 sub
608 4410 732 4482 lege
759 4415 944 4478 erant,
975 4410 1135 4482 quasi
1165 4416 1355 4473 essent
1382 4409 1490 4480 ipsi
1535 4409 1642 4464 sub
1685 4411 1825 4480 lege,
1845 4397 1892 4454 Β
1910 4430 2066 4484 pora,
2098 4419 2156 4468 et
2185 4429 2362 4470 annos
2382 4431 2393 4464 :
2417 4410 2556 4474 dies,
2580 4415 2645 4464 ut
2662 4406 2899 4470 sabbati,
2923 4403 3248 4464 neomeniae,
3273 4407 3331 4456 et
3351 4417 3386 4455 a
3410 4400 3508 4456 de-

213 4511 274 4564 ut
307 4517 408 4562 eos
436 4499 512 4556 ab
541 4499 708 4554 idolis
740 4497 944 4572 quibus
974 4498 1031 4552 in
1062 4498 1302 4570 Egypto
1331 4505 1714 4566 assueverant,
1747 4516 1830 4556 so—
1911 4502 2058 4562 cima
2083 4501 2292 4560 mensis
2313 4499 2480 4571 primi
2503 4513 2681 4568 usque
2700 4496 2770 4554 ad
2790 4498 3049 4566 quartam
3080 4489 3373 4553 decimam,
3397 4505 3510 4558 qua

211 4595 508 4662 pararent.
537 4589 650 4646 Lex
679 4587 858 4659 Moysi
888 4604 1013 4662 quae
1041 4593 1173 4647 ante
1205 4587 1567 4658 Evangelium
1588 4588 1744 4653 dives
1774 4593 1831 4642 et
1911 4606 2090 4660 agnus
2119 4605 2421 4661 corporeus
2461 4587 2698 4644 victimis
2741 4585 3063 4641 reservatur
3093 4597 3105 4632 :
3141 4584 3200 4634 et
3235 4593 3269 4634 a
3307 4581 3510 4647 quarta

212 4680 492 4754 opulenta
537 4685 597 4736 et
645 4677 800 4734 clara
839 4676 965 4746 fuit,
997 4682 1124 4748 post
1164 4676 1465 4733 adventum
1494 4676 1724 4741 Christi,
1757 4677 1826 4734 ad
1884 4679 2127 4739 .decima
2153 4693 2328 4748 usque
2357 4677 2428 4733 ad
2458 4674 2778 4732 vicesimam
2810 4670 3050 4742 primam
3078 4666 3332 4738 ejusdem
3355 4681 3508 4723 men-

212 4768 708 4842 comparationem
740 4767 863 4840 ejus
893 4765 1055 4840 quasi
1087 4765 1312 4830 inﬁrma
1335 4771 1393 4820 et
1419 4781 1615 4835 egena,
1649 4765 1828 4826 immi-
1909 4769 2006 4833 sis,
2040 4766 2264 4838 quando
2293 4779 2491 4834 azyma
2520 4761 2910 4820 comeduntur.
2937 4773 3050 4816 non
3069 4754 3410 4814 sinceritatis
3451 4760 3508 4812 et

213 4865 354 4916 nuta
381 4865 562 4930 atque
591 4857 882 4924 destructa
909 4862 995 4910 est
1020 4853 1093 4920 ab
1120 4873 1188 4912 eo
1216 4855 1312 4926 qui
1343 4855 1525 4925 major
1541 4854 1649 4916 fuit
1676 4855 1828 4912 Salo-
1909 4856 2159 4914 veritatis
2186 4854 2236 4922 (1
2266 4855 2385 4908 Cor.
2411 4857 2486 4920 v),
2519 4850 2617 4908 sed
2657 4850 2716 4908 in
2747 4849 3024 4907 fermento
3055 4845 3229 4906 veteri
3277 4843 3506 4902 malitiae

213 4963 399 5018 mone,
431 4953 494 5012 et
521 4945 758 5018 templo,
791 4950 850 4999 et
877 4944 1019 5008 Jona
1050 4945 1265 5012 (Matth.
1300 4952 1413 5012 xm.
1438 4944 1592 5006 Alias
1613 4950 1820 5010 autem,
1909 4951 1966 5004 et
1993 4941 2257 5013 nequitiae
2280 4939 2706 4997 Pharisaeorum.
2741 4939 2968 5008 Septem
2991 4951 3214 5008 quoque
3242 4932 3506 5004 septima-

213 5037 441 5092 iuﬁrma
454 5043 520 5092 et
537 5051 722 5108 egena
740 5033 1019 5098 elementa
1044 5033 1072 5088 ,Ι
1080 5033 1366 5089 udaeorum
1387 5032 1739 5099 traditiones,
1770 5039 1828 5088 et
1909 5051 2028 5096 nas,
2045 5031 2139 5102 qui
2153 5031 2262 5086 ritu
2274 5027 2507 5088 Iudaico
2519 5033 2644 5098 post
2657 5043 2854 5098 azyma
2871 5031 3176 5097 computat,
3195 5023 3316 5078 dies
3329 5022 3505 5078 lsrae-

213 5127 528 5196 secundum
559 5125 813 5196 litteram
842 5122 1006 5190 vilem
1029 5121 1456 5192 intelligentiam
1478 5120 1827 5185 conﬁrmabi-
1910 5121 2072 5178 liticae
2087 5121 2446 5176 Pentecostes
2464 5117 2614 5172 colit.
2631 5117 2744 5174 Nec
2765 5132 2878 5174 non
2899 5115 3214 5183 clangorem
3237 5108 3502 5166 tubarum

215 5231 354 5274 mus,
391 5231 518 5288 quae
547 5218 687 5268 sunt
711 5210 1147 5283 justiﬁcationes
1175 5227 1288 5272 non
1319 5209 1496 5272 bonae,
1531 5216 1589 5264 et
1618 5227 1823 5280 prmce-
1907 5226 2099 5263 mense
2116 5209 2373 5280 septimo,
2394 5206 2578 5277 prima
2599 5205 2824 5264 mensis.
2848 5203 3079 5260 Decima
3104 5213 3326 5271 quoque
3356 5198 3504 5266 ejus-

213 5313 302 5372 μαι
329 5286 452 5374 non
481 5301 658 5369 bona;
696 5301 932 5370 robusta,
961 5301 1168 5374 quippe
1197 5306 1256 5364 et
1284 5299 1438 5358 dives
1467 5304 1553 5365 est
1579 5299 1719 5368 legis
1743 5299 1824 5354 in-
1907 5299 2033 5354 dem
2055 5297 2262 5354 mensis
2283 5295 2656 5367 expiationem
2679 5299 2736 5348 et
2747 5291 3049 5363 jejunium,
3068 5295 3126 5344 et
3142 5286 3501 5359 scenopegias

211 5392 526 5465 telligentia
551 5389 847 5462 spiritalis,
881 5389 960 5454 ita
989 5395 1051 5443 ut
1079 5395 1179 5444 aut
1216 5389 1442 5460 penitus
1479 5389 1820 5450 elementum
1903 5403 1968 5444 ex
1998 5403 2152 5448 more
2189 5387 2444 5458 ﬁgentes,
2475 5383 2736 5442 Judaicos
2773 5381 3072 5437 observant
3105 5378 3243 5436 dies.
3279 5378 3499 5434 Menses

215 5499 316 5540 non
333 5480 510 5550 debet
525 5479 835 5557 appellari;
863 5484 963 5546 aut
982 5479 1325 5537 elementum
1345 5477 1572 5548 quidem
1586 5477 1661 5535 sit
1675 5493 1822 5538 com-
1903 5481 2092 5538 autem
2120 5475 2464 5539 custodiunt,
2499 5473 2596 5544 qui
2627 5471 2869 5542 primum
2899 5474 2957 5524 et
2988 5469 3291 5540 septimum
3337 5482 3498 5524 men-

218 5572 507 5646 κηῇρης
740 5567 932 5640 εξομὶὶ
959 5574 1015 5638 βῒ
1042 5567 1168 5636 Vit?!
1196 5566 1254 5636 in
1281 5563 1504 5634 Christo
1532 5567 1685 5634 issu.
1711 5582 1824 5646 qua
1903 5581 2043 5631 sum,
2081 5581 2194 5627 non
2229 5563 2608 5634 intean
2646 5558 2978 5634 mysterium
3013 5557 3284 5621 veritatis,
3305 5555 3497 5614 obsor-
