3880 6146
237 273 318 330 321

659 269 1237 325 ENARRATIONUM
1275 269 1353 324 IN
1392 268 1545 323 EPP.
1588 268 1804 324 PAULI
1841 267 1980 322 LIB.
2025 267 2216 321 XV.—-
2247 268 2325 323 IN
2363 267 2586 326 EPIST.
2613 272 2712 326 AD
2751 273 3007 330 GALAT.

3368 279 3472 337 322

235 400 326 452 ait;
353 401 451 450 ίηιο
467 399 672 464 cogniti
685 413 722 450 α
741 398 865 462 Deo,
886 396 934 450 si
956 396 1180 467 proprie
1199 395 1485 466 accipitur,
1500 394 1792 467 putabitur
1803 393 1862 454 A
1874 396 2078 449 Jesum.
2095 396 2160 450 In
2179 397 2509 452 memoriam
2529 405 2752 452 revocat
2763 397 2876 453 illis
2890 405 3114 472 tempus
3125 404 3348 474 quando
3362 406 3473 477 pri-

231 489 357 542 Deus
391 485 542 557 quasi
585 503 652 539 ex
689 491 942 557 tempore
982 485 1197 556 aliquid
1241 501 1591 555 cognoscere,
1642 485 1790 555 quod

230 583 339 630 ante
361 591 467 629 non
486 581 736 628 noverat.
756 575 1047 628 Translate
1064 591 1197 644 ergo
1219 573 1431 628 dictum
1460 579 1564 639 est,
1583 579 1649 628 ut
1665 590 1792 626 ocu-

226 667 294 720 los
324 665 417 719 Dei
445 664 788 734 accipiamus
823 663 1006 734 ipsam
1048 663 1406 716 dilectionem
1449 664 1589 732 ejus,
1624 678 1793 733 quam

225 753 604 808 commendavit
625 753 900 806 mittendo
929 769 1029 824 pro
1059 752 1248 823 impiis
1275 752 1639 807 occidendum
1661 751 1789 806 uni-

223 861 328 898 cum
353 842 573 896 Filium.
611 843 701 896 Sic
735 841 887 895 enim
916 841 986 895 de
1015 841 1102 895 his
1133 841 1227 912 qui
1257 841 1570 912 diliguntur
1606 843 1790 896 dicere

221 933 453 994 solemus,
486 931 638 1002 quod
658 936 791 984 ante
816 931 1003 986 oculos
1033 919 1364 985 habeantur.
1399 932 1515 986 Hoc
1544 938 1631 986 est
1658 949 1791 1002 ergo

222 1027 558 1090 cognoscentes
607 1022 801 1086 Deum,
856 1023 968 1074 imo
1016 1023 1223 1088 cogniti
1277 1037 1313 1074 a
1371 1022 1492 1086 Deo,
1543 1021 1692 1092 quod
1740 1027 1796 1076 et

219 1112 433 1163 Joannes
461 1109 607 1164 dixit
631 1127 642 1161 :
669 1109 792 1163 Νοη
809 1111 954 1177 quod
981 1125 1075 1162 nos
1107 1110 1465 1164 dilexerimus
1490 1112 1680 1176 Deum,
1706 1113 1796 1166 sed

221 1202 333 1266 quia
361 1202 465 1267 ipse
495 1199 695 1252 dilexit
734 1214 832 1251 nos
863 1199 910 1266 (I
932 1200 1093 1252 Joan.
1127 1201 1222 1267 ιν).

276 1289 436 1343 Estote
462 1290 608 1341 sicut
639 1293 687 1340 et
718 1303 830 1354 ego,
862 1291 995 1355 quia
1025 1293 1075 1341 et
1106 1305 1197 1356 ego
1234 1291 1375 1342 sicut
1407 1304 1516 1343 vos.
1551 1288 1789 1356 (Ambr.)

218 1377 319 1430 Hoc
331 1377 458 1429 dicit
479 1383 545 1430 ut
565 1376 704 1430 dent
723 1392 953 1447 operam
973 1376 1288 1448 corrigendi
1315 1393 1398 1442 ea,
1425 1377 1559 1448 quia
1576 1394 1688 1432 non
1709 1383 1794 1432 est

217 1464 536 1536 impossibile
565 1471 631 1519 ut
653 1465 771 1519 sint
799 1465 945 1519 sicut
963 1465 1100 1536 ipse,
1125 1466 1259 1536 quia
1285 1473 1344 1520 et
1372 1468 1492 1537 ipse
1522 1473 1646 1520 erat
1666 1467 1788 1532 hoc,

219 1555 266 1607 id
289 1562 382 1618 est,
414 1555 609 1620 homo,
643 1555 793 1625 quod
821 1553 978 1608 etilli
1003 1573 1015 1621 ;
1049 1561 1107 1608 et
1131 1571 1259 1609 cum
1289 1555 1487 1610 fuisset
1514 1555 1572 1609 in
1605 1572 1794 1610 errore

217 1660 536 1714 persequens
559 1643 883 1707 Ecclesiam,
905 1649 1193 1714 correptus
1206 1644 1480 1698 convertit
1497 1662 1575 1698 se.
1594 1645 1664 1711 (Η
1669 1648 1791 1704 ier.)

1872 500 2028 537 mum
2062 485 2381 555 praedicavit
2420 486 2530 540 illis
2574 487 2936 557 Evangelium
2983 489 3103 544 Dei.
3145 492 3274 563 Ipso
3321 495 3472 550 enim

1872 578 2125 643 tempore
2155 574 2378 644 injuriis
2406 575 2681 645 agebatur
2705 577 3006 646 Apostolus
3034 585 3091 633 et
3119 581 3362 638 caedibus
3387 583 3471 639 in-

1873 661 2237 716 ﬁrmabatur:
2262 663 2519 718 infirmus
2548 664 2697 719 enim
2726 665 2965 730 videtur,
2989 667 3085 738 qui
3114 669 3466 740 humiliatur,

1875 757 1932 804 et
1959 768 2071 805 non
2111 752 2323 806 resistit
2352 761 2580 824 propter
2619 754 2981 823 Evangelium
3012 757 3133 810 Dei.
3171 759 3240 813 Et
3279 761 3338 815 in
3371 763 3476 818 hoc

1874 840 2069 894 laudat
2095 842 2468 896 constantiam
2483 859 2697 907 eorum,
2718 844 2852 914 quia
2870 860 2983 898 non
3001 852 3136 900 sunt
3155 847 3420 905 abstracti
3441 869 3477 906 a

1875 929 1986 982 ﬁde
2005 948 2018 994 ;
2043 929 2120 1000 inj
2129 931 2264 984 uriae
2286 931 2437 984 enim
2451 932 2704 1003 Apostoli
2725 932 2962 987 tentatio
2981 941 3104 989 erat
3121 936 3470 1008 Galatarum,

1876 1017 1937 1071 in
1965 1035 2076 1088 qua
2106 1019 2253 1072 firmi
2283 1019 2494 1074 inventi
2525 1027 2660 1074 sunt
2686 1038 2799 1076 non
2831 1021 3154 1079 dubitantes
3182 1026 3310 1081 ﬁde.
3342 1029 3474 1083 Pos-

1876 1113 2002 1160 sent
2029 1107 2180 1161 enim
2205 1108 2530 1163 scandalum
2561 1109 2728 1180 passi,
2759 1109 2942 1164 dicere
2978 1129 2989 1164 :
3022 1112 3155 1177 Quae
3187 1121 3272 1170 est
3300 1117 3476 1174 virtus

1875 1201 1975 1250 aut
1996 1214 2124 1267 spes
2143 1196 2202 1250 in
2223 1198 2328 1252 hac
2354 1198 2482 1263 ﬁde,
2509 1199 2733 1270 quando
2761 1199 3018 1254 minister
3045 1203 3167 1272 ejus
3194 1203 3274 1259 sic
3297 1205 3478 1262 humi-

1875 1284 2082 1338 liatur?
2107 1286 2216 1340 Sed
2239 1287 2372 1357 quia
2383 1287 2504 1358 jam
2535 1288 2789 1342 animum
2809 1287 3012 1344 futuris
3033 1291 3239 1362 spebus
3269 1294 3474 1351 infece-

1876 1379 2021 1439 rant,
2053 1383 2354 1445 prsesentes
2389 1375 2570 1430 exitus
2598 1393 2699 1448 pro
2729 1377 2937 1432 Christi
2970 1381 3196 1435 nomine
3217 1399 3328 1438 non
3350 1402 3475 1455 per-

1875 1463 2259 1529 timescebant,
2283 1465 2422 1519 certi
2453 1466 2620 1519 ﬁdem
2651 1473 2901 1520 nostram
2922 1485 3034 1522 non
3065 1469 3123 1524 in
3152 1473 3339 1538 terris,
3371 1475 3471 1529 sed

1875 1551 1934 1605 in
1961 1552 2113 1606 ccelis
2139 1553 2346 1607 habere
2373 1553 2726 1624 dignitatem,
2758 1561 2817 1609 et
2845 1573 2944 1626 pro
2976 1557 3062 1611 his
3093 1558 3477 1617 tribulationi-

1874 1639 1980 1694 bus
2006 1659 2213 1712 magna
2238 1643 2468 1714 rependi
2499 1644 2748 1714 praemia.
2783 1644 2976 1715 (Hier.)
3009 1647 3139 1702 Haec
3168 1649 3394 1720 quidem
3423 1658 3482 1706 et

217 1733 357 1795 Quod
376 1733 510 1786 dicit
533 1733 652 1786 tale
673 1739 788 1786 est:
813 1733 1090 1804 quomodo
1111 1750 1213 1803 ego
1233 1732 1389 1787 vobis
1409 1733 1648 1787 inﬁrmis
1669 1750 1795 1790 sum
1816 1715 1863 1774 Β
1881 1745 1981 1784 nos
2005 1731 2076 1784 ad
2097 1731 2472 1786 humilitatem
2493 1739 2812 1803 provocant,
2837 1741 2895 1787 et
2923 1715 3284 1806 supercilium
3315 1739 3480 1796 decu-

217 1821 371 1876 factus
398 1821 684 1888 infirmus,
719 1829 777 1876 et
804 1839 916 1875 non
944 1821 1100 1892 potui
1142 1822 1296 1894 loqui
1337 1828 1401 1876 ut
1429 1822 1792 1893 spiritalibus,
1878 1819 2032 1873 tiunt
2058 1820 2465 1891 episcOporum,
2491 1821 2585 1892 qui
2615 1823 2766 1875 velut
2793 1823 2852 1876 in
2879 1823 3069 1895 aliqua
3097 1826 3323 1882 sublimi
3355 1846 3478 1900 spe-

217 1911 300 1964 sed
325 1911 481 1981 quasi
505 1910 832 1964 carnalibus
865 1917 923 1964 et
948 1911 1191 1982 parvulis
1219 1911 1279 1964 in
1307 1911 1550 1976 Christo,
1582 1916 1640 1966 et
1667 1912 1800 1982 quia
1880 1909 2004 1962 cula
2023 1910 2330 1974 constituti,
2356 1910 2442 1963 vix
2461 1910 2766 1979 dignantur
2785 1911 2974 1966 videre
3003 1917 3289 1984 mortales,
3317 1923 3374 1971 et
3399 1919 3480 1972 a1-

215 2000 432 2054 necdum
461 2000 744 2072 poteratis
767 1999 946 2054 solido
975 1999 1096 2054 cibo
1125 2000 1290 2065 vesci,
1321 2001 1648 2070 Evangelico
1677 2007 1800 2054 tan-
1881 1997 2032 2068 loqui
2062 2015 2356 2052 conservos
2393 2015 2540 2053 suos.
2573 1999 2801 2054 Discant
2827 2000 2897 2054 ab
2925 2003 3192 2072 Apostolo
3220 2013 3474 2061 errantes

215 2097 319 2142 tum
344 2090 486 2143 lacte
519 2089 734 2160 potavi,
753 2089 949 2143 nolens
975 2089 1036 2143 in
1063 2095 1228 2144 aetate
1257 2107 1352 2144 vos
1373 2107 1596 2160 semper
1621 2089 1799 2144 infan-
1879 2091 1938 2140 et
1969 2086 2298 2158 insipientes
2325 2087 2570 2154 Galatas,
2604 2088 2806 2142 fratres
2837 2091 3049 2157 vocari;
3083 2092 3306 2148 discant
3347 2102 3476 2166 post

213 2177 292 2232 tiae
314 2194 674 2248 permanere,
705 2177 804 2232 sed
843 2178 1115 2248 paulatim
1141 2178 1212 2232 ad
1249 2178 1706 2246 adolescentiam,
1739 2185 1798 2233 et

205 2269 546 2334 juventutem
569 2283 748 2337 usque
768 2267 1090 2337 perducere,
1105 2273 1168 2321 ut
1187 2267 1430 2322 solidum
1456 2267 1644 2321 cibum
1675 2285 1798 2338 pos-

209 2356 326 2408 setis
343 2356 607 2427 accipere
633 2374 644 2408 :
664 2356 744 2409 ita
764 2361 820 2409 et
839 2372 934 2410 vos
953 2355 1167 2410 debetis
1187 2373 1309 2410 esse
1335 2356 1480 2410 sicut
1506 2373 1608 2426 ego
1637 2373 1789 2411 sum:

207 2446 524 2514 perfectiora
556 2445 818 2499 videlicet
855 2461 1070 2516 sapere,
1108 2445 1341 2499 dimisso
1370 2445 1532 2510 lacte,
1569 2446 1638 2498 ad
1680 2445 1794 2500 for-

209 2534 357 2589 tiores
375 2534 536 2588 cibos
567 2541 626 2588 et
647 2535 718 2587 ad
741 2533 947 2604 pabula
964 2533 1206 2588 transire
1227 2535 1588 2604 majora.Hoc
1605 2541 1795 2588 autem

205 2622 434 2694 loquitur
450 2623 628 2695 quasi
651 2622 955 2677 Salvatoris
983 2622 1254 2689 imitator,
1279 2625 1378 2691 qui
1400 2639 1511 2676 non
1531 2626 1794 2691 rapinam

204 2713 492 2766 arbitratus
526 2718 609 2766 est
636 2729 742 2765 esse
773 2729 827 2764 se
857 2714 1120 2780 aqualem
1155 2713 1278 2776 Deo,
1309 2713 1402 2765 sed
1434 2714 1672 2780 seipsum
1709 2729 1796 2766 ex-

202 2801 426 2854 inanivit
445 2803 700 2868 formam
715 2802 861 2852 servi
879 2801 1166 2866 accipiens,
1181 2804 1230 2852 et
1244 2799 1436 2852 habitu
1455 2802 1712 2853 inventus
1733 2805 1796 2853 ut

203 2887 339 2942 homo
361 2889 530 2953 (Phil.
571 2891 646 2954 ιι),
679 2893 745 2941 ut
763 2903 866 2941 nos
885 2886 963 2940 dii
993 2888 1255 2942 ﬁeremus
1277 2905 1342 2941 ex
1365 2887 1704 2954 hominibus,
1737 2893 1794 2942 et

201 2993 298 3031 non
323 2978 474 3032 ultra
503 2993 888 3042 moreremur;
922 2977 1020 3030 sed
1048 2981 1510 3046 conresurgentes
1549 2977 1789 3043 Christo,

203 3066 351 3120 amici
377 3067 504 3136 ejus
539 3066 881 3129 diceremur,
901 3070 959 3119 et
979 3064 1202 3132 fratres,
1222 3072 1287 3120 ut
1314 3072 1463 3120 esset
1491 3065 1796 3138 discipulus

201 3154 331 3210 sicut
357 3155 659 3226 magister,
695 3162 753 3208 et
781 3170 974 3208 servus
1003 3154 1146 3209 sicut
1173 3154 1453 3209 dominus.
1479 3155 1672 3209 Potest
1701 3171 1796 3209 au-

203 3253 304 3296 tem
331 3251 388 3298 ct
403 3244 490 3298 ita
521 3243 767 3313 intelligi
801 3261 812 3294 :
848 3242 1074 3297 obsecro
1103 3260 1218 3309 vos,
1252 3243 1466 3313 inquit;
1490 3242 1709 3309 fratres,
1735 3248 1798 3297 ut

200 3331 417 3386 Judaica
435 3331 840 3386 observatione
867 3337 1204 3402 contempta,
1225 3331 1465 3398 dierum,
1493 3332 1792 3397 mensium,

200 3427 512 3492 temporum
547 3415 720 3490 atque
741 3437 1036 3486 annorum,
1057 3437 1180 3491 quae
1200 3426 1333 3474 sunt
1358 3419 1569 3475 umbrae
1585 3421 1799 3475 futuro-

202 3526 335 3571 rum,
368 3527 462 3564 me
493 3509 826 3574 imitemini,
860 3509 955 3580 qui
984 3509 1104 3563 sine
1126 3510 1355 3580 querela
1372 3509 1433 3564 in
1460 3511 1583 3580 lege
1609 3527 1797 3564 versa-

201 3609 298 3664 tus,
319 3599 519 3653 omnia
552 3597 859 3651 arbitratus
881 3615 1007 3652 sum
1039 3599 1196 3668 quasi
1227 3604 1601 3668 purgamenta
1629 3606 1798 3670 atque

205 3688 552 3758 quisquilias,
587 3691 652 3740 ut
681 3687 968 3740 Christum
1005 3687 1391 3741 lucrifacerem
1434 3689 1657 3758 (Philip.
1699 3697 1800 3757 Ill):

1879 2175 2317 2246 increpationem
2353 2176 2561 2230 blanda
2593 2177 2762 2231 verba
2807 2178 3060 2244 dicentis,
3107 2181 3330 2236 Obsecro
3361 2200 3475 2239 vos.

1879 2263 2039 2328 Quod
2069 2271 2259 2319 autem
2302 2265 2558 2319 obsecrat
2600 2266 2737 2320 illud
2767 2273 2871 2332 est,
2909 2273 2972 2321 ut
3007 2267 3321 2324 imitatores
3353 2272 3477 2342 ejus

1877 2353 1991 2406 sint
2015 2353 2160 2406 sicut
2187 2353 2304 2424 ipse
2333 2353 2560 2408 Christi.
2586 2355 2706 2408 Imo
2733 2361 2798 2408 ut
2825 2361 3159 2426 prasentem
3183 2358 3365 2413 locum
3395 2377 3478 2414 se-

1877 2459 2035 2512 quar,
2069 2441 2209 2496 nihil
2239 2448 2326 2496 est
2352 2443 2565 2512 grande
2605 2443 2753 2514 quod
2793 2445 3058 2514 postulat,
3093 2451 3156 2500 ut
3194 2447 3474 2517 quomodo

1876 2531 1997 2600 ipse
2026 2536 2255 2601 prOpter
2282 2531 2405 2585 illos
2425 2531 2495 2585 de
2515 2532 2716 2602 majori
2739 2532 2917 2586 factus
2939 2538 3028 2587 est
3045 2533 3231 2588 minor
3255 2553 3267 2587 :
3293 2535 3374 2590 sic
3391 2535 3476 2591 illi

1877 2636 1912 2673 a
1931 2619 2241 2674 minoribus
2257 2621 2328 2674 ad
2347 2621 2563 2690 majora
2578 2622 2972 2676 conscendant.
2990 2623 3145 2676 Nihil
3162 2624 3474 2697 me,inquit,

1877 2711 2106 2763 lssistis.
2120 2709 2297 2763 Laedit
2306 2709 2613 2780 discipulus
2633 2709 2986 2780 magistrum,
3006 2728 3167 2783 snper
3189 2713 3478 2784 negligen-

1875 2797 2015 2851 tiam
2027 2815 2189 2852 suam
2205 2803 2484 2869 praecepta
2503 2799 2625 2868 ejus
2645 2798 3006 2871 laboremque
3029 2800 3336 2872 disperdat.
3352 2803 3479 2858 Non

1873 2886 2137 2941 laeserant
2148 2887 2361 2942 Galatae
2371 2888 2720 2958 Apostolum,
2736 2905 2913 2959 usque
2925 2889 2983 2944 in
2994 2907 3240 2960 praesens
3253 2897 3476 2964 tempus

1876 2975 2239 3045 Evangelium
2257 2977 2380 3046 ejus
2393 2992 2456 3030 ac
2479 2976 2746 3030 mandata
2754 2981 3180 3034 servantes.Aut
3195 2987 3345 3036 certe
3358 2981 3438 3036 ita
3461 2999 3473 3035 :

1878 3064 2101 3135 quando
2111 3065 2266 3119 vobis
2283 3065 2528 3136 primum
2547 3065 2906 3136 Evangelium
2917 3068 3261 3134 annuntiavi,
3285 3075 3344 3124 et
3357 3087 3482 3141 pro-

1877 3158 2004 3224 pter
2015 3153 2402 3207 infirmitatem
2413 3154 2596 3207 carnis
2608 3160 2822 3220 vestrae,
2841 3155 2974 3226 quia
2983 3173 3094 3210 non
3106 3158 3376 3228 poteratis
3393 3176 3478 3214 sa-

1877 3247 2167 3296 cramenta
2175 3242 2458 3312 suscipere
2471 3243 3004 3313 majora,praedicavi
3018 3244 3170 3300 vobis
3183 3247 3342 3317 quasi
3355 3264 3481 3318 par-

1878 3331 2039 3396 vulis,
2055 3337 2112 3384 et
2122 3347 2210 3384 me
2221 3331 2404 3401 ipsum
2417 3330 2702 3386 infirmum
2714 3348 2835 3386 esse
2851 3332 3128 3400 simulavi,
3147 3341 3213 3389 ut
3224 3353 3318 3390 vos
3329 3336 3482 3390 inﬁr-

1879 3435 2000 3473 mos
2012 3419 2597 3483 lucrifacerem,nonne
2611 3420 2773 3490 quasi
2785 3423 3048 3490 angelum
3057 3423 3380 3496 suscepistis
3393 3442 3482 3480 me

1881 3507 2329 3578 quasiChristum
2341 3509 2370 3562 J
2375 3525 2472 3562 esu
2479 3510 2704 3562 m?Cum
2717 3509 2955 3580 igiturin
2967 3512 3121 3564 nullo
3131 3529 3222 3566 me
3231 3518 3485 3584 tempore

1883 3597 2156 3663 laeseritis,
2178 3603 2235 3650 et
2249 3614 2339 3650 me
2363 3597 2532 3650 vestri
2549 3613 2720 3650 causa
2734 3597 3004 3652 humilem
3019 3605 3188 3670 atque
3201 3601 3288 3670 dej
3296 3607 3479 3656 ectum

1885 3684 2125 3738 similem
2139 3686 2238 3738 Dei
2255 3685 2394 3739 Filio
2409 3686 2754 3755 putaveritis,
2775 3687 3052 3756 quomodo
3069 3688 3139 3741 ad
3153 3690 3371 3760 majora
3385 3707 3483 3745 vos

203 3776 292 3830 Fui
319 3778 538 3848 quippe
571 3782 630 3830 et
659 3791 762 3845 ego
791 3775 935 3829 sicut
955 3793 1050 3829 vos
1078 3792 1228 3830 nunc
1257 3776 1409 3840 estis,
1442 3793 1570 3830 cum
1592 3776 1803 3831 eisdem
1885 3790 2189 3844 provocans
2210 3774 2382 3828 laedor
2405 3773 2914 3844 avobis,perdendo
2932 3774 3179 3830 laborem
3202 3793 3410 3843 meum,
3427 3785 3484 3832 et

203 3863 687 3920 observationibus
709 3864 937 3918 strictus
965 3863 1217 3931 tenebar,
1242 3870 1299 3918 et
1319 3865 1620 3919 Ecclesiam
1647 3865 1804 3919 Chri-
1884 3861 2357 3933 dispensationem
2377 3862 2533 3915 illam
2553 3879 2666 3932 qua
2685 3879 2774 3916 me
2796 3863 3092 3933 parvulum
3119 3881 3240 3919 esse
3259 3865 3486 3921 simula-

201 3955 281 4019 sti,
311 3955 446 4026 quia
486 3955 608 4008 ista
637 3970 750 4008 non
777 3952 1003 4018 faceret,
1028 3969 1389 4024 persequens,
1421 3953 1798 4007 devastabam.
1884 3959 2073 4004 veram
2101 3951 2261 4005 irrito
2303 3968 2470 4022 opere
2498 3967 2647 4005 nunc
2678 3952 2924 4022 lugetis?
2961 3952 3071 4006 Per
3096 3953 3487 4012 inﬁrmitatem

263 4044 506 4110 Fratres,
562 4044 773 4096 obsecro
825 4059 930 4108 vos,
983 4043 1127 4096 nihil
1183 4058 1266 4096 me
1326 4045 1556 4096 laesistz's.
1612 4043 1800 4113 (Aug)
1886 4045 2076 4094 autem
2092 4039 2276 4094 carnis
2300 4057 2414 4094 non
2439 4057 2570 4105 suae,
2588 4041 2686 4095 sed
2709 4041 3080 4110 audientium,
3101 4043 3317 4099 Galatis
3346 4045 3489 4100 Pau-

199 4132 488 4204 Tanquam
505 4131 562 4185 si
580 4131 821 4185 diceret:
845 4131 929 4184 Ne
945 4146 1079 4200 ergo
1099 4130 1307 4201 putetis
1323 4131 1470 4201 quod
1488 4131 1804 4200 egolaedere
1886 4130 1974 4182 lus
2002 4128 2320 4194 annuntiat,
2353 4129 2448 4201 qui
2494 4147 2605 4184 non
2644 4135 2906 4202 poterant
2944 4148 3173 4188 carnem
3211 4133 3489 4206 subjicere

203 4236 286 4274 vos
320 4221 582 4292 cupiam.
635 4219 874 4288 (Ambr.)
917 4219 1078 4273 Nunc
1131 4218 1324 4273 mitius
1371 4219 1490 4290 agit
1529 4235 1659 4273 cum
1701 4220 1802 4286 eis,
1886 4218 2053 4272 verbo
2071 4218 2208 4272 Dei:
2243 4219 2342 4272 sed
2368 4219 2529 4290 quasi
2555 4220 2743 4274 carnei
2764 4237 3120 4294 nequaquam
3143 4223 3488 4294 recipiebant

203 4315 252 4363 et
273 4309 423 4365 bona
467 4325 678 4363 eorum
705 4307 902 4378 incipit
939 4323 1272 4374 memorare,
1307 4313 1371 4362 ut
1407 4313 1533 4378 post
1573 4306 2318 4407 magnasDintelligentiam
2348 4308 2680 4379 spiritalem.
2715 4310 2874 4373 Quod
2912 4317 2976 4364 ut
3023 4312 3335 4367 evidentius
3365 4315 3483 4379 ﬁat,

205 4399 610 4470 correptiones,
644 4396 792 4450 bona
821 4413 993 4467 opera
1020 4413 1123 4450 sua
1150 4397 1458 4462 audientes,
1493 4413 1810 4452 recrearen-
1827 4396 1869 4407 “’
1891 4397 2116 4468 aliquod
2139 4413 2414 4468 ponamus
2442 4399 2758 4468 exemplum
2783 4416 2794 4450 :
2823 4415 2924 4468 per
2942 4399 3332 4453 infirmitatem
3364 4418 3488 4455 car-

205 4493 304 4552 tur,
331 4494 389 4542 et
409 4488 562 4542 data
587 4502 758 4557 opera
799 4485 1172 4540 reformarent
1199 4503 1278 4552 se,
1309 4503 1380 4539 ne
1408 4485 1810 4556 objurgationi-

207 4575 298 4630 bus
316 4578 547 4630 diutius
563 4564 740 4646 pressi
757 4573 1134 4645 asperioribus
1150 4576 1351 4629 ﬁerent
1365 4573 1698 4629 exacerbati.
1715 4575 1812 4630 Ni-

209 4664 278 4719 hil
295 4672 496 4720 tamen
524 4664 635 4719 sibi
654 4665 911 4718 nocuisse
930 4663 1053 4718 illos
1081 4663 1235 4728 dicit,
1272 4663 1408 4734 ipsis
1438 4663 1589 4717 enim
1617 4664 1812 4720 aberat

209 4754 472 4810 delictum
503 4755 735 4808 illorum
764 4773 775 4807 :
813 4752 1113 4823 Apostolus
1150 4752 1300 4806 enim
1336 4753 1665 4824 impleverat
1693 4754 1813 4808 ofﬁ-

211 4843 348 4899 cium
375 4841 826 4915 dispensationis
855 4840 961 4895 sibi
979 4841 1220 4906 creditaa,
1253 4847 1318 4896 ut
1345 4842 1499 4895 omni
1529 4858 1659 4895 cum
1689 4841 1812 4896 dili-

212 4935 394 5003 gentia
429 4931 772 5005 praedicaret
799 4930 901 4997 eis,
933 4929 1076 4984 sicut
1103 4930 1241 4984 dicit
1271 4930 1545 4985 Dominus
1579 4930 1650 4984 ad
1681 4947 1810 5000 pro-

214 5021 434 5091 phetam
471 5019 729 5076 Ezechiel
759 5037 770 5071 :
804 5020 902 5082 Tu,
932 5018 1134 5088 inquit,
1164 5020 1422 5086 przdz'ca,
1453 5022 1504 5072 si
1544 5024 1591 5072 te
1623 5020 1814 5073 audie-

215 5113 340 5171 rint,
373 5112 692 5165 lucraveris
722 5124 806 5162 eos
833 5123 850 5158 :
882 5110 933 5160 si
961 5123 1068 5176 quo
1087 5109 1298 5173 minus,
1326 5112 1386 5161 tu
1413 5109 1651 5162 salvabis
1681 5111 1811 5163 ani-

219 5215 356 5252 mam
388 5205 560 5252 tuam
591 5197 801 5265 (Ezech.
833 5200 929 5266 In).

279 5285 446 5342 Scitis
467 5292 658 5340 autem
677 5287 814 5356 quia
829 5300 930 5354 per
943 5288 1331 5353 inﬁrmitatem
1346 5287 1537 5341 carnis
1549 5287 1820 5353 evangeli-

226 5380 337 5430 ,τστὶ
373 5377 535 5430 vobis
560 5375 920 5445 jampridem,
953 5379 1003 5428 et
1032 5379 1384 5430 tentationem
1427 5379 1664 5429 vestram
1702 5390 1820 5444 quae

1891 4486 1980 4540 nis
2023 4486 2186 4540 docet
2221 4485 2315 4556 qui
2355 4485 2490 4540 dicit
2531 4504 2543 4538 :
2589 4486 2653 4542 Si
2679 4503 2732 4540 se
2776 4503 2888 4540 non
2929 4491 3228 4554 continent,
3271 4490 3488 4545 nubant

1893 4575 1948 4646 (Ι
1972 4575 2092 4629 σον.
2126 4574 2246 4642 vn);
2282 4579 2340 4627 et
2368 4593 2378 4626 :
2415 4575 2635 4638 Mulier,
2670 4577 2721 4628 si
2751 4579 3005 4627 mortuus
3031 4576 3206 4642 fuerit
3235 4579 3324 4630 vir
3349 4582 3486 4648 ejus,

1893 4665 2067 4716 libera
2087 4668 2194 4726 est;
2219 4667 2311 4716 cui
2325 4666 2444 4716 vult
2471 4664 2662 4727 nubat,
2687 4667 2907 4716 tantum
2928 4665 2991 4716 in
3013 4665 3484 4738 1)omino(Ibid.):

1893 4767 2248 4822 nequaquam
2278 4765 2404 4804 vero
2428 4767 2528 4820 per
2551 4750 2936 4805 infirmitatem
2967 4752 3150 4808 carnis
3179 4755 3358 4821 docet,
3384 4757 3494 4812 ista
3581 4753 3588 4764 ’

1892 4851 2336 4894 commemorans
2368 4857 2379 4891 :
2417 4837 2642 4892 Solutus
2671 4857 2723 4893 es
2752 4841 2821 4894 ab
2863 4857 3053 4908 uxore,
3101 4847 3221 4898 noli
3251 4862 3492 4913 quaerere

1892 4945 2120 4982 uxorem
2135 4947 2152 4994 ;
2179 4934 2235 4982 et
2263 4945 2274 4979 :
2312 4929 2536 4996 Tempus
2556 4933 2630 4981 est
2660 4934 2724 4982 ut
2752 4935 2802 4998 et
2827 4933 2927 4998 qui
2950 4931 3149 4986 habent
3175 4949 3390 4999 uxores,
3415 4939 3494 4990 sic

1893 5021 2007 5072 sint
2027 5020 2188 5086 quasi
2209 5033 2320 5071 non
2339 5017 2611 5071 habentes.
2629 5017 2757 5071 Alia
2776 5019 2982 5090 quippe
3002 5027 3279 5094 praecepta
3293 5022 3363 5076 ad
3383 5023 3494 5094 spi-

1898 5106 2107 5162 ritales.
2141 5106 2251 5159 alia
2281 5105 2488 5160 dantur
2518 5105 2589 5160 ad
2619 5107 2892 5161 carnales.
2930 5109 3000 5162 Et
3041 5108 3194 5163 aliud
3223 5115 3310 5164 est
3345 5112 3493 5182 quod

1894 5196 2056 5264 juxta
2072 5193 2387 5265 imperium,
2412 5194 2564 5248 aliud
2583 5195 2732 5266 quod
2747 5196 2910 5264 juxta
2931 5195 3339 5266 indulgentiam
3359 5216 3496 5272 prae-

1899 5283 2122 5355 cipitur.
2145 5283 2212 5337 Et
2233 5286 2604 5348 tentalionem,
2624 5283 2826 5354 inquit,
2847 5289 3084 5338 vestram
3106 5287 3170 5340 in
3185 5303 3352 5342 carne
3374 5305 3496 5345 mea

1905 5388 2018 5427 non
2045 5374 2344 5440 spreristis.
2363 5371 2646 5426 Obscurus
2676 5373 2830 5426 locus
2856 5378 2960 5438 est,
2994 5373 3178 5428 acrius
3207 5378 3498 5434 attenden-

227 5470 418 5520 eratin
435 5479 610 5519 carne
629 5479 751 5518 mea
771 5479 884 5516 non
902 5467 1197 5532 sprevistis,
1216 5480 1385 5534 neque
1403 5467 1708 5533 respuistis,
1733 5464 1824 5517 sed
1904 5462 2008 5516 dus
2029 5478 2040 5512 :
2064 5477 2198 5532 ergo
2217 5460 2463 5532 quidem,
2487 5461 2584 5527 ait,
2611 5461 2770 5532 quasi
2789 5461 3034 5532 parvulis
3053 5462 3207 5518 vobis
3230 5471 3400 5538 atque
3421 5468 3498 5522 la-

231 5557 358 5608 sicut
394 5556 670 5622 angelum
715 5552 817 5607 Dei
861 5555 1137 5622 excepistis
1189 5569 1298 5622 me,
1352 5556 1493 5608 sicut
1539 5552 1823 5607 Christum
1905 5549 2180 5607 ctentibus
2199 5566 2300 5622 per
2315 5549 2706 5606 inﬁrmitatem
2723 5550 2910 5611 carnis
2928 5557 3125 5609 vestrae
3136 5554 3261 5625 jam
3278 5555 3496 5626 pridem
