3880 6146
335 242 457 305 323ι

920 243 983 298 Β.
1027 240 1299 297 RABANI
1337 241 1569 298 MAURI
1606 241 1943 297 ARCHIEP.
1985 239 2308 296 MOGUNT.
2355 239 2653 296 OPERUM
2689 239 2874 295 PARS
2912 231 3010 294 iii.

3501 233 3604 292 324

337 370 730 444 evangeiinvi,
749 383 788 424 ι
804 365 1116 424 minoribus
1135 367 1425 437 incipiens,
1447 372 1522 432 et,
1541 373 1606 423 ut
1627 369 1708 422 ita
1725 367 1930 434 dicam,
1951 367 2260 428 Aostendit
2271 367 2462 434 fuisse,
2493 372 2558 421 ut
2585 381 2700 421 non
2726 365 2908 420 solum
2937 362 3080 418 bene
3107 360 3178 416 ab
3207 361 3289 416 eis
3315 367 3612 432 susceptus

333 462 482 533 apud
502 478 598 515 vos
617 473 760 530 pene
779 455 1125 521 balbutiens;
1147 473 1271 527 quae
1289 455 1632 528 dispensatio
1655 464 1712 511 et
1734 455 1931 528 pmdi-
2011 457 2102 522 sit,
2135 457 2235 511 sed
2263 462 2322 511 et
2347 457 2520 511 fortes
2539 455 2598 510 in
2628 455 2738 510 ﬁde
2751 452 2962 509 inventi
2984 457 3132 515 sunt,
3157 456 3213 505 et
3227 451 3375 521 quod
3397 450 3470 506 ad
3488 450 3613 506 lau-

331 549 568 606 cationis
598 548 835 603 inﬁrmae
863 543 1168 609 simulatio,
1188 561 1316 600 mea
1341 546 1570 616 quidem
1595 545 1930 616 gubernatio

335 645 474 702 erat,
520 637 617 692 sed
668 641 853 688 vestra
899 633 1156 696 tentatio,
1206 650 1278 688 an
1321 634 1474 688 vobis
1519 635 1824 705 placerent,
1864 640 1934 694 ,et

335 743 542 796 magna
563 725 884 778 viderentur
904 739 972 778 ea
995 739 1116 793 quae
1139 739 1239 793 pro
1262 723 1578 778 conditione
1603 724 1690 777 sui
1714 723 1934 777 minora

338 821 490 872 erant
505 854 518 880 ,
539 819 596 868 et
619 829 757 867 ame
777 811 937 882 quasi
958 811 1198 866 humilia
1215 811 1616 882 promebantur
1637 829 1647 864 :
1671 828 1793 882 quae
1813 812 1932 882 qui—

335 905 463 960 dem
491 918 587 957 vos
615 916 728 958 non
755 907 821 956 ut
850 915 1022 970 parva
1054 899 1152 956 sed
1183 906 1248 956 ut
1281 917 1487 970 magna
1522 901 1824 971 capientes,
1873 900 1932 953 in

335 999 556 1048 tantum
578 989 840 1045 admirati
870 989 1022 1048 estis,
1053 993 1117 1044 ut
1142 1005 1234 1044 me
1256 989 1351 1059 qui
1380 1005 1447 1043 ea
1473 988 1742 1060 loquebar
1769 989 1930 1061 quasi

335 1081 618 1151 angelum,
642 1085 716 1144 et,
742 1085 804 1132 ut
824 1079 948 1149 plus
963 1077 1165 1142 dicam,
1182 1079 1342 1149 quasi
1352 1078 1454 1133 Dei
1474 1078 1678 1132 Filium
1690 1078 1934 1148 suscipe-

336 1169 490 1224 retis.
519 1169 648 1223 Haec
678 1181 810 1237 ergo
842 1171 1022 1221 vestra
1061 1167 1296 1222 tentatio
1327 1182 1440 1237 qua
1465 1182 1570 1237 ego
1597 1183 1694 1220 vos
1721 1169 1782 1220 in
1809 1181 1932 1220 car-

335 1257 450 1314 nali
476 1257 586 1312 mei
605 1255 882 1312 sermonis
909 1254 1338 1310 annuntiatione
1358 1255 1665 1320 tentabam,
1689 1271 1801 1310 non
1828 1255 1934 1309 fuit

335 1352 656 1416 contempta
673 1362 777 1401 nec
801 1344 941 1408 vilis,
966 1345 1064 1399 sed
1083 1345 1208 1414 plus
1231 1358 1401 1414 quam
1432 1343 1801 1409 aestimabam,
1829 1345 1931 1398 ha-

337 1435 458 1489 buit
469 1433 1141 1504 dignitatisPotestlocus
1161 1433 1266 1486 iste
1278 1439 1334 1486 et
1353 1432 1641 1486 itmlisseri
1663 1449 1674 1484 :
1699 1433 1933 1497 Quando

338 1523 462 1579 veni
506 1523 578 1578 ad
615 1535 728 1588 vos,
770 1538 882 1577 non
932 1521 1055 1576 veni
1089 1521 1147 1576 in
1186 1537 1446 1577 sermone
1487 1522 1794 1592 sapientiae,
1837 1521 1932 1575 sed

338 1613 506 1666 homo
526 1611 756 1666 humilis
786 1617 954 1680 atque
982 1616 1354 1680 contemptus,
1380 1610 1520 1666 nihil
1543 1627 1813 1680 magnum
1842 1611 1934 1664 de-

2012 546 2142 599 dem
2172 545 2352 614 magis
2385 544 2622 615 proﬁcit,
2655 542 2846 599 omnia
2874 555 3018 612 pene
3059 557 3163 596 sua
3197 539 3279 596 illi
3309 537 3618 594 obtulerint

2013 634 2388 705 proﬂiganda.
2433 633 2577 688 Hinc
2611 633 2738 703 plus
2783 631 2952 696 dolet,
2999 628 3134 700 quia
3170 633 3331 682 tanta
3367 627 3616 682 Charitas

2014 723 2280 778 subversa
2306 721 2490 777 fuerat
2517 738 2690 793 prava
2725 719 2998 774 doctrina.

2085 813 2228 879 Ergo
2249 815 2516 866 inimicus
2531 811 2678 867 vobis
2699 811 2878 876 factus
2890 825 3014 862 sum
3027 823 3218 862 verum
3233 808 3415 860 (licem
3430 807 3578 860 vobis
3595 812 3618 856 Ρ

2015 901 2132 956 Hoc
2153 900 2307 963 dicit,
2340 899 2474 971 quia
2499 915 2613 954 non
2640 903 2822 970 potest
2848 897 2989 962 ﬁeri,
3014 902 3076 952 ut
3103 894 3383 960 inimicus,
3409 893 3614 965 inquit,

2016 989 2168 1043 vobis
2194 990 2321 1056 sim,
2366 1003 2605 1059 quorum
2633 992 2794 1042 tanta
2830 985 2980 1042 sensi
3009 984 3296 1056 obsequia.
3335 983 3446 1040 Sed
3484 983 3621 1054 quia

2015 1095 2182 1134 nemo
2205 1095 2265 1132 se
2293 1077 2454 1147 argui
2484 1077 2600 1131 vult
2627 1082 2932 1140 errantem,
2950 1074 3156 1130 idcirco
3177 1072 3331 1134 vobis
3355 1071 3620 1128 inimicus

2017 1167 2206 1220 videor
2225 1169 2378 1238 juste
2409 1183 2506 1219 vos
2536 1164 2970 1236 reprehendens.
2998 1164 3276 1231 (Πίον-οη.)
3297 1163 3504 1218 Beatus
3534 1168 3622 1215 est

2017 1255 2114 1326 qui
2143 1255 2392 1310 ambulat
2418 1255 2478 1309 in
2505 1254 2776 1308 virtutum
2797 1252 2904 1316 via,
2923 1251 3022 1307 sed
3033 1251 3080 1306 si
3099 1251 3168 1306 ad
3188 1251 3422 1306 virtutes
3440 1266 3620 1320 usque

2015 1345 2350 1414 pervenerit,
2369 1360 2472 1398 nec
2493 1342 2722 1414 prodest
2737 1359 2771 1396 a
2788 1340 2934 1396 vitiis
2953 1339 3268 1404 recessisse,
3282 1339 3390 1394 nisi
3404 1338 3622 1408 optima

2014 1432 2454 1504 comprehendas
2470 1451 2483 1498 ς
2499 1431 2632 1503 quia
2649 1447 2762 1486 non
2775 1435 2890 1484 tam
2904 1429 3068 1485 initia
3088 1435 3220 1482 sunt
3239 1427 3297 1482 in
3319 1427 3478 1480 bonis
3498 1433 3620 1480 stu-

2015 1521 2123 1578 diis
2151 1521 2450 1587 laudanda,
2470 1537 2639 1591 quam
2655 1518 2804 1574 ﬁnis.
2828 1518 2984 1573 Sicut
3004 1517 3158 1572 enim
3180 1516 3240 1570 in
3269 1515 3436 1570 vinea
3453 1515 3620 1570 multi

2017 1622 2194 1680 usque
2227 1610 2297 1666 ad
2330 1610 2548 1681 prelum
2590 1625 2709 1662 uvae
2736 1605 2946 1676 gradus
2975 1613 3126 1671 sunt,
3158 1609 3216 1658 et
3242 1604 3488 1676 primum
3518 1620 3622 1659 ne-

337 1701 540 1764 ferens,
573 1699 919 1758 cruciﬁxum.
945 1699 1088 1752 Cum
1125 1697 1298 1768 igitur
1331 1715 1421 1754 me
1447 1698 1697 1754 videritis
1723 1699 1781 1754 in
1812 1717 1937 1754 cor-
1959 1687 2004 1747 Β
2021 1716 2173 1754 cesse
2189 1705 2274 1754 est
2293 1705 2357 1752 ut
2378 1698 2504 1752 vitis
2519 1696 2803 1768 germinet
2819 1695 2878 1750 in
2895 1694 3194 1766 pampinis,
3217 1709 3372 1764 spem
3391 1692 3625 1764 promit-

339 1806 473 1858 pore
499 1787 923 1844 inﬁrmitatibus
949 1787 1186 1842 obnoxio
1206 1788 1594 1848 constitutum,
1624 1804 1800 1859 regna
1827 1805 1938 1842 cte-
2020 1794 2106 1842 tat
2133 1788 2191 1844 in
2219 1787 2482 1854 ﬂoribus;
2515 1785 2718 1840 dehinc
2745 1790 2809 1840 ut
2837 1786 2976 1840 ﬂore
3004 1783 3238 1838 decusso
3268 1781 3447 1838 futuri
3474 1780 3626 1836 botri

338 1878 504 1932 lestia
556 1877 931 1948 pollicentem,
985 1893 1099 1930 non
1142 1877 1419 1941 irrisistis,
1470 1893 1573 1931 nec
1621 1877 1939 1932 aestimastis
2021 1877 2233 1948 species
2252 1877 2614 1940 deformetur,
2629 1873 3016 1945 paulatimque
3029 1879 3353 1942 turgescens
3372 1887 3480 1926 uva
3501 1886 3629 1941 par-

339 1965 572 2038 dignam
589 1982 710 2022 esse
729 1971 1053 2036 contemptu
1077 1982 1088 2016 :
1113 1965 1513 2035 intelligebatis
1534 1965 1740 2037 quippe
1761 1966 1943 2020 humi-
2021 1967 2216 2032 turiat,
2239 1971 2304 2020 ut
2325 1981 2517 2036 pressa
2538 1962 2911 2018 torcularibus
2933 1961 3118 2016 dulcia
3136 1968 3322 2020 musta
3349 1959 3590 2014 desudat
3612 1977 3622 2010 :

341 2055 558 2110 litatem
584 2055 770 2110 carnis
803 2071 958 2120 mea),
992 2060 1048 2108 et
1085 2054 1262 2124 ipsius
1299 2053 1522 2108 habitus
1569 2054 1839 2110 vilitatem
1869 2055 1940 2108 ad
2025 2055 2104 2110 ita
2136 2061 2195 2110 et
2219 2055 2278 2108 in
2308 2053 2567 2108 doctrina
2592 2051 2801 2122 singuli
2830 2049 3244 2106 beatitudinum
3273 2055 3407 2104 sunt
3435 2047 3627 2119 profe—

317 2149 580 2207 _vestram
604 2143 975 2198 tentationem
994 2143 1148 2210 ﬁeri;
1175 2159 1248 2197 an
1269 2143 1527 2198 videlicet
1547 2149 1936 2200 contemnere-
2023 2150 2165 2208 ctus,
2198 2149 2263 2199 ut
2289 2143 2482 2198 audiat
2510 2141 2634 2212 quis
2654 2140 2884 2196 verbum
2913 2139 3034 2206 Dei,
3066 2145 3130 2194 ut
3146 2137 3441 2208 concipiat,
3475 2143 3540 2192 ut
3569 2137 3630 2192 in

339 2233 412 2288 tis
439 2249 568 2288 cum
597 2233 692 2303 qui
715 2231 785 2288 ab
805 2231 1108 2288 incredulis
1128 2231 1463 2286 miserabilis
1490 2231 1820 2302 putabatur;
1840 2233 1938 2287 sed
2021 2238 2180 2287 utero
2197 2232 2399 2288 animae
2420 2232 2544 2301 ejus
2569 2230 2944 2295 adoiescat,et
2961 2228 3030 2282 ad
3053 2233 3279 2298 partum
3299 2243 3477 2298 usque
3501 2242 3629 2298 per-

339 2333 569 2378 econtra
597 2321 758 2376 illum
787 2321 1079 2386 humilem,
1114 2320 1280 2375 vilem
1320 2327 1489 2391 atque
1528 2327 1933 2392 contemptum,
2023 2321 2236 2388 veniat;
2264 2327 2322 2374 et
2339 2337 2468 2374 cum
2500 2319 2798 2391 pepererit,
2821 2318 3008 2381 iactet,
3030 2315 3294 2382 enutriat,
3322 2321 3382 2370 et
3406 2330 3509 2386 per
3535 2315 3628 2370 in-

338 2411 419 2466 ita
437 2419 500 2466 ut
516 2410 780 2480 angelum
797 2415 853 2464 et
873 2411 1170 2480 plusquam
1191 2411 1452 2478 angelum
1472 2409 1941 2480 suscepistis.Aut
2021 2409 2274 2474 fantiam,
2304 2408 2624 2480 pueritiam,
2659 2406 3110 2470 adolescentiam,
3143 2407 3516 2474 juventutem,
3551 2405 3628 2459 ad

338 2507 489 2554 certe
507 2499 779 2569 suspicari
797 2513 1093 2568 possumus
1103 2499 1453 2569 Apostolum,
1469 2515 1535 2552 eo
1555 2504 1808 2570 tempore
1829 2515 1938 2570 quo
2022 2497 2329 2569 perfectum
2351 2497 2530 2552 virum
2553 2513 2731 2566 usque
2751 2495 3039 2566 perducat.
3064 2495 3206 2548 Cum
3237 2508 3370 2564 ergo
3389 2493 3622 2564 singuli,

341 2587 584 2657 primum
615 2587 768 2641 venit
784 2587 854 2640 ad
886 2587 1136 2650 Galatas,
1169 2593 1486 2655 aagrotasse,
1507 2593 1565 2640 et
1593 2587 1785 2658 aliqua
1814 2603 1937 2642 cor-
2021 2592 2085 2640 ut
2099 2586 2359 2647 diximus,
2373 2586 2583 2655 gradus
2591 2586 2758 2656 juxta
2777 2584 3056 2655 profectus
3077 2597 3208 2638 suos
3229 2581 3474 2638 habeant
3494 2582 3627 2644 bea-

341 2675 559 2745 pusculi
587 2674 920 2730 inﬁrmitate
947 2675 1270 2738 detentum;
1305 2691 1413 2729 non
1446 2691 1693 2730 cessasse
1721 2681 1932 2741 tamen,
2021 2674 2340 2738 titudinem,
2373 2674 2421 2728 si
2451 2675 2600 2738 ﬁnis,
2623 2679 2695 2735 et,
2716 2679 2780 2728 ut
2799 2673 2880 2727 ita
2899 2673 3115 2744 loquar,
3138 2677 3390 2726 extrema
3419 2687 3628 2726 manus

337 2778 442 2818 nec
469 2779 660 2817 vocem
690 2762 915 2818 silentio
945 2762 1296 2832 repressisse,
1333 2779 1444 2833 quo
1477 2763 1664 2816 minus
1693 2771 1937 2834 cmptum
2019 2763 2174 2834 operi
2203 2762 2460 2827 defuerit,
2482 2768 2634 2817 totus
2653 2761 2811 2816 labor
2829 2761 3020 2815 irritus
3041 2761 3156 2824 ﬁet,
3178 2766 3236 2814 et
3263 2760 3499 2824 dicetur,
3526 2761 3630 2816 Ubi

341 2849 703 2920 Evangelium
732 2849 1080 2921 praedicaret.
1107 2850 1252 2904 Nam
1272 2850 1506 2904 tradunt
1525 2863 1653 2904 cum
1679 2850 1938 2920 gravissi-
2019 2857 2092 2906 est
2123 2867 2248 2919 ergo
2287 2853 2562 2906 beatitudo
2594 2857 2772 2906 vestra
2801 2855 2823 2902 ?
2852 2845 3136 2914 Quamvis,
3179 2849 3382 2920 inquit,
3431 2864 3526 2902 vos
3557 2863 3629 2902 eo

338 2954 502 3008 mum,
512 2938 712 3009 capitis
731 2938 982 2992 dolorem
1011 2953 1156 3008 saepe
1179 2955 1541 3008 perpessum;
1566 2945 1623 2993 et
1642 2939 1790 2994 hunc
1815 2957 1936 2993 esse
1967 3005 1998 3011 μ’
2019 2949 2271 3011 tempore
2301 2955 2412 3010 quo
2445 2939 2810 3010 Evangelium
2841 2940 3006 3009 juxta
3034 2954 3263 2992 carnem
3289 2953 3630 3008 suscepera-

333 3005 599 3098 angeluni
623 3028 864 3091 Satanae,
897 3026 992 3097 qui
1019 3005 1309 3098 appositus
1337 3027 1389 3082 ei
1413 3026 1503 3092 sit,
1538 3034 1602 3081 ut
1629 3043 1761 3082 eum
1791 3028 1937 3082 cola-
1957 3005 2000 3062 Ο
2017 3029 2110 3094 tis,
2130 3005 2628 3093 beatos—dicerem:
2630 3027 2779 3097 quod
2807 3005 2864 3082 in
2889 3027 3064 3081 initiis
3083 3024 3381 3080 fervebatis
3399 3044 3410 3078 :
3427 3005 3626 3082 tamen

331 3116 584 3187 phizaret
611 3115 669 3168 in
697 3131 866 3170 carne
895 3132 966 3168 ne
996 3116 1358 3169 extolleretur
1388 3117 1461 3176 «ΙΙ
1492 3117 1614 3169 Uor.
1648 3125 1764 3183 xu).
1805 3116 1936 3170 Haec
2018 3133 2184 3182 nunc,
2215 3117 2348 3188 quia
2374 3131 2486 3171 non
2506 3117 2666 3172 video
2688 3116 2922 3170 aedificio
2945 3115 3170 3170 culmen
3194 3114 3542 3188 impositum,
3565 3121 3630 3170 et

333 3204 652 3269 inﬁrmitas,
677 3210 734 3258 et
761 3204 998 3274 languor
1026 3203 1116 3257 hic
1143 3203 1408 3274 corporis,
1439 3204 1588 3274 apud
1619 3220 1712 3259 eos
1733 3203 1935 3274 quibus
2020 3223 2161 3276 pene
2183 3205 2564 3276 nequidquam
2578 3206 2734 3276 jacta
2749 3204 3098 3268 fundamina,
3115 3219 3283 3274 cogor
3294 3203 3498 3268 dicere,
3523 3203 3633 3258 Ubi

333 3292 775 3348 annuntiabatur
802 3291 1168 3363 Evangelium
1186 3292 1422 3346 tentatio
1451 3293 1574 3359 fuit,
1596 3309 1669 3347 an
1688 3299 1936 3348 contem-
2016 3302 2090 3350 est
2131 3311 2255 3362 ergo
2296 3296 2570 3348 beatitudo
2609 3299 2811 3358 vestra,
2844 3310 2958 3364 qua
2993 3310 3090 3348 vos
3116 3291 3309 3348 beatos
3339 3291 3634 3361 arbitrans.

333 3387 535 3436 nerant
554 3397 682 3436 eum
718 3379 983 3434 sublimia
1002 3381 1934 3452 promittentem,quemlanguori-
2016 3391 2151 3438 ante
2181 3383 2518 3438 laudabam?
2545 3383 2690 3436 Vere
2715 3383 2867 3438 enim
2903 3387 2960 3438 et
2991 3382 3111 3453 ipse
3142 3381 3340 3446 fateor,
3379 3382 3514 3452 quia
3541 3382 3632 3436 sic

332 3470 437 3524 bus
467 3469 716 3540 corporis
747 3468 1062 3539 subjectum
1091 3469 1352 3524 videbant
1385 3487 1395 3521 :
1431 3486 1533 3524 nec
1564 3483 1676 3524 non
1711 3477 1767 3524 et
1797 3470 1930 3524 illud
2017 3490 2108 3528 me
2137 3472 2291 3526 vobis
2321 3471 2559 3526 humilia
2586 3471 3002 3542 praedicantem,
3024 3470 3110 3526 vel
3138 3468 3632 3540 persecutionibus

334 3559 442 3613 dici
465 3565 666 3628 potest,
693 3558 840 3628 quod
875 3558 932 3610 in
952 3557 1224 3628 principio
1256 3559 1526 3613 adventus
1555 3559 1642 3614 sui
1677 3559 1746 3612 ad
1773 3560 1936 3613 Gala-
2017 3561 2419 3626 conflictatum,
2453 3561 2511 3614 in
2542 3560 2816 3632 principio
2844 3559 3136 3625 dilexistis,
3167 3567 3232 3614 ut
3257 3559 3307 3614 si
3337 3559 3458 3614 ﬁeri
3494 3576 3632 3630 pos-

333 3655 443 3714 tas,
468 3647 834 3702 contumelias
860 3654 918 3701 et
946 3647 1361 3718 persecutiones
1391 3653 1447 3702 et
1469 3649 1659 3718 plagas
1686 3647 1936 3718 corporis
1989 3687 1994 3692 -
2015 3658 2104 3704 set
2115 3649 2490 3722 (hyperbolice
2503 3656 2693 3704 autem
2707 3654 2840 3704 sunt
2855 3647 3179 3720 accipienda
3190 3666 3314 3719 quae
3328 3648 3627 3720 loquitur),

333 3737 404 3791 ab
425 3737 512 3790 his
531 3737 625 3807 qui
646 3735 1000 3790 contraibant
1019 3736 1318 3806 Evangelio
1337 3737 1686 3791 sustinuerit.
1703 3737 1773 3792 Et
1792 3737 1936 3792 hanc
2017 3738 2305 3794 eruissetis
2334 3737 2487 3792 vobis
2519 3737 2729 3803 oculos,
2749 3744 2807 3792 et
2835 3737 2974 3792 mihi
3003 3744 3067 3792 ut
3093 3737 3346 3792 omnium
3369 3743 3628 3792 vestrum

332 3826 506 3881 fuisse
525 3825 894 3880 tentationem
917 3825 999 3878 vel
1021 3825 1326 3878 ineximam
1348 3825 1580 3887 Galatis,
1605 3826 1936 3896 Apostolum
2017 3826 2325 3881 luminibus
2336 3827 2460 3898 plus
2471 3825 3630 3898 cernerem,dedissetis.0ptabatisquippe

335 3915 542 3970 Christi
558 3914 918 3968 cernentibus
937 3913 1236 3966 verberari.
1254 3914 1412 3976 Quod
1433 3920 1625 3968 autem
1642 3914 1752 3968 ait:
1783 3915 1935 3970 Sicut

332 4007 612 4070 angelum,
637 4007 775 4054 sicut
799 4003 1079 4054 Christ-um
1097 4003 1286 4054 Iesum
1309 4005 1616 4070 suscepistis
1639 4020 1740 4065 me,
1769 4008 1826 4057 et
1841 4019 1938 4056 an-

332 4089 460 4158 gelo
487 4089 774 4142 Christum
803 4087 1049 4141 ostendit
1075 4105 1197 4142 esse
1221 4090 1517 4158 majorem,
1542 4107 1710 4159 quem
1741 4107 1936 4146 secun-

335 4177 472 4230 dum
507 4176 984 4248 dispensationem
1023 4176 1273 4246 corporis
1317 4177 1596 4231 minorem
1639 4179 1936 4232 Psalmista

335 4271 661 4320 cantaverat
675 4265 865 4319 dicens
881 4283 892 4317 :
914 4267 1209 4320 Mizwrasti
1224 4281 1350 4318 cum
1359 4269 1530 4334 paulo
1545 4269 1735 4320 minus
1754 4269 1822 4320 ab
1835 4283 1936 4322 an—

335 4359 470 4423 gelis
497 4357 658 4424 (Psal.
703 4367 832 4422 Vili).
873 4355 942 4410 Et
979 4358 1201 4408 tantum
1239 4369 1344 4406 sua
1369 4353 1537 4408 verba
1569 4354 1628 4409 in
1661 4355 1934 4426 principio

339 4442 576 4497 valuisse
597 4443 966 4508 demonstrat,
981 4447 1045 4495 ut
1065 4441 1251 4512 angeli
1273 4446 1608 4512 putarentur
1628 4449 1685 4496 et
1702 4443 1930 4497 Christi.

342 4533 439 4586 Ubi
484 4538 560 4586 est
597 4548 722 4600 ergo
762 4533 1045 4586 beatitudo
1085 4536 1297 4584 vestra?
1318 4529 1568 4600 (Ambr.)
1605 4532 1806 4586 Beatos
1837 4533 1937 4586 hos

337 4620 508 4674 fuisse
546 4619 700 4682 dicit,
741 4621 891 4690 apud
937 4626 1167 4676 caeteras
1214 4618 1486 4674 Ecclesias
1522 4637 1623 4691 per
1669 4621 1744 4686 id,
1788 4622 1936 4690 quod

337 4707 590 4778 Apostoli
613 4707 833 4776 injuriis
853 4725 966 4763 non
984 4709 1404 4779 frangebantur,
1426 4709 1526 4764 sed
1539 4709 1936 4764 crescebantin

339 4795 468 4849 ﬁde.
498 4797 890 4849 Testimonium
917 4801 1072 4852 enim
1095 4801 1349 4867 peritich
1369 4801 1514 4852 vobis
1533 4817 1544 4851 :
1566 4803 1720 4868 quia,
1747 4802 1797 4854 si
1814 4802 1940 4866 ﬁeri

335 4888 527 4953 posset,
572 4887 750 4937 oculos
791 4889 988 4938 vestros
1035 4891 1312 4941 cruz'ssctis
1357 4895 1404 4942 et
1457 4889 1738 4942 dedissetis
1774 4889 1932 4944 mihi.

345 4973 533 5043 (Aug)
547 4972 662 5026 Cur
681 4970 833 5025 enim
857 4971 960 5025 hoc
981 4973 1102 5027 ﬁeri
1123 4991 1236 5029 non
1257 4982 1461 5046 posset,
1487 4975 1596 5030 nisi
1626 4977 1762 5048 quia.
1785 4977 1938 5046 justo.

341 5061 464 5115 ﬁeri
487 5059 810 5116 nullomodo
838 5061 1061 5130 posset?
1091 5062 1182 5116 Sic
1210 5071 1268 5117 et
1292 5064 1394 5118 Job
1414 5064 1527 5118 ait:
1555 5065 1782 5120 Utinam
1810 5081 1939 5134 pss-

340 5150 449 5204 sim
478 5167 568 5204 me
596 5149 874 5204 occidere!
910 5149 1042 5216 (Job.
1077 5153 1132 5216 x)
1163 5151 1243 5204 sic
1271 5158 1329 5206 et
1351 5152 1624 5208 Dominus
1644 5153 1716 5208 ad
1747 5153 1886 5210 Loth
1925 5172 1934 5204 :

265 5243 272 5254 '
341 5237 467 5294 Non
487 5244 694 5306 potero,
710 5237 913 5308 inquit,
937 5238 1112 5304 facere
1134 5254 1251 5291 rem
1269 5241 1435 5294 donec
1459 5247 1518 5294 tu
1541 5246 1679 5296 ιἰιιιο
1696 5245 1940 5296 introeas

345 5325 492 5395 (Gen.
539 5328 702 5395 xvm).
757 5327 884 5379 Non
921 5342 1084 5396 posse
1121 5326 1263 5381 dixit
1295 5345 1374 5394 se,
1426 5331 1572 5398 quod
1611 5331 1732 5386 sine
1773 5330 1941 5385 dubio

344 5419 568 5486 poterat
586 5430 686 5485 per
700 5414 1030 5483 potentiam,
1044 5415 1142 5470 sed
1155 5431 1269 5470 non
1288 5423 1509 5485 poterat
1525 5435 1625 5488 per
1631 5419 1937 5489 justitiam.

341 5503 410 5577 (Α
417 5503 589 5575 mbr.)
598 5503 808 5558 Votum
831 5520 1028 5560 eorum
1046 5503 1196 5562 circa
1210 5503 1543 5574 religionem
1561 5513 1680 5564 tam
1713 5509 1943 5579 plenum

2017 3932 2113 3970 vos
2133 3931 2306 3970 caacos
2335 3932 2457 3968 esse
2479 3932 2578 3986 per
2597 3914 2938 3970 ineffabilem
2975 3915 3033 3970 in
3065 3932 3154 3969 me
3182 3914 3538 3979 charitntem,
3561 3923 3632 3970 ut

2019 4004 2146 4075 plus
2163 4005 2221 4057 in
2247 4020 2373 4058 meo
2400 4004 2566 4058 corde
2587 4003 2871 4074 Evangelii
2895 4003 3088 4058 lumen
3110 4003 3372 4058 oriretur.
3399 4003 3632 4058 Emolu-

2020 4098 2274 4146 mentum
2304 4107 2495 4146 meum
2525 4093 2722 4148 vestris
2741 4091 2962 4148 damnis
2984 4107 3231 4147 crescere
3257 4091 3544 4157 volebatis,
3568 4100 3638 4146 et.

2018 4181 2124 4234 hoc
2141 4181 2238 4234 illo
2259 4187 2534 4252 tempore,
2561 4197 2671 4252 quo
2701 4181 2853 4236 vobis
2883 4181 3041 4252 quasi
3070 4180 3316 4252 parvulis
3347 4186 3520 4250 atque
3546 4181 3638 4234 la-

2017 4268 2316 4334 ctentibus,
2350 4269 2466 4324 sive
2508 4274 2736 4340 propter
2765 4269 3155 4326 inﬁrmitatem
3184 4269 3368 4324 carnis
3398 4275 3629 4335 vestrae,

2017 4374 2187 4428 parva
2199 4363 2258 4410 et
2275 4357 2512 4412 humilia
2530 4357 2956 4423 annuntiabam,
2976 4358 3090 4413 sive
3111 4365 3340 4429 propter
3353 4375 3490 4412 meae
3501 4375 3638 4414 car-

2017 4446 2103 4502 nis
2123 4445 2362 4516 injurias
2383 4463 2496 4502 non
2517 4447 2723 4516 dignus
2743 4446 2973 4502 videbar
2997 4447 3107 4502 fide
3129 4465 3140 4500 :
3165 4463 3316 4502 nunc
3332 4461 3464 4502 Vero
3483 4448 3632 4518 quia

2018 4535 2087 4589 ab
2117 4535 2411 4592 elementis
2431 4541 2489 4590 et
2506 4535 2736 4606 syllabis
2763 4542 2822 4590 et
2839 4536 3078 4591 lectione
3109 4535 3330 4606 puerili,
3353 4535 3494 4607 cepi
3525 4553 3636 4590 vos

2019 4624 2091 4678 ad
2105 4625 2326 4694 majora
2343 4624 2534 4679 studia
2552 4640 2873 4696 provocare,
2899 4630 2966 4680 ut
2983 4624 3156 4680 libros
3177 4625 3416 4680 teneatis
3427 4625 3486 4680 in
3503 4640 3636 4680 ma-

2019 4711 2204 4778 nibus,
2235 4717 2300 4768 ut
2313 4713 2482 4784 plena
2510 4713 2844 4768 eruditionis
2866 4719 2924 4768 et
2952 4727 3224 4768 sensuum
3251 4713 3419 4768 verba
3437 4713 3634 4769 disca-

2017 4800 2113 4866 tis,
2133 4801 2521 4868 recalcitratis,
2539 4801 2863 4867 irascimini,
2887 4802 3074 4873 gravis
3094 4801 3248 4858 vobis
3263 4801 3483 4858 videtur
3495 4819 3635 4858 esse

2020 4889 2287 4961 perfectio
2317 4891 2722 4954 doctrinarum,
2755 4897 2812 4947 et
2830 4891 2892 4946 in
2917 4897 3139 4946 tantum
3169 4891 3372 4946 mutati
3399 4891 3540 4946 estis
3569 4894 3635 4948 in

2020 4978 2159 5032 alios
2189 4979 2440 5046 affectus,
2474 4986 2538 5034 ut
2559 4997 2667 5046 me,
2693 4995 2859 5050 quem
2891 4979 3051 5050 quasi
3083 4980 3349 5049 angelum
3379 4986 3435 5034 et
3463 4980 3638 5036 Chri-

2021 5073 2172 5122 stum
2200 5069 2594 5139 susceperatis,
2630 5068 2720 5124 cui
2751 5068 3020 5123 volebatis
3047 5069 3238 5123 oculos
3269 5075 3480 5122 vestros
3509 5076 3638 5124 tra-

2022 5156 2172 5221 dere,
2190 5173 2338 5210 nunc
2358 5156 2613 5210 habeatis
2634 5157 2948 5218 inimicum,
2965 5157 3099 5227 quia
3111 5155 3266 5218 vobis
3285 5156 3510 5226 plenam
3527 5175 3637 5213 an-

2021 5245 2222 5298 nuntio
2243 5245 2558 5300 veritatem.
2585 5246 2878 5314 Eleganter
2903 5245 3056 5300 enim
3075 5245 3414 5300 sententiam
3431 5248 3638 5301 termi-

2023 5333 2197 5399 navit,
2226 5333 2418 5388 dicens
2443 5352 2453 5386 :
2482 5334 2625 5401 Ergo
2651 5337 2919 5388 inimicus
2947 5336 3095 5388 vobis
3114 5337 3293 5400 factus
3319 5341 3634 5400 sanaveri—

2025 5427 2191 5476 tatem
2209 5423 2394 5476 dicem
2413 5424 2559 5476 vobis
2573 5429 2594 5474 ν
2609 5428 2673 5476 ut
2691 5423 3014 5478 ostenderet
3028 5423 3192 5478 initia
3210 5421 3631 5492 pradicau'onis

2025 5526 2140 5568 non
2168 5515 2287 5566 tam
2327 5509 2620 5568 veritatem
2646 5509 2838 5579 fuisse,
2869 5528 3040 5584 quam
3071 5509 3301 5568 umbras
3329 5515 3389 5568 et
3421 5511 3632 5584 imagi-
