3966 6168
262 248 337 312 3'25
618 240 1193 306 ENARRATIONUM
1230 249 1307 303 IN
1348 246 1500 302 EPP.
1544 238 1759 301 PAULI
1798 240 1936 300 LIB.
1976 242 2098 297 XV.
2132 268 2197 287 εει-
2243 242 2322 300 IN
2361 242 2582 299 EPIST.
2626 242 2722 298 AD
2761 242 3023 298 GALAT.

3361 240 3466 299 326

261 396 354 435 nem
377 376 607 433 veritatis.
642 374 851 430 Similis
870 377 957 428 est
973 374 1104 429 huic
1133 368 1231 427 illa
1261 356 1547 427 sententia
1564 371 1770 428 nobilis
1790 373 1952 440 Apta
1977 370 2266 439 suscipiat,
2290 375 2354 422 ut
2374 369 2432 422 in
2453 366 2752 421 manifesto
2774 365 3137 429 iiatJudieus,
3159 381 3271 421 non
3292 366 3463 419 inoc-

259 469 366 541 apud
385 466 633 522 Romanos
662 471 859 536 poetas,

369 553 624 615 Obsequium
650 553 850 609 amicos,
874 550 1045 599 veritas
1070 552 1235 600 odium
1264 552 1407 615 parit.

257 637 333 691 Sed
368 634 469 688 vide
494 639 698 704 quanto
730 633 822 686 hic
870 633 1069 685 melius
1112 646 1281 702 quam
1309 632 1401 686 ille
1433 651 1445 685 :
1475 632 1776 703 Apostolus

256 725 366 778 enim
403 723 478 777 his
514 737 649 792 quos
694 722 897 775 stultos
927 720 1163 785 dixerat,
1208 738 1346 792 quos
1376 722 1638 792 parvulos
1682 736 1778 791 ap-

252 812 445 883 pellarat,
489 812 627 863 hanc
667 808 1003 863 sententiam
1050 810 1402 880 temperavit,
1453 816 1511 863 et
1566 809 1772 879 specia-

251 903 329 955 lem
355 900 479 965 fecit,
521 898 654 952 dum
712 899 936 969 proprio
966 898 1037 951 ad
1086 912 1374 969 personas,
1430 899 1772 969 Galatasque

250 989 398 1043 direxit
417 1007 426 1040 :
443 988 525 1041 ille
544 1000 675 1041 vero
693 992 751 1042 et
769 988 1109 1057 generalem,
1130 993 1189 1040 et
1216 987 1298 1041 ita
1312 1004 1375 1041 se
1393 988 1541 1058 apud
1578 1003 1773 1041 omnes

162 1110 166 1119 η
247 1078 398 1132 habere
408 1077 781 1148 pronuntians,
799 1077 1156 1130 vehementer
1175 1077 1400 1130 erravit.
1425 1076 1774 1147 Obsequium

245 1167 355 1220 enim
373 1182 465 1236 quo
484 1165 697 1235 putavit
715 1165 926 1218 amicos
946 1165 1088 1227 fieri,
1116 1164 1351 1219 veritate
1371 1162 1618 1235 dempta,
1661 1180 1773 1219 non

243 1263 327 1308 tam
365 1253 668 1324 obsequium
712 1258 817 1317 est,
866 1266 1037 1323 quam
1069 1254 1317 1308 adulatio
1351 1261 1407 1307 et
1445 1253 1769 1315 assentatio,

243 1341 699 1412 quasclandestinas
729 1342 908 1411 magis
929 1342 1273 1406 inimicitias,
1307 1357 1476 1412 quam
1499 1342 1773 1395 amicitias

241 1431 319 1483 dici
354 1430 529 1484 debere
568 1430 929 1502 perspicuum
960 1436 1064 1484 est.
1099 1431 1278 1485 Simul
1315 1436 1507 1485 autem
1543 1438 1600 1483 et
1634 1430 1773 1484 illud

241 1520 661 1583 considerandum,
702 1520 852 1590 quod
904 1520 1180 1590 hodieque
1239 1519 1487 1590 quandiu
1528 1519 1773 1590 parvulis

241 1612 365 1678 atquie
395 1608 737 1673 lactentibus,
768 1613 826 1662 et
855 1608 941 1662 his
969 1608 1029 1662 in
1057 1622 1299 1679 quorum
1335 1608 1596 1662 cordibus
1626 1622 1772 1662 nun-

1860 458 2027 521 culto,
2047 459 2349 512 aemulatur
2369 474 2496 512 eum
2512 472 2626 510 non
2637 455 2801 519 bene,
2822 454 2920 508 sed
2939 456 3158 508 concito
3197 471 3365 509 cursu
3393 455 3463 508 ad

1860 548 2079 616 majora
2112 547 2463 617 gradientem
2509 545 2799 599 retrahere
2829 543 3075 607 festinat,
3100 549 3164 599 ut
3188 560 3248 597 se
3279 543 3463 613 potius

1858 636 2173 701 aemuletur,
2192 637 2289 705 qui
2310 642 2619 689 retrorsum
2644 634 2813 689 vadit.
2838 638 2937 685 aut
2965 638 3116 686 certe
3136 638 3202 686 ut
3221 632 3459 687 multum

1861 725 2011 778 ultra
2039 741 2151 778 non
2181 730 2488 795 promovet.
2514 723 2789 792 Loquitur
2808 721 2999 791 itaque
3031 720 3265 785 Calatis,
3285 720 3379 790 qui
3392 720 3461 774 ab

1856 813 2228 867 assertoribus
2242 813 2380 882 legis
2398 812 2607 866 inducti
2629 811 2859 864 fuerant
2876 814 2939 863 ut
2964 826 3059 862 eos
3080 809 3457 869 imitarentur,

1854 917 1980 955 cum
2010 901 2091 955 illi
2112 901 2298 972 potius
2319 901 2550 954 Galatas
2563 898 2869 952 debuerint
2895 897 3130 951 imitari:
3148 897 3282 967 quia
3301 904 3462 951 natu-

1855 991 1971 1043 rale
1999 996 2088 1044 est
2115 991 2389 1060 majorem
2420 990 2490 1043 de
2522 987 2746 1049 minori,
2776 1002 2892 1041 non
2929 986 3208 1040 minorem
3240 985 3363 1040 ﬂeri
3391 986 3459 1039 de

1856 1080 2090 1148 majore.
2126 1079 2193 1133 Et
2211 1078 2379 1133 dicit:
2407 1080 2615 1151 Bonum
2648 1078 2999 1130 zinulaminz’
3018 1078 3081 1129 in
3104 1076 3257 1139 bono,
3278 1074 3335 1129 id
3353 1080 3455 1137 est,

1857 1167 2029 1221 nolite
2051 1174 2358 1221 assertores
2388 1166 2633 1221 Judaicze
2661 1163 3064 1219 observationis
3096 1163 3326 1230 imitari,
3363 1163 3457 1217 sed

1858 1272 1921 1309 ea
1953 1270 2075 1325 qua;
2100 1254 2246 1309 bona
2274 1261 2408 1309 sunt
2436 1253 2760 1308 imitamini.
2794 1252 3086 1316 Quomodo
3104 1251 3250 1305 enim
3269 1252 3365 1322 qui
3380 1252 3461 1306 di-

1856 1344 2038 1411 vitias,
2058 1344 2737 1415 potentiam,dignitatem
2766 1341 3005 1411 alicujus
3038 1341 3312 1405 imitatur,
3348 1358 3459 1396 non

1855 1438 1974 1486 tam
2006 1432 2154 1487 bona
2182 1450 2352 1503 quam
2385 1448 2453 1486 ea
2481 1450 2604 1502 qua:
2650 1430 2914 1499 fugienda
2954 1436 3088 1484 sunt
3114 1431 3414 1484 aemulatur
3446 1448 3454 1479 :

1855 1522 1935 1574 ita
1963 1527 2019 1574 et
2042 1538 2155 1585 vos,
2192 1539 2221 1575 e
2249 1522 2549 1585 contrario,
2578 1520 2784 1573 bonum
2822 1517 3165 1573 temulamini
3206 1519 3264 1571 in
3293 1518 3456 1575 bono.

1856 1609 2035 1679 magis
2057 1616 2247 1664 autem
2276 1618 2590 1680 quaerentes
2612 1607 2887 1679 spiritalia
2916 1622 3086 1677 quam
3110 1605 3377 1671 carnalia,
3400 1612 3457 1660 ut

240 1697 613 1765 quamCln-istus
625 1697 887 1761 adolevit,
912 1713 1014 1751 nec
1036 1697 1247 1768 prolicit
1265 1701 1449 1754 aetate.
1475 1703 1534 1750 et
1552 1698 1774 1767 sapien-
1794 1687 1969 1752 Bnon
1998 1698 2080 1752 illi
2110 1716 2207 1753 vos
2239 1700 2478 1761 Judaaos,
2513 1699 2610 1751 sed
2651 1714 2745 1750 vos
2791 1696 2917 1750 illos
2957 1695 3307 1749 Christianos
3339 1712 3461 1748 esse

239 1784 545 1855 tia,etgratia
565 1786 717 1857 apud
750 1787 931 1841 Deum
961 1792 1016 1839 et
1040 1783 1317 1851 homines,
1345 1788 1508 1856 juxta
1526 1785 1772 1840 litteram

237 1874 497 1943 Scriptum
505 1876 891 1945 explanamus,
907 1875 1223 1939 laudamur,
1238 1874 1775 1945 suspicimur,admi-

236 1961 391 2015 rationi
414 1962 694 2017 habemur.
728 1964 870 2018 Cum
897 1971 1088 2017 autem
1124 1964 1413 2034 paululum
1441 1963 1773 2033 coeperimus

235 2066 302 2103 eos
326 2066 596 2121 provocare
631 2058 695 2106 ut
714 2057 1011 2106 transeant
1039 2053 1111 2106 ad
1132 2053 1386 2117 meliora,
1418 2053 1488 2106 de
1510 2053 1774 2123 praeconi-

235 2138 311 2191 bus
333 2140 512 2193 nostris
538 2141 755 2195 inimici
784 2143 924 2195 ﬁant
947 2148 1007 2195 et
1032 2141 1283 2211 maligni.
1301 2144 1665 2195 ﬂmulaiztur
1684 2157 1771 2195 vos

236 2242 314 2279 non
336 2230 463 2291 bene,
494 2231 582 2282 sed
610 2229 897 2282 erclnderc
925 2245 1015 2282 ros
1062 2233 1253 2283 volunt
1289 2236 1351 2283 ut
1380 2233 1505 2284 illos
1551 2233 1770 2291 321711118-

238 2317 361 2367 mim‘.
392 2317 572 2387 (Aug)
592 2318 659 2370 Id
683 2323 789 2382 est,
813 2318 1065 2371 invident
1081 2317 1255 2383 vobis,
1287 2318 1382 2388 qui
1411 2333 1508 2371 vos
1521 2318 1772 2372 carnales

229 2401 278 2455 de
298 2405 611 2474 spiritalibus
629 2407 829 2459 volunt
846 2406 1046 2471 facere,
1072 2407 1175 2459 hoc
1186 2414 1289 2472 est,
1304 2411 1645 2460 aemulantur
1661 2423 1772 2460 non

230 2492 336 2555 bene,
366 2496 444 2545 sed
456 2496 753 2556 excludere,
779 2494 982 2564 inquit,
1018 2510 1107 2547 vos
1128 2499 1341 2559 colunt,
1366 2500 1429 2547 ut
1456 2498 1580 2549 illo:
1599 2511 1770 2548 .rmu-

228 2582 395 2643 (amici,
416 2582 513 2636 hoc
528 2588 617 2636 est
638 2582 970 2649 imitemini;
999 2589 1055 2636 et
1075 2583 1354 2653 quomodo
1374 2583 1399 2635 Τ
1429 2582 1538 2636 nisi
1559 2589 1625 2636 ut
1651 2599 1770 2637 ser-

226 2667 375 2721 vitutis
386 2671 514 2739 jugo
526 2671 896 2725 atteneamini
907 2671 1053 2725 sicut
1074 2671 1179 2741 ipsi
1200 2676 1544 2725 attenentur.
1562 2673 1769 2725 Bonum

223 2759 363 2811 autem
378 2763 722 2813 mulamim’
742 2762 803 2813 in
818 2762 951 2814 bono
963 2775 1172 2828 semper
1188 2780 1203 2814 :
1219 2766 1267 2813 et
1280 2776 1391 2813 non
1412 2765 1631 2813 tantum
1644 2776 1770 2813 cum

224 2857 409 2910 przsms
433 2864 552 2901 sum
582 2850 742 2916 apud
767 2865 876 2901 vos.
917 2848 1156 2915 (Ambr.)
1204 2849 1420 2903 Invidia
1446 2847 1770 2903 Judteorum

222 2931 463 2989 subversos
475 2952 568 2990 eos
581 2935 871 3006 signiﬁcat
892 2956 903 2989 :
922 2938 1187 2991 Videntes
1200 2939 1353 2992 enim
1373 2938 1455 2992 sic
1483 2938 1608 2992 illos
1638 2955 1771 3008 pro-

1856 1787 2102 1845 doceatis
2129 1805 2140 1839 :
2164 1788 2268 1841 hoc
2296 1794 2487 1841 autem
2518 1786 2683 1840 facite
2713 1802 2953 1855 semper,
2988 1790 3052 1838 ut
3081 1784 3459 1854 perseveranti

1855 1876 2036 1945 gradu
2047 1877 2118 1929 ad
2131 1878 2301 1930 finem
2314 1876 2444 1929 boni
2464 1873 2649 1945 operis
2673 1873 2965 1944 pervenire
2992 1873 3238 1943 possitis.
3263 1872 3459 1927 [Emu-

1857 1964 2127 2018 labamini
2147 1964 2423 2035 siquidem
2463 1963 2674 2017 bonum
2698 1962 2754 2015 in
2780 1961 2925 2016 bono
2955 1962 3111 2033 prius
3140 1978 3267 2015 cum
3309 1962 3455 2032 apud

1856 2069 1951 2106 vos
1980 2070 2179 2118 essem,
2197 2054 2293 2123 qui
2304 2060 2603 2124 postquam
2628 2050 2831 2105 avobis
2862 2050 3084 2115 recessi,
3120 2049 3309 2104 omnia
3336 2067 3458 2120 quae

1854 2142 2198 2209 tradideram
2212 2141 2552 2212 perdidistis:
2572 2141 2641 2193 de
2654 2139 2896 2194 statione
2911 2145 3064 2193 certa
3074 2145 3131 2192 et
3143 2138 3253 2192 fido
3267 2144 3453 2207 portu,

1856 2247 2083 2284 rursum
2096 2231 2154 2284 in
2166 2232 2344 2284 altum
2362 2230 2513 2283 unda
2532 2228 2803 2282 relabenti
2815 2226 3230 2281 subtracti.Nec
3249 2226 3455 2279 mirum

1856 2318 1902 2373 si
1920 2319 2213 2373 recedente
2224 2319 2489 2388 Apostolo
2506 2335 2632 2371 vase
2645 2316 2948 2381 electionis,
2976 2320 3034 2368 et
3062 2314 3121 2368 in
3152 2331 3262 2385 quo
3293 2313 3454 2366 Chri-

1855 2413 1976 2461 stus
2007 2407 2279 2462 Dominus
2306 2406 2658 2475 loquebatur,
2690 2404 2903 2458 Galatae
2924 2409 3058 2457 sunt
3076 2402 3299 2468 mutati,
3326 2417 3454 2455 cum

1856 2495 2025 2549 etiam
2056 2512 2205 2549 nunc
2234 2511 2532 2549 cernamus
2560 2494 2616 2547 in
2666 2492 2926 2547 Ecclesiis
2947 2491 3192 2561 idipsum
3214 2490 3335 2543 fieri
3360 2508 3370 2541 :
3409 2489 3453 2542 si

1855 2585 2080 2653 quando
2103 2583 2252 2637 enim
2281 2584 2478 2637 doctor
2512 2583 2640 2651 quis
2658 2581 2712 2635 in
2732 2579 3301 2648 Ecclesiacontigerit,
3334 2594 3452 2632 ser—

1854 2689 2020 2726 mone
2049 2680 2283 2726 ornatus
2316 2678 2372 2725 et
2404 2672 2535 2734 vita,
2566 2671 2662 2742 qui
2698 2670 2992 2724 audientes
3022 2667 3183 2739 quasi
3213 2666 3455 2721 stimulis

1854 2761 2190 2831 quibusdam
2221 2761 2465 2814 concitet
2505 2760 2577 2814 ad
2620 2759 2872 2821 virtutes,
2926 2758 3179 2811 videmus
3227 2773 3453 2810 omnem

1855 2849 2073 2919 plebem
2103 2850 2253 2903 circa
2283 2851 2687 2919 eleemosynas,
2706 2847 2945 2917 jejunia,
2971 2845 3309 2911 castitatem,
3336 2862 3455 2899 sus-

1852 2939 2167 3008 ceptionem
2197 2954 2528 3008 pauperum,
2562 2936 2883 3006 sepulturas
2912 2942 2970 2989 et
3006 2941 3210 2989 caetera
3248 2933 3456 2987 similia

222 3020 348 3075 ﬁcere
366 3024 417 3077 in
436 3025 759 3097 Evangelio,
790 3032 850 3079 et
866 3031 1082 3080 tantam
1127 3027 1335 3080 habere
1355 3026 1688 3081 charitatem
1708 3028 1767 3081 in
1785 2999 1828 3059 Ο
1850 3027 2136 3093 festinare,
2151 3028 2384 3091 fervere,
2405 3026 2720 3080 discurrere
2745 3044 2757 3091 ;
2793 3042 2859 3078 cu
2869 3041 2919 3077 m
2941 3029 3131 3077 autem
3155 3023 3250 3077 ille
3279 3039 3455 3076 reces-

220 3110 452 3179 Apostolo,
465 3114 517 3166 id
533 3122 781 3184 egerunt
801 3123 1076 3184 quatenus
1098 3132 1192 3168 eos
1211 3116 1568 3186 deciperent;
1607 3122 1769 3169 erant

218 3198 465 3270 enimiegls
475 3216 651 3256 causa
663 3203 914 3273 Apostoli
932 3204 1164 3267 inimici,
1189 3211 1252 3258 ut
1266 3210 1531 3258 manente
1541 3204 1767 3258 nomine

220 3285 486 3355 Salvatoris,
510 3291 769 3346 facerent
788 3308 883 3345 eos
900 3293 1140 3357 Judzeos,
1173 3293 1484 3362 gaudentes
1513 3293 1571 3347 in
1609 3309 1767 3347 ever-

218 3374 571 3433 sioneillorum.
588 3381 718 3434 Non
739 3381 889 3434 enim
911 3379 1270 3452 patiebantur
1297 3388 1363 3436 ut
1387 3382 1631 3451 gratiam
1658 3381 1761 3435 sibi

220 3466 498 3529 promissam
529 3469 799 3523 audirent
825 3470 1232 3524 incircumcisis
1258 3470 1521 3540 gentibus
1549 3471 1760 3536 datam,

217 3548 309 3604 ideo
332 3553 633 3611 imitatores
662 3573 796 3612 suos
824 3559 1121 3613 voluerunt
1157 3559 1283 3612 illos
1333 3559 1474 3623 ﬁeri,
1508 3566 1571 3612 ut
1607 3575 1764 3613 more

216 3653 369 3694 eorum
393 3644 946 3701 circumciderentur.
959 3650 1261 3701 ,Emulami
1266 3651 1328 3700 m’
1335 3654 1521 3701 autem
1535 3651 1765 3701 meliora

217 3728 323 3783 dona
350 3749 360 3781 :
393 3732 589 3788 bonum
623 3740 978 3788 mnulmnini
998 3752 1225 3804 semper,
1245 3742 1293 3789 ct
1309 3751 1417 3789 non
1438 3741 1615 3790 solum
1638 3753 1763 3789 cum

216 3830 399 3879 prmus
417 3825 563 3889 apud
581 3840 674 3875 vos
703 3840 845 3879 sum.
880 3824 1109 3877 Meliora
1126 3825 1276 3878 dona
1306 3824 1577 3894 spiritalia
1609 3831 1758 3889 sunt,

216 3907 499 3971 quasimitati
509 3910 805 3966 habebunt
815 3912 1075 3966 allectum
1097 3913 1245 3982 apud
1267 3914 1466 3966 Deum.
1491 3914 1622 3968 Haec
1649 3914 1765 3984 spi-

216 3993 359 4049 ritalia
377 4005 433 4051 et
454 3998 605 4054 bona
640 4006 795 4066 sunt,
826 4017 949 4071 quae
976 4002 1095 4054 vult
1121 4008 1185 4055 ut
1213 4001 1760 4071 semperimitentur,

214 4093 296 4135 non
320 4086 381 4139 ad
399 4093 639 4159 tempus,
671 4088 819 4144 sicut
832 4089 1048 4159 pridem
1078 4108 1090 4141 :
1132 4097 1233 4143 aut
1258 4107 1319 4144 se
1333 4098 1607 4160 prasente
1634 4098 1764 4145 tan-

212 4176 318 4233 tum,
345 4181 462 4243 post
489 4183 686 4231 autem
702 4178 774 4231 ad
789 4178 942 4231 aliud
960 4184 1359 4232 convertantur
1388 4197 1399 4231 :
1424 4180 1522 4233 sed
1550 4179 1668 4232 vult
1693 4180 1763 4234 il-

216 4254 273 4309 los
294 4261 350 4313 de
365 4270 557 4319 cetero
586 4282 947 4337 perseverare
968 4266 1026 4319 in
1045 4266 1209 4320 bono.
1243 4269 1441 4334 (Hz’er.)
1473 4268 1762 4322 {Emulan-

1779 4312 1828 4370 D

1851 3116 2006 3180 serit,
2041 3116 2312 3185 paulatim
2355 3131 2752 3177 emarcescere,
2786 3119 2843 3166 et
2884 3113 3168 3167 subtracto
3213 3111 3337 3165 cibo
3367 3118 3452 3165 te-

1850 3204 2034 3269 nuari,
2068 3205 2295 3273 pallere,
2330 3204 2713 3273 languescere,
2747 3209 2804 3255 et
2827 3202 3121 3259 interitum
3138 3200 3297 3269 sequi
3328 3217 3449 3253 om-

1851 3293 2010 3346 nium
2041 3310 2164 3363 quae
2193 3294 2350 3363 prius
2380 3291 2659 3361 vigebant.

1920 3384 2112 3436 Fz'lz'oli
2144 3385 2274 3443 mei,
2308 3399 2440 3449 quos
2471 3385 2675 3434 iterum
2700 3380 3163 3448 parturioﬁonec
3179 3381 3452 3446 formetur

1850 3470 2100 3524 Christus
2111 3474 2175 3524 in
2186 3471 2353 3524 vobis.
2372 3469 2610 3537 rAmbr.)
2627 3469 2879 3523 Primum
2898 3484 3000 3537 per
3012 3469 3178 3522 fidem
3198 3468 3323 3520 illos
3350 3484 3450 3536 ge-

1848 3566 2069 3616 nuerat.
2120 3559 2176 3611 in
2225 3557 2524 3628 baptismo,
2575 3558 2672 3611 sed
2704 3557 2839 3627 quia
2866 3556 3017 3609 velut
3044 3571 3144 3625 per
3190 3554 3449 3608 abortum

1849 3648 1987 3711 nati,
2034 3647 2332 3700 deformati
2377 3653 2436 3700 et
2472 3645 2682 3700 infirmi
2712 3645 2922 3699 inventi
2960 3652 3111 3709 sunt,
3143 3661 3291 3697 nunc
3320 3661 3449 3697 cum

1848 3737 2042 3790 dolore
2059 3734 2275 3789 consilii
2289 3734 2662 3791 reformateos
2680 3733 2738 3786 in
2772 3733 3078 3786 Christum.
3115 3731 3447 3801 Concipien—

1847 3830 1935 3878 tes
1965 3824 2114 3878 enim
2143 3824 2310 3877 fidem
2334 3830 2392 3877 et
2405 3840 2632 3877 sensum
2658 3821 2788 3876 ﬁdei
2812 3820 3045 3874 minime
3073 3821 3446 3885 advertentes,

1848 3912 2150 3966 formatum
2176 3912 2464 3965 Christum
2484 3910 2540 3965 in
2556 3910 2761 3964 animis
2789 3909 2906 3963 suis
2921 3916 3202 3977 negantur
3219 3907 3444 3962 habere.

1851 4000 1910 4056 Si
1937 4000 2086 4054 enim
2118 4000 2527 4055 intellexissent
2551 4000 2797 4069 gratiam
2828 3998 2929 4052 Dei
2958 3998 3016 4052 in
3047 3998 3289 4063 Christo,
3322 4006 3450 4068 post

1849 4090 2019 4144 ﬁdem
2047 4090 2108 4144 in
2129 4089 2484 4143 Judaismum
2510 4088 2822 4142 trausducti
2851 4104 2963 4142 non
3004 4092 3209 4141 essent.
3261 4087 3319 4155 (Α
3332 4092 3445 4154 ug.)

1849 4178 2029 4249 Magis
2050 4179 2155 4233 hoc
2174 4195 2240 4232 ex
2260 4195 2501 4248 persona
2535 4177 2733 4232 matris
2771 4176 3029 4232 Ecclesiae
3065 4176 3284 4230 locutus
3311 4182 3400 4229 est
3432 4195 3443 4242 ;

1848 4284 1983 4321 nam
2020 4273 2076 4321 et
2103 4266 2237 4322 alibi
2269 4266 2406 4321 dicit
2427 4268 2477 4332 (Ι
2502 4269 2646 4321 Thes.
2671 4274 2727 4334 ιι)
2762 4268 2995 4319 :Factus
3021 4282 3145 4318 sum
3170 4268 3448 4333 paruulus

212 4352 282 4398 tur
302 4355 471 4406 autem
498 4370 611 4409 non
652 4354 796 4409 bene
828 4354 924 4426 qui
958 4371 1071 4409 non
1096 4360 1216 4409 tam
1243 4356 1350 4426 ipsi
1376 4357 1614 4426 cupiunt
1643 4374 1763 4410 esse
1781 4352 1827 4370 "
1849 4359 1915 4410 in
1928 4357 2377 4420 mediorcstrum,
2399 4357 2937 4423 tanquamsz'nutrir
2955 4356 3281 4420 foveat/ilics
3301 4370 3443 4405 suos.

218 4436 441 4503 meliores,
455 4450 519 4496 ut
538 4444 839 4498 imitentur
850 4460 946 4499 eos
958 4444 1055 4515 qui
1064 4445 1420 4498 aemulatione
1431 4444 1587 4515 digni
1607 4452 1759 4511 sunt,

215 4537 344 4590 quam
360 4529 476 4584 illos
501 4532 657 4602 ipsos
676 4533 873 4586 volunt
908 4534 1090 4587 facere
1121 4534 1339 4604 pejores
1362 4541 1421 4587 et
1448 4539 1759 4588 retrorsum

216 4614 392 4669 trahere
418 4615 775 4675 annui-itione
805 4637 1102 4692 perversa:
1132 4622 1283 4676 verbi
1312 4622 1515 4692 gratia,
1549 4623 1760 4678 dictum

215 4698 281 4763 ⁵ἰὶ,
299 4703 631 4764 Christianus
651 4716 740 4763 est
756 4710 1055 4781 quispiam,
1092 4711 1230 4781 legit
1255 4712 1506 4781 Moysen,
1539 4717 1596 4765 et
1622 4712 1763 4766 Pro-

218 4788 369 4853 libans
397 4814 408 4846 :
442 4799 545 4851 scit
564 4798 762 4854 omnia
788 4798 847 4853 in
873 4800 1075 4853 umbra
1112 4806 1169 4853 et
1194 4800 1254 4853 in
1283 4800 1529 4869 imagine
1557 4800 1638 4853 illi
1666 4818 1761 4871 po-

218 4878 312 4942 Ρῖιίο
330 4888 687 4955 pmoessisse,
721 4888 931 4959 scripta
958 4894 1148 4942 autem
1177 4905 1296 4943 esse
1325 4894 1554 4959 propter
1571 4905 1673 4942 nos
1700 4889 1761 4943 in

219 4978 322 5031 quos
336 4972 463 5028 ﬁnes
490 4976 828 5031 saeculorum
857 4977 1246 5043 decurrerunt,
1278 4977 1760 5031 circumcisionem

220 5065 299 5109 non
324 5064 425 5116 tam
452 5065 731 5136 praeputii,
754 5082 927 5135 quam
939 5066 1163 5120 aurium
1186 5072 1246 5120 et
1259 5066 1443 5120 cordis
1462 5066 1757 5136 intelligit:

223 5153 471 5206 reSurrexit
496 5170 627 5207 cum
640 5154 885 5220 Christo,
911 5170 981 5207 ea
993 5155 1196 5226 quaerit
1216 5171 1339 5226 quae
1357 5171 1581 5210 sursum
1597 5159 1757 5221 sunt;

221 5226 435 5293 ίὶδθηιευε
458 5247 546 5296 est
572 5242 645 5295 ab
679 5258 851 5297 onere
870 5250 928 5297 et
947 5244 1218 5298 servitute
1230 5244 1417 5314 legali,
1442 5260 1513 5299 ne
1535 5250 1755 5313 tangas,

224 5328 271 5369 δε
299 5332 484 5391 gustes,
526 5344 600 5385 ne
631 5332 952 5398 attmnlnes,
1002 5332 1335 5403 imperante.
1382 5332 1526 5386 Huic
1557 5332 1607 5385 si
1632 5332 1759 5402 quis

226 5404 587 5482 scripturarum
608 5420 792 5475 verbis
814 5421 1053 5474 voluerit
1066 5421 1424 5491 persuadere,
1447 5425 1512 5475 ut
1528 5436 1641 5474 non
1659 5436 1761 5490 per

221 5499 536 5574 tm[Magiam
553 5510 657 5565 sed
673 5509 1019 5569 occidentem
1046 5511 1295 5567 litteram
1317 5525 1440 5580 quae
1453 5517 1597 5581 ,sunt
1620 5510 1759 5564 scri-

1848 4445 2148 4498 Formatur
2177 4449 2366 4499 autem
2398 4443 2653 4498 Christus
2680 4443 2738 4496 in
2769 4442 3030 4495 credente
3061 4458 3159 4509 per
3188 4440 3357 4493 fidem
3389 4440 3448 4493 in

1845 4533 2115 4587 interiore
2127 4532 2353 4586 homine
2372 4538 2567 4585 vocato
2580 4531 2638 4583 in
2650 4530 2967 4583 libertatem
2992 4529 3209 4598 gratiae,
3237 4527 3361 4581 miti
3391 4536 3447 4581 et

1848 4622 2047 4675 humili
2073 4621 2257 4685 corde,
2288 4637 2401 4675 non
2430 4638 2491 4674 se
2505 4621 2754 4688 jactante
2784 4618 2854 4671 de
2885 4617 3147 4687 operibus
3188 4624 3245 4670 et
3274 4618 3443 4671 meri-

1846 4710 1943 4773 tis,
1976 4726 2097 4780 quae
2128 4709 2269 4763 nihil
2289 4715 2349 4763 et
2374 4709 2531 4762 nulla
2563 4714 2715 4772 sunt,
2746 4707 2844 4760 sed
2871 4706 2941 4761 ab
2976 4706 3099 4776 ipsa
3122 4707 3310 4776 gratia
3340 4707 3442 4760 ali-

1848 4799 1996 4871 quod
2018 4798 2285 4852 meritum
2293 4797 2610 4851 inchoante.
2635 4796 2827 4850 Potest
2840 4812 3062 4849 movere
3073 4796 3223 4865 quod
3231 4795 3443 4850 dictum

1845 4894 1970 4942 est:
1996 4889 2134 4954 Quos
2165 4889 2369 4940 iterum
2388 4889 2668 4952 periurio,
2702 4886 2867 4938 donec
2897 4886 3147 4939 Christus
3171 4887 3445 4951 formetur

1848 4980 1911 5030 in
1932 4977 2098 5039 vobis,
2116 4974 2223 5029 nisi
2246 4973 2674 5045 parturitionem
2692 4973 2837 5027 hanc
2859 4990 2959 5043 pro
2982 4990 3245 5027 curarum
3276 4989 3444 5042 ango-

1849 5064 2005 5119 ribus
2036 5064 2275 5135 positam
2306 5062 2703 5133 intelligamus,
2724 5062 2926 5132 quibus
2943 5079 3038 5116 eos
3065 5061 3363 5132 parturivit
3381 5069 3443 5115 ut
3512 5132 3517 5137 ⁴

1847 5159 2214 5209 nascerentur
2240 5152 2301 5206 in
2320 5151 2542 5206 Christo
2575 5171 2586 5204 :
2623 5157 2679 5205 et
2707 5152 2912 5206 iterum
2940 5151 3203 5221 parturit,
3218 5157 3445 5222 propter

1849 5242 2099 5314 pericula
2125 5241 2486 5307 seductionis,
2517 5241 2735 5310 quibus“
2765 5257 2861 5295 eos
2900 5238 3226 5293 conturbari
3271 5240 3439 5294 videt.

1849 5331 2177 5387 Sollicitudo
2224 5335 2415 5385 autem
2443 5330 2639 5383 talium
2670 5330 2739 5382 de
2772 5329 2884 5381 illis
2913 5344 3175 5382 curarum
3213 5346 3335 5399 quae
3385 5348 3442 5382 se

1850 5420 2262 5491 quodammodo
2273 5418 2556 5490 parturire
2569 5419 2722 5485 dicit,
2745 5417 2942 5471 tandiu
2957 5435 3078 5471 esse
3108 5419 3316 5489 poterit
3340 5418 3442 5471 do-

1850 5527 1953 5564 nec
1994 5509 2321 5579 perveniant
2374 5508 2432 5564 in
2481 5524 2808 5564 mensuram
2851 5506 3034 5562 atatis
3082 5505 3443 5577 plenitudinis
