3880 6146
469 255 570 312 3‘27

1053 257 1116 310 Β.
1158 257 1430 312 RABANI
1479 258 1710 314 MAURI
1748 257 2085 315 ARCHIEP.
2127 260 2452 316 MOGUNT.
2497 261 2795 316 OPERUM
2833 261 3018 316 PARS
3054 261 3152 316 III.

3591 270 3679 330 328

469 378 699 447 Christi,
722 387 788 436 ut
809 383 928 452 jam
947 398 1059 436 non
1071 387 1404 436 moveantur
1415 383 1568 438 omni
1594 390 1760 440 vento
1772 385 2056 441 doctrinae.
2075 389 2125 446 A
2142 388 2307 442 vobis.
2335 387 2446 442 Sed
2463 389 2569 458 ego
2588 386 2828 442 blandus
2854 391 2914 441 et
2925 387 3068 440 lenis
3087 387 3183 458 qui
3209 387 3279 441 ad
3311 404 3402 443 vos
3429 393 3572 461 quasi
3595 410 3681 464 pa-

469 471 596 525 Non
647 487 779 541 ergo
821 476 1051 542 propter
1093 470 1321 526 initium
1357 473 1506 537 ﬁdei,
1542 490 1652 544 quo
1713 475 1830 529 nati
1883 481 2062 542 erant,

469 560 566 614 sed
595 564 822 631 propter
847 559 1019 614 robur
1039 565 1096 614 et
1123 559 1522 631 perfectionem
1551 562 1764 617 dictum
1795 569 1896 630 est,
1937 581 2068 634 quos

473 653 675 702 iterum
698 651 980 717 parturio,
1012 650 1180 702 donec
1205 649 1455 704 Christus
1483 653 1761 718 formetur
1797 656 1860 706 in
1899 655 2064 707 vobis.

473 737 628 790 Hanc
649 735 1080 807 parturitionem
1099 737 1224 791 aliis
1245 737 1426 792 verbis
1445 739 1617 794 etiam
1632 739 1765 794 alibi
1789 758 2069 796 commen-

469 825 567 879 dat
589 824 686 880 ubi
716 824 850 880 dicit
871 827 953 891 (ΙΙ
977 827 1098 881 Cor.
1123 829 1198 896 x1)
1227 845 1242 880 :
1269 829 1535 881 Incursus
1569 832 1632 882 in
1664 846 1748 882 me
1785 832 2065 898 quotidia-

471 931 594 981 nus,
621 917 932 969 sollicitudo
961 918 1215 970 omnium
1235 917 1626 970 Ecclesiarum.
1648 917 1850 986 (Hier.)
1875 919 2066 982 Quan-

469 1003 542 1058 tis
551 1002 975 1057 difﬁcultatibus
994 1009 1050 1058 et
1063 1003 1254 1058 dolore
1267 1004 1414 1058 fetus
1445 1011 1780 1076 promantur
1796 1023 1862 1060 ex
1881 1011 2062 1074 utero,

471 1091 786 1147 maledictio
808 1091 990 1163 prima
1016 1093 1264 1147 declarat
1281 1093 1470 1147 dicens
1493 1111 1504 1145 :
1533 1096 1600 1148 In
1621 1098 1855 1149 tristitia
1880 1101 2066 1172 paries

470 1184 610 1249 ﬁlios
649 1181 798 1248 (Gen.
826 1186 934 1250 III);
977 1181 1168 1235 volens
1191 1181 1365 1252 igitur
1385 1182 1594 1236 Paulus
1621 1185 1915 1238 ostendere
1943 1201 2065 1240 ma-

467 1270 778 1340 gistrorum
807 1287 908 1342 pro
924 1269 1213 1342 discipulis
1227 1271 1680 1340 sollicitudinem,
1695 1289 1835 1344 quos
1845 1273 2066 1345 patian-

472 1365 568 1414 tur
595 1360 827 1414 aﬁ‘ectus
843 1375 915 1413 ne
934 1364 1240 1414 sectatores
1259 1360 1346 1414 sui
1375 1361 1634 1415 excidant
1659 1379 1693 1416 a
1729 1363 1928 1428 salute,
1963 1363 2061 1430 ait,

471 1451 658 1504 Filioli
666 1451 794 1514 mei,
808 1464 940 1517 quos
951 1452 1156 1502 iterum
1163 1452 1444 1516 parturio.
1463 1449 1571 1514 Qui
1582 1450 1732 1504 enim
1747 1451 1808 1504 in
1823 1451 1932 1505 alio
1947 1452 2067 1506 loco

473 1537 635 1608 quasi
657 1537 828 1591 Pater
846 1535 1065 1591 dixerat
1087 1537 1137 1604 (Ι
1162 1538 1283 1592 Dor.
1312 1537 1394 1610 ιγ)
1420 1539 1516 1594 :Si
1543 1540 1720 1593 decem
1743 1543 1928 1594 millia
1956 1557 2068 1610 pae-

471 1627 810 1694 dagogorum
841 1626 1087 1680 habeatis
1109 1629 1173 1680 in
1203 1627 1436 1693 Christo,
1479 1629 1570 1682 sed
1598 1645 1711 1682 non
1741 1631 1942 1683 multos
1962 1646 2066 1698 pa—

2146 480 2236 530 ter
2263 476 2483 530 locutus
2512 493 2635 530 sum
2652 492 2755 548 pro
2783 491 2851 530 ea
2869 476 3142 530 charitate
3157 492 3264 546 qua
3272 475 3406 532 ﬁlios
3425 495 3564 535 meos
3581 499 3684 552 per-

2149 565 2232 618 ire
2277 582 2388 620 non
2437 565 2638 637 patior,
2691 569 2750 618 et
2794 581 2984 618 errare
3037 569 3320 636 perpetuo,
3349 565 3533 621 vellem
3561 585 3687 626 nunc

2151 669 2396 724 praesens
2417 670 2558 719 esse,
2581 653 2630 707 si
2656 651 3019 706 confessionis
3039 669 3130 706 me
3157 651 3368 706 vincula
3403 670 3508 708 non
3529 663 3686 712 arcta-

2151 748 2295 808 rent,
2331 747 2388 796 et
2417 741 2682 796 blandam
2719 757 2912 795 vocem
2951 740 3009 794 in
3037 739 3379 811 objurgantis
3412 742 3566 798 verba
3587 762 3690 800 mu-

2148 836 2286 884 tare.
2311 831 2428 885 Nec
2445 829 2689 884 levitatis
2713 834 2800 884 est
2819 829 2868 883 si
2885 845 3034 884 nunc
3046 828 3317 896 blandiar,
3335 845 3476 884 nunc
3484 831 3684 888 irascar:

2147 919 2388 990 impellit
2411 935 2502 973 me
2521 918 2786 985 Charitas,
2813 918 3056 989 impellit
3068 934 3159 972 me
3183 918 3338 972 dolor
3348 919 3562 974 diversis
3583 922 3692 976 alle-

2146 1007 2327 1062 ctibus
2354 1008 2508 1080 loqui
2531 1026 2542 1061 :
2578 1007 2766 1064 nescio
2787 1007 2936 1062 enim
2954 1006 3011 1060 in
3033 1024 3156 1078 quae
3175 1006 3412 1078 primum
3427 1007 3692 1081 verbapro-

2146 1113 2423 1168 rumpam,
2459 1103 2517 1152 et
2547 1113 2656 1167 quo
2700 1113 2798 1150 vos
2827 1095 3064 1150 debeam
3101 1112 3298 1151 sanare
3342 1095 3689 1164 medicamine,

2147 1186 2279 1256 quia
2297 1185 2606 1240 confundor
2631 1185 2692 1240 in
2721 1184 2894 1240 vobis.

2217 1276 2390 1329 Dicite
2418 1275 2583 1341 mihi,
2605 1277 2704 1343 qui
2731 1275 2830 1328 sub
2860 1277 2969 1342 lege
2983 1275 3152 1328 vultis
3180 1289 3302 1341 esse,
3317 1277 3476 1342 legem
3491 1289 3694 1328 nonau-

2147 1365 2306 1417 distis
2321 1365 2558 1432 ?(Hier.)
2589 1362 2913 1418 Notandum
2929 1362 3110 1432 legem
3125 1361 3216 1416 hic
3242 1361 3442 1416 dictam
3467 1377 3578 1416 esse
3603 1361 3697 1416 Ge-

2148 1467 2346 1506 neseos
2377 1451 2692 1517 historiam,
2720 1468 2833 1506 non
2860 1457 2924 1506 ut
2965 1451 3131 1521 vulgo
3167 1450 3442 1506 aestimant
3486 1466 3597 1522 qua:
3625 1450 3698 1504 fa-

2149 1541 2348 1595 cienda
2395 1539 2524 1606 sint,
2577 1557 2766 1612 quaeve
2809 1539 3054 1605 vitanda,
3104 1539 3204 1594 sed
3243 1543 3422 1594 totum
3464 1539 3599 1610 quod
3641 1539 3702 1593 de

2147 1628 2433 1683 Abraham
2453 1634 2512 1683 et
2537 1630 2660 1700 ejus
2687 1627 2972 1695 uxoribus,
2997 1627 3300 1698 liberisque
3326 1627 3618 1682 contexitur
3639 1626 3702 1680 le-

474 1719 608 1779 tres;
620 1715 760 1785 jam,
777 1731 890 1768 non
911 1713 1072 1785 quasi
1083 1720 1261 1786 pater,
1281 1715 1378 1768 sed
1403 1720 1469 1768 ut
1501 1720 1701 1781 mater,
1727 1716 1978 1788 loquitur
2003 1717 2062 1772 in
2081 1709 2129 1769 Β
2146 1734 2276 1788 gem
2303 1718 2663 1789 appellatam.
2686 1717 2950 1788 Legimus
2965 1723 3024 1772 et
3041 1717 3101 1770 in
3122 1717 3235 1771 alio
3266 1716 3403 1783 loco,
3435 1715 3703 1787 prophetas

473 1803 712 1869 Christo,
741 1809 806 1858 ut
837 1803 1130 1874 utriusque
1159 1802 1500 1858 anxietatem
1537 1809 1594 1858 et
1625 1805 1892 1875 pietatem
1919 1805 1981 1860 in
2007 1823 2067 1860 se

471 1891 720 1962 parentis
734 1898 1058 1964 agnoscant.
1077 1893 1212 1946 Tale
1231 1892 1365 1962 quid
1379 1899 1436 1946 et
1447 1893 1667 1963 Moyses
1681 1893 1749 1948 de
1763 1895 1969 1966 populo
1989 1895 2068 1948 lo-

470 1980 776 2051 quebatur:
803 1981 1074 2051 Nunquid
1087 1998 1178 2050 ego
1193 1984 1256 2035 in
1275 1987 1432 2034 utero
1456 1985 1638 2050 accepi
1656 1983 1915 2053 [concepi]
1947 2001 2066 2037 om-

473 2086 597 2124 nem
605 2073 872 2140 populum
883 2073 1052 2124 istum
1068 2071 1296 2142 7(Num.
1317 2072 1416 2139 x1.)
1430 2069 1584 2134 Quis,
1604 2077 1790 2142 putas.
1809 2077 2066 2126 nostrum

471 2157 554 2212 ita
579 2157 649 2212 de
675 2158 1075 2230 discipulorum
1104 2157 1302 2213 anxius
1331 2164 1418 2212 est
1437 2159 1636 2226 salute,
1667 2165 1732 2214 ut
1746 2177 1858 2215 non
1874 2161 2066 2231 paucis

471 2247 624 2301 horis
655 2253 755 2302 aut
791 2253 855 2302 ut
885 2248 1126 2302 multum
1160 2247 1326 2302 biduo
1355 2247 1630 2314 triduove,
1664 2248 1762 2302 sed
1791 2254 1910 2303 toto
1941 2249 2065 2304 vitae

471 2353 586 2392 suae
599 2341 852 2408 tempore
865 2342 1199 2408 torqueatur
1223 2337 1400 2391 donec
1427 2337 1685 2392 Christus
1709 2336 1984 2392 formetur
2008 2338 2065 2392 in

472 2425 588 2480 eis?
602 2425 902 2480 Formatur
929 2442 1150 2497 quoque
1169 2425 1426 2480 Christus
1442 2425 1500 2479 in
1511 2425 1678 2480 corde
1693 2426 2060 2494 credentium,

2151 1823 2371 1878 quoque
2399 1807 2581 1876 legem
2611 1806 2814 1860 vocari.
2848 1805 3024 1860 Audit
3065 1821 3199 1876 ergo
3230 1805 3426 1875 legem,
3459 1803 3547 1874 qui
3567 1803 3706 1874 juxta

2148 1895 2387 1950 Paulum
2403 1912 2515 1949 non
2532 1895 2886 1966 superﬁciem
2907 1893 3005 1948 sed
3021 1893 3325 1948 medullam
3344 1893 3461 1964 ejus
3475 1891 3705 1961 introspi-

2148 1983 2226 2037 cit
2249 2003 2259 2038 :
2283 2001 2397 2038 non
2425 1983 2585 2038 audit
2599 1984 2799 2054 legem,
2821 1982 2917 2055 qui
2939 1982 3140 2037 similis
3168 1981 3382 2037 Galatis
3408 1981 3704 2035 exteriorem

2146 2078 2372 2127 tantum
2393 2073 2655 2127 corticem
2671 2071 2944 2143 sequitur.
2961 2073 3171 2138 (Ambr.
3186 2076 3204 2140 )
3219 2071 3336 2126 Hoc
3350 2069 3408 2124 in
3419 2068 3606 2124 Genesi
3618 2067 3706 2122 ha-

2149 2161 2330 2228 betur,
2355 2161 2488 2232 quia
2506 2177 2634 2216 cum
2657 2162 2798 2215 Sara
2808 2176 3081 2232 generare
3103 2176 3220 2214 non
3230 2163 3415 2232 posset
3437 2159 3567 2225 (erat
3577 2155 3704 2210 enim

2147 2249 2557 2320 sterilis),Agar
2570 2249 2830 2303 ancillam
2843 2265 3003 2303 suam
3027 2247 3231 2303 obtulit
3255 2247 3368 2302 viro
3387 2261 3485 2301 suo
3498 2243 3706 2300 Abrahae

2147 2339 2206 2394 in
2237 2337 2622 2404 concubinam,
2656 2343 2722 2392 ut
2747 2338 2895 2410 quod
2922 2342 3270 2408 generasset,
3303 2337 3584 2406 adOptaret
3618 2330 3707 2386 sibi

2143 2427 2298 2498 (Gen.
2333 2430 2459 2489 xxI).
2487 2427 2578 2482 Sic
2621 2427 2831 2482 factum
2860 2431 2964 2492 est,
3005 2431 3070 2480 ut
3108 2426 3179 2479 de
3227 2426 3378 2496 Agar
3418 2425 3710 2477 nasceretur

473 2530 600 2568 cum
628 2515 820 2569 omnia
842 2515 952 2568 illis
981 2520 1335 2568 sacramenta
1361 2515 1705 2585 panduntur,
1757 2521 1815 2569 et
1853 2532 1918 2569 ea
1947 2532 2069 2586 quae
2151 2517 2374 2571 Ismael.
2398 2517 2533 2570 Post
2549 2522 2739 2570 autem
2755 2520 2897 2570 nutu
2926 2515 3028 2569 Dei
3057 2513 3371 2586 promissus
3398 2517 3480 2566 est
3501 2509 3709 2564 Abrahae

473 2601 711 2657 obscura
735 2602 1068 2657 videbantur
1089 2603 1386 2674 perspicua
1411 2603 1573 2657 ﬁunt.
1600 2603 1708 2656 Sed
1729 2609 1786 2657 et
1815 2603 1952 2658 illud
1983 2610 2070 2658 est
2149 2605 2296 2659 ﬁlius
2325 2605 2395 2660 de
2414 2605 2552 2660 Sara
2581 2621 2753 2659 uxore
2783 2605 2906 2674 ejus
2935 2621 3058 2674 qua:
3088 2609 3216 2657 erat
3242 2601 3463 2668 sterilis,
3489 2599 3598 2654 hinc
3623 2613 3707 2670 pe-

385 2705 393 2714 ’
472 2691 827 2758 intuendum,
861 2691 1008 2762 quod
1032 2691 1129 2762 qui
1156 2707 1259 2762 per
1306 2697 1595 2762 peccatum
1653 2691 2066 2762 quodammodo
2148 2693 2294 2764 perit
2310 2693 2546 2748 Abrahae
2567 2694 2741 2759 Isaac,
2773 2699 2909 2746 tunc
2939 2692 3106 2763 caepit
3137 2691 3283 2746 duos
3311 2689 3582 2744 Abraham
3622 2685 3712 2739 ha-

474 2780 642 2834 homo
687 2797 808 2834 esse
852 2778 1116 2844 desierat,
1148 2795 1250 2850 per
1277 2779 1666 2850 paenitentiam
1695 2779 2007 2850 concipitur
2033 2798 2068 2834 a
2147 2781 2279 2836 bere
2321 2782 2483 2847 ﬁlios,
2534 2798 2710 2836 unum
2753 2781 2822 2836 de
2858 2779 3061 2835 ancilla
3107 2785 3166 2833 et
3202 2796 3381 2834 unum
3420 2777 3486 2832 de
3514 2774 3710 2840 libera;

475 2868 834 2939 magistro,et
860 2885 1085 2922 rursum
1107 2867 1166 2922 in
1181 2884 1247 2922 eo
1269 2867 1476 2922 Christi
1499 2867 1758 2922 formatio
1772 2868 2066 2939 repromit—
2149 2871 2252 2926 Sed
2279 2869 2526 2940 quidem,
2557 2873 2658 2939 qui
2685 2871 2748 2923 de
2775 2871 2986 2923 ancilla
3031 2869 3336 2922 secundum
3372 2881 3583 2921 carnem
3625 2878 3716 2916 na-

476 2957 635 3011 titur.
668 2958 785 3012 Hoc
813 2957 1110 3012 adversum
1141 2957 1484 3011 Novatianos
1514 2963 1600 3010 est
1621 2956 1717 3028 qui
1746 2957 1947 3012 nolunt
1977 2974 2067 3010 re-
2091 3014 2128 3028 ﬂ
2151 2965 2236 3014 tus
2266 2964 2359 3025 est,
2402 2962 2501 3028 qui
2527 2964 2711 3012 autem
2739 2975 2802 3011 ar.
2860 2959 3034 3012 libera
3067 2972 3168 3025 per
3219 2955 3673 3025 repromissionem
3701 2967 3713 3002 :

473 3046 702 3101 formari
721 3063 834 3114 eos,
866 3063 1006 3117 quos
1033 3047 1206 3100 semel
1237 3051 1462 3117 peccata
1485 3045 1868 3100 contriverint.
2086 3038 2129 3073 υ
2147 3065 2265 3116 qua:
2290 3053 2421 3101 sunt
2445 3063 2546 3116 per
2576 3049 2906 3114 allegoriam
2925 3047 3090 3100 dicta.
3111 3045 3322 3100 Ismael
3346 3043 3442 3116 qui
3460 3060 3524 3097 ex
3540 3038 3716 3096 ancilla

557 3137 746 3190 Vellem
763 3141 951 3188 autem
961 3151 1068 3189 esse
1087 3137 1238 3204 apud
1255 3152 1342 3188 vos
1362 3137 1540 3198 modo,
1565 3141 1614 3188 et
1649 3141 1868 3189 mutare
1889 3152 2068 3190 vocem
2147 3137 2300 3207 Agar
2321 3142 2490 3190 natus
2521 3141 2624 3199 est,
2657 3134 2965 3188 secundum
2995 3150 3223 3188 carnem
3258 3138 3426 3188 natus
3444 3136 3556 3196 est;
3586 3129 3721 3184 Isaac

475 3240 670 3289 meam,
687 3227 818 3293 quia
839 3225 1148 3292 confundor
1168 3226 1231 3277 in
1251 3225 1414 3276 vobis.
1437 3222 1642 3293 (Hier.)
1664 3223 1954 3294 Scriptura
1979 3224 2066 3278 di-
2148 3241 2278 3279 vero
2307 3241 2420 3279 non
2450 3224 2758 3278 secundum
2788 3222 3280 3290 consuetudinem,
3311 3221 3410 3277 sed
3445 3217 3722 3274 secundum

473 3313 602 3366 vina
629 3312 867 3367 aediﬁcat
894 3318 951 3366 et
977 3312 1139 3378 lecta,
1172 3311 1270 3366 sed
1292 3313 1470 3365 multo
1505 3312 1630 3382 plus
1658 3313 1886 3383 prodest
1923 3313 1970 3366 si
1999 3313 2068 3366 de
2150 3313 2576 3385 providentiam,
2593 3312 2693 3366 Dei
2714 3311 2921 3366 virtute
2934 3316 3100 3365 natus
3119 3315 3224 3376 est,
3252 3310 3456 3382 quippe
3470 3323 3589 3363 cum
3605 3305 3724 3360 Sara

473 3401 675 3456 litteris
697 3405 949 3455 vertatur
976 3400 1036 3454 in
1057 3417 1266 3466 vocem,
1302 3406 1368 3454 ut
1395 3417 1497 3471 per
1523 3401 1616 3471 qui
1641 3400 1946 3472 Epistolam
1975 3401 2069 3456 do-
2151 3408 2208 3456 et
2235 3418 2377 3456 anus
2406 3407 2554 3456 esset
2578 3407 2636 3454 et
2659 3400 2972 3454 sterilian
2991 3406 3192 3472 typum
3231 3399 3390 3454 enim
3409 3394 3610 3452 Christi
3636 3409 3724 3448 na-

472 3495 684 3558 cuerat,
718 3507 962 3560 prtesens
987 3489 1229 3543 instruat
1257 3489 1572 3544 audientes.
1597 3489 1860 3560 Magnam
1890 3489 2066 3561 siqui-
2150 3497 2243 3544 tus
2268 3496 2356 3545 est
2374 3491 2548 3556 Isaac,
2586 3490 2712 3544 ideo
2735 3489 2850 3543 haec
2864 3505 2965 3560 per
2981 3488 3319 3558 allegoriam
3347 3485 3546 3542 asserit
3573 3483 3718 3544 dicta,

471 3581 600 3634 dem
627 3579 740 3634 vim
769 3578 940 3633 habet
964 3595 1066 3634 vox
1093 3578 1233 3644 viva,
1267 3595 1370 3632 vox
1399 3578 1468 3632 de
1495 3577 1740 3632 auctoris
1750 3579 1839 3633 sui
1858 3595 1954 3634 ore
1973 3596 2064 3632 re-

470 3685 696 3733 sonans,
726 3685 849 3740 qua:
869 3668 966 3722 illa
983 3667 1438 3738 pronuntiatione
1469 3666 1751 3738 profertur
1761 3673 1930 3739 atque
1950 3667 2065 3722 dis-

471 3757 768 3828 tinguitur,
802 3773 914 3828 qua
951 3755 1010 3810 in
1055 3755 1298 3811 hominis
1326 3755 1412 3810 sui
1441 3757 1606 3810 corde
1640 3762 1911 3826 generata
1957 3761 2060 3810 est.

471 3846 664 3902 Sciens
679 3846 869 3918 itaque
882 3846 1182 3917 Apostolus
1193 3846 1465 3915 majorem
1489 3845 1602 3898 vim
1616 3844 1823 3900 habere
1853 3861 2066 3900 sermo-

468 3953 599 3990 nem
618 3936 716 4006 qui
743 3935 816 3989 ad
835 3951 1084 4006 praesens
1112 3935 1232 4000 ﬁat,
1265 3934 1420 4006 cupit
1446 3951 1638 3988 vocem
1665 3933 2062 4005 Apostolicam,

446 4041 660 4078 .vocem
694 4023 897 4077 litteris
930 4022 1391 4094 comprehensam
1423 4021 1481 4076 in
1527 4022 1882 4092 praesentiam
1911 4039 2067 4076 com-

470 4116 711 4178 mutare,
731 4116 789 4165 et
818 4111 952 4181 quia
977 4111 1082 4164 hoc
1111 4110 1292 4180 magis
1317 4109 1648 4181 expediebat
1663 4110 1751 4164 his
1769 4110 1865 4181 qui
1885 4110 1944 4164 in
1976 4127 2066 4165 er-

471 4217 657 4255 rorem
679 4199 904 4254 fuerant
930 4197 1236 4269 depravati,
1273 4198 1396 4252 vivo
1415 4215 1512 4253 eos
1546 4185 1618 4253 ad
1649 4200 1945 4254 veritatem
1974 4216 2065 4254 re-

2147 3584 2212 3634 ut
2237 3579 2390 3634 aliud
2419 3595 2485 3632 ex
2513 3578 2623 3632 alio
2647 3578 2966 3648 signiﬁcent
2982 3593 3237 3648 personae
3257 3575 3464 3632 Ismael
3477 3580 3534 3630 et
3551 3573 3720 3628 Isaac:

2148 3669 2352 3723 Ismael
2377 3668 2529 3722 enim
2565 3666 2886 3722 Judazorum
2926 3665 3203 3736 signiﬁcat
3249 3664 3614 3727 nativitatem,
3652 3658 3724 3712 vel

2147 3773 2344 3811 eorum
2371 3755 2468 3827 qui
2493 3755 2640 3810 servi
2665 3753 2879 3826 peccati
2907 3759 3042 3808 sunt
3071 3772 3084 3807 :
3120 3753 3283 3808 Isaac
3313 3769 3444 3807 vero
3471 3745 3724 3806 Christia-

2149 3861 2372 3911 norum,
2420 3844 2551 3915 quia
2596 3843 2655 3898 in
2705 3843 2964 3898 libertate
3007 3849 3343 3897 nascuntur.
3395 3840 3558 3896 Liber
3593 3835 3726 3891 enim

2147 3934 2230 4000 ﬁt,
2263 3934 2358 4005 qui
2385 3933 2586 4005 accipit
2623 3932 3010 3988 remissionem
3048 3937 3434 4002 peccatorum.
3465 3929 3728 3996 Scriptum

2148 4028 2224 4077 est
2249 4026 2416 4088 enim,
2447 4025 2584 4092 quia
2612 4022 2895 4078 Abraham
2924 4021 3059 4075 duos
3086 4022 3230 4088 ﬁlios
3259 4013 3728 4084 habuit,unumdc

2148 4114 2360 4166 ancilla
2386 4115 2436 4164 et
2463 4111 2722 4165 unumde
2754 4111 2946 4164 libera.
2977 4107 3082 4163 Sed
3105 4111 3204 4178 qui
3231 4111 3300 4163 de
3317 4109 3547 4170 ancilla,
3561 4115 3728 4158 secun-

2147 4201 2284 4255 dum
2305 4215 2534 4254 carnem
2565 4205 2732 4254 natus
2751 4203 2852 4264 est,
2888 4201 2988 4268 qui
3011 4202 3196 4252 autem
3217 4199 3286 4251 de
3317 4198 3514 4263 libera,
3530 4208 3626 4264 per
3653 4206 3729 4243 re-

469 4289 695 4344 trahere
723 4303 1000 4351 sermone,
1025 4287 1130 4340 hoc
1150 4293 1340 4340 autem
1360 4286 1506 4353 ideo,
1536 4286 1669 4358 quia
1693 4287 2128 4388 confundaturD
2141 4291 2582 4357 promissionem.
2613 4289 2735 4344 Haec
2759 4303 2910 4342 enim
2934 4291 3068 4341 sunt
3103 4287 3211 4339 duo
3252 4289 3598 4348 testamenta,
3623 4293 3730 4348 qua:

465 4378 525 4433 in
554 4378 694 4446 illis;
729 4377 878 4449 quod
904 4375 1132 4448 quidem
1159 4375 1349 4430 Graece
1375 4375 1556 4446 magis
1575 4375 1800 4447 proprie
1819 4375 2060 4442 dicitur;

469 4473 768 4548 ἀποροῦμαι
791 4465 943 4521 enim
970 4481 1083 4520 non
1104 4472 1224 4519 tam
1251 4463 1634 4519 confusionem
1666 4481 1790 4536 qua:
1817 4465 1966 4536 apud
1994 4465 2063 4518 il-

468 4557 552 4610 los
585 4557 808 4635 αἰσχύνη
839 4555 954 4610 sive
983 4555 1234 4634 σύγχυσις
1253 4553 1586 4624 appellatur,
1616 4569 1787 4624 quam
1814 4553 2066 4623 indigen-

467 4643 606 4697 tiam
635 4649 694 4697 et
718 4643 968 4714 inopiam
995 4647 1177 4697 sonat.
1203 4643 1412 4696 Sensus
1436 4641 1627 4712 itaque
1655 4641 1763 4695 iste
1793 4648 1897 4708 est,
1931 4641 2063 4696 Vel-

469 4733 580 4786 lem
601 4732 750 4802 apud
763 4748 860 4785 vos
889 4747 1038 4784 nunc
1065 4731 1282 4798 adesse,
1300 4736 1358 4785 et
1386 4731 1706 4786 litterarum
1725 4747 1913 4786 vocem
1931 4748 2068 4802 prae-

469 4837 597 4875 sens
608 4821 726 4891 ipse
738 4819 1004 4890 proferre,
1019 4820 1152 4890 quia
1181 4819 1406 4890 indigeo
1425 4819 1484 4874 in
1503 4819 1678 4875 vobis.
1712 4821 1839 4874 Non
1862 4819 2068 4892 quippe

468 4909 646 4963 habeo
674 4909 886 4962 fructus
899 4923 1038 4978 quos
1049 4909 1232 4962 solent
1242 4909 1311 4962 de
1324 4908 1612 4980 discipulis
1635 4907 1842 4963 habere
1871 4909 2065 4963 docto-

471 5016 579 5066 res,
611 5003 669 5051 et
693 4997 815 5051 sine
842 5012 1014 5050 causa
1051 5012 1242 5050 semen
1262 4997 1480 5066 jactum
1527 5003 1614 5051 est
1654 4997 2058 5062 doctrinarum,

469 5105 598 5144 cum
612 5087 836 5160 penitus
851 5085 910 5140 in
928 5083 1084 5138 vobis
1114 5085 1300 5156 patiar
1319 5091 1629 5157 egestatem
1660 5103 1672 5139 :
1697 5086 1778 5140 ita
1807 5085 1944 5141 utin
1968 5087 2063 5141 Je-

468 5176 658 5232 remiae
673 5175 882 5249 possim
909 5189 1100 5228 vocem
1132 5189 1532 5246 prorumpere:
1557 5176 1679 5230 Non
1713 5177 1928 5245 profui,
1967 5192 2062 5231 ne-

468 5281 570 5333 quc
576 5267 792 5334 profuit
812 5265 955 5318 mihi
971 5265 1268 5334 quisquam
1284 5263 1415 5330 (Jer.
1449 5267 1566 5333 vn).
1591 5264 1785 5320 Potest
1797 5269 1988 5319 autem
2007 5270 2066 5320 et

471 5352 776 5424 simplicius
794 5351 1062 5423 intelligi:
1098 5349 1328 5404 Blandis
1358 5353 1508 5423 apud
1534 5369 1631 5407 vos
1679 5353 1845 5408 modo
1876 5352 2064 5408 verbis

470 5457 608 5497 usus
635 5456 762 5494 sum
788 5440 978 5495 dicens
1009 5458 1020 5492 :
1056 5441 1296 5504 Fratres,
1330 5440 1540 5494 obsecro
1574 5457 1665 5496 vos
1674 5460 1692 5506 ;
1737 5447 1796 5495 et
1827 5461 1844 5495 :
1875 5443 2066 5497 Filioti

472 5535 581 5587 mei
591 5545 722 5600 quos
741 5528 949 5586 iterum
949 5534 1234 5604 parturzo,
1258 5529 1424 5584 donec
1431 5529 1681 5586 Christus
1691 5531 1972 5598 formetur
1997 5533 2063 5586 in

2145 4381 2279 4430 sunt
2301 4393 2402 4446 per
2432 4379 2760 4444 allegoriam
2791 4378 2958 4431 dicta.
2975 4375 3195 4446 Moyses
3218 4373 3505 4446 accipiens
3519 4366 3730 4440 sangui-

2147 4483 2276 4520 nem
2317 4465 2478 4520 vituli
2513 4465 2572 4520 in
2604 4471 2842 4531 cratera,
2887 4464 3128 4536 aspersit
3171 4464 3451 4535 p0pulum
3502 4459 3679 4514 dicens
3715 4472 3725 4506 :

2147 4556 2250 4609 Hic
2265 4561 2338 4608 est
2351 4557 2580 4624 sanguis
2601 4555 2910 4609 testamenti
2930 4554 3075 4621 quod
3093 4553 3366 4622 disposuit
3394 4553 3536 4606 Deus
3561 4548 3630 4602 ad
3653 4559 3732 4598 vos

2149 4643 2334 4710 (Exod.
2369 4643 2558 4712 (xxxv).
2585 4643 2703 4698 Hoc
2731 4647 2819 4696 est
2845 4642 2993 4713 quod
3013 4641 3154 4695 dixit
3182 4659 3194 4693 :
3230 4641 3422 4696 Unum
3452 4637 3664 4708 quidem
3701 4647 3732 4684 α

2146 4737 2333 4786 monte
2363 4730 2506 4786 Sina
2553 4736 2618 4786 in
2661 4733 2978 4786 servitutem
3023 4745 3296 4798 generum
3317 4745 3440 4798 qua
3461 4731 3536 4781 est
3573 4725 3730 4792 Agar.

2149 4821 2262 4874 Lex
2282 4820 2434 4874 enim
2449 4821 2508 4874 in
2530 4825 2720 4874 monte
2743 4819 2881 4874 Sina
2912 4818 3046 4872 data
3073 4824 3176 4884 est,
3213 4833 3388 4889 quam
3416 4816 3634 4886 Moyses
3659 4826 3736 4865 re-

2149 4908 2329 4964 citans
2359 4909 2564 4980 populo
2585 4907 2794 4962 librum
2813 4907 2961 4962 hunc
2979 4905 3326 4962 Testamenti
3350 4899 3666 4976 appellavit,
3685 4902 3737 4953 et

2145 5004 2280 5053 tunc
2307 4997 2547 5068 aspersit
2568 4997 2840 5068 populum
2859 4995 3153 5066 sanguine,
3178 4995 3327 5049 sicut
3504 4992 3631 5046 Haec
3656 4988 3736 5041 lex

2144 5103 2270 5142 reos
2297 5087 2483 5142 tenuit
2500 5091 2837 5158 peccatores,
2858 5090 2916 5139 et
2933 5089 3224 5156 cmperunt
3233 5099 3358 5138 esse
3376 5081 3523 5137 servi
3534 5074 3737 5152 peccati

2144 5175 2276 5230 facti
2288 5175 2387 5230 ﬁlii
2399 5175 2570 5247 Agar,
2586 5175 2746 5246 quasi
2757 5173 2989 5229 ancillae.
3025 5173 3166 5230 Sina
3183 5177 3374 5227 autem
3408 5186 3568 5225 mons
3583 5171 3660 5222 est
3679 5167 3736 5218 in

2145 5264 2356 5321 Arabia
2370 5281 2489 5335 quas
2509 5267 2876 5334 coniungitur
2888 5264 3018 5318 huic
3039 5279 3158 5332 qua:
3186 5277 3339 5316 nunc
3382 5265 3460 5314 est
3477 5259 3736 5314 Hierusa-

2147 5357 2528 5419 lemyserviens
2537 5369 2664 5407 cum
2682 5355 2816 5420 ﬁliis
2838 5355 2972 5406 suis.
2996 5352 3238 5406 Causam
3251 5350 3408 5420 Agar
3429 5345 3738 5418 signiﬁcare

2145 5441 2283 5495 dicit
2318 5440 2669 5496 Hierusalem
2700 5446 3006 5507 terrenam,
3028 5440 3084 5494 id
3105 5445 3210 5504 est,
3233 5451 3586 5508 synagogam
3617 5446 3734 5502 qua

2144 5529 2204 5586 in
2223 5531 2549 5587 servitutem
2574 5535 2827 5600 generat,
2851 5545 2992 5604 quos
3019 5527 3172 5590 enim
3204 5531 3448 5600 generat
3474 5522 3580 5579 sub
3606 5536 3730 5594 pec-
