  <div class='ocr_page' id='page_1' title='image "/cluster/home/n/w/nwhite01/storage/ocr_20150623/112/hvd.32044054759774/170.png"; bbox 0 0 3880 6146; ppageno 0'>
   <div class='ocr_carea' id='block_1_1' title="bbox 227 297 302 355">
    <p class='ocr_par' dir='ltr' id='par_1_1' title="bbox 227 297 302 355">
     <span class='ocr_line' id='line_1_1' title="bbox 227 297 302 355; baseline 0 -2"><span class='ocrx_word' id='word_1_1' title='bbox 227 297 302 355; x_wconf 73' lang='lat'><strong>329</strong></span> 
     </span>
    </p>
   </div>
   <div class='ocr_carea' id='block_1_2' title="bbox 596 291 2946 358">
    <p class='ocr_par' dir='ltr' id='par_1_2' title="bbox 596 291 2946 358">
     <span class='ocr_line' id='line_1_2' title="bbox 596 291 2946 358; baseline -0 -11"><span class='ocrx_word' id='word_1_2' title='bbox 596 291 1171 348; x_wconf 81' lang='lat' dir='ltr'><strong>ENARRATIONUM</strong></span> <span class='ocrx_word' id='word_1_3' title='bbox 1207 293 1287 347; x_wconf 86' lang='lat' dir='ltr'><strong>IN</strong></span> <span class='ocrx_word' id='word_1_4' title='bbox 1333 293 1486 348; x_wconf 87' lang='lat' dir='ltr'><strong>EPP.</strong></span> <span class='ocrx_word' id='word_1_5' title='bbox 1527 292 1742 347; x_wconf 80' lang='lat' dir='ltr'><strong>PAULI</strong></span> <span class='ocrx_word' id='word_1_6' title='bbox 1779 292 1918 347; x_wconf 92' lang='lat' dir='ltr'><strong>LIB.</strong></span> <span class='ocrx_word' id='word_1_7' title='bbox 1953 294 2069 347; x_wconf 86' lang='lat' dir='ltr'><strong>XV.</strong></span> <span class='ocrx_word' id='word_1_8' title='bbox 2105 294 2267 349; x_wconf 86' lang='grc' dir='ltr'><strong>-ΙΝ</strong></span> <span class='ocrx_word' id='word_1_9' title='bbox 2306 291 2528 347; x_wconf 90' lang='lat' dir='ltr'><strong>EPIST.</strong></span> <span class='ocrx_word' id='word_1_10' title='bbox 2551 291 2649 358; x_wconf 78' lang='lat' dir='ltr'><strong>AD</strong></span> <span class='ocrx_word' id='word_1_11' title='bbox 2688 291 2946 348; x_wconf 79' lang='lat' dir='ltr'><strong>GALAT.</strong></span> 
     </span>
    </p>
   </div>
   <div class='ocr_carea' id='block_1_3' title="bbox 3307 270 3413 347">
    <p class='ocr_par' dir='ltr' id='par_1_3' title="bbox 3307 270 3413 347">
     <span class='ocr_line' id='line_1_3' title="bbox 3307 270 3413 347; baseline 0 0"><span class='ocrx_word' id='word_1_12' title='bbox 3307 270 3413 347; x_wconf 81' lang='lat'><strong>330</strong></span> 
     </span>
    </p>
   </div>
   <div class='ocr_carea' id='block_1_4' title="bbox 223 415 3414 488">
    <p class='ocr_par' dir='ltr' id='par_1_4' title="bbox 223 415 3414 488">
     <span class='ocr_line' id='line_1_4' title="bbox 223 415 3414 488; baseline 0.001 -17"><span class='ocrx_word' id='word_1_13' title='bbox 223 423 446 474; x_wconf 79' lang='lat' dir='ltr'><strong>catosunt.</strong></span> <span class='ocrx_word' id='word_1_14' title='bbox 469 417 562 470; x_wconf 89' lang='lat' dir='ltr'><strong>Illa</strong></span> <span class='ocrx_word' id='word_1_15' title='bbox 585 420 771 468; x_wconf 87' lang='lat' dir='ltr'><strong>autem</strong></span> <span class='ocrx_word' id='word_1_16' title='bbox 783 431 902 483; x_wconf 66' lang='lat' dir='ltr'><strong>qua</strong></span> <span class='ocrx_word' id='word_1_17' title='bbox 932 431 1162 469; x_wconf 88' lang='lat' dir='ltr'><strong>sursum</strong></span> <span class='ocrx_word' id='word_1_18' title='bbox 1184 421 1261 470; x_wconf 90' lang='lat' dir='ltr'><strong>est</strong></span> <span class='ocrx_word' id='word_1_19' title='bbox 1282 417 1628 470; x_wconf 70' lang='lat' dir='ltr'><strong>Hierusalem</strong></span> <span class='ocrx_word' id='word_1_20' title='bbox 1659 415 1892 475; x_wconf 80' lang='lat' dir='ltr'><strong>li-Aad</strong></span> <span class='ocrx_word' id='word_1_21' title='bbox 1919 419 2074 471; x_wconf 88' lang='lat' dir='ltr'><strong>Isaac</strong></span> <span class='ocrx_word' id='word_1_22' title='bbox 2101 433 2262 486; x_wconf 87' lang='lat' dir='ltr'><strong>quem</strong></span> <span class='ocrx_word' id='word_1_23' title='bbox 2289 417 2572 484; x_wconf 75' lang='lat' dir='ltr'><strong><em>generabit</em></strong></span> <span class='ocrx_word' id='word_1_24' title='bbox 2611 417 2714 471; x_wconf 88' lang='lat' dir='ltr'><strong>tibi</strong></span> <span class='ocrx_word' id='word_1_25' title='bbox 2745 417 2890 472; x_wconf 90' lang='lat' dir='ltr'><strong>Sara</strong></span> <span class='ocrx_word' id='word_1_26' title='bbox 2929 420 2994 471; x_wconf 86' lang='lat' dir='ltr'><strong>in</strong></span> <span class='ocrx_word' id='word_1_27' title='bbox 3046 423 3280 488; x_wconf 86' lang='lat' dir='ltr'><strong>tempore</strong></span> <span class='ocrx_word' id='word_1_28' title='bbox 3310 423 3414 474; x_wconf 90' lang='lat' dir='ltr'><strong>isto</strong></span> 
     </span>
    </p>
   </div>
   <div class='ocr_carea' id='block_1_5' title="bbox 221 503 1732 574">
    <p class='ocr_par' dir='ltr' id='par_1_5' title="bbox 221 503 1732 574">
     <span class='ocr_line' id='line_1_5' title="bbox 221 503 1732 574; baseline -0.003 -14"><span class='ocrx_word' id='word_1_29' title='bbox 221 509 312 560; x_wconf 71' lang='lat' dir='ltr'><strong>tera</strong></span> <span class='ocrx_word' id='word_1_30' title='bbox 330 511 402 569; x_wconf 82' lang='lat' dir='ltr'><strong>est,</strong></span> <span class='ocrx_word' id='word_1_31' title='bbox 431 519 533 572; x_wconf 68' lang='lat' dir='ltr'><strong>qua</strong></span> <span class='ocrx_word' id='word_1_32' title='bbox 556 507 629 556; x_wconf 87' lang='lat' dir='ltr'><strong>est</strong></span> <span class='ocrx_word' id='word_1_33' title='bbox 673 508 854 556; x_wconf 86' lang='lat' dir='ltr'><strong>mater</strong></span> <span class='ocrx_word' id='word_1_34' title='bbox 886 509 1102 557; x_wconf 89' lang='lat' dir='ltr'><strong>nostra.</strong></span> <span class='ocrx_word' id='word_1_35' title='bbox 1146 503 1277 557; x_wconf 68' lang='lat' dir='ltr'><strong>Haec</strong></span> <span class='ocrx_word' id='word_1_36' title='bbox 1300 519 1471 574; x_wconf 87' lang='lat' dir='ltr'><strong>quam</strong></span> <span class='ocrx_word' id='word_1_37' title='bbox 1492 509 1732 557; x_wconf 84' lang='lat' dir='ltr'><strong>matrem</strong></span> 
     </span>
    </p>
   </div>
   <div class='ocr_carea' id='block_1_6' title="bbox 222 590 1730 663">
    <p class='ocr_par' dir='ltr' id='par_1_6' title="bbox 222 590 1730 663">
     <span class='ocr_line' id='line_1_6' title="bbox 222 590 1730 663; baseline -0.004 -13"><span class='ocrx_word' id='word_1_38' title='bbox 222 601 408 650; x_wconf 75' lang='lat' dir='ltr'><strong>nostram</strong></span> <span class='ocrx_word' id='word_1_39' title='bbox 423 590 560 656; x_wconf 87' lang='lat' dir='ltr'><strong>dicit,</strong></span> <span class='ocrx_word' id='word_1_40' title='bbox 577 590 775 660; x_wconf 84' lang='lat' dir='ltr'><strong>regula</strong></span> <span class='ocrx_word' id='word_1_41' title='bbox 793 590 1428 663; x_wconf 85' lang='lat' dir='ltr'><strong>estDominicimysterii</strong></span> <span class='ocrx_word' id='word_1_42' title='bbox 1442 608 1544 662; x_wconf 89' lang='lat' dir='ltr'><strong>per</strong></span> <span class='ocrx_word' id='word_1_43' title='bbox 1561 607 1730 662; x_wconf 88' lang='lat' dir='ltr'><strong>quam</strong></span> 
     </span>
    </p>
   </div>
   <div class='ocr_carea' id='block_1_7' title="bbox 221 677 1731 751">
    <p class='ocr_par' dir='ltr' id='par_1_7' title="bbox 221 677 1731 751">
     <span class='ocr_line' id='line_1_7' title="bbox 221 677 1731 751; baseline -0.002 -14"><span class='ocrx_word' id='word_1_44' title='bbox 221 681 494 737; x_wconf 77' lang='lat' dir='ltr'><strong>renascimur</strong></span> <span class='ocrx_word' id='word_1_45' title='bbox 518 677 920 744; x_wconf 87' lang='lat' dir='ltr'><strong>inlibertatem,</strong></span> <span class='ocrx_word' id='word_1_46' title='bbox 940 680 1086 734; x_wconf 86' lang='lat' dir='ltr'>sicut</span> <span class='ocrx_word' id='word_1_47' title='bbox 1113 684 1171 733; x_wconf 88' lang='lat' dir='ltr'><strong>et</strong></span> <span class='ocrx_word' id='word_1_48' title='bbox 1192 679 1315 751; x_wconf 87' lang='lat' dir='ltr'><strong>ipsa</strong></span> <span class='ocrx_word' id='word_1_49' title='bbox 1325 679 1503 734; x_wconf 88' lang='lat' dir='ltr'><strong>libera</strong></span> <span class='ocrx_word' id='word_1_50' title='bbox 1531 685 1633 746; x_wconf 90' lang='lat' dir='ltr'><strong>est,</strong></span> <span class='ocrx_word' id='word_1_51' title='bbox 1673 686 1731 734; x_wconf 89' lang='lat' dir='ltr'><strong>et</strong></span> 
     </span>
    </p>
   </div>
   <div class='ocr_carea' id='block_1_8' title="bbox 219 767 1740 838">
    <p class='ocr_par' dir='ltr' id='par_1_8' title="bbox 219 767 1740 838">
     <span class='ocr_line' id='line_1_8' title="bbox 219 767 1740 838; baseline -0.002 -13"><span class='ocrx_word' id='word_1_52' title='bbox 219 771 308 825; x_wconf 82' lang='lat' dir='ltr'><strong>ideo</strong></span> <span class='ocrx_word' id='word_1_53' title='bbox 321 769 526 824; x_wconf 77' lang='lat' dir='ltr'><strong>caelestis</strong></span> <span class='ocrx_word' id='word_1_54' title='bbox 555 767 777 834; x_wconf 88' lang='lat' dir='ltr'><strong>dicitur,</strong></span> <span class='ocrx_word' id='word_1_55' title='bbox 826 767 958 838; x_wconf 84' lang='lat' dir='ltr'><strong>quia</strong></span> <span class='ocrx_word' id='word_1_56' title='bbox 983 768 1186 822; x_wconf 81' lang='lat' dir='ltr'><strong>ccelum</strong></span> <span class='ocrx_word' id='word_1_57' title='bbox 1215 768 1376 822; x_wconf 87' lang='lat' dir='ltr'><strong>sedes</strong></span> <span class='ocrx_word' id='word_1_58' title='bbox 1404 769 1528 838; x_wconf 86' lang='lat' dir='ltr'><strong>ejus</strong></span> <span class='ocrx_word' id='word_1_59' title='bbox 1547 775 1650 835; x_wconf 90' lang='lat' dir='ltr'><strong>est,</strong></span> <span class='ocrx_word' id='word_1_60' title='bbox 1683 774 1740 822; x_wconf 91' lang='lat' dir='ltr'><strong>et</strong></span> 
     </span>
    </p>
   </div>
   <div class='ocr_carea' id='block_1_9' title="bbox 215 855 1734 930">
    <p class='ocr_par' dir='ltr' id='par_1_9' title="bbox 215 855 1734 930">
     <span class='ocr_line' id='line_1_9' title="bbox 215 855 1734 930; baseline -0.003 -16"><span class='ocrx_word' id='word_1_61' title='bbox 215 875 314 930; x_wconf 87' lang='lat' dir='ltr'><strong>quos</strong></span> <span class='ocrx_word' id='word_1_62' title='bbox 331 863 548 928; x_wconf 78' lang='lat' dir='ltr'><strong>generat,</strong></span> <span class='ocrx_word' id='word_1_63' title='bbox 568 855 644 910; x_wconf 88' lang='lat' dir='ltr'><strong>ibi</strong></span> <span class='ocrx_word' id='word_1_64' title='bbox 658 863 828 911; x_wconf 89' lang='lat' dir='ltr'><strong>erunt</strong></span> <span class='ocrx_word' id='word_1_65' title='bbox 841 873 973 910; x_wconf 90' lang='lat' dir='ltr'><strong>cum</strong></span> <span class='ocrx_word' id='word_1_66' title='bbox 991 873 1075 924; x_wconf 86' lang='lat' dir='ltr'><strong>ea,</strong></span> <span class='ocrx_word' id='word_1_67' title='bbox 1107 855 1253 910; x_wconf 86' lang='lat' dir='ltr'><strong>sicut</strong></span> <span class='ocrx_word' id='word_1_68' title='bbox 1264 855 1400 910; x_wconf 87' lang='lat' dir='ltr'><strong>dicit</strong></span> <span class='ocrx_word' id='word_1_69' title='bbox 1413 856 1687 911; x_wconf 88' lang='lat' dir='ltr'><strong>Dominus</strong></span> <span class='ocrx_word' id='word_1_70' title='bbox 1723 876 1734 910; x_wconf 92' lang='lat'><strong>:</strong></span> 
     </span>
    </p>
   </div>
   <div class='ocr_carea' id='block_1_10' title="bbox 213 946 1738 1016">
    <p class='ocr_par' dir='ltr' id='par_1_10' title="bbox 213 946 1738 1016">
     <span class='ocr_line' id='line_1_10' title="bbox 213 946 1738 1016; baseline -0.003 -14"><span class='ocrx_word' id='word_1_71' title='bbox 213 950 344 1013; x_wconf 81' lang='lat' dir='ltr'><strong>Pater,</strong></span> <span class='ocrx_word' id='word_1_72' title='bbox 361 963 472 1016; x_wconf 88' lang='lat' dir='ltr'><strong>quos</strong></span> <span class='ocrx_word' id='word_1_73' title='bbox 498 947 694 1000; x_wconf 75' lang='lat' dir='ltr'><strong>dedisti</strong></span> <span class='ocrx_word' id='word_1_74' title='bbox 707 947 856 1000; x_wconf 88' lang='lat' dir='ltr'><strong>mihi</strong></span> <span class='ocrx_word' id='word_1_75' title='bbox 872 948 989 999; x_wconf 73' lang='lat' dir='ltr'><strong>volo</strong></span> <span class='ocrx_word' id='word_1_76' title='bbox 1019 951 1083 999; x_wconf 90' lang='lat' dir='ltr'><strong>ut</strong></span> <span class='ocrx_word' id='word_1_77' title='bbox 1111 946 1211 998; x_wconf 88' lang='lat' dir='ltr'><strong>ubi</strong></span> <span class='ocrx_word' id='word_1_78' title='bbox 1229 961 1320 1012; x_wconf 89' lang='lat' dir='ltr'><strong>ego</strong></span> <span class='ocrx_word' id='word_1_79' title='bbox 1357 947 1516 1012; x_wconf 78' lang='lat' dir='ltr'><strong>fuero</strong></span> <span class='ocrx_word' id='word_1_80' title='bbox 1547 946 1738 1016; x_wconf 72' lang='lat' dir='ltr'><strong>[sum],</strong></span> 
     </span>
    </p>
   </div>
   <div class='ocr_carea' id='block_1_11' title="bbox 213 1033 1732 1105">
    <p class='ocr_par' dir='ltr' id='par_1_11' title="bbox 213 1033 1732 1105">
     <span class='ocr_line' id='line_1_11' title="bbox 213 1033 1732 1105; baseline 0 -16"><span class='ocrx_word' id='word_1_81' title='bbox 213 1043 246 1089; x_wconf 77' lang='lat' dir='ltr'><strong>et</strong></span> <span class='ocrx_word' id='word_1_82' title='bbox 265 1036 312 1088; x_wconf 83' lang='lat' dir='ltr'><strong>hi</strong></span> <span class='ocrx_word' id='word_1_83' title='bbox 323 1038 418 1089; x_wconf 85' lang='lat' dir='ltr'><strong>sint</strong></span> <span class='ocrx_word' id='word_1_84' title='bbox 435 1049 634 1089; x_wconf 84' lang='lat' dir='ltr'><strong>mecum</strong></span> <span class='ocrx_word' id='word_1_85' title='bbox 656 1035 838 1100; x_wconf 87' lang='lat' dir='ltr'><strong>(Joan.</strong></span> <span class='ocrx_word' id='word_1_86' title='bbox 861 1034 1155 1103; x_wconf 63' lang='lat' dir='ltr'><strong>xvu).Hec</strong></span> <span class='ocrx_word' id='word_1_87' title='bbox 1177 1039 1265 1088; x_wconf 83' lang='lat' dir='ltr'><strong>est</strong></span> <span class='ocrx_word' id='word_1_88' title='bbox 1278 1033 1732 1105; x_wconf 87' lang='lat' dir='ltr'><strong>etvita,quiaim-</strong></span> 
     </span>
    </p>
   </div>
   <div class='ocr_carea' id='block_1_12' title="bbox 208 1122 1731 1194">
    <p class='ocr_par' dir='ltr' id='par_1_12' title="bbox 208 1122 1731 1194">
     <span class='ocr_line' id='line_1_12' title="bbox 208 1122 1731 1194; baseline -0.001 -15"><span class='ocrx_word' id='word_1_89' title='bbox 208 1124 389 1178; x_wconf 79' lang='lat' dir='ltr'><strong>mortale</strong></span> <span class='ocrx_word' id='word_1_90' title='bbox 410 1123 698 1187; x_wconf 84' lang='lat' dir='ltr'><strong>donantur,</strong></span> <span class='ocrx_word' id='word_1_91' title='bbox 749 1123 845 1193; x_wconf 88' lang='lat' dir='ltr'><strong>qui</strong></span> <span class='ocrx_word' id='word_1_92' title='bbox 893 1122 1186 1176; x_wconf 83' lang='lat' dir='ltr'><strong>credentes</strong></span> <span class='ocrx_word' id='word_1_93' title='bbox 1221 1128 1595 1178; x_wconf 89' lang='lat' dir='ltr'><strong>renascuntur</strong></span> <span class='ocrx_word' id='word_1_94' title='bbox 1630 1141 1731 1194; x_wconf 89' lang='lat' dir='ltr'><strong>per</strong></span> 
     </span>
    </p>
   </div>
   <div class='ocr_carea' id='block_1_13' title="bbox 209 1209 1726 1281">
    <p class='ocr_par' dir='ltr' id='par_1_13' title="bbox 209 1209 1726 1281">
     <span class='ocr_line' id='line_1_13' title="bbox 209 1209 1726 1281; baseline 0 -15"><span class='ocrx_word' id='word_1_95' title='bbox 209 1228 300 1266; x_wconf 87' lang='lat' dir='ltr'><strong>eam</strong></span> <span class='ocrx_word' id='word_1_96' title='bbox 325 1230 335 1264; x_wconf 90' lang='lat'><strong>:</strong></span> <span class='ocrx_word' id='word_1_97' title='bbox 361 1212 428 1266; x_wconf 91' lang='lat' dir='ltr'><strong>sic</strong></span> <span class='ocrx_word' id='word_1_98' title='bbox 452 1211 593 1266; x_wconf 88' lang='lat' dir='ltr'><strong>enim</strong></span> <span class='ocrx_word' id='word_1_99' title='bbox 623 1211 694 1264; x_wconf 91' lang='lat' dir='ltr'><strong>de</strong></span> <span class='ocrx_word' id='word_1_100' title='bbox 724 1210 963 1264; x_wconf 89' lang='lat' dir='ltr'><strong>Domino</strong></span> <span class='ocrx_word' id='word_1_101' title='bbox 1000 1209 1215 1264; x_wconf 89' lang='lat' dir='ltr'><strong>dictum</strong></span> <span class='ocrx_word' id='word_1_102' title='bbox 1245 1217 1333 1264; x_wconf 90' lang='lat' dir='ltr'><strong>est</strong></span> <span class='ocrx_word' id='word_1_103' title='bbox 1353 1211 1536 1278; x_wconf 86' lang='lat' dir='ltr'><strong>(Joan.</strong></span> <span class='ocrx_word' id='word_1_104' title='bbox 1561 1229 1595 1278; x_wconf 83' lang='lat'><strong>1,</strong></span> <span class='ocrx_word' id='word_1_105' title='bbox 1620 1215 1676 1281; x_wconf 78' lang='grc' dir='ltr'><strong>ν)</strong></span> <span class='ocrx_word' id='word_1_106' title='bbox 1709 1232 1726 1266; x_wconf 92' lang='lat'><em>:</em></span> 
     </span>
    </p>
   </div>
   <div class='ocr_carea' id='block_1_14' title="bbox 207 1301 1728 1370">
    <p class='ocr_par' dir='ltr' id='par_1_14' title="bbox 207 1301 1728 1370">
     <span class='ocr_line' id='line_1_14' title="bbox 207 1301 1728 1370; baseline 0 -15"><span class='ocrx_word' id='word_1_107' title='bbox 207 1303 312 1369; x_wconf 80' lang='lat' dir='ltr'><strong>()uia</strong></span> <span class='ocrx_word' id='word_1_108' title='bbox 333 1302 459 1370; x_wconf 83' lang='lat' dir='ltr'><strong>quod</strong></span> <span class='ocrx_word' id='word_1_109' title='bbox 480 1301 690 1368; x_wconf 83' lang='lat' dir='ltr'><strong>factum</strong></span> <span class='ocrx_word' id='word_1_110' title='bbox 709 1304 786 1352; x_wconf 85' lang='lat' dir='ltr'><strong>est</strong></span> <span class='ocrx_word' id='word_1_111' title='bbox 816 1302 879 1353; x_wconf 90' lang='lat' dir='ltr'><strong>in</strong></span> <span class='ocrx_word' id='word_1_112' title='bbox 895 1301 1013 1364; x_wconf 89' lang='lat' dir='ltr'><strong>illo,</strong></span> <span class='ocrx_word' id='word_1_113' title='bbox 1030 1301 1146 1353; x_wconf 83' lang='lat' dir='ltr'><strong>vita</strong></span> <span class='ocrx_word' id='word_1_114' title='bbox 1162 1303 1238 1353; x_wconf 90' lang='lat' dir='ltr'><strong>est</strong></span> <span class='ocrx_word' id='word_1_115' title='bbox 1271 1317 1282 1352; x_wconf 95' lang='lat'>:</span> <span class='ocrx_word' id='word_1_116' title='bbox 1313 1302 1618 1354; x_wconf 86' lang='lat' dir='ltr'><strong>sicutenim</strong></span> <span class='ocrx_word' id='word_1_117' title='bbox 1631 1303 1728 1355; x_wconf 89' lang='lat' dir='ltr'><strong>Pa-</strong></span> 
     </span>
    </p>
   </div>
   <div class='ocr_carea' id='block_1_15' title="bbox 207 1388 1730 1452">
    <p class='ocr_par' dir='ltr' id='par_1_15' title="bbox 207 1388 1730 1452">
     <span class='ocr_line' id='line_1_15' title="bbox 207 1388 1730 1452; baseline -0.001 -9"><span class='ocrx_word' id='word_1_118' title='bbox 207 1395 266 1443; x_wconf 73' lang='lat' dir='ltr'><strong>ter</strong></span> <span class='ocrx_word' id='word_1_119' title='bbox 285 1390 413 1442; x_wconf 83' lang='lat' dir='ltr'><strong>habet</strong></span> <span class='ocrx_word' id='word_1_120' title='bbox 435 1391 620 1452; x_wconf 78' lang='lat' dir='ltr'><strong>vitam,</strong></span> <span class='ocrx_word' id='word_1_121' title='bbox 644 1391 729 1441; x_wconf 87' lang='lat' dir='ltr'><strong>ita</strong></span> <span class='ocrx_word' id='word_1_122' title='bbox 755 1388 902 1442; x_wconf 80' lang='lat' dir='ltr'><strong>dedit</strong></span> <span class='ocrx_word' id='word_1_123' title='bbox 919 1392 968 1440; x_wconf 88' lang='lat' dir='ltr'><strong>et</strong></span> <span class='ocrx_word' id='word_1_124' title='bbox 995 1388 1136 1442; x_wconf 86' lang='lat' dir='ltr'><strong>Filio</strong></span> <span class='ocrx_word' id='word_1_125' title='bbox 1161 1390 1357 1444; x_wconf 73' lang='lat' dir='ltr'><strong>vitam.</strong></span> <span class='ocrx_word' id='word_1_126' title='bbox 1383 1388 1450 1442; x_wconf 85' lang='lat' dir='ltr'><strong>Et</strong></span> <span class='ocrx_word' id='word_1_127' title='bbox 1474 1391 1593 1445; x_wconf 72' lang='lat' dir='ltr'><strong>vita</strong></span> <span class='ocrx_word' id='word_1_128' title='bbox 1611 1394 1730 1442; x_wconf 88' lang='lat' dir='ltr'><strong>erat</strong></span> 
     </span>
    </p>
   </div>
   <div class='ocr_carea' id='block_1_16' title="bbox 203 1475 1722 1542">
    <p class='ocr_par' dir='ltr' id='par_1_16' title="bbox 203 1475 1722 1542">
     <span class='ocr_line' id='line_1_16' title="bbox 203 1475 1722 1542; baseline -0.001 -11"><span class='ocrx_word' id='word_1_129' title='bbox 203 1481 278 1531; x_wconf 75' lang='lat' dir='ltr'><strong>lus</strong></span> <span class='ocrx_word' id='word_1_130' title='bbox 297 1478 569 1531; x_wconf 79' lang='lat' dir='ltr'><strong>hominum.</strong></span> <span class='ocrx_word' id='word_1_131' title='bbox 609 1476 744 1530; x_wconf 74' lang='lat' dir='ltr'><strong>Haec</strong></span> <span class='ocrx_word' id='word_1_132' title='bbox 764 1475 879 1529; x_wconf 83' lang='lat' dir='ltr'><strong>vita</strong></span> <span class='ocrx_word' id='word_1_133' title='bbox 895 1481 953 1530; x_wconf 88' lang='lat' dir='ltr'><strong>et</strong></span> <span class='ocrx_word' id='word_1_134' title='bbox 979 1475 1093 1542; x_wconf 89' lang='lat' dir='ltr'><strong>lux,</strong></span> <span class='ocrx_word' id='word_1_135' title='bbox 1127 1481 1310 1529; x_wconf 81' lang='lat' dir='ltr'><strong>mater</strong></span> <span class='ocrx_word' id='word_1_136' title='bbox 1330 1481 1418 1530; x_wconf 91' lang='lat' dir='ltr'><strong>est</strong></span> <span class='ocrx_word' id='word_1_137' title='bbox 1452 1476 1722 1531; x_wconf 84' lang='lat' dir='ltr'><strong>ﬁdelium.</strong></span> 
     </span>
    </p>
   </div>
   <div class='ocr_carea' id='block_1_17' title="bbox 200 1563 1728 1636">
    <p class='ocr_par' dir='ltr' id='par_1_17' title="bbox 200 1563 1728 1636">
     <span class='ocr_line' id='line_1_17' title="bbox 200 1563 1728 1636; baseline 0 -16"><span class='ocrx_word' id='word_1_138' title='bbox 200 1565 316 1620; x_wconf 83' lang='lat' dir='ltr'><strong>Sicut</strong></span> <span class='ocrx_word' id='word_1_139' title='bbox 344 1568 588 1634; x_wconf 83' lang='lat' dir='ltr'><strong>scriptum</strong></span> <span class='ocrx_word' id='word_1_140' title='bbox 609 1571 706 1619; x_wconf 88' lang='lat' dir='ltr'><strong>est.</strong></span> <span class='ocrx_word' id='word_1_141' title='bbox 740 1565 806 1619; x_wconf 91' lang='lat' dir='ltr'><strong>In</strong></span> <span class='ocrx_word' id='word_1_142' title='bbox 836 1564 980 1618; x_wconf 84' lang='lat' dir='ltr'><strong>Isaia</strong></span> <span class='ocrx_word' id='word_1_143' title='bbox 1007 1565 1158 1618; x_wconf 88' lang='lat' dir='ltr'><strong>enim</strong></span> <span class='ocrx_word' id='word_1_144' title='bbox 1187 1565 1293 1618; x_wconf 89' lang='lat' dir='ltr'><strong>hoc</strong></span> <span class='ocrx_word' id='word_1_145' title='bbox 1321 1563 1562 1619; x_wconf 89' lang='lat' dir='ltr'><strong>habetur</strong></span> <span class='ocrx_word' id='word_1_146' title='bbox 1579 1566 1728 1636; x_wconf 93' lang='lat' dir='ltr'><strong>quod</strong></span> 
     </span>
    </p>
   </div>
   <div class='ocr_carea' id='block_1_18' title="bbox 200 1649 1728 1724">
    <p class='ocr_par' dir='ltr' id='par_1_18' title="bbox 200 1649 1728 1724">
     <span class='ocr_line' id='line_1_18' title="bbox 200 1649 1728 1724; baseline 0.002 -19"><span class='ocrx_word' id='word_1_147' title='bbox 200 1649 450 1724; x_wconf 79' lang='lat' dir='ltr'><strong>subjectum</strong></span> <span class='ocrx_word' id='word_1_148' title='bbox 474 1659 585 1708; x_wconf 87' lang='lat' dir='ltr'><strong>est:</strong></span> <span class='ocrx_word' id='word_1_149' title='bbox 606 1653 830 1719; x_wconf 68' lang='lat' dir='ltr'><strong>thare,</strong></span> <span class='ocrx_word' id='word_1_150' title='bbox 847 1656 1053 1708; x_wconf 75' lang='lat' dir='ltr'><strong>sterilis</strong></span> <span class='ocrx_word' id='word_1_151' title='bbox 1070 1670 1188 1722; x_wconf 76' lang='lat' dir='ltr'><strong>quae</strong></span> <span class='ocrx_word' id='word_1_152' title='bbox 1198 1669 1310 1707; x_wconf 90' lang='lat' dir='ltr'><strong>non</strong></span> <span class='ocrx_word' id='word_1_153' title='bbox 1320 1657 1728 1723; x_wconf 85' lang='lat' dir='ltr'><strong>paris,erumpe</strong></span> 
     </span>
    </p>
   </div>
   <div class='ocr_carea' id='block_1_19' title="bbox 1812 503 3414 578">
    <p class='ocr_par' dir='ltr' id='par_1_19' title="bbox 1812 503 3414 578">
     <span class='ocr_line' id='line_1_19' title="bbox 1812 503 3414 578; baseline 0.004 -22"><span class='ocrx_word' id='word_1_154' title='bbox 1812 519 1966 557; x_wconf 90' lang='lat' dir='ltr'><strong>anno</strong></span> <span class='ocrx_word' id='word_1_155' title='bbox 1977 510 2232 559; x_wconf 76' lang='lat' dir='ltr'><strong>venturo.</strong></span> <span class='ocrx_word' id='word_1_156' title='bbox 2267 505 2346 559; x_wconf 88' lang='lat' dir='ltr'><strong>Ex</strong></span> <span class='ocrx_word' id='word_1_157' title='bbox 2368 503 2572 574; x_wconf 86' lang='lat' dir='ltr'><strong>quibus</strong></span> <span class='ocrx_word' id='word_1_158' title='bbox 2593 505 2821 559; x_wconf 86' lang='lat' dir='ltr'><strong>evidens</strong></span> <span class='ocrx_word' id='word_1_159' title='bbox 2853 509 2956 571; x_wconf 90' lang='lat' dir='ltr'><strong>est,</strong></span> <span class='ocrx_word' id='word_1_160' title='bbox 2991 504 3168 576; x_wconf 86' lang='lat' dir='ltr'><strong>ipsius</strong></span> <span class='ocrx_word' id='word_1_161' title='bbox 3193 523 3414 578; x_wconf 88' lang='lat' dir='ltr'><strong>quoque</strong></span> 
     </span>
    </p>
   </div>
   <div class='ocr_carea' id='block_1_20' title="bbox 1812 592 3413 665">
    <p class='ocr_par' dir='ltr' id='par_1_20' title="bbox 1812 592 3413 665">
     <span class='ocr_line' id='line_1_20' title="bbox 1812 592 3413 665; baseline 0.004 -22"><span class='ocrx_word' id='word_1_162' title='bbox 1812 592 2164 646; x_wconf 86' lang='lat' dir='ltr'><strong>sermonibus</strong></span> <span class='ocrx_word' id='word_1_163' title='bbox 2183 593 2303 659; x_wconf 87' lang='lat' dir='ltr'><strong>Dei,</strong></span> <span class='ocrx_word' id='word_1_164' title='bbox 2336 593 2541 647; x_wconf 91' lang='lat' dir='ltr'><strong>Ismael</strong></span> <span class='ocrx_word' id='word_1_165' title='bbox 2571 593 2881 648; x_wconf 89' lang='lat' dir='ltr'><strong>secundum</strong></span> <span class='ocrx_word' id='word_1_166' title='bbox 2923 594 3413 665; x_wconf 86' lang='lat' dir='ltr'><strong>repromissionem</strong></span> 
     </span>
    </p>
   </div>
   <div class='ocr_carea' id='block_1_21' title="bbox 1811 681 3416 756">
    <p class='ocr_par' dir='ltr' id='par_1_21' title="bbox 1811 681 3416 756">
     <span class='ocr_line' id='line_1_21' title="bbox 1811 681 3416 756; baseline 0.005 -23"><span class='ocrx_word' id='word_1_167' title='bbox 1811 696 1934 733; x_wconf 91' lang='lat' dir='ltr'><strong>esse</strong></span> <span class='ocrx_word' id='word_1_168' title='bbox 1963 686 2314 750; x_wconf 89' lang='lat' dir='ltr'><strong>generatum.</strong></span> <span class='ocrx_word' id='word_1_169' title='bbox 2355 682 2464 736; x_wconf 88' lang='lat' dir='ltr'><strong>Sed</strong></span> <span class='ocrx_word' id='word_1_170' title='bbox 2495 687 2554 736; x_wconf 91' lang='lat' dir='ltr'><strong>et</strong></span> <span class='ocrx_word' id='word_1_171' title='bbox 2580 681 2688 736; x_wconf 90' lang='lat' dir='ltr'><strong>hoc</strong></span> <span class='ocrx_word' id='word_1_172' title='bbox 2727 682 2809 738; x_wconf 90' lang='lat' dir='ltr'><strong>ita</strong></span> <span class='ocrx_word' id='word_1_173' title='bbox 2833 682 3085 749; x_wconf 82' lang='lat' dir='ltr'><strong>solvitur,</strong></span> <span class='ocrx_word' id='word_1_174' title='bbox 3118 685 3416 756; x_wconf 87' lang='lat' dir='ltr'><strong>repromis-</strong></span> 
     </span>
    </p>
   </div>
   <div class='ocr_carea' id='block_1_22' title="bbox 1819 768 3416 842">
    <p class='ocr_par' dir='ltr' id='par_1_22' title="bbox 1819 768 3416 842">
     <span class='ocr_line' id='line_1_22' title="bbox 1819 768 3416 842; baseline 0.004 -22"><span class='ocrx_word' id='word_1_175' title='bbox 1819 768 2034 822; x_wconf 90' lang='lat' dir='ltr'><strong>sionem</strong></span> <span class='ocrx_word' id='word_1_176' title='bbox 2066 769 2290 840; x_wconf 83' lang='lat' dir='ltr'><strong>proprie</strong></span> <span class='ocrx_word' id='word_1_177' title='bbox 2327 769 2388 824; x_wconf 91' lang='lat' dir='ltr'><strong>in</strong></span> <span class='ocrx_word' id='word_1_178' title='bbox 2417 771 2742 825; x_wconf 84' lang='lat' dir='ltr'><strong>testamenti</strong></span> <span class='ocrx_word' id='word_1_179' title='bbox 2773 771 3002 826; x_wconf 89' lang='lat' dir='ltr'><strong>datione</strong></span> <span class='ocrx_word' id='word_1_180' title='bbox 3043 772 3330 842; x_wconf 90' lang='lat' dir='ltr'><strong>compleri,</strong></span> <span class='ocrx_word' id='word_1_181' title='bbox 3357 778 3416 826; x_wconf 90' lang='lat' dir='ltr'><strong>et</strong></span> 
     </span>
    </p>
   </div>
   <div class='ocr_carea' id='block_1_23' title="bbox 1823 855 3418 931">
    <p class='ocr_par' dir='ltr' id='par_1_23' title="bbox 1823 855 3418 931">
     <span class='ocr_line' id='line_1_23' title="bbox 1823 855 3418 931; baseline 0.004 -23"><span class='ocrx_word' id='word_1_182' title='bbox 1823 855 1974 910; x_wconf 86' lang='lat' dir='ltr'><strong>aliud</strong></span> <span class='ocrx_word' id='word_1_183' title='bbox 2007 873 2128 911; x_wconf 88' lang='lat' dir='ltr'><strong>esse</strong></span> <span class='ocrx_word' id='word_1_184' title='bbox 2164 857 2512 924; x_wconf 86' lang='lat' dir='ltr'><strong>benedicere,</strong></span> <span class='ocrx_word' id='word_1_185' title='bbox 2555 875 2780 930; x_wconf 87' lang='lat' dir='ltr'><strong>augere,</strong></span> <span class='ocrx_word' id='word_1_186' title='bbox 2835 858 3209 931; x_wconf 88' lang='lat' dir='ltr'><strong>multiplicare</strong></span> <span class='ocrx_word' id='word_1_187' title='bbox 3254 861 3418 914; x_wconf 90' lang='lat' dir='ltr'><strong>vehe-</strong></span> 
     </span>
    </p>
   </div>
   <div class='ocr_carea' id='block_1_24' title="bbox 1824 947 3416 1019">
    <p class='ocr_par' dir='ltr' id='par_1_24' title="bbox 1824 947 3416 1019">
     <span class='ocr_line' id='line_1_24' title="bbox 1824 947 3416 1019; baseline 0.004 -22"><span class='ocrx_word' id='word_1_188' title='bbox 1824 949 2062 1011; x_wconf 84' lang='lat' dir='ltr'><strong>menter,</strong></span> <span class='ocrx_word' id='word_1_189' title='bbox 2091 947 2316 1017; x_wconf 90' lang='lat' dir='ltr'><strong>quodin</strong></span> <span class='ocrx_word' id='word_1_190' title='bbox 2363 948 2565 1002; x_wconf 88' lang='lat' dir='ltr'><strong>Ismael</strong></span> <span class='ocrx_word' id='word_1_191' title='bbox 2593 947 2866 1019; x_wconf 86' lang='lat' dir='ltr'><strong>scriptum</strong></span> <span class='ocrx_word' id='word_1_192' title='bbox 2893 953 2980 1003; x_wconf 89' lang='lat' dir='ltr'><strong>est</strong></span> <span class='ocrx_word' id='word_1_193' title='bbox 3011 966 3023 1002; x_wconf 91' lang='lat'>:</span> <span class='ocrx_word' id='word_1_194' title='bbox 3064 948 3218 1004; x_wconf 81' lang='lat' dir='ltr'><strong>aliud</strong></span> <span class='ocrx_word' id='word_1_195' title='bbox 3237 949 3416 1004; x_wconf 68' lang='lat' dir='ltr'><strong>haere-</strong></span> 
     </span>
    </p>
   </div>
   <div class='ocr_carea' id='block_1_25' title="bbox 1824 1033 3413 1108">
    <p class='ocr_par' dir='ltr' id='par_1_25' title="bbox 1824 1033 3413 1108">
     <span class='ocr_line' id='line_1_25' title="bbox 1824 1033 3413 1108; baseline 0.003 -22"><span class='ocrx_word' id='word_1_196' title='bbox 1824 1033 1954 1087; x_wconf 90' lang='lat' dir='ltr'><strong>dem</strong></span> <span class='ocrx_word' id='word_1_197' title='bbox 1981 1033 2162 1090; x_wconf 86' lang='lat' dir='ltr'><strong>facere</strong></span> <span class='ocrx_word' id='word_1_198' title='bbox 2173 1053 2274 1107; x_wconf 91' lang='lat' dir='ltr'><strong>per</strong></span> <span class='ocrx_word' id='word_1_199' title='bbox 2285 1041 2706 1104; x_wconf 85' lang='lat' dir='ltr'><strong>testamentum,</strong></span> <span class='ocrx_word' id='word_1_200' title='bbox 2733 1037 2878 1108; x_wconf 91' lang='lat' dir='ltr'><strong>quod</strong></span> <span class='ocrx_word' id='word_1_201' title='bbox 2899 1037 2969 1092; x_wconf 91' lang='lat' dir='ltr'><strong>de</strong></span> <span class='ocrx_word' id='word_1_202' title='bbox 2979 1037 3138 1092; x_wconf 89' lang='lat' dir='ltr'><strong>Isaac</strong></span> <span class='ocrx_word' id='word_1_203' title='bbox 3161 1035 3368 1092; x_wconf 88' lang='lat' dir='ltr'><strong>dicitur</strong></span> <span class='ocrx_word' id='word_1_204' title='bbox 3401 1055 3413 1090; x_wconf 93' lang='lat'>:</span> 
     </span>
    </p>
   </div>
   <div class='ocr_carea' id='block_1_26' title="bbox 1813 1121 3416 1202">
    <p class='ocr_par' dir='ltr' id='par_1_26' title="bbox 1813 1121 3416 1202">
     <span class='ocr_line' id='line_1_26' title="bbox 1813 1121 3416 1202; baseline 0.002 -24"><span class='ocrx_word' id='word_1_205' title='bbox 1813 1121 2068 1178; x_wconf 83' lang='lat' dir='ltr'><strong>Statuam</strong></span> <span class='ocrx_word' id='word_1_206' title='bbox 2097 1129 2485 1202; x_wconf 76' lang='lat' dir='ltr'><strong>testamentum</strong></span> <span class='ocrx_word' id='word_1_207' title='bbox 2510 1141 2698 1180; x_wconf 86' lang='lat' dir='ltr'><strong>meum</strong></span> <span class='ocrx_word' id='word_1_208' title='bbox 2714 1127 2789 1180; x_wconf 87' lang='lat' dir='ltr'><strong>ad</strong></span> <span class='ocrx_word' id='word_1_209' title='bbox 2803 1141 2930 1180; x_wconf 88' lang='lat' dir='ltr'><strong>eum</strong></span> <span class='ocrx_word' id='word_1_210' title='bbox 2950 1129 3014 1181; x_wconf 87' lang='lat' dir='ltr'><strong>in</strong></span> <span class='ocrx_word' id='word_1_211' title='bbox 3030 1131 3416 1181; x_wconf 76' lang='lat' dir='ltr'><strong>testamentum</strong></span> 
     </span>
    </p>
   </div>
   <div class='ocr_carea' id='block_1_27' title="bbox 1809 1213 3412 1286">
    <p class='ocr_par' dir='ltr' id='par_1_27' title="bbox 1809 1213 3412 1286">
     <span class='ocr_line' id='line_1_27' title="bbox 1809 1213 3412 1286; baseline 0.002 -22"><span class='ocrx_word' id='word_1_212' title='bbox 1809 1215 2096 1278; x_wconf 61' lang='lat' dir='ltr'><strong>aeternum,</strong></span> <span class='ocrx_word' id='word_1_213' title='bbox 2131 1217 2182 1266; x_wconf 89' lang='lat' dir='ltr'><strong>et</strong></span> <span class='ocrx_word' id='word_1_214' title='bbox 2210 1217 2416 1268; x_wconf 90' lang='lat' dir='ltr'><strong>semini</strong></span> <span class='ocrx_word' id='word_1_215' title='bbox 2443 1217 2560 1282; x_wconf 82' lang='lat' dir='ltr'><strong>ejus</strong></span> <span class='ocrx_word' id='word_1_216' title='bbox 2581 1217 2703 1284; x_wconf 87' lang='lat' dir='ltr'><strong>post</strong></span> <span class='ocrx_word' id='word_1_217' title='bbox 2731 1230 2857 1268; x_wconf 89' lang='lat' dir='ltr'><strong>eum</strong></span> <span class='ocrx_word' id='word_1_218' title='bbox 2888 1233 2905 1278; x_wconf 88' lang='lat'><strong><em>;</em></strong></span> <span class='ocrx_word' id='word_1_219' title='bbox 2955 1219 3014 1269; x_wconf 91' lang='lat' dir='ltr'><strong>et</strong></span> <span class='ocrx_word' id='word_1_220' title='bbox 3038 1213 3098 1268; x_wconf 91' lang='lat' dir='ltr'><strong>in</strong></span> <span class='ocrx_word' id='word_1_221' title='bbox 3124 1213 3412 1286; x_wconf 86' lang='lat' dir='ltr'><strong>sequenti-</strong></span> 
     </span>
    </p>
   </div>
   <div class='ocr_carea' id='block_1_28' title="bbox 1809 1297 3410 1366">
    <p class='ocr_par' dir='ltr' id='par_1_28' title="bbox 1809 1297 3410 1366">
     <span class='ocr_line' id='line_1_28' title="bbox 1809 1297 3410 1366; baseline 0.002 -14"><span class='ocrx_word' id='word_1_222' title='bbox 1809 1297 1913 1353; x_wconf 89' lang='lat' dir='ltr'><strong>bus</strong></span> <span class='ocrx_word' id='word_1_223' title='bbox 1937 1317 1950 1351; x_wconf 91' lang='lat'><strong>:</strong></span> <span class='ocrx_word' id='word_1_224' title='bbox 1987 1301 2390 1356; x_wconf 75' lang='lat' dir='ltr'><strong>Testamentum</strong></span> <span class='ocrx_word' id='word_1_225' title='bbox 2417 1307 2605 1357; x_wconf 82' lang='lat' dir='ltr'><strong>autem</strong></span> <span class='ocrx_word' id='word_1_226' title='bbox 2645 1319 2832 1357; x_wconf 87' lang='lat' dir='ltr'><strong>meum</strong></span> <span class='ocrx_word' id='word_1_227' title='bbox 2861 1307 3107 1357; x_wconf 88' lang='lat' dir='ltr'><strong>statuam</strong></span> <span class='ocrx_word' id='word_1_228' title='bbox 3133 1304 3209 1357; x_wconf 90' lang='lat' dir='ltr'><strong>ad</strong></span> <span class='ocrx_word' id='word_1_229' title='bbox 3237 1305 3410 1366; x_wconf 86' lang='lat' dir='ltr'><strong>Isaac,</strong></span> 
     </span>
    </p>
   </div>
   <div class='ocr_carea' id='block_1_29' title="bbox 1809 1390 3408 1462">
    <p class='ocr_par' dir='ltr' id='par_1_29' title="bbox 1809 1390 3408 1462">
     <span class='ocr_line' id='line_1_29' title="bbox 1809 1390 3408 1462; baseline 0.004 -23"><span class='ocrx_word' id='word_1_230' title='bbox 1809 1403 1972 1455; x_wconf 84' lang='lat' dir='ltr'><strong>quem</strong></span> <span class='ocrx_word' id='word_1_231' title='bbox 1989 1392 2171 1456; x_wconf 87' lang='lat' dir='ltr'><strong>pariet</strong></span> <span class='ocrx_word' id='word_1_232' title='bbox 2207 1391 2310 1444; x_wconf 90' lang='lat' dir='ltr'><strong>tibi</strong></span> <span class='ocrx_word' id='word_1_233' title='bbox 2325 1390 2490 1446; x_wconf 90' lang='lat' dir='ltr'><strong>Sara.</strong></span> <span class='ocrx_word' id='word_1_234' title='bbox 2525 1390 2596 1445; x_wconf 91' lang='lat' dir='ltr'><strong>Et</strong></span> <span class='ocrx_word' id='word_1_235' title='bbox 2623 1390 2905 1462; x_wconf 89' lang='lat' dir='ltr'><strong>quomodo</strong></span> <span class='ocrx_word' id='word_1_236' title='bbox 2923 1390 3076 1444; x_wconf 85' lang='lat' dir='ltr'><strong>aliud</strong></span> <span class='ocrx_word' id='word_1_237' title='bbox 3093 1395 3227 1446; x_wconf 92' lang='lat' dir='ltr'><strong>sunt</strong></span> <span class='ocrx_word' id='word_1_238' title='bbox 3242 1391 3408 1455; x_wconf 89' lang='lat' dir='ltr'><strong>dona,</strong></span> 
     </span>
    </p>
   </div>
   <div class='ocr_carea' id='block_1_30' title="bbox 1811 1475 3415 1549">
    <p class='ocr_par' dir='ltr' id='par_1_30' title="bbox 1811 1475 3415 1549">
     <span class='ocr_line' id='line_1_30' title="bbox 1811 1475 3415 1549; baseline 0.002 -21"><span class='ocrx_word' id='word_1_239' title='bbox 1811 1475 1962 1529; x_wconf 87' lang='lat' dir='ltr'><strong>aliud</strong></span> <span class='ocrx_word' id='word_1_240' title='bbox 1990 1475 2324 1544; x_wconf 82' lang='lat' dir='ltr'><strong>substantia,</strong></span> <span class='ocrx_word' id='word_1_241' title='bbox 2357 1478 2512 1533; x_wconf 82' lang='lat' dir='ltr'><strong>aliud</strong></span> <span class='ocrx_word' id='word_1_242' title='bbox 2551 1479 2758 1549; x_wconf 87' lang='lat' dir='ltr'><strong>legata,</strong></span> <span class='ocrx_word' id='word_1_243' title='bbox 2804 1479 2958 1533; x_wconf 88' lang='lat' dir='ltr'><strong>aliud</strong></span> <span class='ocrx_word' id='word_1_244' title='bbox 2989 1478 3297 1534; x_wconf 63' lang='lat' dir='ltr'><strong>hereditas</strong></span> <span class='ocrx_word' id='word_1_245' title='bbox 3316 1478 3415 1548; x_wconf 89' lang='lat' dir='ltr'><strong>(le-</strong></span> 
     </span>
    </p>
   </div>
   <div class='ocr_carea' id='block_1_31' title="bbox 1807 1563 3414 1636">
    <p class='ocr_par' dir='ltr' id='par_1_31' title="bbox 1807 1563 3414 1636">
     <span class='ocr_line' id='line_1_31' title="bbox 1807 1563 3414 1636; baseline 0.002 -20"><span class='ocrx_word' id='word_1_246' title='bbox 1807 1563 1996 1632; x_wconf 85' lang='lat' dir='ltr'><strong>gimus</strong></span> <span class='ocrx_word' id='word_1_247' title='bbox 2028 1564 2180 1619; x_wconf 90' lang='lat' dir='ltr'><strong>enim</strong></span> <span class='ocrx_word' id='word_1_248' title='bbox 2203 1566 2352 1634; x_wconf 85' lang='lat' dir='ltr'><strong>(Gen.</strong></span> <span class='ocrx_word' id='word_1_249' title='bbox 2395 1571 2530 1636; x_wconf 89' lang='lat' dir='ltr'><strong>xxv)</strong></span> <span class='ocrx_word' id='word_1_250' title='bbox 2560 1566 2692 1621; x_wconf 86' lang='lat' dir='ltr'><strong>ﬁliis</strong></span> <span class='ocrx_word' id='word_1_251' title='bbox 2713 1565 3154 1622; x_wconf 86' lang='lat' dir='ltr'><strong>concubinarum</strong></span> <span class='ocrx_word' id='word_1_252' title='bbox 3175 1565 3414 1622; x_wconf 68' lang='lat' dir='ltr'><strong>Abrahae</strong></span> 
     </span>
    </p>
   </div>
   <div class='ocr_carea' id='block_1_32' title="bbox 1810 1651 3414 1720">
    <p class='ocr_par' dir='ltr' id='par_1_32' title="bbox 1810 1651 3414 1720">
     <span class='ocr_line' id='line_1_32' title="bbox 1810 1651 3414 1720; baseline 0.003 -15"><span class='ocrx_word' id='word_1_253' title='bbox 1810 1651 1958 1706; x_wconf 90' lang='lat' dir='ltr'><strong>dona</strong></span> <span class='ocrx_word' id='word_1_254' title='bbox 1984 1653 2213 1720; x_wconf 87' lang='lat' dir='ltr'><strong>tradita,</strong></span> <span class='ocrx_word' id='word_1_255' title='bbox 2246 1655 2363 1709; x_wconf 84' lang='lat' dir='ltr'><strong>ﬁlio</strong></span> <span class='ocrx_word' id='word_1_256' title='bbox 2392 1659 2584 1710; x_wconf 89' lang='lat' dir='ltr'><strong>autem</strong></span> <span class='ocrx_word' id='word_1_257' title='bbox 2605 1656 2756 1710; x_wconf 64' lang='lat' dir='ltr'><strong>Sara:</strong></span> <span class='ocrx_word' id='word_1_258' title='bbox 2767 1655 2943 1710; x_wconf 88' lang='lat' dir='ltr'><strong>totius</strong></span> <span class='ocrx_word' id='word_1_259' title='bbox 2959 1655 3286 1710; x_wconf 68' lang='lat' dir='ltr'><strong>substantiae</strong></span> <span class='ocrx_word' id='word_1_260' title='bbox 3302 1653 3414 1710; x_wconf 69' lang='lat' dir='ltr'><strong>hae-</strong></span> 
     </span>
    </p>
   </div>
   <div class='ocr_carea' id='block_1_33' title="bbox 196 1740 3414 1812">
    <p class='ocr_par' dir='ltr' id='par_1_33' title="bbox 196 1740 3414 1812">
     <span class='ocr_line' id='line_1_33' title="bbox 196 1740 3414 1812; baseline 0.001 -17"><span class='ocrx_word' id='word_1_261' title='bbox 196 1745 460 1805; x_wconf 76' lang='lat' dir='ltr'><strong>ctesclama,</strong></span> <span class='ocrx_word' id='word_1_262' title='bbox 476 1759 594 1811; x_wconf 74' lang='lat' dir='ltr'><strong>qua:</strong></span> <span class='ocrx_word' id='word_1_263' title='bbox 606 1746 1015 1811; x_wconf 84' lang='lat' dir='ltr'><strong>nonparturis;</strong></span> <span class='ocrx_word' id='word_1_264' title='bbox 1051 1745 1184 1811; x_wconf 87' lang='lat' dir='ltr'><strong>quia</strong></span> <span class='ocrx_word' id='word_1_265' title='bbox 1197 1745 1366 1796; x_wconf 88' lang='lat' dir='ltr'><strong>multi</strong></span> <span class='ocrx_word' id='word_1_266' title='bbox 1381 1745 1492 1810; x_wconf 78' lang='lat' dir='ltr'><strong>ﬁlii</strong></span> <span class='ocrx_word' id='word_1_267' title='bbox 1509 1745 1726 1797; x_wconf 70' lang='lat' dir='ltr'><strong>deserta;</strong></span> <span class='ocrx_word' id='word_1_268' title='bbox 1743 1745 1792 1806; x_wconf 89' lang='lat' dir='ltr'><strong>B</strong></span> <span class='ocrx_word' id='word_1_269' title='bbox 1809 1740 2109 1796; x_wconf 89' lang='lat' dir='ltr'><strong>reditatem</strong></span> <span class='ocrx_word' id='word_1_270' title='bbox 2130 1742 2405 1812; x_wconf 85' lang='lat' dir='ltr'><strong>relictam)</strong></span> <span class='ocrx_word' id='word_1_271' title='bbox 2443 1760 2454 1795; x_wconf 90' lang='lat'><strong>:</strong></span> <span class='ocrx_word' id='word_1_272' title='bbox 2479 1743 2563 1798; x_wconf 87' lang='lat' dir='ltr'><strong>ita</strong></span> <span class='ocrx_word' id='word_1_273' title='bbox 2590 1743 2746 1798; x_wconf 87' lang='lat' dir='ltr'><strong>aliud</strong></span> <span class='ocrx_word' id='word_1_274' title='bbox 2775 1761 2915 1810; x_wconf 89' lang='lat' dir='ltr'><strong>esse,</strong></span> <span class='ocrx_word' id='word_1_275' title='bbox 2949 1750 3014 1799; x_wconf 91' lang='lat' dir='ltr'><strong>ut</strong></span> <span class='ocrx_word' id='word_1_276' title='bbox 3039 1743 3302 1811; x_wconf 83' lang='lat' dir='ltr'><strong>diximus,</strong></span> <span class='ocrx_word' id='word_1_277' title='bbox 3319 1743 3414 1798; x_wconf 90' lang='lat' dir='ltr'><strong>be-</strong></span> 
     </span>
    </p>
   </div>
   <div class='ocr_carea' id='block_1_34' title="bbox 199 1831 1728 1899">
    <p class='ocr_par' dir='ltr' id='par_1_34' title="bbox 199 1831 1728 1899">
     <span class='ocr_line' id='line_1_34' title="bbox 199 1831 1728 1899; baseline 0 -15"><span class='ocrx_word' id='word_1_278' title='bbox 199 1834 493 1898; x_wconf 80' lang='lat' dir='ltr'><strong>magisquam</strong></span> <span class='ocrx_word' id='word_1_279' title='bbox 520 1833 641 1899; x_wconf 79' lang='lat' dir='ltr'><strong>ejus</strong></span> <span class='ocrx_word' id='word_1_280' title='bbox 669 1847 788 1898; x_wconf 64' lang='lat' dir='ltr'><strong>qua:</strong></span> <span class='ocrx_word' id='word_1_281' title='bbox 821 1832 978 1885; x_wconf 82' lang='lat' dir='ltr'><strong>habet</strong></span> <span class='ocrx_word' id='word_1_282' title='bbox 1019 1833 1211 1884; x_wconf 85' lang='lat' dir='ltr'><strong>virum</strong></span> <span class='ocrx_word' id='word_1_283' title='bbox 1244 1833 1373 1898; x_wconf 85' lang='lat' dir='ltr'><strong>(Isa.</strong></span> <span class='ocrx_word' id='word_1_284' title='bbox 1407 1834 1537 1898; x_wconf 77' lang='lat' dir='ltr'><strong>LIV).</strong></span> <span class='ocrx_word' id='word_1_285' title='bbox 1571 1831 1728 1885; x_wconf 88' lang='lat' dir='ltr'><strong>Hanc</strong></span> 
     </span>
    </p>
   </div>
   <div class='ocr_carea' id='block_1_35' title="bbox 195 1917 1727 1990">
    <p class='ocr_par' dir='ltr' id='par_1_35' title="bbox 195 1917 1727 1990">
     <span class='ocr_line' id='line_1_35' title="bbox 195 1917 1727 1990; baseline 0.001 -18"><span class='ocrx_word' id='word_1_286' title='bbox 195 1925 422 1973; x_wconf 83' lang='lat' dir='ltr'><strong>terrenam</strong></span> <span class='ocrx_word' id='word_1_287' title='bbox 446 1917 799 1973; x_wconf 87' lang='lat' dir='ltr'><strong>Hierusalem</strong></span> <span class='ocrx_word' id='word_1_288' title='bbox 828 1919 1011 1973; x_wconf 90' lang='lat' dir='ltr'><strong>virum</strong></span> <span class='ocrx_word' id='word_1_289' title='bbox 1045 1919 1252 1973; x_wconf 90' lang='lat' dir='ltr'><strong>habere</strong></span> <span class='ocrx_word' id='word_1_290' title='bbox 1279 1918 1434 1986; x_wconf 87' lang='lat' dir='ltr'><strong>dicit,</strong></span> <span class='ocrx_word' id='word_1_291' title='bbox 1469 1919 1602 1990; x_wconf 89' lang='lat' dir='ltr'><strong>quia</strong></span> <span class='ocrx_word' id='word_1_292' title='bbox 1637 1936 1727 1973; x_wconf 92' lang='lat' dir='ltr'><strong>se-</strong></span> 
     </span>
    </p>
   </div>
   <div class='ocr_carea' id='block_1_36' title="bbox 193 2006 1727 2077">
    <p class='ocr_par' dir='ltr' id='par_1_36' title="bbox 193 2006 1727 2077">
     <span class='ocr_line' id='line_1_36' title="bbox 193 2006 1727 2077; baseline 0.003 -19"><span class='ocrx_word' id='word_1_293' title='bbox 193 2006 385 2061; x_wconf 86' lang='lat' dir='ltr'><strong>cundum</strong></span> <span class='ocrx_word' id='word_1_294' title='bbox 425 2023 650 2062; x_wconf 85' lang='lat' dir='ltr'><strong>carnem</strong></span> <span class='ocrx_word' id='word_1_295' title='bbox 695 2012 934 2077; x_wconf 85' lang='lat' dir='ltr'><strong>generat</strong></span> <span class='ocrx_word' id='word_1_296' title='bbox 963 2025 976 2060; x_wconf 89' lang='lat'><strong>:</strong></span> <span class='ocrx_word' id='word_1_297' title='bbox 1007 2007 1166 2062; x_wconf 88' lang='lat' dir='ltr'><strong>illam</strong></span> <span class='ocrx_word' id='word_1_298' title='bbox 1208 2012 1399 2062; x_wconf 87' lang='lat' dir='ltr'><strong>autem</strong></span> <span class='ocrx_word' id='word_1_299' title='bbox 1444 2009 1727 2062; x_wconf 73' lang='lat' dir='ltr'><strong>caelestem</strong></span> 
     </span>
    </p>
   </div>
   <div class='ocr_carea' id='block_1_37' title="bbox 190 2095 1727 2167">
    <p class='ocr_par' dir='ltr' id='par_1_37' title="bbox 190 2095 1727 2167">
     <span class='ocr_line' id='line_1_37' title="bbox 190 2095 1727 2167; baseline 0.001 -18"><span class='ocrx_word' id='word_1_300' title='bbox 190 2095 478 2150; x_wconf 83' lang='lat' dir='ltr'><strong>Hierusalem</strong></span> <span class='ocrx_word' id='word_1_301' title='bbox 507 2112 684 2167; x_wconf 86' lang='lat' dir='ltr'><strong>quam</strong></span> <span class='ocrx_word' id='word_1_302' title='bbox 718 2095 854 2150; x_wconf 89' lang='lat' dir='ltr'><strong>dicit</strong></span> <span class='ocrx_word' id='word_1_303' title='bbox 883 2101 1123 2150; x_wconf 84' lang='lat' dir='ltr'><strong>matrem</strong></span> <span class='ocrx_word' id='word_1_304' title='bbox 1151 2101 1428 2163; x_wconf 88' lang='lat' dir='ltr'><strong>nostram,</strong></span> <span class='ocrx_word' id='word_1_305' title='bbox 1477 2097 1727 2151; x_wconf 88' lang='lat' dir='ltr'><strong>sterilem</strong></span> 
     </span>
    </p>
   </div>
   <div class='ocr_carea' id='block_1_38' title="bbox 187 2183 1728 2256">
    <p class='ocr_par' dir='ltr' id='par_1_38' title="bbox 187 2183 1728 2256">
     <span class='ocr_line' id='line_1_38' title="bbox 187 2183 1728 2256; baseline 0.003 -21"><span class='ocrx_word' id='word_1_306' title='bbox 187 2184 412 2253; x_wconf 82' lang='lat' dir='ltr'><strong>appellat:</strong></span> <span class='ocrx_word' id='word_1_307' title='bbox 444 2185 576 2256; x_wconf 88' lang='lat' dir='ltr'><strong>quia</strong></span> <span class='ocrx_word' id='word_1_308' title='bbox 595 2200 714 2238; x_wconf 92' lang='lat' dir='ltr'><strong>non</strong></span> <span class='ocrx_word' id='word_1_309' title='bbox 734 2183 883 2255; x_wconf 85' lang='lat' dir='ltr'><strong>parit</strong></span> <span class='ocrx_word' id='word_1_310' title='bbox 899 2185 1207 2239; x_wconf 90' lang='lat' dir='ltr'><strong>secundum</strong></span> <span class='ocrx_word' id='word_1_311' title='bbox 1236 2201 1482 2250; x_wconf 88' lang='lat' dir='ltr'><strong>carnem,</strong></span> <span class='ocrx_word' id='word_1_312' title='bbox 1495 2200 1600 2240; x_wconf 90' lang='lat' dir='ltr'><strong>nec</strong></span> <span class='ocrx_word' id='word_1_313' title='bbox 1625 2185 1728 2240; x_wconf 94' lang='lat' dir='ltr'><strong>do-</strong></span> 
     </span>
    </p>
   </div>
   <div class='ocr_carea' id='block_1_39' title="bbox 185 2271 1727 2344">
    <p class='ocr_par' dir='ltr' id='par_1_39' title="bbox 185 2271 1727 2344">
     <span class='ocr_line' id='line_1_39' title="bbox 185 2271 1727 2344; baseline 0.003 -20"><span class='ocrx_word' id='word_1_314' title='bbox 185 2271 294 2326; x_wconf 88' lang='lat' dir='ltr'><strong>lores</strong></span> <span class='ocrx_word' id='word_1_315' title='bbox 316 2273 526 2343; x_wconf 83' lang='lat' dir='ltr'><strong>patitur,</strong></span> <span class='ocrx_word' id='word_1_316' title='bbox 555 2273 668 2330; x_wconf 91' lang='lat' dir='ltr'><strong>hoc</strong></span> <span class='ocrx_word' id='word_1_317' title='bbox 705 2278 794 2327; x_wconf 88' lang='lat' dir='ltr'><strong>est</strong></span> <span class='ocrx_word' id='word_1_318' title='bbox 812 2288 923 2327; x_wconf 91' lang='lat' dir='ltr'><strong>non</strong></span> <span class='ocrx_word' id='word_1_319' title='bbox 961 2273 1223 2344; x_wconf 89' lang='lat' dir='ltr'><strong>parturit,</strong></span> <span class='ocrx_word' id='word_1_320' title='bbox 1263 2279 1498 2343; x_wconf 83' lang='lat' dir='ltr'><strong>generat</strong></span> <span class='ocrx_word' id='word_1_321' title='bbox 1535 2279 1727 2328; x_wconf 87' lang='lat' dir='ltr'><strong>autem</strong></span> 
     </span>
    </p>
   </div>
   <div class='ocr_carea' id='block_1_40' title="bbox 185 2360 1722 2433">
    <p class='ocr_par' dir='ltr' id='par_1_40' title="bbox 185 2360 1722 2433">
     <span class='ocr_line' id='line_1_40' title="bbox 185 2360 1722 2433; baseline 0.001 -19"><span class='ocrx_word' id='word_1_322' title='bbox 185 2360 276 2414; x_wconf 82' lang='lat' dir='ltr'><strong>sine</strong></span> <span class='ocrx_word' id='word_1_323' title='bbox 290 2362 543 2432; x_wconf 80' lang='lat' dir='ltr'><strong>passione,</strong></span> <span class='ocrx_word' id='word_1_324' title='bbox 589 2361 942 2433; x_wconf 87' lang='lat' dir='ltr'><strong>spiritaliter,</strong></span> <span class='ocrx_word' id='word_1_325' title='bbox 993 2362 1313 2416; x_wconf 79' lang='lat' dir='ltr'><strong>exclamans</strong></span> <span class='ocrx_word' id='word_1_326' title='bbox 1349 2362 1408 2416; x_wconf 91' lang='lat' dir='ltr'><strong>in</strong></span> <span class='ocrx_word' id='word_1_327' title='bbox 1445 2361 1722 2428; x_wconf 70' lang='lat' dir='ltr'><strong>laetitiam,</strong></span> 
     </span>
    </p>
   </div>
   <div class='ocr_carea' id='block_1_41' title="bbox 182 2449 1728 2523">
    <p class='ocr_par' dir='ltr' id='par_1_41' title="bbox 182 2449 1728 2523">
     <span class='ocr_line' id='line_1_41' title="bbox 182 2449 1728 2523; baseline 0.002 -20"><span class='ocrx_word' id='word_1_328' title='bbox 182 2449 283 2519; x_wconf 81' lang='lat' dir='ltr'><strong>quia</strong></span> <span class='ocrx_word' id='word_1_329' title='bbox 301 2449 504 2506; x_wconf 84' lang='lat' dir='ltr'><strong>deserta</strong></span> <span class='ocrx_word' id='word_1_330' title='bbox 539 2450 852 2522; x_wconf 88' lang='lat' dir='ltr'><strong>aliquando</strong></span> <span class='ocrx_word' id='word_1_331' title='bbox 873 2451 935 2521; x_wconf 91' lang='lat' dir='ltr'><strong>(a</strong></span> <span class='ocrx_word' id='word_1_332' title='bbox 964 2466 1095 2522; x_wconf 91' lang='lat' dir='ltr'><strong>quo,</strong></span> <span class='ocrx_word' id='word_1_333' title='bbox 1119 2451 1226 2504; x_wconf 89' lang='lat' dir='ltr'><strong>nisi</strong></span> <span class='ocrx_word' id='word_1_334' title='bbox 1253 2450 1323 2505; x_wconf 87' lang='lat' dir='ltr'><strong>ab</strong></span> <span class='ocrx_word' id='word_1_335' title='bbox 1350 2451 1570 2504; x_wconf 83' lang='lat' dir='ltr'><strong>Adam?</strong></span> <span class='ocrx_word' id='word_1_336' title='bbox 1595 2452 1728 2523; x_wconf 88' lang='lat' dir='ltr'><strong>quia</strong></span> 
     </span>
    </p>
   </div>
   <div class='ocr_carea' id='block_1_42' title="bbox 183 2536 1727 2610">
    <p class='ocr_par' dir='ltr' id='par_1_42' title="bbox 183 2536 1727 2610">
     <span class='ocr_line' id='line_1_42' title="bbox 183 2536 1727 2610; baseline 0.004 -21"><span class='ocrx_word' id='word_1_337' title='bbox 183 2536 358 2592; x_wconf 83' lang='lat' dir='ltr'><strong>deserta</strong></span> <span class='ocrx_word' id='word_1_338' title='bbox 373 2539 498 2606; x_wconf 84' lang='lat' dir='ltr'><strong>vita,</strong></span> <span class='ocrx_word' id='word_1_339' title='bbox 521 2543 754 2594; x_wconf 87' lang='lat' dir='ltr'><strong>secutus</strong></span> <span class='ocrx_word' id='word_1_340' title='bbox 775 2543 861 2592; x_wconf 88' lang='lat' dir='ltr'><strong>est</strong></span> <span class='ocrx_word' id='word_1_341' title='bbox 887 2541 1169 2608; x_wconf 89' lang='lat' dir='ltr'><strong>mortem),</strong></span> <span class='ocrx_word' id='word_1_342' title='bbox 1201 2555 1352 2592; x_wconf 91' lang='lat' dir='ltr'><strong>nunc</strong></span> <span class='ocrx_word' id='word_1_343' title='bbox 1364 2540 1555 2610; x_wconf 90' lang='lat' dir='ltr'><strong>plures</strong></span> <span class='ocrx_word' id='word_1_344' title='bbox 1583 2539 1727 2595; x_wconf 87' lang='lat' dir='ltr'><strong>ﬁlios</strong></span> 
     </span>
    </p>
   </div>
   <div class='ocr_carea' id='block_1_43' title="bbox 182 2624 1728 2700">
    <p class='ocr_par' dir='ltr' id='par_1_43' title="bbox 182 2624 1728 2700">
     <span class='ocr_line' id='line_1_43' title="bbox 182 2624 1728 2700; baseline 0.001 -20"><span class='ocrx_word' id='word_1_345' title='bbox 182 2624 315 2680; x_wconf 74' lang='lat' dir='ltr'><strong>habet</strong></span> <span class='ocrx_word' id='word_1_346' title='bbox 341 2643 498 2698; x_wconf 85' lang='lat' dir='ltr'><strong>quam</strong></span> <span class='ocrx_word' id='word_1_347' title='bbox 519 2627 645 2683; x_wconf 70' lang='lat' dir='ltr'><strong>haec</strong></span> <span class='ocrx_word' id='word_1_348' title='bbox 681 2644 805 2698; x_wconf 66' lang='lat' dir='ltr'><strong>quae</strong></span> <span class='ocrx_word' id='word_1_349' title='bbox 833 2626 1004 2682; x_wconf 87' lang='lat' dir='ltr'><strong>habet</strong></span> <span class='ocrx_word' id='word_1_350' title='bbox 1017 2627 1218 2692; x_wconf 88' lang='lat' dir='ltr'><strong>virum,</strong></span> <span class='ocrx_word' id='word_1_351' title='bbox 1253 2627 1310 2682; x_wconf 91' lang='lat' dir='ltr'><strong>id</strong></span> <span class='ocrx_word' id='word_1_352' title='bbox 1330 2633 1434 2694; x_wconf 91' lang='lat' dir='ltr'><strong>est,</strong></span> <span class='ocrx_word' id='word_1_353' title='bbox 1462 2644 1586 2700; x_wconf 70' lang='lat' dir='ltr'><strong>quae</strong></span> <span class='ocrx_word' id='word_1_354' title='bbox 1605 2645 1728 2682; x_wconf 87' lang='lat' dir='ltr'><strong>car-</strong></span> 
     </span>
    </p>
   </div>
   <div class='ocr_carea' id='block_1_44' title="bbox 182 2713 1730 2786">
    <p class='ocr_par' dir='ltr' id='par_1_44' title="bbox 182 2713 1730 2786">
     <span class='ocr_line' id='line_1_44' title="bbox 182 2713 1730 2786; baseline 0.001 -18"><span class='ocrx_word' id='word_1_355' title='bbox 182 2713 344 2768; x_wconf 81' lang='lat' dir='ltr'><strong>naliter</strong></span> <span class='ocrx_word' id='word_1_356' title='bbox 359 2721 590 2786; x_wconf 81' lang='lat' dir='ltr'><strong>generat</strong></span> <span class='ocrx_word' id='word_1_357' title='bbox 626 2733 639 2768; x_wconf 93' lang='lat'>:</span> <span class='ocrx_word' id='word_1_358' title='bbox 677 2715 857 2770; x_wconf 89' lang='lat' dir='ltr'><strong>multo</strong></span> <span class='ocrx_word' id='word_1_359' title='bbox 877 2715 1030 2770; x_wconf 89' lang='lat' dir='ltr'><strong>enim</strong></span> <span class='ocrx_word' id='word_1_360' title='bbox 1049 2716 1238 2786; x_wconf 88' lang='lat' dir='ltr'><strong>plures</strong></span> <span class='ocrx_word' id='word_1_361' title='bbox 1267 2722 1400 2770; x_wconf 91' lang='lat' dir='ltr'><strong>sunt</strong></span> <span class='ocrx_word' id='word_1_362' title='bbox 1425 2716 1730 2772; x_wconf 88' lang='lat' dir='ltr'><strong>Christiani</strong></span> 
     </span>
    </p>
   </div>
   <div class='ocr_carea' id='block_1_45' title="bbox 183 2801 1733 2876">
    <p class='ocr_par' dir='ltr' id='par_1_45' title="bbox 183 2801 1733 2876">
     <span class='ocr_line' id='line_1_45' title="bbox 183 2801 1733 2876; baseline 0.003 -21"><span class='ocrx_word' id='word_1_363' title='bbox 183 2801 364 2869; x_wconf 64' lang='lat' dir='ltr'><strong>Iudaeis,</strong></span> <span class='ocrx_word' id='word_1_364' title='bbox 391 2803 532 2858; x_wconf 88' lang='lat' dir='ltr'><strong>sicut</strong></span> <span class='ocrx_word' id='word_1_365' title='bbox 547 2803 690 2858; x_wconf 88' lang='lat' dir='ltr'><strong>dicit</strong></span> <span class='ocrx_word' id='word_1_366' title='bbox 716 2803 776 2858; x_wconf 90' lang='lat' dir='ltr'><strong>in</strong></span> <span class='ocrx_word' id='word_1_367' title='bbox 793 2803 1128 2876; x_wconf 82' lang='lat' dir='ltr'><strong>Apocalypsi</strong></span> <span class='ocrx_word' id='word_1_368' title='bbox 1159 2805 1336 2874; x_wconf 80' lang='lat' dir='ltr'><strong>(Apoc.</strong></span> <span class='ocrx_word' id='word_1_369' title='bbox 1369 2804 1500 2876; x_wconf 84' lang='lat' dir='ltr'><strong>vn):</strong></span> <span class='ocrx_word' id='word_1_370' title='bbox 1527 2805 1596 2859; x_wconf 89' lang='lat' dir='ltr'><strong>Et</strong></span> <span class='ocrx_word' id='word_1_371' title='bbox 1613 2807 1733 2859; x_wconf 83' lang='lat' dir='ltr'><strong>vidi</strong></span> 
     </span>
    </p>
   </div>
   <div class='ocr_carea' id='block_1_46' title="bbox 183 2892 1731 2965">
    <p class='ocr_par' dir='ltr' id='par_1_46' title="bbox 183 2892 1731 2965">
     <span class='ocr_line' id='line_1_46' title="bbox 183 2892 1731 2965; baseline 0.003 -23"><span class='ocrx_word' id='word_1_372' title='bbox 183 2892 361 2946; x_wconf 78' lang='lat' dir='ltr'><strong>turbam</strong></span> <span class='ocrx_word' id='word_1_373' title='bbox 400 2909 671 2962; x_wconf 88' lang='lat' dir='ltr'><strong>magnam</strong></span> <span class='ocrx_word' id='word_1_374' title='bbox 713 2909 883 2965; x_wconf 85' lang='lat' dir='ltr'><strong>quam</strong></span> <span class='ocrx_word' id='word_1_375' title='bbox 914 2909 1213 2948; x_wconf 87' lang='lat' dir='ltr'><strong>numerare</strong></span> <span class='ocrx_word' id='word_1_376' title='bbox 1244 2909 1402 2947; x_wconf 88' lang='lat' dir='ltr'><strong>nemo</strong></span> <span class='ocrx_word' id='word_1_377' title='bbox 1428 2898 1646 2962; x_wconf 80' lang='lat' dir='ltr'><strong>poterat</strong></span> <span class='ocrx_word' id='word_1_378' title='bbox 1667 2910 1731 2947; x_wconf 77' lang='lat' dir='ltr'><strong>ea:</strong></span> 
     </span>
    </p>
   </div>
   <div class='ocr_carea' id='block_1_47' title="bbox 178 2981 1728 3051">
    <p class='ocr_par' dir='ltr' id='par_1_47' title="bbox 178 2981 1728 3051">
     <span class='ocr_line' id='line_1_47' title="bbox 178 2981 1728 3051; baseline 0.003 -19"><span class='ocrx_word' id='word_1_379' title='bbox 178 2983 298 3034; x_wconf 83' lang='lat' dir='ltr'><strong>omni</strong></span> <span class='ocrx_word' id='word_1_380' title='bbox 327 2983 467 3036; x_wconf 82' lang='lat' dir='ltr'><strong>tribu</strong></span> <span class='ocrx_word' id='word_1_381' title='bbox 497 2988 546 3036; x_wconf 85' lang='lat' dir='ltr'><strong>et</strong></span> <span class='ocrx_word' id='word_1_382' title='bbox 563 2987 726 3051; x_wconf 78' lang='lat' dir='ltr'><strong>gente</strong></span> <span class='ocrx_word' id='word_1_383' title='bbox 747 2981 1153 3050; x_wconf 73' lang='lat' dir='ltr'><strong>(Hier.)Nimiae</strong></span> <span class='ocrx_word' id='word_1_384' title='bbox 1170 2981 1515 3036; x_wconf 84' lang='lat' dir='ltr'><strong>difﬁcultatis</strong></span> <span class='ocrx_word' id='word_1_385' title='bbox 1535 2981 1728 3036; x_wconf 87' lang='lat' dir='ltr'><strong>estde-</strong></span> 
     </span>
    </p>
   </div>
   <div class='ocr_carea' id='block_1_48' title="bbox 1807 1828 3413 1903">
    <p class='ocr_par' dir='ltr' id='par_1_48' title="bbox 1807 1828 3413 1903">
     <span class='ocr_line' id='line_1_48' title="bbox 1807 1828 3413 1903; baseline 0.003 -22"><span class='ocrx_word' id='word_1_386' title='bbox 1807 1828 2185 1884; x_wconf 89' lang='lat' dir='ltr'><strong>nedictionem</strong></span> <span class='ocrx_word' id='word_1_387' title='bbox 2205 1833 2588 1903; x_wconf 86' lang='lat' dir='ltr'><strong>atquelegata,</strong></span> <span class='ocrx_word' id='word_1_388' title='bbox 2613 1832 2767 1886; x_wconf 88' lang='lat' dir='ltr'><strong>aliud</strong></span> <span class='ocrx_word' id='word_1_389' title='bbox 2781 1837 3207 1888; x_wconf 88' lang='lat' dir='ltr'><strong>testamentum.</strong></span> <span class='ocrx_word' id='word_1_390' title='bbox 3225 1833 3335 1888; x_wconf 90' lang='lat' dir='ltr'><strong>Sed</strong></span> <span class='ocrx_word' id='word_1_391' title='bbox 3355 1837 3413 1886; x_wconf 93' lang='lat' dir='ltr'><strong>et</strong></span> 
     </span>
    </p>
   </div>
   <div class='ocr_carea' id='block_1_49' title="bbox 1809 1917 3410 1998">
    <p class='ocr_par' dir='ltr' id='par_1_49' title="bbox 1809 1917 3410 1998">
     <span class='ocr_line' id='line_1_49' title="bbox 1809 1917 3410 1998; baseline 0.003 -29"><span class='ocrx_word' id='word_1_392' title='bbox 1809 1917 1914 1970; x_wconf 88' lang='lat' dir='ltr'><strong>hoc</strong></span> <span class='ocrx_word' id='word_1_393' title='bbox 1939 1917 2049 1972; x_wconf 88' lang='lat' dir='ltr'><strong>dici</strong></span> <span class='ocrx_word' id='word_1_394' title='bbox 2068 1923 2255 1990; x_wconf 90' lang='lat' dir='ltr'><strong>potest</strong></span> <span class='ocrx_word' id='word_1_395' title='bbox 2281 1920 2352 1974; x_wconf 91' lang='lat' dir='ltr'><strong>de</strong></span> <span class='ocrx_word' id='word_1_396' title='bbox 2381 1921 2639 1988; x_wconf 89' lang='lat' dir='ltr'><strong>Ismaele,</strong></span> <span class='ocrx_word' id='word_1_397' title='bbox 2664 1925 2793 1998; x_wconf 86' lang='lat' dir='ltr'><strong>post</strong></span> <span class='ocrx_word' id='word_1_398' title='bbox 2810 1926 3144 1994; x_wconf 88' lang='lat' dir='ltr'><strong>conceptum</strong></span> <span class='ocrx_word' id='word_1_399' title='bbox 3170 1921 3294 1992; x_wconf 88' lang='lat' dir='ltr'><strong>ejus</strong></span> <span class='ocrx_word' id='word_1_400' title='bbox 3322 1919 3410 1975; x_wconf 88' lang='lat' dir='ltr'><strong>vel</strong></span> 
     </span>
    </p>
   </div>
   <div class='ocr_carea' id='block_1_50' title="bbox 1809 2005 3408 2081">
    <p class='ocr_par' dir='ltr' id='par_1_50' title="bbox 1809 2005 3408 2081">
     <span class='ocr_line' id='line_1_50' title="bbox 1809 2005 3408 2081; baseline 0.002 -21"><span class='ocrx_word' id='word_1_401' title='bbox 1809 2005 2183 2076; x_wconf 87' lang='lat' dir='ltr'><strong>angelum,vel</strong></span> <span class='ocrx_word' id='word_1_402' title='bbox 2200 2009 2382 2062; x_wconf 88' lang='lat' dir='ltr'><strong>Deum</strong></span> <span class='ocrx_word' id='word_1_403' title='bbox 2407 2009 2676 2075; x_wconf 91' lang='lat' dir='ltr'><strong>locutum,</strong></span> <span class='ocrx_word' id='word_1_404' title='bbox 2699 2010 2769 2064; x_wconf 90' lang='lat' dir='ltr'><strong>de</strong></span> <span class='ocrx_word' id='word_1_405' title='bbox 2787 2010 2943 2064; x_wconf 89' lang='lat' dir='ltr'><strong>Isaac</strong></span> <span class='ocrx_word' id='word_1_406' title='bbox 2955 2026 3084 2064; x_wconf 88' lang='lat' dir='ltr'><strong>vero</strong></span> <span class='ocrx_word' id='word_1_407' title='bbox 3103 2013 3408 2081; x_wconf 88' lang='lat' dir='ltr'><strong>antequam</strong></span> 
     </span>
    </p>
   </div>
   <div class='ocr_carea' id='block_1_51' title="bbox 1809 2087 3404 2169">
    <p class='ocr_par' dir='ltr' id='par_1_51' title="bbox 1809 2087 3404 2169">
     <span class='ocr_line' id='line_1_51' title="bbox 1809 2087 3404 2169; baseline 0.003 -23"><span class='ocrx_word' id='word_1_408' title='bbox 1809 2093 1868 2148; x_wconf 92' lang='lat' dir='ltr'><strong>in</strong></span> <span class='ocrx_word' id='word_1_409' title='bbox 1898 2095 2050 2150; x_wconf 70' lang='lat' dir='ltr'><strong>Saraa</strong></span> <span class='ocrx_word' id='word_1_410' title='bbox 2061 2101 2222 2151; x_wconf 91' lang='lat' dir='ltr'><strong>utero</strong></span> <span class='ocrx_word' id='word_1_411' title='bbox 2247 2097 2638 2169; x_wconf 90' lang='lat' dir='ltr'><strong>conciperetur</strong></span> <span class='ocrx_word' id='word_1_412' title='bbox 2664 2099 2845 2153; x_wconf 89' lang='lat' dir='ltr'><strong>Deum</strong></span> <span class='ocrx_word' id='word_1_413' title='bbox 2872 2097 3046 2153; x_wconf 91' lang='lat' dir='ltr'><strong>fuisse</strong></span> <span class='ocrx_word' id='word_1_414' title='bbox 3075 2087 3404 2169; x_wconf 90' lang='lat' dir='ltr'><strong>pollicitum.</strong></span> 
     </span>
    </p>
   </div>
   <div class='ocr_carea' id='block_1_52' title="bbox 1809 2182 3407 2254">
    <p class='ocr_par' dir='ltr' id='par_1_52' title="bbox 1809 2182 3407 2254">
     <span class='ocr_line' id='line_1_52' title="bbox 1809 2182 3407 2254; baseline 0.003 -18"><span class='ocrx_word' id='word_1_415' title='bbox 1809 2183 1972 2238; x_wconf 91' lang='lat' dir='ltr'><strong>Nunc</strong></span> <span class='ocrx_word' id='word_1_416' title='bbox 1983 2182 2227 2239; x_wconf 84' lang='lat' dir='ltr'><strong>breviter</strong></span> <span class='ocrx_word' id='word_1_417' title='bbox 2253 2186 2324 2240; x_wconf 89' lang='lat' dir='ltr'><strong>ad</strong></span> <span class='ocrx_word' id='word_1_418' title='bbox 2353 2186 2558 2240; x_wconf 85' lang='lat' dir='ltr'><strong>altiora</strong></span> <span class='ocrx_word' id='word_1_419' title='bbox 2572 2187 2918 2242; x_wconf 89' lang='lat' dir='ltr'><strong>tendendum</strong></span> <span class='ocrx_word' id='word_1_420' title='bbox 2939 2191 3043 2254; x_wconf 89' lang='lat' dir='ltr'><strong>est,</strong></span> <span class='ocrx_word' id='word_1_421' title='bbox 3069 2191 3134 2240; x_wconf 93' lang='lat' dir='ltr'><strong>ut</strong></span> <span class='ocrx_word' id='word_1_422' title='bbox 3154 2185 3407 2240; x_wconf 87' lang='lat' dir='ltr'><strong>dicamus</strong></span> 
     </span>
    </p>
   </div>
   <div class='ocr_carea' id='block_1_53' title="bbox 1808 2273 3405 2346">
    <p class='ocr_par' dir='ltr' id='par_1_53' title="bbox 1808 2273 3405 2346">
     <span class='ocr_line' id='line_1_53' title="bbox 1808 2273 3405 2346; baseline 0.001 -21"><span class='ocrx_word' id='word_1_423' title='bbox 1808 2287 2271 2344; x_wconf 90' lang='lat' dir='ltr'><strong>unumquemque</strong></span> <span class='ocrx_word' id='word_1_424' title='bbox 2299 2280 2560 2328; x_wconf 89' lang='lat' dir='ltr'><strong>nostrum</strong></span> <span class='ocrx_word' id='word_1_425' title='bbox 2591 2273 2838 2346; x_wconf 90' lang='lat' dir='ltr'><strong>primum</strong></span> <span class='ocrx_word' id='word_1_426' title='bbox 2868 2290 2983 2334; x_wconf 89' lang='lat' dir='ltr'><strong>non</strong></span> <span class='ocrx_word' id='word_1_427' title='bbox 3018 2275 3184 2344; x_wconf 85' lang='lat' dir='ltr'><strong>juxta</strong></span> <span class='ocrx_word' id='word_1_428' title='bbox 3211 2289 3405 2345; x_wconf 89' lang='lat' dir='ltr'><strong>repro-</strong></span> 
     </span>
    </p>
   </div>
   <div class='ocr_carea' id='block_1_54' title="bbox 1809 2360 3404 2434">
    <p class='ocr_par' dir='ltr' id='par_1_54' title="bbox 1809 2360 3404 2434">
     <span class='ocr_line' id='line_1_54' title="bbox 1809 2360 3404 2434; baseline 0.001 -21"><span class='ocrx_word' id='word_1_429' title='bbox 1809 2360 2137 2415; x_wconf 90' lang='lat' dir='ltr'><strong>missionem</strong></span> <span class='ocrx_word' id='word_1_430' title='bbox 2159 2362 2331 2428; x_wconf 90' lang='lat' dir='ltr'><strong>nasci,</strong></span> <span class='ocrx_word' id='word_1_431' title='bbox 2347 2362 2596 2434; x_wconf 89' lang='lat' dir='ltr'><strong>quandiu</strong></span> <span class='ocrx_word' id='word_1_432' title='bbox 2617 2363 3038 2433; x_wconf 89' lang='lat' dir='ltr'><strong>Scripturarum</strong></span> <span class='ocrx_word' id='word_1_433' title='bbox 3057 2361 3239 2416; x_wconf 88' lang='lat' dir='ltr'><strong>verbis</strong></span> <span class='ocrx_word' id='word_1_434' title='bbox 3267 2361 3404 2416; x_wconf 88' lang='lat' dir='ltr'><strong>sim-</strong></span> 
     </span>
    </p>
   </div>
   <div class='ocr_carea' id='block_1_55' title="bbox 1807 2447 3406 2522">
    <p class='ocr_par' dir='ltr' id='par_1_55' title="bbox 1807 2447 3406 2522">
     <span class='ocr_line' id='line_1_55' title="bbox 1807 2447 3406 2522; baseline 0.001 -20"><span class='ocrx_word' id='word_1_435' title='bbox 1807 2447 2046 2518; x_wconf 91' lang='lat' dir='ltr'><strong>plicibus</strong></span> <span class='ocrx_word' id='word_1_436' title='bbox 2066 2449 2356 2516; x_wconf 90' lang='lat' dir='ltr'><strong>intruitur,</strong></span> <span class='ocrx_word' id='word_1_437' title='bbox 2401 2457 2460 2504; x_wconf 91' lang='lat' dir='ltr'><strong>et</strong></span> <span class='ocrx_word' id='word_1_438' title='bbox 2482 2449 2726 2521; x_wconf 89' lang='lat' dir='ltr'><strong>judaicis</strong></span> <span class='ocrx_word' id='word_1_439' title='bbox 2745 2450 2928 2506; x_wconf 89' lang='lat' dir='ltr'><strong>adhuc</strong></span> <span class='ocrx_word' id='word_1_440' title='bbox 2968 2449 3406 2522; x_wconf 85' lang='lat' dir='ltr'><strong>expositionibus</strong></span> 
     </span>
    </p>
   </div>
   <div class='ocr_carea' id='block_1_56' title="bbox 1808 2525 3408 2609">
    <p class='ocr_par' dir='ltr' id='par_1_56' title="bbox 1808 2525 3408 2609">
     <span class='ocr_line' id='line_1_56' title="bbox 1808 2525 3408 2609; baseline 0.002 -18"><span class='ocrx_word' id='word_1_441' title='bbox 1808 2525 2120 2592; x_wconf 69' lang='lat' dir='ltr'><strong>delectatur</strong></span> <span class='ocrx_word' id='word_1_442' title='bbox 2152 2555 2163 2589; x_wconf 92' lang='lat'><strong>:</strong></span> <span class='ocrx_word' id='word_1_443' title='bbox 2197 2539 2420 2609; x_wconf 88' lang='lat' dir='ltr'><strong>quando</strong></span> <span class='ocrx_word' id='word_1_444' title='bbox 2461 2556 2589 2593; x_wconf 89' lang='lat' dir='ltr'><strong>vero</strong></span> <span class='ocrx_word' id='word_1_445' title='bbox 2637 2539 2710 2594; x_wconf 87' lang='lat' dir='ltr'><strong>ad</strong></span> <span class='ocrx_word' id='word_1_446' title='bbox 2747 2538 3077 2594; x_wconf 90' lang='lat' dir='ltr'><strong>sublimiora</strong></span> <span class='ocrx_word' id='word_1_447' title='bbox 3121 2542 3408 2594; x_wconf 85' lang='lat' dir='ltr'><strong>transcen-</strong></span> 
     </span>
    </p>
   </div>
   <div class='ocr_carea' id='block_1_57' title="bbox 1808 2625 3406 2700">
    <p class='ocr_par' dir='ltr' id='par_1_57' title="bbox 1808 2625 3406 2700">
     <span class='ocr_line' id='line_1_57' title="bbox 1808 2625 3406 2700; baseline 0 -20"><span class='ocrx_word' id='word_1_448' title='bbox 1808 2625 1957 2680; x_wconf 90' lang='lat' dir='ltr'><strong>derit</strong></span> <span class='ocrx_word' id='word_1_449' title='bbox 1983 2633 2042 2680; x_wconf 90' lang='lat' dir='ltr'><strong>et</strong></span> <span class='ocrx_word' id='word_1_450' title='bbox 2069 2626 2254 2697; x_wconf 85' lang='lat' dir='ltr'><strong>legem</strong></span> <span class='ocrx_word' id='word_1_451' title='bbox 2274 2627 2617 2682; x_wconf 87' lang='lat' dir='ltr'><strong>intellexerit</strong></span> <span class='ocrx_word' id='word_1_452' title='bbox 2644 2627 2978 2700; x_wconf 86' lang='lat' dir='ltr'><strong>spiritalem,</strong></span> <span class='ocrx_word' id='word_1_453' title='bbox 3011 2633 3148 2682; x_wconf 91' lang='lat' dir='ltr'><strong>tunc</strong></span> <span class='ocrx_word' id='word_1_454' title='bbox 3175 2643 3306 2682; x_wconf 89' lang='lat' dir='ltr'><strong>eum</strong></span> <span class='ocrx_word' id='word_1_455' title='bbox 3335 2626 3406 2681; x_wconf 89' lang='lat' dir='ltr'><strong>de</strong></span> 
     </span>
    </p>
   </div>
   <div class='ocr_carea' id='block_1_58' title="bbox 1809 2714 3406 2788">
    <p class='ocr_par' dir='ltr' id='par_1_58' title="bbox 1809 2714 3406 2788">
     <span class='ocr_line' id='line_1_58' title="bbox 1809 2714 3406 2788; baseline 0 -20"><span class='ocrx_word' id='word_1_456' title='bbox 1809 2715 2242 2786; x_wconf 90' lang='lat' dir='ltr'><strong>repromissione</strong></span> <span class='ocrx_word' id='word_1_457' title='bbox 2251 2715 2513 2786; x_wconf 88' lang='lat' dir='ltr'><strong>generari</strong></span> <span class='ocrx_word' id='word_1_458' title='bbox 2530 2733 2542 2767; x_wconf 74' lang='grc' dir='ltr'><strong>ε</strong></span> <span class='ocrx_word' id='word_1_459' title='bbox 2557 2721 2614 2770; x_wconf 91' lang='lat' dir='ltr'><strong>et</strong></span> <span class='ocrx_word' id='word_1_460' title='bbox 2624 2723 2690 2772; x_wconf 89' lang='lat' dir='ltr'><strong>ut</strong></span> <span class='ocrx_word' id='word_1_461' title='bbox 2703 2716 2954 2788; x_wconf 89' lang='lat' dir='ltr'><strong>apertius</strong></span> <span class='ocrx_word' id='word_1_462' title='bbox 2965 2716 3182 2788; x_wconf 86' lang='lat' dir='ltr'><strong>loquar,</strong></span> <span class='ocrx_word' id='word_1_463' title='bbox 3218 2714 3406 2787; x_wconf 90' lang='lat' dir='ltr'><strong>quoti-</strong></span> 
     </span>
    </p>
   </div>
   <div class='ocr_carea' id='block_1_59' title="bbox 1811 2803 3406 2876">
    <p class='ocr_par' dir='ltr' id='par_1_59' title="bbox 1811 2803 3406 2876">
     <span class='ocr_line' id='line_1_59' title="bbox 1811 2803 3406 2876; baseline 0.001 -19"><span class='ocrx_word' id='word_1_464' title='bbox 1811 2803 1902 2858; x_wconf 89' lang='lat' dir='ltr'><strong>die</strong></span> <span class='ocrx_word' id='word_1_465' title='bbox 1931 2821 2026 2858; x_wconf 87' lang='lat' dir='ltr'><strong>eos</strong></span> <span class='ocrx_word' id='word_1_466' title='bbox 2058 2803 2154 2875; x_wconf 90' lang='lat' dir='ltr'><strong>qui</strong></span> <span class='ocrx_word' id='word_1_467' title='bbox 2188 2803 2404 2859; x_wconf 87' lang='lat' dir='ltr'><strong>faciunt</strong></span> <span class='ocrx_word' id='word_1_468' title='bbox 2448 2820 2620 2876; x_wconf 90' lang='lat' dir='ltr'><strong>opera</strong></span> <span class='ocrx_word' id='word_1_469' title='bbox 2635 2805 2893 2873; x_wconf 71' lang='lat' dir='ltr'><strong>Abrahae,</strong></span> <span class='ocrx_word' id='word_1_470' title='bbox 2917 2804 2988 2860; x_wconf 92' lang='lat' dir='ltr'><strong>de</strong></span> <span class='ocrx_word' id='word_1_471' title='bbox 3005 2803 3292 2860; x_wconf 86' lang='lat' dir='ltr'><strong>Abraham</strong></span> <span class='ocrx_word' id='word_1_472' title='bbox 3310 2820 3406 2858; x_wconf 87' lang='lat' dir='ltr'><strong>na-</strong></span> 
     </span>
    </p>
   </div>
   <div class='ocr_carea' id='block_1_60' title="bbox 1810 2891 3408 2966">
    <p class='ocr_par' dir='ltr' id='par_1_60' title="bbox 1810 2891 3408 2966">
     <span class='ocr_line' id='line_1_60' title="bbox 1810 2891 3408 2966; baseline 0.003 -22"><span class='ocrx_word' id='word_1_473' title='bbox 1810 2891 1914 2946; x_wconf 89' lang='lat' dir='ltr'><strong>sci:</strong></span> <span class='ocrx_word' id='word_1_474' title='bbox 1941 2909 2138 2947; x_wconf 85' lang='lat' dir='ltr'><strong>verum</strong></span> <span class='ocrx_word' id='word_1_475' title='bbox 2164 2892 2291 2948; x_wconf 92' lang='lat' dir='ltr'><strong>illos</strong></span> <span class='ocrx_word' id='word_1_476' title='bbox 2313 2893 2411 2964; x_wconf 85' lang='lat' dir='ltr'><strong>qui</strong></span> <span class='ocrx_word' id='word_1_477' title='bbox 2441 2892 2652 2948; x_wconf 88' lang='lat' dir='ltr'><strong>habent</strong></span> <span class='ocrx_word' id='word_1_478' title='bbox 2686 2893 2960 2966; x_wconf 89' lang='lat' dir='ltr'><strong>Spiritum</strong></span> <span class='ocrx_word' id='word_1_479' title='bbox 2991 2892 3276 2949; x_wconf 87' lang='lat' dir='ltr'><strong>servitutis</strong></span> <span class='ocrx_word' id='word_1_480' title='bbox 3303 2893 3408 2948; x_wconf 85' lang='lat' dir='ltr'><strong>ite-</strong></span> 
     </span>
    </p>
   </div>
   <div class='ocr_carea' id='block_1_61' title="bbox 1811 2981 3407 3054">
    <p class='ocr_par' dir='ltr' id='par_1_61' title="bbox 1811 2981 3407 3054">
     <span class='ocr_line' id='line_1_61' title="bbox 1811 2981 3407 3054; baseline 0.001 -20"><span class='ocrx_word' id='word_1_481' title='bbox 1811 2996 1938 3034; x_wconf 90' lang='lat' dir='ltr'><strong>rum</strong></span> <span class='ocrx_word' id='word_1_482' title='bbox 1951 2981 2009 3034; x_wconf 94' lang='lat' dir='ltr'><strong>in</strong></span> <span class='ocrx_word' id='word_1_483' title='bbox 2028 2981 2251 3049; x_wconf 88' lang='lat' dir='ltr'><strong>timore,</strong></span> <span class='ocrx_word' id='word_1_484' title='bbox 2279 2998 2346 3037; x_wconf 87' lang='lat' dir='ltr'><strong>ex</strong></span> <span class='ocrx_word' id='word_1_485' title='bbox 2366 2981 2570 3037; x_wconf 89' lang='lat' dir='ltr'><strong>ancilla</strong></span> <span class='ocrx_word' id='word_1_486' title='bbox 2599 2983 2858 3053; x_wconf 89' lang='lat' dir='ltr'><strong>generari</strong></span> <span class='ocrx_word' id='word_1_487' title='bbox 2887 2983 3169 3054; x_wconf 68' lang='lat' dir='ltr'><strong>Egyptia,</strong></span> <span class='ocrx_word' id='word_1_488' title='bbox 3201 2998 3297 3037; x_wconf 90' lang='lat' dir='ltr'><strong>eos</strong></span> <span class='ocrx_word' id='word_1_489' title='bbox 3309 2998 3407 3037; x_wconf 86' lang='lat' dir='ltr'><strong>au-</strong></span> 
     </span>
    </p>
   </div>
   <div class='ocr_carea' id='block_1_62' title="bbox 176 3056 3405 3148">
    <p class='ocr_par' dir='ltr' id='par_1_62' title="bbox 176 3056 3405 3148">
     <span class='ocr_line' id='line_1_62' title="bbox 176 3056 3405 3148; baseline 0.001 -26"><span class='ocrx_word' id='word_1_490' title='bbox 176 3076 458 3136; x_wconf 82' lang='lat' dir='ltr'><strong>monstrare,</strong></span> <span class='ocrx_word' id='word_1_491' title='bbox 476 3071 642 3126; x_wconf 90' lang='lat' dir='ltr'><strong>Isaac</strong></span> <span class='ocrx_word' id='word_1_492' title='bbox 652 3074 877 3124; x_wconf 90' lang='lat' dir='ltr'><strong>tantum</strong></span> <span class='ocrx_word' id='word_1_493' title='bbox 899 3070 996 3142; x_wconf 91' lang='lat' dir='ltr'><strong>qui</strong></span> <span class='ocrx_word' id='word_1_494' title='bbox 1005 3070 1074 3124; x_wconf 90' lang='lat' dir='ltr'><strong>de</strong></span> <span class='ocrx_word' id='word_1_495' title='bbox 1096 3071 1236 3125; x_wconf 87' lang='lat' dir='ltr'><strong>Sara</strong></span> <span class='ocrx_word' id='word_1_496' title='bbox 1253 3075 1422 3124; x_wconf 89' lang='lat' dir='ltr'><strong>natus</strong></span> <span class='ocrx_word' id='word_1_497' title='bbox 1431 3076 1534 3135; x_wconf 89' lang='lat' dir='ltr'><strong>est,</strong></span> <span class='ocrx_word' id='word_1_498' title='bbox 1553 3069 1726 3124; x_wconf 85' lang='lat' dir='ltr'><strong>fuisse</strong></span> <span class='ocrx_word' id='word_1_499' title='bbox 1745 3056 1789 3117; x_wconf 85' lang='lat' dir='ltr'>C</span> <span class='ocrx_word' id='word_1_500' title='bbox 1809 3072 1925 3122; x_wconf 88' lang='lat' dir='ltr'><strong>tem</strong></span> <span class='ocrx_word' id='word_1_501' title='bbox 1942 3069 2036 3140; x_wconf 91' lang='lat' dir='ltr'><strong>qui</strong></span> <span class='ocrx_word' id='word_1_502' title='bbox 2050 3070 2325 3141; x_wconf 89' lang='lat' dir='ltr'><strong>Spiritum</strong></span> <span class='ocrx_word' id='word_1_503' title='bbox 2353 3071 2671 3143; x_wconf 87' lang='lat' dir='ltr'><strong>adoptionis</strong></span> <span class='ocrx_word' id='word_1_504' title='bbox 2705 3071 3040 3142; x_wconf 86' lang='lat' dir='ltr'><strong>acceperint,</strong></span> <span class='ocrx_word' id='word_1_505' title='bbox 3071 3087 3138 3125; x_wconf 91' lang='lat' dir='ltr'><strong>ex</strong></span> <span class='ocrx_word' id='word_1_506' title='bbox 3167 3071 3308 3148; x_wconf 69' lang='lat' dir='ltr'><strong>Sara</strong></span> <span class='ocrx_word' id='word_1_507' title='bbox 3333 3070 3405 3124; x_wconf 55' lang='lat' dir='ltr'><strong>li;</strong></span> 
     </span>
    </p>
   </div>
   <div class='ocr_carea' id='block_1_63' title="bbox 175 3155 1721 3230">
    <p class='ocr_par' dir='ltr' id='par_1_63' title="bbox 175 3155 1721 3230">
     <span class='ocr_line' id='line_1_63' title="bbox 175 3155 1721 3230; baseline 0.002 -22"><span class='ocrx_word' id='word_1_508' title='bbox 175 3155 226 3209; x_wconf 84' lang='lat' dir='ltr'><strong>de</strong></span> <span class='ocrx_word' id='word_1_509' title='bbox 249 3159 664 3230; x_wconf 85' lang='lat' dir='ltr'><strong>repromissione</strong></span> <span class='ocrx_word' id='word_1_510' title='bbox 692 3164 1045 3229; x_wconf 88' lang='lat' dir='ltr'><strong>generatum,</strong></span> <span class='ocrx_word' id='word_1_511' title='bbox 1075 3163 1134 3213; x_wconf 89' lang='lat' dir='ltr'><strong>et</strong></span> <span class='ocrx_word' id='word_1_512' title='bbox 1159 3175 1274 3214; x_wconf 93' lang='lat' dir='ltr'><strong>non</strong></span> <span class='ocrx_word' id='word_1_513' title='bbox 1301 3159 1472 3214; x_wconf 89' lang='lat' dir='ltr'><strong>etiam</strong></span> <span class='ocrx_word' id='word_1_514' title='bbox 1501 3159 1721 3226; x_wconf 89' lang='lat' dir='ltr'><strong>Ismael,</strong></span> 
     </span>
    </p>
   </div>
   <div class='ocr_carea' id='block_1_64' title="bbox 172 3244 1728 3318">
    <p class='ocr_par' dir='ltr' id='par_1_64' title="bbox 172 3244 1728 3318">
     <span class='ocr_line' id='line_1_64' title="bbox 172 3244 1728 3318; baseline 0.002 -19"><span class='ocrx_word' id='word_1_515' title='bbox 172 3244 451 3318; x_wconf 80' lang='lat' dir='ltr'><strong>quideAgar</strong></span> <span class='ocrx_word' id='word_1_516' title='bbox 461 3247 674 3302; x_wconf 87' lang='lat' dir='ltr'><strong>ancilla</strong></span> <span class='ocrx_word' id='word_1_517' title='bbox 683 3247 1514 3318; x_wconf 66' lang='lat' dir='ltr'><strong>estortusEgyptiaScriptura</strong></span> <span class='ocrx_word' id='word_1_518' title='bbox 1523 3247 1728 3318; x_wconf 90' lang='lat' dir='ltr'><strong>quippe</strong></span> 
     </span>
    </p>
   </div>
   <div class='ocr_carea' id='block_1_65' title="bbox 173 3333 1726 3407">
    <p class='ocr_par' dir='ltr' id='par_1_65' title="bbox 173 3333 1726 3407">
     <span class='ocr_line' id='line_1_65' title="bbox 173 3333 1726 3407; baseline 0 -19"><span class='ocrx_word' id='word_1_519' title='bbox 173 3333 306 3389; x_wconf 82' lang='lat' dir='ltr'><strong>refert</strong></span> <span class='ocrx_word' id='word_1_520' title='bbox 323 3336 460 3406; x_wconf 90' lang='lat' dir='ltr'><strong>quod</strong></span> <span class='ocrx_word' id='word_1_521' title='bbox 493 3353 628 3392; x_wconf 89' lang='lat' dir='ltr'><strong>cum</strong></span> <span class='ocrx_word' id='word_1_522' title='bbox 646 3341 1018 3407; x_wconf 89' lang='lat' dir='ltr'><strong>persequente</strong></span> <span class='ocrx_word' id='word_1_523' title='bbox 1040 3336 1198 3402; x_wconf 87' lang='lat' dir='ltr'><strong>Sara,</strong></span> <span class='ocrx_word' id='word_1_524' title='bbox 1229 3337 1383 3407; x_wconf 86' lang='lat' dir='ltr'><strong>Agar</strong></span> <span class='ocrx_word' id='word_1_525' title='bbox 1406 3335 1519 3390; x_wconf 87' lang='lat' dir='ltr'><strong>feta</strong></span> <span class='ocrx_word' id='word_1_526' title='bbox 1546 3335 1726 3406; x_wconf 84' lang='lat' dir='ltr'><strong>fugis-</strong></span> 
     </span>
    </p>
   </div>
   <div class='ocr_carea' id='block_1_66' title="bbox 170 3423 1726 3494">
    <p class='ocr_par' dir='ltr' id='par_1_66' title="bbox 170 3423 1726 3494">
     <span class='ocr_line' id='line_1_66' title="bbox 170 3423 1726 3494; baseline 0 -16"><span class='ocrx_word' id='word_1_527' title='bbox 170 3427 249 3488; x_wconf 78' lang='lat' dir='ltr'><strong>set,</strong></span> <span class='ocrx_word' id='word_1_528' title='bbox 275 3430 327 3478; x_wconf 89' lang='lat' dir='ltr'><strong>et</strong></span> <span class='ocrx_word' id='word_1_529' title='bbox 347 3425 593 3480; x_wconf 85' lang='lat' dir='ltr'><strong>venisset</strong></span> <span class='ocrx_word' id='word_1_530' title='bbox 623 3425 697 3479; x_wconf 87' lang='lat' dir='ltr'><strong>ad</strong></span> <span class='ocrx_word' id='word_1_531' title='bbox 723 3441 852 3478; x_wconf 89' lang='lat' dir='ltr'><strong>eam</strong></span> <span class='ocrx_word' id='word_1_532' title='bbox 881 3424 1114 3494; x_wconf 82' lang='lat' dir='ltr'><strong>angelus</strong></span> <span class='ocrx_word' id='word_1_533' title='bbox 1141 3423 1203 3478; x_wconf 89' lang='lat' dir='ltr'><strong>in</strong></span> <span class='ocrx_word' id='word_1_534' title='bbox 1242 3424 1486 3490; x_wconf 89' lang='lat' dir='ltr'><strong>deserto,</strong></span> <span class='ocrx_word' id='word_1_535' title='bbox 1530 3440 1726 3479; x_wconf 90' lang='lat' dir='ltr'><strong>mone-</strong></span> 
     </span>
    </p>
   </div>
   <div class='ocr_carea' id='block_1_67' title="bbox 173 3511 1728 3584">
    <p class='ocr_par' dir='ltr' id='par_1_67' title="bbox 173 3511 1728 3584">
     <span class='ocr_line' id='line_1_67' title="bbox 173 3511 1728 3584; baseline 0 -18"><span class='ocrx_word' id='word_1_536' title='bbox 173 3516 327 3582; x_wconf 68' lang='lat' dir='ltr'><strong>ntque</strong></span> <span class='ocrx_word' id='word_1_537' title='bbox 381 3521 446 3568; x_wconf 87' lang='lat' dir='ltr'><strong>ut</strong></span> <span class='ocrx_word' id='word_1_538' title='bbox 506 3513 888 3584; x_wconf 88' lang='lat' dir='ltr'><strong>subjiceretur</strong></span> <span class='ocrx_word' id='word_1_539' title='bbox 949 3511 1188 3567; x_wconf 67' lang='lat' dir='ltr'><strong>dominae</strong></span> <span class='ocrx_word' id='word_1_540' title='bbox 1242 3512 1526 3583; x_wconf 88' lang='lat' dir='ltr'><strong>potestati,</strong></span> <span class='ocrx_word' id='word_1_541' title='bbox 1578 3512 1728 3566; x_wconf 90' lang='lat' dir='ltr'><strong>idem</strong></span> 
     </span>
    </p>
   </div>
   <div class='ocr_carea' id='block_1_68' title="bbox 170 3597 1729 3672">
    <p class='ocr_par' dir='ltr' id='par_1_68' title="bbox 170 3597 1729 3672">
     <span class='ocr_line' id='line_1_68' title="bbox 170 3597 1729 3672; baseline 0.004 -23"><span class='ocrx_word' id='word_1_542' title='bbox 170 3597 258 3667; x_wconf 81' lang='lat' dir='ltr'><strong>ipse</strong></span> <span class='ocrx_word' id='word_1_543' title='bbox 289 3601 512 3672; x_wconf 85' lang='lat' dir='ltr'><strong>angelus</strong></span> <span class='ocrx_word' id='word_1_544' title='bbox 553 3601 735 3656; x_wconf 88' lang='lat' dir='ltr'><strong>etiam</strong></span> <span class='ocrx_word' id='word_1_545' title='bbox 773 3601 890 3656; x_wconf 66' lang='lat' dir='ltr'><strong>haec</strong></span> <span class='ocrx_word' id='word_1_546' title='bbox 917 3601 1138 3655; x_wconf 91' lang='lat' dir='ltr'><strong>locutus</strong></span> <span class='ocrx_word' id='word_1_547' title='bbox 1167 3599 1244 3654; x_wconf 90' lang='lat' dir='ltr'><strong>sit</strong></span> <span class='ocrx_word' id='word_1_548' title='bbox 1275 3619 1287 3653; x_wconf 90' lang='lat'>:</span> <span class='ocrx_word' id='word_1_549' title='bbox 1348 3603 1729 3670; x_wconf 80' lang='lat' dir='ltr'><strong>Multiplicans</strong></span> 
     </span>
    </p>
   </div>
   <div class='ocr_carea' id='block_1_69' title="bbox 172 3691 1730 3759">
    <p class='ocr_par' dir='ltr' id='par_1_69' title="bbox 172 3691 1730 3759">
     <span class='ocr_line' id='line_1_69' title="bbox 172 3691 1730 3759; baseline 0.003 -20"><span class='ocrx_word' id='word_1_550' title='bbox 172 3691 503 3757; x_wconf 78' lang='lat' dir='ltr'><strong>multiplicabo</strong></span> <span class='ocrx_word' id='word_1_551' title='bbox 521 3706 714 3746; x_wconf 82' lang='lat' dir='ltr'><strong>semen</strong></span> <span class='ocrx_word' id='word_1_552' title='bbox 743 3695 924 3755; x_wconf 88' lang='lat' dir='ltr'><strong>tuum,</strong></span> <span class='ocrx_word' id='word_1_553' title='bbox 955 3695 1004 3744; x_wconf 90' lang='lat' dir='ltr'><strong>et</strong></span> <span class='ocrx_word' id='word_1_554' title='bbox 1042 3705 1154 3744; x_wconf 86' lang='lat' dir='ltr'><strong>non</strong></span> <span class='ocrx_word' id='word_1_555' title='bbox 1196 3691 1590 3744; x_wconf 82' lang='lat' dir='ltr'><strong>numerabitur</strong></span> <span class='ocrx_word' id='word_1_556' title='bbox 1613 3705 1730 3759; x_wconf 59' lang='lat' dir='ltr'><strong>pra</strong></span> 
     </span>
    </p>
   </div>
   <div class='ocr_carea' id='block_1_70' title="bbox 175 3778 1728 3849">
    <p class='ocr_par' dir='ltr' id='par_1_70' title="bbox 175 3778 1728 3849">
     <span class='ocr_line' id='line_1_70' title="bbox 175 3778 1728 3849; baseline 0.003 -21"><span class='ocrx_word' id='word_1_557' title='bbox 175 3779 488 3834; x_wconf 82' lang='lat' dir='ltr'><strong>multitudine</strong></span> <span class='ocrx_word' id='word_1_558' title='bbox 511 3781 673 3847; x_wconf 88' lang='lat' dir='ltr'><strong>(Gen.</strong></span> <span class='ocrx_word' id='word_1_559' title='bbox 699 3781 814 3847; x_wconf 77' lang='lat' dir='ltr'><strong>xw)</strong></span> <span class='ocrx_word' id='word_1_560' title='bbox 851 3797 864 3844; x_wconf 84' lang='lat'><strong>;</strong></span> <span class='ocrx_word' id='word_1_561' title='bbox 917 3783 977 3832; x_wconf 89' lang='lat' dir='ltr'><strong>et</strong></span> <span class='ocrx_word' id='word_1_562' title='bbox 1008 3784 1204 3849; x_wconf 89' lang='lat' dir='ltr'><strong>postea</strong></span> <span class='ocrx_word' id='word_1_563' title='bbox 1241 3778 1312 3832; x_wconf 89' lang='lat' dir='ltr'><strong>de</strong></span> <span class='ocrx_word' id='word_1_564' title='bbox 1349 3778 1571 3844; x_wconf 90' lang='lat' dir='ltr'><strong>Ismael,</strong></span> <span class='ocrx_word' id='word_1_565' title='bbox 1606 3794 1728 3848; x_wconf 83' lang='lat' dir='ltr'><strong>quae</strong></span> 
     </span>
    </p>
   </div>
   <div class='ocr_carea' id='block_1_71' title="bbox 1808 3155 3406 3228">
    <p class='ocr_par' dir='ltr' id='par_1_71' title="bbox 1808 3155 3406 3228">
     <span class='ocr_line' id='line_1_71' title="bbox 1808 3155 3406 3228; baseline 0.001 -17"><span class='ocrx_word' id='word_1_566' title='bbox 1808 3155 1960 3224; x_wconf 86' lang='lat' dir='ltr'><strong>hera,</strong></span> <span class='ocrx_word' id='word_1_567' title='bbox 1995 3174 2108 3228; x_wconf 89' lang='lat' dir='ltr'><strong>qua</strong></span> <span class='ocrx_word' id='word_1_568' title='bbox 2142 3157 2402 3214; x_wconf 86' lang='lat' dir='ltr'><strong>libertate</strong></span> <span class='ocrx_word' id='word_1_569' title='bbox 2445 3177 2480 3214; x_wconf 90' lang='lat' dir='ltr'><strong>a</strong></span> <span class='ocrx_word' id='word_1_570' title='bbox 2526 3159 2750 3214; x_wconf 90' lang='lat' dir='ltr'><strong>Christo</strong></span> <span class='ocrx_word' id='word_1_571' title='bbox 2791 3160 2985 3214; x_wconf 90' lang='lat' dir='ltr'><strong>donati</strong></span> <span class='ocrx_word' id='word_1_572' title='bbox 3029 3175 3244 3214; x_wconf 89' lang='lat' dir='ltr'><strong>sumus.</strong></span> <span class='ocrx_word' id='word_1_573' title='bbox 3280 3157 3406 3226; x_wconf 73' lang='lat' dir='ltr'><strong>Qua:</strong></span> 
     </span>
    </p>
   </div>
   <div class='ocr_carea' id='block_1_72' title="bbox 1809 3245 3407 3318">
    <p class='ocr_par' dir='ltr' id='par_1_72' title="bbox 1809 3245 3407 3318">
     <span class='ocr_line' id='line_1_72' title="bbox 1809 3245 3407 3318; baseline 0 -18"><span class='ocrx_word' id='word_1_574' title='bbox 1809 3245 2055 3316; x_wconf 89' lang='lat' dir='ltr'><strong>quidem,</strong></span> <span class='ocrx_word' id='word_1_575' title='bbox 2080 3246 2282 3317; x_wconf 92' lang='lat' dir='ltr'><strong>inquit,</strong></span> <span class='ocrx_word' id='word_1_576' title='bbox 2313 3252 2444 3302; x_wconf 87' lang='lat' dir='ltr'><strong>sunt</strong></span> <span class='ocrx_word' id='word_1_577' title='bbox 2460 3264 2561 3318; x_wconf 85' lang='lat' dir='ltr'><strong>per</strong></span> <span class='ocrx_word' id='word_1_578' title='bbox 2580 3251 2908 3317; x_wconf 85' lang='lat' dir='ltr'><strong>allegoriam</strong></span> <span class='ocrx_word' id='word_1_579' title='bbox 2930 3249 3096 3302; x_wconf 87' lang='lat' dir='ltr'><strong>dicta.</strong></span> <span class='ocrx_word' id='word_1_580' title='bbox 3120 3245 3407 3318; x_wconf 87' lang='lat' dir='ltr'><strong>Allegoria</strong></span> 
     </span>
    </p>
   </div>
   <div class='ocr_carea' id='block_1_73' title="bbox 1809 3335 3404 3408">
    <p class='ocr_par' dir='ltr' id='par_1_73' title="bbox 1809 3335 3404 3408">
     <span class='ocr_line' id='line_1_73' title="bbox 1809 3335 3404 3408; baseline 0.002 -21"><span class='ocrx_word' id='word_1_581' title='bbox 1809 3335 2032 3406; x_wconf 89' lang='lat' dir='ltr'><strong>proprie</strong></span> <span class='ocrx_word' id='word_1_582' title='bbox 2079 3335 2149 3389; x_wconf 89' lang='lat' dir='ltr'><strong>de</strong></span> <span class='ocrx_word' id='word_1_583' title='bbox 2201 3341 2324 3390; x_wconf 88' lang='lat' dir='ltr'><strong>arte</strong></span> <span class='ocrx_word' id='word_1_584' title='bbox 2351 3336 2723 3406; x_wconf 81' lang='lat' dir='ltr'><strong>grammatica</strong></span> <span class='ocrx_word' id='word_1_585' title='bbox 2768 3342 2874 3403; x_wconf 90' lang='lat' dir='ltr'><strong>est,</strong></span> <span class='ocrx_word' id='word_1_586' title='bbox 2903 3341 2962 3390; x_wconf 91' lang='lat' dir='ltr'><strong>et</strong></span> <span class='ocrx_word' id='word_1_587' title='bbox 2989 3337 3138 3408; x_wconf 90' lang='lat' dir='ltr'><strong>quod</strong></span> <span class='ocrx_word' id='word_1_588' title='bbox 3161 3352 3198 3390; x_wconf 87' lang='lat' dir='ltr'><strong>a</strong></span> <span class='ocrx_word' id='word_1_589' title='bbox 3223 3341 3404 3390; x_wconf 87' lang='lat' dir='ltr'><strong>meta-</strong></span> 
     </span>
    </p>
   </div>
   <div class='ocr_carea' id='block_1_74' title="bbox 1807 3422 3404 3496">
    <p class='ocr_par' dir='ltr' id='par_1_74' title="bbox 1807 3422 3404 3496">
     <span class='ocr_line' id='line_1_74' title="bbox 1807 3422 3404 3496; baseline 0.002 -20"><span class='ocrx_word' id='word_1_590' title='bbox 1807 3423 2004 3494; x_wconf 88' lang='lat' dir='ltr'><strong>phora,</strong></span> <span class='ocrx_word' id='word_1_591' title='bbox 2024 3423 2110 3477; x_wconf 91' lang='lat' dir='ltr'><strong>vel</strong></span> <span class='ocrx_word' id='word_1_592' title='bbox 2137 3423 2351 3479; x_wconf 67' lang='lat' dir='ltr'><strong>caeteris</strong></span> <span class='ocrx_word' id='word_1_593' title='bbox 2378 3424 2557 3496; x_wconf 81' lang='lat' dir='ltr'><strong>trapis</strong></span> <span class='ocrx_word' id='word_1_594' title='bbox 2577 3422 2819 3492; x_wconf 72' lang='lat' dir='ltr'><strong>differat,</strong></span> <span class='ocrx_word' id='word_1_595' title='bbox 2855 3424 2916 3479; x_wconf 93' lang='lat' dir='ltr'><strong>in</strong></span> <span class='ocrx_word' id='word_1_596' title='bbox 2952 3424 3156 3480; x_wconf 89' lang='lat' dir='ltr'><strong>scholis</strong></span> <span class='ocrx_word' id='word_1_597' title='bbox 3184 3424 3404 3496; x_wconf 87' lang='lat' dir='ltr'><strong>parvuli</strong></span> 
     </span>
    </p>
   </div>
   <div class='ocr_carea' id='block_1_75' title="bbox 1809 3506 3405 3582">
    <p class='ocr_par' dir='ltr' id='par_1_75' title="bbox 1809 3506 3405 3582">
     <span class='ocr_line' id='line_1_75' title="bbox 1809 3506 3405 3582; baseline 0.002 -18"><span class='ocrx_word' id='word_1_598' title='bbox 1809 3511 2096 3566; x_wconf 91' lang='lat' dir='ltr'><strong>discimus.</strong></span> <span class='ocrx_word' id='word_1_599' title='bbox 2108 3506 2276 3566; x_wconf 82' lang='lat' dir='ltr'><strong>Aliud</strong></span> <span class='ocrx_word' id='word_1_600' title='bbox 2291 3513 2592 3582; x_wconf 67' lang='lat' dir='ltr'><strong>praetendit</strong></span> <span class='ocrx_word' id='word_1_601' title='bbox 2600 3511 2658 3566; x_wconf 90' lang='lat' dir='ltr'><strong>in</strong></span> <span class='ocrx_word' id='word_1_602' title='bbox 2673 3512 2874 3580; x_wconf 89' lang='lat' dir='ltr'><strong>verbis,</strong></span> <span class='ocrx_word' id='word_1_603' title='bbox 2891 3511 3047 3567; x_wconf 88' lang='lat' dir='ltr'><strong>aliud</strong></span> <span class='ocrx_word' id='word_1_604' title='bbox 3054 3513 3336 3582; x_wconf 81' lang='lat' dir='ltr'><strong>significat</strong></span> <span class='ocrx_word' id='word_1_605' title='bbox 3345 3511 3405 3568; x_wconf 91' lang='lat' dir='ltr'><strong>in</strong></span> 
     </span>
    </p>
   </div>
   <div class='ocr_carea' id='block_1_76' title="bbox 1809 3599 3404 3672">
    <p class='ocr_par' dir='ltr' id='par_1_76' title="bbox 1809 3599 3404 3672">
     <span class='ocr_line' id='line_1_76' title="bbox 1809 3599 3404 3672; baseline 0 -19"><span class='ocrx_word' id='word_1_606' title='bbox 1809 3616 1996 3654; x_wconf 90' lang='lat' dir='ltr'><strong>sensu.</strong></span> <span class='ocrx_word' id='word_1_607' title='bbox 2022 3599 2180 3654; x_wconf 90' lang='lat' dir='ltr'><strong>Pleni</strong></span> <span class='ocrx_word' id='word_1_608' title='bbox 2217 3605 2351 3654; x_wconf 90' lang='lat' dir='ltr'><strong>sunt</strong></span> <span class='ocrx_word' id='word_1_609' title='bbox 2386 3607 2676 3655; x_wconf 91' lang='lat' dir='ltr'><strong>oratorum</strong></span> <span class='ocrx_word' id='word_1_610' title='bbox 2707 3600 2989 3672; x_wconf 88' lang='lat' dir='ltr'><strong>allegoriis</strong></span> <span class='ocrx_word' id='word_1_611' title='bbox 3016 3606 3074 3654; x_wconf 92' lang='lat' dir='ltr'><strong>et</strong></span> <span class='ocrx_word' id='word_1_612' title='bbox 3108 3604 3404 3670; x_wconf 88' lang='lat' dir='ltr'><strong>poetarum</strong></span> 
     </span>
    </p>
   </div>
   <div class='ocr_carea' id='block_1_77' title="bbox 1808 3687 3403 3760">
    <p class='ocr_par' dir='ltr' id='par_1_77' title="bbox 1808 3687 3403 3760">
     <span class='ocr_line' id='line_1_77' title="bbox 1808 3687 3403 3760; baseline -0.001 -18"><span class='ocrx_word' id='word_1_613' title='bbox 1808 3687 1957 3742; x_wconf 90' lang='lat' dir='ltr'><strong>libri.</strong></span> <span class='ocrx_word' id='word_1_614' title='bbox 1974 3687 2267 3758; x_wconf 87' lang='lat' dir='ltr'><strong>Scriptura</strong></span> <span class='ocrx_word' id='word_1_615' title='bbox 2277 3705 2498 3760; x_wconf 89' lang='lat' dir='ltr'><strong>quoque</strong></span> <span class='ocrx_word' id='word_1_616' title='bbox 2511 3689 2701 3743; x_wconf 86' lang='lat' dir='ltr'><strong>divina</strong></span> <span class='ocrx_word' id='word_1_617' title='bbox 2721 3706 2824 3760; x_wconf 91' lang='lat' dir='ltr'><strong>per</strong></span> <span class='ocrx_word' id='word_1_618' title='bbox 2830 3689 2975 3743; x_wconf 86' lang='lat' dir='ltr'><strong>hanc</strong></span> <span class='ocrx_word' id='word_1_619' title='bbox 2983 3705 3096 3742; x_wconf 91' lang='lat' dir='ltr'><strong>non</strong></span> <span class='ocrx_word' id='word_1_620' title='bbox 3105 3687 3325 3742; x_wconf 87' lang='lat' dir='ltr'><strong>modica</strong></span> <span class='ocrx_word' id='word_1_621' title='bbox 3337 3703 3403 3741; x_wconf 85' lang='lat' dir='ltr'><strong>ex</strong></span> 
     </span>
    </p>
   </div>
   <div class='ocr_carea' id='block_1_78' title="bbox 1808 3775 3396 3848">
    <p class='ocr_par' dir='ltr' id='par_1_78' title="bbox 1808 3775 3396 3848">
     <span class='ocr_line' id='line_1_78' title="bbox 1808 3775 3396 3848; baseline -0.001 -18"><span class='ocrx_word' id='word_1_622' title='bbox 1808 3782 1968 3848; x_wconf 89' lang='lat' dir='ltr'><strong>parte</strong></span> <span class='ocrx_word' id='word_1_623' title='bbox 1979 3781 2239 3830; x_wconf 90' lang='lat' dir='ltr'><strong>contexta</strong></span> <span class='ocrx_word' id='word_1_624' title='bbox 2254 3780 2357 3830; x_wconf 87' lang='lat' dir='ltr'><strong>est.</strong></span> <span class='ocrx_word' id='word_1_625' title='bbox 2365 3777 2525 3841; x_wconf 85' lang='lat' dir='ltr'><strong>Quod</strong></span> <span class='ocrx_word' id='word_1_626' title='bbox 2537 3776 2858 3847; x_wconf 87' lang='lat' dir='ltr'><strong>intelligens</strong></span> <span class='ocrx_word' id='word_1_627' title='bbox 2874 3776 3084 3830; x_wconf 90' lang='lat' dir='ltr'><strong>Paulus</strong></span> <span class='ocrx_word' id='word_1_628' title='bbox 3093 3775 3396 3846; x_wconf 88' lang='lat' dir='ltr'><strong>apostolus,</strong></span> 
     </span>
    </p>
   </div>
   <div class='ocr_carea' id='block_1_79' title="bbox 173 3863 3404 3938">
    <p class='ocr_par' dir='ltr' id='par_1_79' title="bbox 173 3863 3404 3938">
     <span class='ocr_line' id='line_1_79' title="bbox 173 3863 3404 3938; baseline 0.001 -22"><span class='ocrx_word' id='word_1_629' title='bbox 173 3863 325 3935; x_wconf 81' lang='lat' dir='ltr'><strong>utique</strong></span> <span class='ocrx_word' id='word_1_630' title='bbox 350 3866 816 3938; x_wconf 87' lang='lat' dir='ltr'><strong>repromissionis</strong></span> <span class='ocrx_word' id='word_1_631' title='bbox 856 3865 1026 3920; x_wconf 87' lang='lat' dir='ltr'><strong>verba</strong></span> <span class='ocrx_word' id='word_1_632' title='bbox 1059 3882 1228 3921; x_wconf 89' lang='lat' dir='ltr'><strong>nemo</strong></span> <span class='ocrx_word' id='word_1_633' title='bbox 1259 3865 1530 3921; x_wconf 88' lang='lat' dir='ltr'><strong>dubitarit</strong></span> <span class='ocrx_word' id='word_1_634' title='bbox 1563 3884 1574 3919; x_wconf 93' lang='lat'>:</span> <span class='ocrx_word' id='word_1_635' title='bbox 1625 3869 1728 3921; x_wconf 86' lang='lat' dir='ltr'><strong>Iste</strong></span> <span class='ocrx_word' id='word_1_636' title='bbox 1809 3865 2016 3936; x_wconf 89' lang='lat' dir='ltr'><strong>quippe</strong></span> <span class='ocrx_word' id='word_1_637' title='bbox 2031 3865 2127 3936; x_wconf 91' lang='lat' dir='ltr'><strong>qui</strong></span> <span class='ocrx_word' id='word_1_638' title='bbox 2150 3869 2208 3918; x_wconf 90' lang='lat' dir='ltr'><strong>et</strong></span> <span class='ocrx_word' id='word_1_639' title='bbox 2231 3864 2525 3919; x_wconf 68' lang='lat' dir='ltr'><strong>saeculares</strong></span> <span class='ocrx_word' id='word_1_640' title='bbox 2548 3865 2770 3919; x_wconf 86' lang='lat' dir='ltr'><strong>litteras</strong></span> <span class='ocrx_word' id='word_1_641' title='bbox 2791 3865 2982 3936; x_wconf 89' lang='lat' dir='ltr'><strong>aliqua</strong></span> <span class='ocrx_word' id='word_1_642' title='bbox 2998 3881 3063 3918; x_wconf 88' lang='lat' dir='ltr'><strong>ex</strong></span> <span class='ocrx_word' id='word_1_643' title='bbox 3091 3869 3251 3936; x_wconf 87' lang='lat' dir='ltr'><strong>parte</strong></span> <span class='ocrx_word' id='word_1_644' title='bbox 3275 3879 3404 3918; x_wconf 90' lang='lat' dir='ltr'><strong>con-</strong></span> 
     </span>
    </p>
   </div>
   <div class='ocr_carea' id='block_1_80' title="bbox 170 3950 3404 4026">
    <p class='ocr_par' dir='ltr' id='par_1_80' title="bbox 170 3950 3404 4026">
     <span class='ocr_line' id='line_1_80' title="bbox 170 3950 3404 4026; baseline 0 -22"><span class='ocrx_word' id='word_1_645' title='bbox 170 3954 252 4006; x_wconf 80' lang='lat' dir='ltr'><strong>m’t</strong></span> <span class='ocrx_word' id='word_1_646' title='bbox 273 3959 584 4010; x_wconf 82' lang='lat' dir='ltr'><strong>rusticanus</strong></span> <span class='ocrx_word' id='word_1_647' title='bbox 603 3954 808 4026; x_wconf 83' lang='lat' dir='ltr'><strong>[ferus]</strong></span> <span class='ocrx_word' id='word_1_648' title='bbox 817 3955 992 4020; x_wconf 86' lang='lat' dir='ltr'><strong>homo,</strong></span> <span class='ocrx_word' id='word_1_649' title='bbox 1005 3969 1210 4009; x_wconf 86' lang='lat' dir='ltr'><strong>manus</strong></span> <span class='ocrx_word' id='word_1_650' title='bbox 1219 3957 1337 4024; x_wconf 74' lang='lat' dir='ltr'><strong>ejus</strong></span> <span class='ocrx_word' id='word_1_651' title='bbox 1350 3970 1513 4024; x_wconf 85' lang='lat' dir='ltr'><strong>super</strong></span> <span class='ocrx_word' id='word_1_652' title='bbox 1522 3969 1727 4020; x_wconf 87' lang='lat' dir='ltr'><strong>omnes,</strong></span> <span class='ocrx_word' id='word_1_653' title='bbox 1809 3951 2034 4022; x_wconf 88' lang='lat' dir='ltr'><strong>tigerat,</strong></span> <span class='ocrx_word' id='word_1_654' title='bbox 2068 3951 2190 4024; x_wconf 89' lang='lat' dir='ltr'><strong>ipso</strong></span> <span class='ocrx_word' id='word_1_655' title='bbox 2202 3951 2369 4006; x_wconf 87' lang='lat' dir='ltr'><strong>verbo</strong></span> <span class='ocrx_word' id='word_1_656' title='bbox 2389 3952 2582 4023; x_wconf 73' lang='lat' dir='ltr'><strong>ﬁgurae</strong></span> <span class='ocrx_word' id='word_1_657' title='bbox 2600 3968 2736 4007; x_wconf 91' lang='lat' dir='ltr'><strong>usus</strong></span> <span class='ocrx_word' id='word_1_658' title='bbox 2749 3957 2853 4020; x_wconf 90' lang='lat' dir='ltr'><strong>est,</strong></span> <span class='ocrx_word' id='word_1_659' title='bbox 2874 3957 2938 4007; x_wconf 91' lang='lat' dir='ltr'><strong>ut</strong></span> <span class='ocrx_word' id='word_1_660' title='bbox 2957 3951 3285 4022; x_wconf 86' lang='lat' dir='ltr'><strong>allegoriam</strong></span> <span class='ocrx_word' id='word_1_661' title='bbox 3299 3950 3404 4006; x_wconf 90' lang='lat' dir='ltr'><strong>sic-</strong></span> 
     </span>
    </p>
   </div>
   <div class='ocr_carea' id='block_1_81' title="bbox 168 4039 3403 4113">
    <p class='ocr_par' dir='ltr' id='par_1_81' title="bbox 168 4039 3403 4113">
     <span class='ocr_line' id='line_1_81' title="bbox 168 4039 3403 4113; baseline 0 -17"><span class='ocrx_word' id='word_1_662' title='bbox 168 4044 204 4091; x_wconf 73' lang='lat' dir='ltr'><strong>d</strong></span> <span class='ocrx_word' id='word_1_663' title='bbox 225 4057 404 4098; x_wconf 84' lang='lat' dir='ltr'><strong>manus</strong></span> <span class='ocrx_word' id='word_1_664' title='bbox 420 4048 694 4099; x_wconf 85' lang='lat' dir='ltr'><strong>omnium</strong></span> <span class='ocrx_word' id='word_1_665' title='bbox 719 4059 886 4112; x_wconf 84' lang='lat' dir='ltr'><strong>super</strong></span> <span class='ocrx_word' id='word_1_666' title='bbox 923 4059 1068 4110; x_wconf 89' lang='lat' dir='ltr'><strong>eum,</strong></span> <span class='ocrx_word' id='word_1_667' title='bbox 1093 4048 1143 4098; x_wconf 90' lang='lat' dir='ltr'><strong>et</strong></span> <span class='ocrx_word' id='word_1_668' title='bbox 1173 4049 1370 4098; x_wconf 89' lang='lat' dir='ltr'><strong>contra</strong></span> <span class='ocrx_word' id='word_1_669' title='bbox 1397 4045 1597 4111; x_wconf 79' lang='lat' dir='ltr'><strong>faciem</strong></span> <span class='ocrx_word' id='word_1_670' title='bbox 1618 4059 1732 4096; x_wconf 87' lang='lat' dir='ltr'><strong>om-</strong></span> <span class='ocrx_word' id='word_1_671' title='bbox 1810 4044 1876 4094; x_wconf 89' lang='lat' dir='ltr'><strong>ut</strong></span> <span class='ocrx_word' id='word_1_672' title='bbox 1901 4041 2052 4112; x_wconf 87' lang='lat' dir='ltr'><strong>apud</strong></span> <span class='ocrx_word' id='word_1_673' title='bbox 2071 4057 2204 4096; x_wconf 92' lang='lat' dir='ltr'><strong>suos</strong></span> <span class='ocrx_word' id='word_1_674' title='bbox 2240 4039 2448 4096; x_wconf 90' lang='lat' dir='ltr'><strong>dicitur</strong></span> <span class='ocrx_word' id='word_1_675' title='bbox 2474 4041 2801 4112; x_wconf 88' lang='lat' dir='ltr'><strong>appellaret,</strong></span> <span class='ocrx_word' id='word_1_676' title='bbox 2853 4057 2963 4113; x_wconf 92' lang='lat' dir='ltr'><strong>quo</strong></span> <span class='ocrx_word' id='word_1_677' title='bbox 2999 4041 3210 4096; x_wconf 88' lang='lat' dir='ltr'><strong>scilicet</strong></span> <span class='ocrx_word' id='word_1_678' title='bbox 3235 4056 3403 4096; x_wconf 90' lang='lat' dir='ltr'><strong>sensu</strong></span> 
     </span>
    </p>
   </div>
   <div class='ocr_carea' id='block_1_82' title="bbox 171 4128 3406 4202">
    <p class='ocr_par' dir='ltr' id='par_1_82' title="bbox 171 4128 3406 4202">
     <span class='ocr_line' id='line_1_82' title="bbox 171 4128 3406 4202; baseline 0.002 -23"><span class='ocrx_word' id='word_1_679' title='bbox 171 4129 300 4181; x_wconf 81' lang='lat' dir='ltr'><strong>nium</strong></span> <span class='ocrx_word' id='word_1_680' title='bbox 320 4133 575 4198; x_wconf 81' lang='lat' dir='ltr'><strong>fratrum</strong></span> <span class='ocrx_word' id='word_1_681' title='bbox 602 4145 840 4186; x_wconf 87' lang='lat' dir='ltr'><strong>suorum</strong></span> <span class='ocrx_word' id='word_1_682' title='bbox 855 4131 1142 4186; x_wconf 79' lang='lat' dir='ltr'><strong>habitabit.</strong></span> <span class='ocrx_word' id='word_1_683' title='bbox 1169 4131 1279 4186; x_wconf 91' lang='lat' dir='ltr'><strong>Sed</strong></span> <span class='ocrx_word' id='word_1_684' title='bbox 1299 4131 1624 4202; x_wconf 68' lang='lat' dir='ltr'><strong>responderi</strong></span> <span class='ocrx_word' id='word_1_685' title='bbox 1635 4147 1730 4202; x_wconf 91' lang='lat' dir='ltr'><strong>po-</strong></span> <span class='ocrx_word' id='word_1_686' title='bbox 1812 4129 1996 4201; x_wconf 86' lang='lat' dir='ltr'><strong>magis</strong></span> <span class='ocrx_word' id='word_1_687' title='bbox 2006 4128 2112 4184; x_wconf 88' lang='lat' dir='ltr'><strong>loci</strong></span> <span class='ocrx_word' id='word_1_688' title='bbox 2124 4129 2294 4200; x_wconf 85' lang='lat' dir='ltr'><strong>hujus</strong></span> <span class='ocrx_word' id='word_1_689' title='bbox 2310 4129 2490 4184; x_wconf 84' lang='lat' dir='ltr'><strong>Graeci</strong></span> <span class='ocrx_word' id='word_1_690' title='bbox 2503 4129 2779 4184; x_wconf 90' lang='lat' dir='ltr'><strong>sermonis</strong></span> <span class='ocrx_word' id='word_1_691' title='bbox 2790 4129 3120 4186; x_wconf 87' lang='lat' dir='ltr'><strong>abusionem</strong></span> <span class='ocrx_word' id='word_1_692' title='bbox 3130 4135 3406 4186; x_wconf 88' lang='lat' dir='ltr'><strong>monstra-</strong></span> 
     </span>
    </p>
   </div>
   <div class='ocr_carea' id='block_1_83' title="bbox 168 4217 3401 4292">
    <p class='ocr_par' dir='ltr' id='par_1_83' title="bbox 168 4217 3401 4292">
     <span class='ocr_line' id='line_1_83' title="bbox 168 4217 3401 4292; baseline 0.001 -22"><span class='ocrx_word' id='word_1_693' title='bbox 168 4220 250 4270; x_wconf 77' lang='lat' dir='ltr'><strong>test</strong></span> <span class='ocrx_word' id='word_1_694' title='bbox 280 4220 508 4275; x_wconf 88' lang='lat' dir='ltr'><strong>minoris</strong></span> <span class='ocrx_word' id='word_1_695' title='bbox 565 4219 922 4276; x_wconf 86' lang='lat' dir='ltr'><strong>auctoritatis</strong></span> <span class='ocrx_word' id='word_1_696' title='bbox 953 4235 1077 4275; x_wconf 89' lang='lat' dir='ltr'><strong>esse</strong></span> <span class='ocrx_word' id='word_1_697' title='bbox 1112 4219 1605 4292; x_wconf 88' lang='lat' dir='ltr'><strong>repromissionem</strong></span> <span class='ocrx_word' id='word_1_698' title='bbox 1627 4236 1729 4274; x_wconf 87' lang='lat' dir='ltr'><strong>an-</strong></span> <span class='ocrx_word' id='word_1_699' title='bbox 1811 4223 1916 4272; x_wconf 89' lang='lat' dir='ltr'><strong>ret.</strong></span> <span class='ocrx_word' id='word_1_700' title='bbox 1949 4217 2129 4272; x_wconf 89' lang='lat' dir='ltr'><strong>Scisse</strong></span> <span class='ocrx_word' id='word_1_701' title='bbox 2149 4223 2341 4273; x_wconf 88' lang='lat' dir='ltr'><strong>autem</strong></span> <span class='ocrx_word' id='word_1_702' title='bbox 2369 4218 2628 4286; x_wconf 89' lang='lat' dir='ltr'><strong>Paulum,</strong></span> <span class='ocrx_word' id='word_1_703' title='bbox 2660 4219 2794 4274; x_wconf 90' lang='lat' dir='ltr'><strong>licet</strong></span> <span class='ocrx_word' id='word_1_704' title='bbox 2811 4235 2924 4274; x_wconf 90' lang='lat' dir='ltr'><strong>non</strong></span> <span class='ocrx_word' id='word_1_705' title='bbox 2953 4219 3025 4274; x_wconf 90' lang='lat' dir='ltr'><strong>ad</strong></span> <span class='ocrx_word' id='word_1_706' title='bbox 3071 4219 3401 4292; x_wconf 87' lang='lat' dir='ltr'><strong>perfectum,</strong></span> 
     </span>
    </p>
   </div>
   <div class='ocr_carea' id='block_1_84' title="bbox 167 4304 3405 4382">
    <p class='ocr_par' dir='ltr' id='par_1_84' title="bbox 167 4304 3405 4382">
     <span class='ocr_line' id='line_1_84' title="bbox 167 4304 3405 4382; baseline -0.001 -18"><span class='ocrx_word' id='word_1_707' title='bbox 167 4304 266 4372; x_wconf 74' lang='lat' dir='ltr'><strong>geli,</strong></span> <span class='ocrx_word' id='word_1_708' title='bbox 295 4324 456 4378; x_wconf 86' lang='lat' dir='ltr'><strong>quam</strong></span> <span class='ocrx_word' id='word_1_709' title='bbox 485 4309 674 4382; x_wconf 88' lang='lat' dir='ltr'><strong>ipsius</strong></span> <span class='ocrx_word' id='word_1_710' title='bbox 697 4307 801 4363; x_wconf 89' lang='lat' dir='ltr'><strong>Dei</strong></span> <span class='ocrx_word' id='word_1_711' title='bbox 827 4327 838 4362; x_wconf 93' lang='lat'>:</span> <span class='ocrx_word' id='word_1_712' title='bbox 873 4308 1017 4364; x_wconf 90' lang='lat' dir='ltr'><strong>sicut</strong></span> <span class='ocrx_word' id='word_1_713' title='bbox 1043 4309 1196 4363; x_wconf 89' lang='lat' dir='ltr'><strong>enim</strong></span> <span class='ocrx_word' id='word_1_714' title='bbox 1233 4309 1416 4375; x_wconf 89' lang='lat' dir='ltr'><strong>stella,</strong></span> <span class='ocrx_word' id='word_1_715' title='bbox 1457 4315 1580 4363; x_wconf 86' lang='lat' dir='ltr'><strong>orto</strong></span> <span class='ocrx_word' id='word_1_716' title='bbox 1615 4309 1730 4362; x_wconf 91' lang='lat' dir='ltr'><strong>sole</strong></span> <span class='ocrx_word' id='word_1_717' title='bbox 1811 4307 2031 4361; x_wconf 89' lang='lat' dir='ltr'><strong>litteras</strong></span> <span class='ocrx_word' id='word_1_718' title='bbox 2078 4307 2392 4374; x_wconf 73' lang='lat' dir='ltr'><strong>szeculares,</strong></span> <span class='ocrx_word' id='word_1_719' title='bbox 2443 4307 2619 4380; x_wconf 89' lang='lat' dir='ltr'><strong>ipsius</strong></span> <span class='ocrx_word' id='word_1_720' title='bbox 2667 4307 2838 4362; x_wconf 90' lang='lat' dir='ltr'><strong>verba</strong></span> <span class='ocrx_word' id='word_1_721' title='bbox 2893 4313 3215 4363; x_wconf 85' lang='lat' dir='ltr'><strong>testantur:</strong></span> <span class='ocrx_word' id='word_1_722' title='bbox 3250 4309 3405 4363; x_wconf 68' lang='lat' dir='ltr'><strong>Dixit</strong></span> 
     </span>
    </p>
   </div>
   <div class='ocr_carea' id='block_1_85' title="bbox 167 4383 3402 4469">
    <p class='ocr_par' dir='ltr' id='par_1_85' title="bbox 167 4383 3402 4469">
     <span class='ocr_line' id='line_1_85' title="bbox 167 4383 3402 4469; baseline 0 -21"><span class='ocrx_word' id='word_1_723' title='bbox 167 4408 250 4448; x_wconf 85' lang='lat' dir='ltr'><strong>non</strong></span> <span class='ocrx_word' id='word_1_724' title='bbox 261 4397 463 4464; x_wconf 83' lang='lat' dir='ltr'><strong>rutilat,</strong></span> <span class='ocrx_word' id='word_1_725' title='bbox 489 4397 579 4452; x_wconf 84' lang='lat' dir='ltr'><strong>ita</strong></span> <span class='ocrx_word' id='word_1_726' title='bbox 599 4403 660 4452; x_wconf 88' lang='lat' dir='ltr'><strong>et</strong></span> <span class='ocrx_word' id='word_1_727' title='bbox 685 4397 872 4468; x_wconf 86' lang='lat' dir='ltr'><strong>angeli</strong></span> <span class='ocrx_word' id='word_1_728' title='bbox 881 4396 1050 4452; x_wconf 88' lang='lat' dir='ltr'><strong>verba</strong></span> <span class='ocrx_word' id='word_1_729' title='bbox 1063 4398 1136 4452; x_wconf 90' lang='lat' dir='ltr'><strong>ad</strong></span> <span class='ocrx_word' id='word_1_730' title='bbox 1151 4398 1630 4469; x_wconf 86' lang='lat' dir='ltr'><strong>comparationem</strong></span> <span class='ocrx_word' id='word_1_731' title='bbox 1642 4413 1728 4451; x_wconf 89' lang='lat' dir='ltr'><strong>re-</strong></span> <span class='ocrx_word' id='word_1_732' title='bbox 1741 4383 1793 4442; x_wconf 85' lang='lat' dir='ltr'><strong>D</strong></span> <span class='ocrx_word' id='word_1_733' title='bbox 1809 4397 2040 4464; x_wconf 85' lang='lat' dir='ltr'><strong>quidam</strong></span> <span class='ocrx_word' id='word_1_734' title='bbox 2059 4413 2124 4450; x_wconf 73' lang='lat' dir='ltr'><strong>ea:</strong></span> <span class='ocrx_word' id='word_1_735' title='bbox 2147 4399 2222 4450; x_wconf 90' lang='lat' dir='ltr'><strong>eis</strong></span> <span class='ocrx_word' id='word_1_736' title='bbox 2255 4399 2520 4466; x_wconf 88' lang='lat' dir='ltr'><strong>proprius</strong></span> <span class='ocrx_word' id='word_1_737' title='bbox 2565 4413 2762 4451; x_wconf 87' lang='lat' dir='ltr'><strong>eorum</strong></span> <span class='ocrx_word' id='word_1_738' title='bbox 2800 4397 3064 4466; x_wconf 84' lang='lat' dir='ltr'><strong>propheta</strong></span> <span class='ocrx_word' id='word_1_739' title='bbox 3087 4413 3098 4448; x_wconf 90' lang='lat'>:</span> <span class='ocrx_word' id='word_1_740' title='bbox 3131 4397 3402 4450; x_wconf 78' lang='lat' dir='ltr'><strong>Cretenses</strong></span> 
     </span>
    </p>
   </div>
   <div class='ocr_carea' id='block_1_86' title="bbox 97 4481 3398 4560">
    <p class='ocr_par' dir='ltr' id='par_1_86' title="bbox 97 4481 3398 4560">
     <span class='ocr_line' id='line_1_86' title="bbox 97 4481 3398 4560; baseline -0 -25"><span class='ocrx_word' id='word_1_741' title='bbox 97 4543 106 4560; x_wconf 49' lang='grc'><em>,</em></span> <span class='ocrx_word' id='word_1_742' title='bbox 168 4484 514 4549; x_wconf 84' lang='lat' dir='ltr'><strong>promissionis</strong></span> <span class='ocrx_word' id='word_1_743' title='bbox 541 4485 650 4542; x_wconf 87' lang='lat' dir='ltr'><strong>Dei</strong></span> <span class='ocrx_word' id='word_1_744' title='bbox 691 4485 975 4540; x_wconf 73' lang='lat' dir='ltr'><strong>obscurari</strong></span> <span class='ocrx_word' id='word_1_745' title='bbox 993 4492 1051 4540; x_wconf 90' lang='lat' dir='ltr'><strong>et</strong></span> <span class='ocrx_word' id='word_1_746' title='bbox 1085 4502 1415 4540; x_wconf 90' lang='lat' dir='ltr'><strong>evanescere</strong></span> <span class='ocrx_word' id='word_1_747' title='bbox 1444 4492 1502 4540; x_wconf 89' lang='lat' dir='ltr'><strong>et</strong></span> <span class='ocrx_word' id='word_1_748' title='bbox 1518 4502 1620 4558; x_wconf 92' lang='lat' dir='ltr'><strong>pro</strong></span> <span class='ocrx_word' id='word_1_749' title='bbox 1648 4485 1730 4540; x_wconf 89' lang='lat' dir='ltr'><strong>ni-</strong></span> <span class='ocrx_word' id='word_1_750' title='bbox 1809 4499 2017 4554; x_wconf 85' lang='lat' dir='ltr'><strong>semper</strong></span> <span class='ocrx_word' id='word_1_751' title='bbox 2045 4487 2342 4549; x_wconf 84' lang='lat' dir='ltr'><strong>mendaces,</strong></span> <span class='ocrx_word' id='word_1_752' title='bbox 2369 4488 2532 4540; x_wconf 69' lang='lat' dir='ltr'><strong>mala:</strong></span> <span class='ocrx_word' id='word_1_753' title='bbox 2562 4486 2757 4549; x_wconf 70' lang='lat' dir='ltr'><strong>bestiae,</strong></span> <span class='ocrx_word' id='word_1_754' title='bbox 2780 4488 2992 4539; x_wconf 82' lang='lat' dir='ltr'><strong>ventres</strong></span> <span class='ocrx_word' id='word_1_755' title='bbox 3013 4485 3170 4552; x_wconf 86' lang='lat' dir='ltr'><strong>pigri</strong></span> <span class='ocrx_word' id='word_1_756' title='bbox 3197 4481 3398 4552; x_wconf 72' lang='lat' dir='ltr'><strong>(Tim).</strong></span> 
     </span>
    </p>
   </div>
   <div class='ocr_carea' id='block_1_87' title="bbox 167 4568 3404 4646">
    <p class='ocr_par' dir='ltr' id='par_1_87' title="bbox 167 4568 3404 4646">
     <span class='ocr_line' id='line_1_87' title="bbox 167 4568 3404 4646; baseline 0 -22"><span class='ocrx_word' id='word_1_757' title='bbox 167 4568 254 4624; x_wconf 87' lang='lat' dir='ltr'><strong>hilo</strong></span> <span class='ocrx_word' id='word_1_758' title='bbox 275 4575 608 4646; x_wconf 88' lang='lat' dir='ltr'><strong>computari.</strong></span> <span class='ocrx_word' id='word_1_759' title='bbox 656 4573 894 4628; x_wconf 88' lang='lat' dir='ltr'><strong>Videtur</strong></span> <span class='ocrx_word' id='word_1_760' title='bbox 920 4574 1148 4646; x_wconf 89' lang='lat' dir='ltr'><strong>quidem</strong></span> <span class='ocrx_word' id='word_1_761' title='bbox 1177 4575 1296 4630; x_wconf 80' lang='lat' dir='ltr'><strong>haec</strong></span> <span class='ocrx_word' id='word_1_762' title='bbox 1322 4574 1609 4646; x_wconf 89' lang='lat' dir='ltr'><strong>responsio</strong></span> <span class='ocrx_word' id='word_1_763' title='bbox 1632 4574 1730 4628; x_wconf 91' lang='lat' dir='ltr'><strong>ali-</strong></span> <span class='ocrx_word' id='word_1_764' title='bbox 1812 4571 1916 4627; x_wconf 88' lang='lat' dir='ltr'><strong>Hic</strong></span> <span class='ocrx_word' id='word_1_765' title='bbox 1935 4588 2128 4627; x_wconf 91' lang='lat' dir='ltr'><strong>versus</strong></span> <span class='ocrx_word' id='word_1_766' title='bbox 2157 4572 2416 4626; x_wconf 87' lang='lat' dir='ltr'><strong>heroicus</strong></span> <span class='ocrx_word' id='word_1_767' title='bbox 2453 4571 2800 4644; x_wconf 90' lang='lat' dir='ltr'><strong>Epimenidis</strong></span> <span class='ocrx_word' id='word_1_768' title='bbox 2819 4576 2996 4642; x_wconf 74' lang='lat' dir='ltr'><strong>poetae</strong></span> <span class='ocrx_word' id='word_1_769' title='bbox 3017 4575 3122 4636; x_wconf 91' lang='lat' dir='ltr'><strong>est,</strong></span> <span class='ocrx_word' id='word_1_770' title='bbox 3153 4571 3315 4640; x_wconf 89' lang='lat' dir='ltr'><strong>cujus</strong></span> <span class='ocrx_word' id='word_1_771' title='bbox 3345 4575 3404 4624; x_wconf 91' lang='lat' dir='ltr'><strong>et</strong></span> 
     </span>
    </p>
   </div>
   <div class='ocr_carea' id='block_1_88' title="bbox 171 4659 3403 4741">
    <p class='ocr_par' dir='ltr' id='par_1_88' title="bbox 171 4659 3403 4741">
     <span class='ocr_line' id='line_1_88' title="bbox 171 4659 3403 4741; baseline -0 -27"><span class='ocrx_word' id='word_1_772' title='bbox 171 4659 272 4725; x_wconf 62' lang='lat' dir='ltr'><strong>Quid</strong></span> <span class='ocrx_word' id='word_1_773' title='bbox 297 4661 506 4718; x_wconf 82' lang='lat' dir='ltr'><strong>habere</strong></span> <span class='ocrx_word' id='word_1_774' title='bbox 546 4661 845 4730; x_wconf 90' lang='lat' dir='ltr'><strong>momenti,</strong></span> <span class='ocrx_word' id='word_1_775' title='bbox 878 4663 990 4741; x_wconf 36' lang='lat' dir='ltr'><strong>sed’</strong></span> <span class='ocrx_word' id='word_1_776' title='bbox 1013 4663 1208 4718; x_wconf 85' lang='lat' dir='ltr'><strong>statim</strong></span> <span class='ocrx_word' id='word_1_777' title='bbox 1263 4663 1551 4735; x_wconf 90' lang='lat' dir='ltr'><strong>sequentis</strong></span> <span class='ocrx_word' id='word_1_778' title='bbox 1579 4663 1730 4719; x_wconf 89' lang='lat' dir='ltr'><strong>Scri-</strong></span> <span class='ocrx_word' id='word_1_779' title='bbox 1811 4661 1990 4727; x_wconf 89' lang='lat' dir='ltr'><strong>Plato,</strong></span> <span class='ocrx_word' id='word_1_780' title='bbox 2011 4667 2070 4715; x_wconf 91' lang='lat' dir='ltr'><strong>et</strong></span> <span class='ocrx_word' id='word_1_781' title='bbox 2094 4661 2280 4716; x_wconf 68' lang='lat' dir='ltr'><strong>caeteri</strong></span> <span class='ocrx_word' id='word_1_782' title='bbox 2309 4659 2608 4732; x_wconf 90' lang='lat' dir='ltr'><strong>scriptores</strong></span> <span class='ocrx_word' id='word_1_783' title='bbox 2618 4666 2834 4714; x_wconf 81' lang='lat' dir='ltr'><strong>veteres</strong></span> <span class='ocrx_word' id='word_1_784' title='bbox 2847 4659 3403 4731; x_wconf 85' lang='lat' dir='ltr'><strong>recordantur.Apud</strong></span> 
     </span>
    </p>
   </div>
   <div class='ocr_carea' id='block_1_89' title="bbox 168 4747 3400 4822">
    <p class='ocr_par' dir='ltr' id='par_1_89' title="bbox 168 4747 3400 4822">
     <span class='ocr_line' id='line_1_89' title="bbox 168 4747 3400 4822; baseline -0.001 -16"><span class='ocrx_word' id='word_1_785' title='bbox 168 4751 308 4814; x_wconf 65' lang='lat' dir='ltr'><strong>ptum</strong></span> <span class='ocrx_word' id='word_1_786' title='bbox 341 4753 686 4808; x_wconf 74' lang='lat' dir='ltr'><strong>auctoritate</strong></span> <span class='ocrx_word' id='word_1_787' title='bbox 742 4751 1071 4806; x_wconf 90' lang='lat' dir='ltr'><strong>conteritur.</strong></span> <span class='ocrx_word' id='word_1_788' title='bbox 1125 4751 1409 4822; x_wconf 69' lang='lat' dir='ltr'><strong>Scriptum</strong></span> <span class='ocrx_word' id='word_1_789' title='bbox 1456 4757 1544 4806; x_wconf 91' lang='lat' dir='ltr'><strong>est</strong></span> <span class='ocrx_word' id='word_1_790' title='bbox 1579 4751 1731 4806; x_wconf 92' lang='lat' dir='ltr'><strong>enim</strong></span> <span class='ocrx_word' id='word_1_791' title='bbox 1811 4749 2183 4804; x_wconf 87' lang='lat' dir='ltr'><strong>Athenienses</strong></span> <span class='ocrx_word' id='word_1_792' title='bbox 2226 4765 2447 4820; x_wconf 90' lang='lat' dir='ltr'><strong>quoque</strong></span> <span class='ocrx_word' id='word_1_793' title='bbox 2493 4764 2624 4802; x_wconf 89' lang='lat' dir='ltr'><strong>cum</strong></span> <span class='ocrx_word' id='word_1_794' title='bbox 2654 4749 2946 4818; x_wconf 81' lang='lat' dir='ltr'><strong>Areopago</strong></span> <span class='ocrx_word' id='word_1_795' title='bbox 2978 4747 3148 4802; x_wconf 88' lang='lat' dir='ltr'><strong>verba</strong></span> <span class='ocrx_word' id='word_1_796' title='bbox 3174 4749 3400 4813; x_wconf 89' lang='lat' dir='ltr'><strong>faceret,</strong></span> 
     </span>
    </p>
   </div>
   <div class='ocr_carea' id='block_1_90' title="bbox 173 4833 3400 4908">
    <p class='ocr_par' dir='ltr' id='par_1_90' title="bbox 173 4833 3400 4908">
     <span class='ocr_line' id='line_1_90' title="bbox 173 4833 3400 4908; baseline 0 -20"><span class='ocrx_word' id='word_1_797' title='bbox 173 4833 287 4890; x_wconf 79' lang='lat' dir='ltr'><strong>(Gen.</strong></span> <span class='ocrx_word' id='word_1_798' title='bbox 315 4843 446 4908; x_wconf 80' lang='lat' dir='ltr'><strong>xvn)</strong></span> <span class='ocrx_word' id='word_1_799' title='bbox 475 4859 487 4894; x_wconf 92' lang='lat'>:</span> <span class='ocrx_word' id='word_1_800' title='bbox 510 4839 803 4896; x_wconf 79' lang='lat' dir='ltr'><strong>Abraham</strong></span> <span class='ocrx_word' id='word_1_801' title='bbox 831 4845 1016 4894; x_wconf 85' lang='lat' dir='ltr'><strong>autem</strong></span> <span class='ocrx_word' id='word_1_802' title='bbox 1035 4841 1178 4894; x_wconf 60' lang='lat' dir='ltr'><strong>dixit</strong></span> <span class='ocrx_word' id='word_1_803' title='bbox 1207 4841 1281 4894; x_wconf 88' lang='lat' dir='ltr'><strong>ad</strong></span> <span class='ocrx_word' id='word_1_804' title='bbox 1303 4841 1504 4894; x_wconf 88' lang='lat' dir='ltr'><strong>Deum:</strong></span> <span class='ocrx_word' id='word_1_805' title='bbox 1535 4843 1730 4896; x_wconf 87' lang='lat' dir='ltr'><strong>Ismael</strong></span> <span class='ocrx_word' id='word_1_806' title='bbox 1812 4837 2176 4892; x_wconf 81' lang='lat' dir='ltr'><strong>haecaddidit:</strong></span> <span class='ocrx_word' id='word_1_807' title='bbox 2193 4838 2347 4894; x_wconf 86' lang='lat' dir='ltr'><strong>Sicut</strong></span> <span class='ocrx_word' id='word_1_808' title='bbox 2375 4837 3359 4906; x_wconf 65' lang='lat' dir='ltr'><strong>etquidamdevobispoetzdia‘erunt</strong></span> <span class='ocrx_word' id='word_1_809' title='bbox 3385 4853 3400 4888; x_wconf 89' lang='lat'><strong><em>:</em></strong></span> 
     </span>
    </p>
   </div>
   <div class='ocr_carea' id='block_1_91' title="bbox 173 4927 1732 4998">
    <p class='ocr_par' dir='ltr' id='par_1_91' title="bbox 173 4927 1732 4998">
     <span class='ocr_line' id='line_1_91' title="bbox 173 4927 1732 4998; baseline 0.003 -21"><span class='ocrx_word' id='word_1_810' title='bbox 173 4927 348 4982; x_wconf 72' lang='lat' dir='ltr'><strong>utinam</strong></span> <span class='ocrx_word' id='word_1_811' title='bbox 374 4932 530 4984; x_wconf 42' lang='lat' dir='ltr'><strong>privat</strong></span> <span class='ocrx_word' id='word_1_812' title='bbox 563 4932 626 4983; x_wconf 89' lang='lat' dir='ltr'><strong>in</strong></span> <span class='ocrx_word' id='word_1_813' title='bbox 657 4933 939 4998; x_wconf 85' lang='lat' dir='ltr'><strong>conspectu</strong></span> <span class='ocrx_word' id='word_1_814' title='bbox 970 4933 1063 4982; x_wconf 88' lang='lat' dir='ltr'><strong>tuo</strong></span> <span class='ocrx_word' id='word_1_815' title='bbox 1078 4947 1097 4994; x_wconf 91' lang='lat'><strong><em>;</em></strong></span> <span class='ocrx_word' id='word_1_816' title='bbox 1125 4933 1172 4982; x_wconf 89' lang='lat' dir='ltr'><strong>et</strong></span> <span class='ocrx_word' id='word_1_817' title='bbox 1201 4929 1342 4982; x_wconf 87' lang='lat' dir='ltr'><strong>Deus</strong></span> <span class='ocrx_word' id='word_1_818' title='bbox 1361 4930 1638 4997; x_wconf 74' lang='lat' dir='ltr'><strong>respondit</strong></span> <span class='ocrx_word' id='word_1_819' title='bbox 1659 4929 1732 4980; x_wconf 88' lang='lat' dir='ltr'><strong>ad</strong></span> 
     </span>
    </p>
   </div>
   <div class='ocr_carea' id='block_1_92' title="bbox 173 5017 1732 5085">
    <p class='ocr_par' dir='ltr' id='par_1_92' title="bbox 173 5017 1732 5085">
     <span class='ocr_line' id='line_1_92' title="bbox 173 5017 1732 5085; baseline 0.003 -19"><span class='ocrx_word' id='word_1_820' title='bbox 173 5027 296 5068; x_wconf 70' lang='lat' dir='ltr'><strong>eum:</strong></span> <span class='ocrx_word' id='word_1_821' title='bbox 323 5017 451 5071; x_wconf 77' lang='lat' dir='ltr'><strong>Ecce</strong></span> <span class='ocrx_word' id='word_1_822' title='bbox 490 5017 643 5074; x_wconf 87' lang='lat' dir='ltr'><strong>Sara</strong></span> <span class='ocrx_word' id='word_1_823' title='bbox 658 5032 802 5071; x_wconf 64' lang='lat' dir='ltr'><strong>uxor</strong></span> <span class='ocrx_word' id='word_1_824' title='bbox 833 5021 929 5070; x_wconf 91' lang='lat' dir='ltr'><strong>tua</strong></span> <span class='ocrx_word' id='word_1_825' title='bbox 951 5019 1138 5085; x_wconf 88' lang='lat' dir='ltr'><strong>pariet</strong></span> <span class='ocrx_word' id='word_1_826' title='bbox 1163 5017 1264 5072; x_wconf 87' lang='lat' dir='ltr'><strong>tibi</strong></span> <span class='ocrx_word' id='word_1_827' title='bbox 1280 5019 1485 5084; x_wconf 78' lang='lat' dir='ltr'><strong>ﬁlium,</strong></span> <span class='ocrx_word' id='word_1_828' title='bbox 1505 5021 1554 5070; x_wconf 88' lang='lat' dir='ltr'><strong>et</strong></span> <span class='ocrx_word' id='word_1_829' title='bbox 1581 5031 1732 5070; x_wconf 79' lang='lat' dir='ltr'><strong>voca-</strong></span> 
     </span>
    </p>
   </div>
   <div class='ocr_carea' id='block_1_93' title="bbox 173 5099 1732 5180">
    <p class='ocr_par' dir='ltr' id='par_1_93' title="bbox 173 5099 1732 5180">
     <span class='ocr_line' id='line_1_93' title="bbox 173 5099 1732 5180; baseline -0.001 -20"><span class='ocrx_word' id='word_1_830' title='bbox 173 5099 230 5152; x_wconf 65' lang='grc' dir='ltr'><strong>όιές</strong></span> <span class='ocrx_word' id='word_1_831' title='bbox 250 5119 432 5160; x_wconf 82' lang='lat' dir='ltr'><strong>nomen</strong></span> <span class='ocrx_word' id='word_1_832' title='bbox 451 5108 579 5174; x_wconf 82' lang='lat' dir='ltr'><strong>ejus</strong></span> <span class='ocrx_word' id='word_1_833' title='bbox 591 5105 748 5158; x_wconf 88' lang='lat' dir='ltr'><strong>Isaac</strong></span> <span class='ocrx_word' id='word_1_834' title='bbox 775 5123 794 5160; x_wconf 90' lang='lat'><strong><em>:</em></strong></span> <span class='ocrx_word' id='word_1_835' title='bbox 819 5110 869 5159; x_wconf 86' lang='lat' dir='ltr'><strong>et</strong></span> <span class='ocrx_word' id='word_1_836' title='bbox 885 5109 1130 5159; x_wconf 86' lang='lat' dir='ltr'><strong>statuam</strong></span> <span class='ocrx_word' id='word_1_837' title='bbox 1149 5109 1534 5180; x_wconf 76' lang='lat' dir='ltr'><strong>testamentum</strong></span> <span class='ocrx_word' id='word_1_838' title='bbox 1548 5119 1732 5158; x_wconf 88' lang='lat' dir='ltr'><strong>meum</strong></span> 
     </span>
    </p>
   </div>
   <div class='ocr_carea' id='block_1_94' title="bbox 174 5189 1731 5262">
    <p class='ocr_par' dir='ltr' id='par_1_94' title="bbox 174 5189 1731 5262">
     <span class='ocr_line' id='line_1_94' title="bbox 174 5189 1731 5262; baseline 0.003 -22"><span class='ocrx_word' id='word_1_839' title='bbox 174 5189 343 5246; x_wconf 64' lang='lat' dir='ltr'><strong>deum</strong></span> <span class='ocrx_word' id='word_1_840' title='bbox 359 5197 424 5248; x_wconf 89' lang='lat' dir='ltr'><strong>in</strong></span> <span class='ocrx_word' id='word_1_841' title='bbox 450 5198 847 5248; x_wconf 86' lang='lat' dir='ltr'><strong>testamentum</strong></span> <span class='ocrx_word' id='word_1_842' title='bbox 873 5198 1166 5258; x_wconf 71' lang='lat' dir='ltr'><strong>zternum,</strong></span> <span class='ocrx_word' id='word_1_843' title='bbox 1182 5198 1232 5247; x_wconf 87' lang='lat' dir='ltr'><strong>et</strong></span> <span class='ocrx_word' id='word_1_844' title='bbox 1249 5195 1454 5248; x_wconf 89' lang='lat' dir='ltr'><strong>semini</strong></span> <span class='ocrx_word' id='word_1_845' title='bbox 1479 5197 1596 5262; x_wconf 86' lang='lat' dir='ltr'><strong>ejus</strong></span> <span class='ocrx_word' id='word_1_846' title='bbox 1612 5197 1731 5262; x_wconf 89' lang='lat' dir='ltr'><strong>post</strong></span> 
     </span>
    </p>
   </div>
   <div class='ocr_carea' id='block_1_95' title="bbox 175 5281 1734 5347">
    <p class='ocr_par' dir='ltr' id='par_1_95' title="bbox 175 5281 1734 5347">
     <span class='ocr_line' id='line_1_95' title="bbox 175 5281 1734 5347; baseline 0.004 -19"><span class='ocrx_word' id='word_1_847' title='bbox 175 5281 583 5337; x_wconf 74' lang='lat' dir='ltr'><strong>cem.De1smael</strong></span> <span class='ocrx_word' id='word_1_848' title='bbox 598 5287 819 5336; x_wconf 87' lang='lat' dir='ltr'><strong>autem:</strong></span> <span class='ocrx_word' id='word_1_849' title='bbox 841 5282 971 5336; x_wconf 82' lang='lat' dir='ltr'><strong>Ecce</strong></span> <span class='ocrx_word' id='word_1_850' title='bbox 991 5284 1254 5336; x_wconf 67' lang='lat' dir='ltr'><strong>exaudiui</strong></span> <span class='ocrx_word' id='word_1_851' title='bbox 1282 5286 1347 5347; x_wconf 88' lang='lat' dir='ltr'><strong>te,</strong></span> <span class='ocrx_word' id='word_1_852' title='bbox 1369 5287 1420 5336; x_wconf 89' lang='lat' dir='ltr'><strong>et</strong></span> <span class='ocrx_word' id='word_1_853' title='bbox 1437 5298 1548 5336; x_wconf 87' lang='lat' dir='ltr'><strong>ecce</strong></span> <span class='ocrx_word' id='word_1_854' title='bbox 1577 5282 1734 5335; x_wconf 88' lang='lat' dir='ltr'><strong>bene-</strong></span> 
     </span>
    </p>
   </div>
   <div class='ocr_carea' id='block_1_96' title="bbox 175 5365 1737 5440">
    <p class='ocr_par' dir='ltr' id='par_1_96' title="bbox 175 5365 1737 5440">
     <span class='ocr_line' id='line_1_96' title="bbox 175 5365 1737 5440; baseline 0.003 -20"><span class='ocrx_word' id='word_1_855' title='bbox 175 5365 265 5418; x_wconf 71' lang='lat' dir='ltr'><strong>diri</strong></span> <span class='ocrx_word' id='word_1_856' title='bbox 285 5385 423 5435; x_wconf 84' lang='lat' dir='ltr'><strong>eum,</strong></span> <span class='ocrx_word' id='word_1_857' title='bbox 447 5375 502 5424; x_wconf 88' lang='lat' dir='ltr'><strong>et</strong></span> <span class='ocrx_word' id='word_1_858' title='bbox 521 5371 731 5438; x_wconf 83' lang='lat' dir='ltr'><strong>augebo</strong></span> <span class='ocrx_word' id='word_1_859' title='bbox 759 5385 904 5435; x_wconf 81' lang='lat' dir='ltr'><strong>eum,</strong></span> <span class='ocrx_word' id='word_1_860' title='bbox 938 5375 988 5424; x_wconf 89' lang='lat' dir='ltr'><strong>et</strong></span> <span class='ocrx_word' id='word_1_861' title='bbox 1006 5371 1390 5440; x_wconf 86' lang='lat' dir='ltr'><strong>multiplicabo</strong></span> <span class='ocrx_word' id='word_1_862' title='bbox 1409 5372 1575 5425; x_wconf 87' lang='lat' dir='ltr'><strong>illum</strong></span> <span class='ocrx_word' id='word_1_863' title='bbox 1593 5370 1737 5424; x_wconf 81' lang='lat' dir='ltr'><strong>vehe-</strong></span> 
     </span>
    </p>
   </div>
   <div class='ocr_carea' id='block_1_97' title="bbox 1812 4924 3402 4997">
    <p class='ocr_par' dir='ltr' id='par_1_97' title="bbox 1812 4924 3402 4997">
     <span class='ocr_line' id='line_1_97' title="bbox 1812 4924 3402 4997; baseline 0 -17"><span class='ocrx_word' id='word_1_864' title='bbox 1812 4928 1990 4995; x_wconf 84' lang='lat' dir='ltr'><strong>Ipsius</strong></span> <span class='ocrx_word' id='word_1_865' title='bbox 2009 4929 2159 4980; x_wconf 86' lang='lat' dir='ltr'><strong>enim</strong></span> <span class='ocrx_word' id='word_1_866' title='bbox 2189 4930 2239 4980; x_wconf 90' lang='lat' dir='ltr'><strong>et</strong></span> <span class='ocrx_word' id='word_1_867' title='bbox 2255 4941 2426 4994; x_wconf 84' lang='lat' dir='ltr'><strong>genus</strong></span> <span class='ocrx_word' id='word_1_868' title='bbox 2445 4941 2640 4978; x_wconf 88' lang='lat' dir='ltr'><strong>sumus</strong></span> <span class='ocrx_word' id='word_1_869' title='bbox 2672 4926 2808 4993; x_wconf 82' lang='lat' dir='ltr'><strong>(Act.</strong></span> <span class='ocrx_word' id='word_1_870' title='bbox 2840 4924 2980 4997; x_wconf 78' lang='lat' dir='ltr'><strong>XXI).</strong></span> <span class='ocrx_word' id='word_1_871' title='bbox 3006 4925 3125 4980; x_wconf 88' lang='lat' dir='ltr'><strong>Hoc</strong></span> <span class='ocrx_word' id='word_1_872' title='bbox 3143 4925 3402 4980; x_wconf 87' lang='lat' dir='ltr'><strong>hemisti-</strong></span> 
     </span>
    </p>
   </div>
   <div class='ocr_carea' id='block_1_98' title="bbox 1811 5013 3402 5086">
    <p class='ocr_par' dir='ltr' id='par_1_98' title="bbox 1811 5013 3402 5086">
     <span class='ocr_line' id='line_1_98' title="bbox 1811 5013 3402 5086; baseline 0 -19"><span class='ocrx_word' id='word_1_873' title='bbox 1811 5013 2003 5068; x_wconf 87' lang='lat' dir='ltr'><strong>chium</strong></span> <span class='ocrx_word' id='word_1_874' title='bbox 2032 5014 2211 5068; x_wconf 88' lang='lat' dir='ltr'><strong>fertur</strong></span> <span class='ocrx_word' id='word_1_875' title='bbox 2230 5013 2290 5068; x_wconf 91' lang='lat' dir='ltr'><strong>in</strong></span> <span class='ocrx_word' id='word_1_876' title='bbox 2315 5014 2508 5080; x_wconf 81' lang='lat' dir='ltr'><strong>Arato,</strong></span> <span class='ocrx_word' id='word_1_877' title='bbox 2543 5013 2638 5084; x_wconf 89' lang='lat' dir='ltr'><strong>qui</strong></span> <span class='ocrx_word' id='word_1_878' title='bbox 2668 5014 2738 5068; x_wconf 92' lang='lat' dir='ltr'><strong>de</strong></span> <span class='ocrx_word' id='word_1_879' title='bbox 2782 5013 2922 5069; x_wconf 68' lang='lat' dir='ltr'><strong>caelo</strong></span> <span class='ocrx_word' id='word_1_880' title='bbox 2949 5014 3238 5086; x_wconf 87' lang='lat' dir='ltr'><strong>stellisque</strong></span> <span class='ocrx_word' id='word_1_881' title='bbox 3268 5030 3402 5068; x_wconf 90' lang='lat' dir='ltr'><strong>con-</strong></span> 
     </span>
    </p>
   </div>
   <div class='ocr_carea' id='block_1_99' title="bbox 1813 5101 3404 5174">
    <p class='ocr_par' dir='ltr' id='par_1_99' title="bbox 1813 5101 3404 5174">
     <span class='ocr_line' id='line_1_99' title="bbox 1813 5101 3404 5174; baseline -0.001 -17"><span class='ocrx_word' id='word_1_882' title='bbox 1813 5103 2054 5174; x_wconf 90' lang='lat' dir='ltr'><strong>scripsit.</strong></span> <span class='ocrx_word' id='word_1_883' title='bbox 2079 5103 2319 5157; x_wconf 89' lang='lat' dir='ltr'><strong>Necnon</strong></span> <span class='ocrx_word' id='word_1_884' title='bbox 2347 5107 2405 5156; x_wconf 91' lang='lat' dir='ltr'><strong>et</strong></span> <span class='ocrx_word' id='word_1_885' title='bbox 2431 5101 2570 5157; x_wconf 86' lang='lat' dir='ltr'><strong>illud</strong></span> <span class='ocrx_word' id='word_1_886' title='bbox 2597 5120 2608 5155; x_wconf 92' lang='lat'><strong>:</strong></span> <span class='ocrx_word' id='word_1_887' title='bbox 2641 5102 3019 5173; x_wconf 76' lang='lat' dir='ltr'><strong>Corrumpunt</strong></span> <span class='ocrx_word' id='word_1_888' title='bbox 3040 5118 3215 5156; x_wconf 87' lang='lat' dir='ltr'><strong>mores</strong></span> <span class='ocrx_word' id='word_1_889' title='bbox 3243 5103 3404 5156; x_wconf 87' lang='lat' dir='ltr'><strong>bonos</strong></span> 
     </span>
    </p>
   </div>
   <div class='ocr_carea' id='block_1_100' title="bbox 1815 5189 3407 5262">
    <p class='ocr_par' dir='ltr' id='par_1_100' title="bbox 1815 5189 3407 5262">
     <span class='ocr_line' id='line_1_100' title="bbox 1815 5189 3407 5262; baseline -0.001 -16"><span class='ocrx_word' id='word_1_890' title='bbox 1815 5193 2281 5260; x_wconf 84' lang='lat' dir='ltr'><strong>confabulationes</strong></span> <span class='ocrx_word' id='word_1_891' title='bbox 2323 5193 2568 5260; x_wconf 71' lang='lat' dir='ltr'><strong>pessima:</strong></span> <span class='ocrx_word' id='word_1_892' title='bbox 2603 5191 2652 5261; x_wconf 93' lang='lat'><strong>(1</strong></span> <span class='ocrx_word' id='word_1_893' title='bbox 2677 5193 2799 5248; x_wconf 75' lang='lat' dir='ltr'><strong>Cor.</strong></span> <span class='ocrx_word' id='word_1_894' title='bbox 2834 5193 2950 5262; x_wconf 89' lang='lat' dir='ltr'><strong>xv).</strong></span> <span class='ocrx_word' id='word_1_895' title='bbox 2990 5189 3407 5245; x_wconf 87' lang='lat' dir='ltr'><strong>Trimeteriam-</strong></span> 
     </span>
    </p>
   </div>
   <div class='ocr_carea' id='block_1_101' title="bbox 1817 5278 3407 5351">
    <p class='ocr_par' dir='ltr' id='par_1_101' title="bbox 1817 5278 3407 5351">
     <span class='ocr_line' id='line_1_101' title="bbox 1817 5278 3407 5351; baseline 0.001 -17"><span class='ocrx_word' id='word_1_896' title='bbox 1817 5279 1972 5334; x_wconf 90' lang='lat' dir='ltr'><strong>bicus</strong></span> <span class='ocrx_word' id='word_1_897' title='bbox 1982 5280 2052 5334; x_wconf 92' lang='lat' dir='ltr'><strong>de</strong></span> <span class='ocrx_word' id='word_1_898' title='bbox 2079 5279 2353 5336; x_wconf 86' lang='lat' dir='ltr'><strong>comoedia</strong></span> <span class='ocrx_word' id='word_1_899' title='bbox 2373 5283 2633 5350; x_wconf 90' lang='lat' dir='ltr'><strong>sumptus</strong></span> <span class='ocrx_word' id='word_1_900' title='bbox 2652 5285 2740 5335; x_wconf 90' lang='lat' dir='ltr'><strong>est</strong></span> <span class='ocrx_word' id='word_1_901' title='bbox 2766 5279 3079 5334; x_wconf 88' lang='lat' dir='ltr'><strong>Menandri.</strong></span> <span class='ocrx_word' id='word_1_902' title='bbox 3103 5279 3183 5334; x_wconf 88' lang='lat' dir='ltr'><strong>Ex</strong></span> <span class='ocrx_word' id='word_1_903' title='bbox 3205 5278 3407 5351; x_wconf 90' lang='lat' dir='ltr'><strong>quibus</strong></span> 
     </span>
    </p>
   </div>
   <div class='ocr_carea' id='block_1_102' title="bbox 1820 5368 3406 5440">
    <p class='ocr_par' dir='ltr' id='par_1_102' title="bbox 1820 5368 3406 5440">
     <span class='ocr_line' id='line_1_102' title="bbox 1820 5368 3406 5440; baseline 0.001 -17"><span class='ocrx_word' id='word_1_904' title='bbox 1820 5374 1878 5423; x_wconf 91' lang='lat' dir='ltr'><strong>et</strong></span> <span class='ocrx_word' id='word_1_905' title='bbox 1912 5368 2038 5423; x_wconf 88' lang='lat' dir='ltr'><strong>aliis</strong></span> <span class='ocrx_word' id='word_1_906' title='bbox 2065 5369 2290 5424; x_wconf 89' lang='lat' dir='ltr'><strong>evidens</strong></span> <span class='ocrx_word' id='word_1_907' title='bbox 2319 5373 2407 5422; x_wconf 90' lang='lat' dir='ltr'><strong>est</strong></span> <span class='ocrx_word' id='word_1_908' title='bbox 2440 5368 2683 5423; x_wconf 88' lang='lat' dir='ltr'><strong>Paulum</strong></span> <span class='ocrx_word' id='word_1_909' title='bbox 2711 5384 2823 5424; x_wconf 90' lang='lat' dir='ltr'><strong>non</strong></span> <span class='ocrx_word' id='word_1_910' title='bbox 2861 5369 3152 5440; x_wconf 87' lang='lat' dir='ltr'><strong>ignorasse</strong></span> <span class='ocrx_word' id='word_1_911' title='bbox 3187 5369 3406 5425; x_wconf 87' lang='lat' dir='ltr'><strong>litteras</strong></span> 
     </span>
    </p>
   </div>
   <div class='ocr_carea' id='block_1_103' title="bbox 181 5455 3411 5529">
    <p class='ocr_par' dir='ltr' id='par_1_103' title="bbox 181 5455 3411 5529">
     <span class='ocr_line' id='line_1_103' title="bbox 181 5455 3411 5529; baseline 0.001 -18"><span class='ocrx_word' id='word_1_912' title='bbox 181 5460 348 5510; x_wconf 71' lang='lat' dir='ltr'><strong>mter</strong></span> <span class='ocrx_word' id='word_1_913' title='bbox 373 5477 390 5510; x_wconf 94' lang='lat'><strong><em>:</em></strong></span> <span class='ocrx_word' id='word_1_914' title='bbox 419 5458 716 5512; x_wconf 83' lang='lat' dir='ltr'><strong>duodecim</strong></span> <span class='ocrx_word' id='word_1_915' title='bbox 745 5463 929 5526; x_wconf 87' lang='lat' dir='ltr'><strong>gentes</strong></span> <span class='ocrx_word' id='word_1_916' title='bbox 953 5459 1257 5526; x_wconf 84' lang='lat' dir='ltr'><strong>generabit,</strong></span> <span class='ocrx_word' id='word_1_917' title='bbox 1289 5463 1339 5514; x_wconf 89' lang='lat' dir='ltr'><strong>et</strong></span> <span class='ocrx_word' id='word_1_918' title='bbox 1363 5459 1500 5512; x_wconf 90' lang='lat' dir='ltr'><strong>dabo</strong></span> <span class='ocrx_word' id='word_1_919' title='bbox 1527 5474 1655 5512; x_wconf 89' lang='lat' dir='ltr'><strong>eum</strong></span> <span class='ocrx_word' id='word_1_920' title='bbox 1676 5460 1740 5511; x_wconf 85' lang='lat' dir='ltr'><strong>in</strong></span> <span class='ocrx_word' id='word_1_921' title='bbox 1820 5456 2134 5523; x_wconf 68' lang='lat' dir='ltr'><strong>saeculares,</strong></span> <span class='ocrx_word' id='word_1_922' title='bbox 2163 5462 2223 5511; x_wconf 90' lang='lat' dir='ltr'><strong>et</strong></span> <span class='ocrx_word' id='word_1_923' title='bbox 2249 5473 2420 5529; x_wconf 88' lang='lat' dir='ltr'><strong>quam</strong></span> <span class='ocrx_word' id='word_1_924' title='bbox 2457 5455 2548 5510; x_wconf 90' lang='lat' dir='ltr'><strong>hic</strong></span> <span class='ocrx_word' id='word_1_925' title='bbox 2573 5456 2902 5528; x_wconf 85' lang='lat' dir='ltr'><strong>allegoriam</strong></span> <span class='ocrx_word' id='word_1_926' title='bbox 2948 5457 3106 5523; x_wconf 84' lang='lat' dir='ltr'><strong>dixit,</strong></span> <span class='ocrx_word' id='word_1_927' title='bbox 3148 5456 3286 5515; x_wconf 86' lang='lat' dir='ltr'><strong>alibi</strong></span> <span class='ocrx_word' id='word_1_928' title='bbox 3311 5475 3411 5514; x_wconf 84' lang='lat' dir='ltr'><strong>vo-</strong></span> 
     </span>
    </p>
   </div>
   <div class='ocr_carea' id='block_1_104' title="bbox 177 5543 3413 5618">
    <p class='ocr_par' dir='ltr' id='par_1_104' title="bbox 177 5543 3413 5618">
     <span class='ocr_line' id='line_1_104' title="bbox 177 5543 3413 5618; baseline -0.001 -14"><span class='ocrx_word' id='word_1_929' title='bbox 177 5549 658 5616; x_wconf 62' lang='lat' dir='ltr'><strong>Mmagnam.</strong></span> <span class='ocrx_word' id='word_1_930' title='bbox 683 5547 1091 5602; x_wconf 85' lang='lat' dir='ltr'><strong>Testamentum</strong></span> <span class='ocrx_word' id='word_1_931' title='bbox 1107 5552 1294 5602; x_wconf 87' lang='lat' dir='ltr'><strong>autem</strong></span> <span class='ocrx_word' id='word_1_932' title='bbox 1305 5551 1743 5602; x_wconf 87' lang='lat' dir='ltr'><strong>meumstatuam</strong></span> <span class='ocrx_word' id='word_1_933' title='bbox 1825 5561 1980 5602; x_wconf 89' lang='lat' dir='ltr'><strong>casse</strong></span> <span class='ocrx_word' id='word_1_934' title='bbox 2037 5545 2464 5617; x_wconf 81' lang='lat' dir='ltr'><strong>intelligentiam</strong></span> <span class='ocrx_word' id='word_1_935' title='bbox 2502 5543 2832 5617; x_wconf 87' lang='lat' dir='ltr'><strong>spiritalem.</strong></span> <span class='ocrx_word' id='word_1_936' title='bbox 2876 5546 3068 5618; x_wconf 85' lang='lat' dir='ltr'><strong>(0ass.)</strong></span> <span class='ocrx_word' id='word_1_937' title='bbox 3111 5546 3413 5604; x_wconf 87' lang='lat' dir='ltr'><strong>Sciendum</strong></span> 
     </span>
    </p>
   </div>
   <div class='ocr_carea' id='block_1_105' title="bbox 377 5644 3172 5710">
    <p class='ocr_par' dir='ltr' id='par_1_105' title="bbox 377 5644 3172 5710">
     <span class='ocr_line' id='line_1_105' title="bbox 377 5644 3172 5710; baseline 0.001 -5"><span class='ocrx_word' id='word_1_938' title='bbox 377 5645 654 5710; x_wconf 64' lang='lat' dir='ltr'><strong>Panos.</strong></span> <span class='ocrx_word' id='word_1_939' title='bbox 689 5644 848 5710; x_wconf 81' lang='lat' dir='ltr'><strong>CXII</strong></span> <span class='ocrx_word' id='word_1_940' title='bbox 3102 5647 3172 5709; x_wconf 79' lang='lat' dir='ltr'><strong>ll</strong></span> 
     </span>
    </p>
   </div>
  </div>
