3880 6146
422 270 518 395 si

1044 329 1101 387 Β.
1139 317 1407 389 emam
1441 327 1668 391 MAURI
1698 323 2032 389 ARCIIIEP.
2067 329 2388 388 MOGUNT.
2424 291 2722 386 omnem
2751 311 2933 383 mas
2969 311 3068 385 II’I.

3596 313 3694 390 33":

427 479 554 519 vero
585 465 670 518 est
699 456 1112 533 quodpractica
1138 475 1271 530 erga
1309 456 1516 540 mpltas
1536 453 1910 530 profeSSiones
1949 454 2294 517 acAcreatis
2358 453 2620 508 inimicus
2672 453 2764 516 sit,
2809 462 2865 508 et
2930 447 3166 508 adversa
3219 437 3408 529 fronte
3449 457 3696 510 resistat.

425 547 611 608 studia
657 549 960 613 derivatur,
1002 541 1310 600 theoretica'
1338 545 1395 600 in
1435 541 1574 601 duas
1601 541 1871 600 dividitur
1893 563 2016 620 par-

421 642 526 708 tes,
559 632 617 694 id
646 637 749 702 est,
793 631 852 690 in
871 633 1194 690 historicam
1216 631 1738 706 interpretationem
1766 640 1813 688 e'
1849 630 2016 689 intel-

422 720 712 800 ligentiam
734 721 1062 798 spiritalem.
1089 717 1247 778 Unde
1269 719 1440 778 etiam
1469 721 1731 778 Salomon
1755 737 1884 778 cum
1913 716 2015 777 Ec—

422 817 603 873 clesia:
617 810 1023 870 multiformem
1060 809 1302 883 gratiam
1335 813 1740 878 enumerasset,
1761 809 1969 882 adjecit
1999 831 2008 864 :

423 906 617 963 Omnes
639 903 814 970 enim;
832 903 933 971 qui
947 900 1098 972 apud
1116 915 1236 955 cam
1258 906 1406 966 sunt,
1433 901 1614 956 restiti
1631 905 1763 955 sunt
1783 899 2016 969 duplici-

421 1001 503 1048 ter
532 991 709 1062 (Prov.
737 990 918 1061 xxxx).
963 985 1242 1062 Sp’iritalis
1287 991 1475 1043 autem
1507 986 1754 1044 scientiae
1780 1005 2008 1059 genera,

418 1080 552 1139 sunt
568 1078 696 1149 tria,
720 1074 1051 1151 tropologia,
1083 1074 1368 1148 allegoria,
1401 1095 1669 1148 anagoge.
1701 1075 1782 1132 De
1811 1074 2013 1149 quibus

419 1169 477 1228 in
506 1167 821 1226 Proverbiis
849 1166 928 1223 ita
957 1164 1163 1222 dicitur
1200 1186 1210 1218 :
1254 1165 1330 1220 Tu
1353 1169 1538 1220 autem
1569 1165 1805 1220 describe
1824 1184 1885 1220 ea
1913 1165 2014 1220 tibi

419 1257 914 1330 triplicitcr,supcr
945 1255 1299 1310 latitudinem
1332 1253 1508 1310 cordis
1547 1257 1631 1309 tui
1664 1253 1838 1320 (Prov.
1861 1271 1934 1319 III,
1960 1261 2007 1308 et

419 1343 578 1418 xxii).
621 1343 816 1418 Itaque
880 1343 1116 1398 historia
1152 1341 1566 1415 prateritarum
1605 1360 1668 1396 ac
1705 1339 2008 1397 visibilium

413 1433 760 1509 agnitionem
789 1429 1178 1504 complectitur
1198 1449 1407 1497 rerum,
1435 1449 1556 1502 quae
1576 1429 1654 1485 ita
1665 1427 2009 1502 abApostolo

411 1515 752 1598 replicatur:
786 1519 1070 1591 Scriptum
1099 1521 1175 1575 est
1206 1525 1375 1585 enim,
1401 1523 1536 1589 quia
1566 1517 1848 1574 Abraham.
1877 1519 2010 1573 duos

413 1613 554 1680 ﬁlios
583 1612 795 1678 habuit,
813 1627 992 1664 unum
1021 1607 1084 1663 de
1107 1609 1319 1665 ancilla
1351 1609 1590 1664 ctalium
1615 1607 1892 1662 delibera.
1911 1604 2015 1662 Sed

413 1701 512 1770 qui
521 1701 583 1755 de
597 1697 1131 1767 ancilla,secundmn
1145 1714 1370 1752 carnem
1385 1703 1549 1752 natus
1567 1701 1642 1751 est
1657 1717 1672 1761 ;
1697 1696 1796 1766 qui
1827 1703 2011 1750 autem

2097 541 2211 597 Nec
2224 541 2431 597 mirum
2443 537 2618 596 Vetus
2637 539 3063 601 Testamentum
3075 535 3227 612 quod
3241 538 3301 596 in
3310 550 3501 598 monte
3517 543 3694 610 Sinai,

2099 629 2193 704 qui
2215 637 2302 685 est
2332 627 2392 685 in
2421 626 2632 684 Arabia
2660 629 2718 683 et
2753 627 2990 684 conﬁnis
3041 627 3126 684 est
3171 627 3224 684 ei
3263 648 3386 702 qua:
3415 649 3566 687 nunc
3615 639 3703 687 est

2097 714 2432 785 Jerusalem,
2465 715 2834 772 constitutum
2856 725 2942 772 est
2961 719 3132 790 atque
3158 719 3557 792 conscriptum,
3589 737 3702 776 non

2099 827 2219 862 esse
2248 814 2603 880 perpetuum,
2637 824 2764 860 cum
2797 806 2852 861 et
2879 803 3156 862 incolatus
3187 825 3222 862 a
3264 818 3542 880 perpetua
3568 827 3702 882 pos-

2097 893 2345 952 sessione
2359 895 2610 950 di’versus
2635 893 2728 962 sit,
2762 903 2819 950 et
2836 894 2992 951 Sinai
3024 894 3233 952 montis
3271 895 3479 952 nomen
3507 901 3698 953 tenta-

2095 983 2306 1040 tionem
2352 991 2532 1051 sonet,
2583 990 2640 1038 et
2685 980 2894 1038 Arabia
2948 981 3228 1054 signiﬁcet
3255 1003 3537 1042 occasum.
3571 985 3642 1041 Et
3670 1004 3700 1040 e

2094 1071 2395 1140 contrario,
2435 1090 2557 1144 qua:
2602 1090 2829 1128 sursum
2860 1073 2947 1127 est
2967 1069 3324 1129 Hierusalem
3357 1092 3480 1146 qua}
3513 1081 3600 1130 est
3629 1075 3702 1129 li-

2094 1161 2245 1227 bera,
2279 1159 2570 1234 materque
2590 1165 2934 1227 sanctorum,
2962 1159 3311 1216 demonstret
3335 1159 3479 1216 hanc
3500 1155 3704 1238 Hieru-

2091 1246 2264 1304 salem
2287 1268 2409 1321 quae
2447 1246 2506 1304 in
2536 1245 2968 1321 praesentiarum
2987 1257 3074 1304 est
3092 1248 3357 1304 deorsum
3376 1241 3518 1318 esse,
3551 1245 3610 1306 et
3637 1251 3700 1306 in

2091 1337 2292 1394 h‘umili
2321 1333 2627 1410 infimoque
2658 1338 2999 1392 demersam.
3059 1335 3206 1393 Sunt
3235 1335 3330 1410 qui
3379 1335 3490 1394 duo
3519 1345 3702 1394 testa-

2095 1433 2286 1482 menta
2307 1428 2364 1482 et
2385 1425 2552 1481 aliter
2581 1425 2920 1497 intelligant,
2963 1435 3027 1480 ut
3060 1424 3406 1498 Scripturam
3448 1424 3703 1482 divinam

2093 1522 2211 1570 tam
2241 1509 2487 1570 veterem
2532 1532 2699 1587 quam
2728 1532 2930 1570 novam
2951 1513 3116 1586 juxta
3143 1511 3530 1570 diversitatem
3565 1533 3700 1570 sen-

2093 1621 2188 1658 sus
2209 1601 2517 1674 eorumque
2553 1600 2894 1658 sententiam
2943 1603 3039 1674 qui
3066 1601 3281 1672 legunt,
3307 1607 3408 1658 aut
3428 1597 3697 1658 ancillam

2095 1692 2556 1763 interpretentur,
2590 1693 2691 1745 aut
2724 1691 2981 1758 liberam,
3006 1695 3064 1745 et
3093 1708 3187 1746 eos
3218 1690 3315 1762 qui
3337 1687 3519 1746 adhuc
3538 1689 3697 1746 litte-

414 1788 690 1852 delibera,
719 1804 820 1857 per
847 1781 1444 1856 rcprmnissioncm.Ad
1467 1784 1793 1856 allegoriam
1821 1791 2010 1839 autem
2027 1771 2074 1830 Β
2093 1798 2168 1834 rae
2194 1777 2441 1834 serviant
2471 1781 2528 1834 et
2556 1777 2819 1852 spiritum
2839 1777 3060 1834 timoris
3097 1777 3344 1834 habeant
3370 1779 3430 1834 in
3452 1779 3699 1835 servitu-

411 1875 696 1950 pertinent
745 1893 866 1946 quae
895 1873 1230 1946 sequuntur,
1263 1873 1396 1944 quia
1424 1891 1491 1928 ea
1530 1891 1652 1946 quae
1682 1871 1738 1928 in
1772 1871 2009 1928 veritate

410 1972 572 2038 gesta
591 1963 741 2030 Sunt,
758 1962 991 2018 alterius
1001 1961 1336 2017 sacramenti
1359 1959 1596 2016 formam
1619 1959 2008 2034 prcellgurasse

412 2051 693 2119 dicuntur,
737 2054 844 2107 haec
872 2051 1043 2118 enim,
1075 2050 1278 2123 inquit,
1311 2057 1442 2104 sunt
1477 2047 1585 2104 duo
1618 2051 1955 2106 Testamenta
1988 2067 2002 2101 :

413 2145 593 2198 unum
619 2141 838 2212 quidem
857 2158 892 2195 a
934 2143 1112 2194 monte
1133 2139 1272 2196 Sina
1291 2141 1349 2192 in
1371 2141 1687 2193 servitutem
1715 2156 1999 2208 generalis,

411 2227 555 2302 quod
581 2233 656 2286 est
682 2229 832 2299 Agar
863 2227 1040 2284 :Sina
1058 2229 1208 2282 enim,
1236 2245 1396 2282 mons
1435 2234 1508 2281 cst
1546 2227 1608 2281 in
1646 2223 1874 2293 Arabia,
1909 2231 2008 2296 qui

412 2321 769 2388 comparatur
806 2319 937 2372 huic
955 2334 1072 2386 qua?
1101 2331 1254 2370 nunc
1277 2319 1350 2369 est
1374 2314 1738 2380 Hierusalem,
1767 2323 1816 2370 et
1841 2313 2006 2370 smu

411 2426 536 2462 cum
565 2407 705 2478 ﬁliis
731 2405 866 2462 suis.
900 2403 1167 2474 Anago'ge
1185 2421 1316 2458 vero
1339 2403 1407 2457 de
1423 2400 1767 2475 spiritalibus
1795 2411 2005 2474 myste-

410 2495 508 2550 riis
538 2495 609 2550 ad
655 2491 984 2549 sublimiora
1011 2489 1266 2564 quaedam
1311 2497 1368 2546 et
1404 2491 1709 2546 sacratiora
1737 2491 2003 2546 coalm'um

413 2583 630 2638 secreta
658 2579 1039 2637 conscendens
1061 2581 1130 2635 ab
1151 2580 1418 2652 Apostolo
1441 2579 1854 2651 itasubjicitur:
1883 2581 2006 2648 Quae

409 2673 558 2726 enim
573 2688 796 2724 sursum
815 2675 892 2724 cst
913 2669 1256 2723 Hierusalem
1272 2667 1444 2722 libera
1465 2673 1558 2732 cst,
1585 2685 1702 2738 qua?
1722 2675 1795 2722 est
1822 2675 2005 2722 mater

409 2759 663 2814 omnium
675 2763 1010 2814 nostrorum.
1025 2757 1307 2824 Scriptum
1329 2757 1403 2810 est
1423 2757 1568 2810 enim
1587 2776 1603 2810 :
1623 2753 1822 2810 Laetare
1850 2759 2006 2810 steri-

411 2853 480 2902 lis
496 2864 614 2917 qua."
642 2863 752 2900 non
765 2846 1023 2915 parturis
1058 2865 1072 2898 :
1099 2847 1232 2913 quia
1247 2847 1422 2898 multi
1443 2845 1554 2911 ﬁlii
1578 2843 1796 2898 dcsertzr
1832 2847 2005 2913 magis

409 2954 578 3008 quam
605 2937 722 3004 ejus
743 2939 860 3004 qua:
887 2933 1040 2988 habet
1073 2935 1279 2987 virum.
1303 2931 1638 3004 Tropologia
1667 2931 1752 2987 est
1777 2932 2004 2988 moralis

408 3023 724 3098 explanatio
755 3021 824 3077 ad
870 3019 1321 3076 emendationem
1350 3020 1474 3075 vitae
1505 3025 1562 3076 et
1590 3020 2000 3077 institutionem

2092 1877 2227 1935 tem,
2261 1869 2330 1923 de
2359 1871 2509 1940 Agar
2541 1865 2805 1940 Egyptia
2834 1861 3008 1922 velint
3051 1881 3174 1922 esse
3198 1874 3496 1937 generatos
3540 1888 3551 1921 :
3599 1886 3700 1924 eos

2089 1964 2278 2012 autem
2308 1959 2404 2029 qui
2443 1956 2514 2011 ad
2544 1953 2834 2028 superiora
2891 1953 3282 2023 conscendant,
3311 1965 3368 2010 et
3396 1954 3700 2028 allegorice

2089 2043 2261 2100 velint
2286 2045 2493 2100 sentire
2526 2061 2647 2115 quae
2701 2039 2910 2116 scripta
2954 2039 3106 2109 sunt,
3159 2041 3303 2098 ﬁlios
3343 2062 3465 2098 esse
3519 2043 3695 2112 Sane,

2090 2158 2213 2212 quae
2245 2141 2301 2196 in
2334 2141 2529 2214 lingua
2567 2149 2764 2196 nostra
2791 2133 3051 2213 ἄρχουσα,
3079 2141 3136 2195 id
3169 2149 3255 2196 est
3293 2143 3571 2214 princeps,
3604 2143 3698 2198 in-

2089 2235 2450 2301 trepretatur,
2468 2247 2675 2301 genere
2705 2229 2992 2284 feminino.
3027 2231 3097 2284 Et
3125 2231 3230 2285 hoc
3249 2229 3319 2284 ob
3331 2231 3488 2284 illam
3502 2247 3698 2286 neces-

2089 2316 2314 2373 sitatem
2339 2337 2399 2373 se
2428 2325 2688 2374 asserunt
2716 2318 3150 2390 usurpare,quia
3175 2319 3432 2392 iniquum
3453 2305 3698 2391 sitMoy-

2089 2425 2186 2462 sen
2223 2414 2280 2462 et
2297 2415 2528 2462 cunctos
2557 2408 2858 2480 prophetas
2887 2405 2957 2461 de
2999 2407 3219 2473 ancilla,
3252 2407 3534 2478 quoslibet
3558 2425 3694 2462 vero

2089 2494 2401 2550 Gentilium
2429 2495 2498 2550 de
2545 2497 2742 2562 libera,
2790 2494 3108 2566 intelligere
3157 2503 3499 2568 procreatos.
3533 2497 3699 2552 Unde

2089 2583 2288 2639 melius
2331 2602 2472 2652 esse,
2504 2591 2570 2639 ut
2613 2602 2725 2639 non
2762 2585 2943 2638 solum
3001 2584 3070 2638 de
3113 2585 3200 2638 his
3231 2585 3326 2656 qui
3356 2585 3416 2638 in
3446 2585 3701 2640 Ecclesia

2088 2680 2238 2739 sunt,
2263 2689 2364 2744 pro
2379 2673 2722 2740 diversitate,
2739 2681 2801 2728 ut
2811 2689 2983 2744 supra
2998 2673 3260 2739 diximus,
3278 2659 3696 2741 intellectuum,

2088 2759 2227 2816 alios
2255 2779 2462 2829 servos,
2501 2763 2640 2816 alios
2668 2761 2872 2817 liberos
2911 2761 3280 2829 arbitremur;
3310 2763 3409 2817 sed
3427 2761 3601 2818 etiam
3619 2765 3698 2818 de

2087 2867 2201 2903 una
2229 2850 2539 2922 eodemque
2567 2851 2793 2906 homine
2813 2847 3064 2922 quandiu
3085 2851 3342 2921 sequitur
3365 2851 3688 2918 historiam,

2086 2937 2298 2992 ancillae
2319 2955 2450 2994 eum
2470 2956 2590 2993 esse
2607 2939 2786 2994 lilium
2820 2959 2830 2993 :
2859 2956 2986 2994 cum
3011 2945 3202 2994 autem
3233 2939 3521 3010 aperiente
3551 2940 3580 2993 J
3587 2956 3695 2994 esu

2087 3027 2424 3100 Scripturas,
2445 3028 2734 3083 incensum
2747 3029 2920 3082 fuerit
2955 3044 3052 3082 cor
3065 3029 3208 3099 ejus,
3244 3034 3302 3082 et
3329 3027 3388 3082 in
3415 3027 3696 3083 fractione

409 3086 694 3186 pertinens
722 3109 1019 3176 actualem,
1053 3109 1203 3164 velut
1231 3109 1276 3164 si
1311 3111 1428 3165 haec
1459 3109 1655 3164 eadem
1687 3109 1798 3166 duo
1827 3111 1999 3166 testa-
2021 3086 2066 3146 Ο
2084 3086 2246 3186 panis
2277 3086 2580 3187 inspexerit
2607 3133 2737 3170 eum
2756 3132 2922 3188 quem
2949 3086 3118 3170 antea
3139 3086 3252 3170 non
3282 3115 3524 3182 videbat,
3549 3121 3696 3171 tunc

408 3207 601 3256 menta
657 3193 1039 3270 intelligamus
1097 3196 1338 3270 practice
1386 3206 1438 3253 et
1479 3197 1843 3254 theoreticam
1883 3197 1998 3253 dis-
2083 3205 2138 3257 et
2167 3203 2351 3275 ipsum
2386 3206 2536 3259 Saraa
2565 3205 2746 3260 filium
2767 3205 3066 3260 nominari.
3103 3203 3322 3270 Laetare,
3345 3204 3548 3275 inquit,
3589 3210 3695 3258 ste-

408 3288 676 3363 ciplinam
723 3285 968 3343 hominis
1016 3286 1253 3342 velimus
1311 3285 1596 3359 accipere:
1641 3285 1723 3341 vel
1763 3293 1913 3342 certe
1951 3287 1998 3341 si
2071 3294 2209 3348 'rilis
2235 3311 2352 3363 qua'
2381 3298 2679 3362 nonparis,
2696 3309 2919 3362 erumpe
2939 3300 2986 3347 ct
3010 3296 3210 3359 clama,
3231 3309 3470 3362 quamn
3481 3299 3689 3362 partu-

411 3372 762 3434 Hierusalem
792 3382 892 3432 aut
929 3375 1064 3432 Sion
1093 3375 1342 3430 animam
1383 3375 1627 3430 hominis
1648 3373 1884 3430 velimus
1903 3388 1997 3430 ac-
2082 3385 2160 3436 ris
2192 3401 2206 3436 :
2239 3385 2372 3453 quia
2404 3384 2571 3436 multi
2599 3385 2709 3448 ﬁlii
2745 3385 2964 3436 desertae
2993 3385 3169 3450 magis
3198 3398 3368 3451 quam
3413 3385 3530 3450 ejus
3561 3399 3688 3450 qua

407 3467 591 3540 cipere
625 3485 637 3519 :
669 3461 975 3521 secundum
996 3463 1134 3520 illud
1161 3483 1171 3516 :
1194 3465 1400 3528 Lauda,
1427 3463 1790 3528 Hierusalem,
1819 3467 2000 3518 [)omi-
2081 3471 2233 3524 habet
2249 3474 2454 3524 virum.
2490 3470 2686 3524 Virum
2709 3469 2906 3524 habuit
2925 3469 3223 3540 Synagoga
3234 3469 3437 3540 legem,
3463 3471 3692 3540 etjuxta

409 3561 546 3612 num
570 3576 584 3610 :
627 3551 796 3610 lauda
825 3553 994 3608 Deum
1019 3556 1196 3614 tuum,
1218 3551 1352 3608 Sion
1376 3553 1538 3618 (Psal.
1573 3560 1794 3621 CXLV").
1821 3551 2000 3624 Igitur

2092 3561 2256 3614 Annae
2275 3575 2496 3630 quoque
2523 3558 2878 3630 prOphetiam
2901 3560 2950 3625 (Ι
2978 3560 3100 3626 Reg.
3153 3564 3229 3627 ιι),
3270 3559 3449 3612 t'etosa
3494 3573 3683 3629 quon-

409 3643 686 3718 praedictae
727 3647 968 3715 quatuor
1004 3641 1196 3713 ﬁgurae
1253 3639 1310 3695 in
1338 3658 1514 3696 unum
1544 3639 1623 3695 ita
1661 3639 1706 3695 si
1747 3642 2002 3695 volumus
2083 3646 2211 3698 dam
2243 3645 2302 3698 in
2323 3641 2512 3699 liberis
2558 3645 2682 3710 fuit,
2708 3643 2916 3700 sterilis
2951 3661 3078 3699 vero
3121 3643 3364 3699 Ecclesia
3392 3643 3513 3699 sine
3553 3643 3682 3699 viro

365 3769 378 3778 ς
409 3732 717 3799 cenﬂuunt,
752 3733 816 3786 ut
851 3733 966 3786 una
995 3729 1304 3802 eademque
1341 3727 1694 3784 Hierusalem
1725 3727 2002 3801 quadrifa—
2083 3733 2323 3799 Christo,
2374 3733 2495 3787 sine
2551 3734 2665 3788 ullo
2693 3732 2884 3805 sponsi
2923 3732 3199 3787 sermonis
3238 3731 3504 3804 alloquio,
3546 3733 3689 3804 quia

408 3822 551 3878 riam
581 3817 1024 3893 possitintelligi,
1044 3817 1352 3874 secundum
1372 3817 1664 3872 historiam
1685 3817 1878 3872 civitas
1899 3817 2000 3872 Ju-
2082 3821 2179 3876 diu
2203 3822 2383 3892 jacuit
2410 3821 2469 3876 in
2498 3823 2720 3876 deserto
2754 3840 2764 3873 :
2799 3815 2898 3875 sed
2927 3827 3228 3892 postquam
3251 3821 3464 3892 accepit
3493 3821 3592 3875 illa
3621 3821 3692 3876 li-

407 3913 684 3966 daeorum:
705 3908 1013 3963 secundum
1027 3905 1351 3979 allegoriam
1373 3905 1619 3962 Ecclesia
1630 3906 1838 3961 Christi
1873 3925 1883 3958 :
1913 3925 2000 3961 se-
2083 3909 2246 3965 brum
2269 3909 2486 3981 repudii
2541 3911 2598 3964 in
2644 3927 2845 3964 manus
2872 3926 3020 3975 suas,
3047 3914 3104 3963 et
3132 3909 3323 3963 omnia
3349 3894 3690 3964 ornamenta

407 3997 653 4054 cundum
679 4013 971 4068 anagogen
999 3995 1194 4050 civitas
1219 3994 1338 4062 Dei,
1372 3995 1469 4049 illa
1491 3993 1748 4060 caelestis,
1774 4003 1896 4066 quae
1917 3999 2002 4048 est
2083 3997 2184 4052 viri
2214 3999 2273 4054 in
2289 3999 2424 4054 idoli
2454 3999 2622 4054 vertit
2637 4004 2918 4063 ornatum,
2950 4003 3086 4053 tunc
3111 3997 3348 4052 maritus
3365 3997 3538 4070 priori
3560 3998 3689 4054 cin-

411 4089 592 4140 mater
628 4086 882 4138 omnium
925 4089 1180 4138 nostrum
1215 4103 1227 4150 ς
1269 4081 1574 4137 secundum
1628 4083 2000 4154 tr0pologiam
2081 4087 2214 4156 gulo
2243 4092 2596 4157 putrescente
2627 4089 2757 4154 (λίην.
2792 4088 2928 4154 xm),
2969 4085 3145 4139 alium
3183 4083 3390 4139 lumbis
3423 4085 3538 4139 suis
3559 4083 3688 4139 bal-

410 4172 599 4228 anima
623 4169 886 4236 hominis,
915 4189 1036 4242 qua:
1055 4171 1379 4241 frequenter
1417 4172 1520 4225 hoc
1535 4170 1762 4224 nomine
1784 4177 1883 4224 aut
1914 4169 2001 4224 in-
2083 4180 2259 4241 teum,
2278 4174 2428 4229 aliud
2459 4175 2528 4228 de
2555 4173 2816 4245 gentibus
2838 4171 3408 4239 lumbarecontexuit,
3429 4189 3552 4244 quae
3570 4181 3688 4228 sta-

411 4265 672 4335 crepatur
699 4265 798 4314 aut
835 4257 1099 4313 laudatur
1127 4258 1419 4312 aDomino
1449 4258 1647 4329 (Hicin)
1679 4255 2000 4313 Notandum
2082 4263 2186 4316 tim
2229 4271 2295 4316 ut
2328 4269 2412 4317 est
2441 4263 2559 4318 viro
2584 4265 2802 4334 juncta,
2857 4263 3112 4333 concepit
3158 4267 3216 4316 et
3243 4255 3480 4333 peperit.
3514 4261 3586 4317 Et
3621 4262 3687 4316 in

409 4367 632 4423 quoque
657 4351 762 4416 est,
797 4347 948 4420 quod
1006 4365 1148 4420 pene
1177 4349 1506 4401 cunctorum
1554 4364 1722 4418 super
1749 4347 1854 4402 hoc
1883 4348 2240 4423 loconlsaa-c
2283 4353 2558 4407 exclamat
2611 4351 2883 4406 Dominus
2941 4367 3043 4422 per
3079 4349 3411 4422 prophetam
3443 4368 3454 4402 :
3505 4347 3571 4404 Si
3605 4359 3686 4405 cst

408 4400 518 4495 ilsta
529 4400 622 4494 1est
649 4400 1094 4510 explahatiofut
1111 4435 1264 4507 Agar
1283 4435 1540 4490 ancillam
1559 4400 2068 4508 interpretenturD
2084 4457 2214 4510 gens
2234 4446 2367 4495 nata
2395 4441 2568 4496 simul
2592 4439 2723 4512 ([sa.
2755 4447 2924 4507 LXVI).
2943 4400 3202 4504 rQuahdo‘L
3215 4455 3328 4493 una
3341 4439 3432 4492 die
3446 4439 3503 4493 in
3532 4440 3690 4494 Acti-

407 4530 468 4584 in
495 4529 618 4601 lege
649 4526 779 4584 etin
807 4525 1012 4599 p0pulo
1031 4525 1350 4581 Iudaeorum
1386 4543 1398 4578 :
1433 4523 1630 4579 Saram
1659 4529 1849 4579 autem
1863 4524 2003 4580 libe-
2085 4529 2190 4583 bus
2217 4530 2600 4601 apostolorum
2627 4529 2737 4584 tria
2764 4527 2937 4582 millia
2961 4534 3018 4583 et
3035 4527 3282 4600 quinque
3301 4519 3478 4580 millia
3507 4527 3691 4582 homi-

411 4635 534 4672 ram
564 4617 623 4672 in
669 4615 916 4672 Ecclesia
945 4615 1068 4688 quae
1109 4613 1178 4668 de
1223 4611 1484 4684 gentibus
1533 4622 1871 4684 congregata
1895 4621 2000 4680 est,
2085 4634 2220 4672 num
2260 4617 2619 4672 crediderunt
2650 4615 2788 4686 (Act.
2822 4635 2858 4672 ιι
2903 4622 2953 4671 et
2994 4620 3096 4686 IV).
3141 4618 3256 4671 Nec
3282 4621 3418 4687 puto
3453 4632 3688 4672 necesse

413 4723 536 4776 quae
565 4707 747 4758 mater
795 4711 1116 4758 sanctorum
1150 4703 1240 4770 sit,
1274 4701 1450 4758 Paulo
1494 4702 1732 4768 dicente,
1783 4719 1898 4772 qua!
1927 4709 2003 4756 est
2085 4723 2226 4772 esse,
2245 4713 2308 4760 ut
2325 4707 2394 4760 de
2415 4705 2776 4761 multitudine
2789 4705 3106 4761 Christiana
3132 4710 3190 4760 et
3213 4705 3535 4760 Judaaorum
3546 4721 3690 4776 pau-

413 4799 592 4848 matcr
618 4795 874 4846 omnium
904 4798 1175 4846 nostrum.
1197 4791 1431 4848 Hazcdiu
1461 4805 1572 4846 non
1603 4791 1837 4864 peperit,
1849 4794 2004 4846 ante-
2085 4793 2254 4849 citate
2293 4792 2544 4850 dicamus
2577 4813 2588 4848 :
2615 4811 2742 4848 cum
2791 4794 2850 4848 in
2873 4799 2995 4849 toto
3024 4793 3237 4848 mundo
3266 4792 3446 4848 crucis
3479 4793 3688 4848 vexilla

414 4899 582 4953 quam
630 4875 886 4934 Christus
934 4879 1002 4933 de
1054 4880 1267 4952 virgine
1313 4883 1656 4947 nasceretur,
1692 4885 1749 4934 et
1795 4879 2002 4934 sterilis
2087 4884 2498 4954 resplendeant,
2531 4890 2588 4938 et
2622 4883 2710 4937 vix
2757 4900 2917 4938 rarus
2945 4888 3114 4954 atque
3141 4879 3402 4937 notabilis
3429 4879 3488 4935 in
3517 4877 3685 4936 urbi-

411 4971 534 5036 fuit,
595 4968 831 5024 necdum
890 4967 1006 5022 risu
1051 4967 1246 5023 mundi
1302 4969 1456 5023 Isaac
1511 4969 1580 5022 de
1626 4969 1800 5024 electo
1843 4977 2002 5040 patre
2082 4971 2187 5026 bus
2214 4969 2438 5026 Judaeus
2467 4977 2754 5044 appareat.

409 5078 537 5115 cum
557 5075 688 5114 voce
713 5055 1035 5112 sublimium
1047 5055 1372 5126 dogmatum
1383 5059 1701 5124 resonante,
1723 5052 2001 5128 siquidem
2155 5059 2260 5115 Nos
2279 5065 2484 5128 autem,
2518 5061 2741 5130 fratres,
2772 5061 3072 5114 secundum
3114 5061 3266 5114 Isaac
3286 5061 3689 5128 promissionis

411 5147 693 5202 Abraham
715 5147 774 5203 in
803 5147 996 5201 nostra
1023 5143 1234 5215 lingua,
1262 5151 1421 5214 pater
1449 5149 1642 5200 electus
1670 5163 1794 5200 cum
1816 5148 2000 5200 sonitu
2083 5151 2194 5215 ﬁlii
2222 5165 2433 5202 sumus.
2469 5145 2706 5218 (.4mbr.)
2741 5148 2858 5202 Hoc
2879 5155 2968 5202 est
2992 5164 3106 5202 non
3135 5144 3501 5202 carnis—ﬁlios
3530 5162 3685 5214 esse,

413 5237 650 5290 refertur
679 5255 688 5287 :
719 5235 871 5305 Agar
889 5239 1078 5288 autem
1105 5250 1226 5304 qua:
1250 5233 1652 5304 interpretatur
1663 5237 1922 5304 pain-acia,
1947 5229 1998 5288 id
2085 5237 2180 5289 sed
2213 5235 2330 5302 Dei,
2357 5236 2489 5306 quia
2501 5237 2656 5290 Isaac
2680 5237 2738 5290 in
2769 5241 2968 5308 typum
3013 5241 3181 5291 natus
3213 5241 3297 5290 est
3316 5233 3442 5289 Filii
3466 5231 3590 5298 Dei,
3625 5243 3694 5289 et

411 5327 512 5389 est,
547 5323 822 5377 incolatus
850 5323 963 5375 sive
993 5321 1387 5392 peregrinatio,
1423 5321 1536 5374 sive
1567 5340 1740 5385 mora,
1769 5329 2004 5392 generat
2084 5325 2201 5378 vult
2227 5342 2322 5379 eos
2343 5323 2782 5395 subintelligere,
2818 5324 2952 5396 quia
2969 5320 3098 5378 facti
3129 5323 3253 5378 Filii
3274 5322 3396 5388 Dei,
3426 5323 3686 5376 conversi

414 5413 726 5471 Ismaelem,
764 5410 856 5482 qui
893 5415 1111 5464 tantum
1136 5409 1330 5462 audiat
1353 5409 1449 5462 Dei
1485 5413 1776 5482 lmeeepta,
1797 5429 1898 5464 nec
1917 5409 2000 5464 fa-
2083 5419 2233 5477 sunt,
2271 5420 2332 5467 ut
2347 5420 2534 5467 essent
2561 5412 2660 5466 ﬁlii
2691 5413 2877 5468 carnis
2904 5413 2979 5467 :si
3000 5429 3130 5466 vero
3164 5411 3512 5482 resipiscant,
3545 5419 3690 5465 sunt

410 5501 521 5554 ciat
550 5499 834 5554 hominem
867 5500 1154 5564 rusticum,
1191 5497 1634 5566 sanguinarium;
1659 5496 1882 5553 deserta
1911 5518 1998 5552 se-
2085 5499 2182 5554 lilii
2206 5501 2324 5554 Dei.
2377 5501 2480 5556 Sal
2505 5503 2770 5570 quomodo
2821 5507 2955 5555 tunc
2993 5501 3094 5570 qui
3119 5501 3417 5554 secundum
3452 5514 3684 5552 carnem

409 5591 656 5644 ctantem
694 5607 703 5640 :
739 5587 835 5658 qui
865 5587 1138 5641 universis
1169 5585 1434 5640 fratn'bus
1455 5589 1569 5640 suis
1584 5587 1651 5640 de
1672 5587 1846 5641 libera
1866 5605 1997 5657 pro-
2084 5593 2248 5643 natus
2277 5591 2482 5656 fuerat,
2493 5590 2916 5658 persequebatur
2937 5605 3063 5644 eum
3083 5591 3182 5658 qui
3199 5584 3689 5654 sccundumspiri-
