3880 6146
347 259 449 314 335

937 258 998 311 Β.
1043 257 1312 313 RABANI
1352 259 1582 314 MAURI
1621 259 1956 313 ARCHIEP.
1999 256 2321 312 MOGUNT.
2365 254 2662 310 OPERUM
2699 255 2883 310 PARS
2922 255 3021 310 ΙΙΙ.

2014 161 2043 178 δ

3515 252 3616 310 336

416 389 543 443 Ecce
571 403 663 456 ego
692 389 900 441 Paulus
913 387 1031 440 dico
1041 386 1206 452 vobis,
1227 389 1362 454 quia
1377 389 1427 440 si
1436 389 1938 452 circumcidamini,
1959 391 2010 450 Α
2028 385 2335 440 aestimaret
2352 402 2515 455 posse
2535 401 2595 438 se
2613 381 2878 452 consequi
2912 395 3081 450 quam
3102 387 3166 432 ut
3191 384 3420 432 caeteros
3447 378 3616 432 lucri-

345 478 598 533 Christus
627 479 773 530 vobis
795 476 944 529 nihil
987 475 1233 542 proderit
1262 475 1470 545 (Amb.)
1521 477 1681 530 Nunc
1737 481 1944 547 apertze

253 568 256 574 ’
343 565 596 622 veritatis
651 569 709 618 et
753 563 1106 617 auctoritatis
1163 580 1276 618 suae
1317 563 1426 618 vim
1475 581 1588 618 non
1631 570 1815 630 tacet,
1855 563 1943 618 di-

342 671 508 710 cens:
544 655 672 709 Ecce
729 669 821 721 ego
880 655 1089 706 Paulus
1143 655 1264 707 dico
1319 655 1465 708 vobis
1509 674 1524 708 :
1573 653 1630 707 id
1678 661 1782 720 est,
1840 670 1942 723 ego

340 743 612 814 magister
624 741 910 805 Gentium,
929 739 1089 812 cujus
1119 759 1258 813 opus
1269 742 1402 796 estis
1424 742 1481 796 in
1498 743 1740 808 Christo,
1756 741 1941 812 palam

339 829 492 886 vobis
522 829 645 885 dico
681 847 692 884 :
729 833 863 899 quia
896 831 1041 883 nihil
1078 831 1224 884 vobis
1271 832 1519 898 proderit
1576 831 1841 894 Christus,
1892 833 1943 883 si

338 921 832 976 circumcidamini
845 937 862 984 ;
895 919 1016 990 ipse
1070 919 1223 973 enim
1274 919 1549 973 Dominus
1595 919 1674 973 ait
1706 939 1716 972 :
1757 921 1862 973 Lex
1889 925 1938 973 et

332 1009 604 1079 prophetae
633 1024 804 1078 usque
831 1009 904 1062 ad
929 1010 1218 1074 Joannem,
1243 1025 1308 1062 ea:
1343 1025 1450 1076 quo
1500 1025 1736 1077 regnum
1791 1011 1938 1062 calo-

337 1114 468 1152 rum
511 1098 854 1167 praedicatur
903 1099 1053 1165 (Luc.
1087 1098 1220 1169 xw}.
1257 1099 1580 1168 Antequam
1631 1115 1764 1167 ergo
1793 1114 1936 1151 nova

335 1187 612 1258 inciperet
629 1185 970 1258 praedicatio,
997 1185 1248 1256 oportuit
1277 1185 1625 1240 circumcidi:
1646 1203 1794 1240 nunc
1839 1202 1936 1239 au-

335 1281 452 1331 tem
482 1275 606 1346 lege
634 1275 766 1330 ﬁdei
803 1275 1154 1342 succedente,
1211 1292 1278 1329 ea
1313 1275 1600 1346 sequenda
1635 1281 1769 1330 sunt
1811 1292 1934 1346 quae

334 1365 494 1420 rudis
521 1363 727 1420 veritas
751 1363 915 1436 jubet
939 1384 951 1419 :
977 1365 1110 1436 quia
1135 1369 1292 1420 vetus
1321 1369 1377 1418 et
1404 1381 1609 1418 novum
1638 1363 1934 1418 admisceri

333 1471 446 1508 non
457 1453 1024 1520 debent,auctoritate
1038 1453 1264 1508 Domini
1283 1453 1745 1524 praedicantis,ait
1754 1453 1925 1507 enim:

2023 475 2249 539 faceret,
2282 474 2462 527 factus
2489 472 2697 527 Judzeis
2733 470 2978 535 Judaeus,
3009 473 3076 523 ut
3103 468 3324 523 Judaeos
3352 467 3421 521 ad
3451 467 3618 522 ﬁdem

2026 563 2234 618 Christi
2262 579 2366 617 sua
2391 561 2812 616 circumcisione
2839 559 3246 613 transduceret.
3265 557 3420 611 Tunc
3439 557 3615 627 siqui-

2024 653 2152 706 dem
2183 669 2297 706 non
2325 651 2563 722 prodest
2583 648 2952 714 circumcisio,
2992 664 3118 702 cum
3148 646 3362 717 aliquid
3393 663 3492 717 per
3528 663 3615 700 se-

2024 741 2325 812 metipsum
2353 745 2585 810 putatur
2614 738 2876 792 utilitatis
2891 737 3110 790 aﬁ'erre.
3137 735 3468 803 (Aug.)Dico
3482 751 3614 806 ergo

2022 830 2503 884 circumcisionem
2519 827 2797 898 prmputii,
2817 832 2876 880 et
2888 833 3089 880 caetera
3109 824 3430 895 hujusmodi
3443 823 3611 895 priori

2021 919 2226 990 populo
2253 935 2357 990 per
2366 921 2770 972 testamentum
2787 916 2934 986 quod
2955 920 3114 968 vetus
3129 914 3336 968 dicitur
3347 912 3613 968 divinitus

2018 1007 2150 1062 data
2165 1008 2236 1061 ad
2255 1006 2720 1077 signiﬁcationem
2731 1004 3052 1058 futurorum
3065 1020 3188 1074 qua:
3209 1020 3310 1074 per
3329 1002 3612 1056 Christum

2017 1095 2348 1167 oportebant
2358 1095 2682 1166 impleri:qu
2689 1093 2813 1146 ibus
2831 1091 3260 1146 advenientibus
3274 1091 3612 1145 remansisse

2015 1185 2113 1238 illa
2122 1184 2455 1238 Christianis
2469 1183 2706 1253 legenda
2716 1187 2938 1236 tantum
2951 1181 3022 1234 ad
3035 1180 3468 1251 intelligentiam
3485 1197 3610 1252 pro-

2015 1274 2199 1328 missae
2219 1273 2543 1345 prophetias,
2586 1289 2698 1325 non
2741 1276 2932 1324 autem
2979 1269 3294 1325 necessario
3337 1269 3608 1326 facienda.

2017 1363 2174 1434 quasi
2196 1362 2379 1416 adhuc
2392 1360 2825 1432 exspectandum
2839 1365 2986 1413 esset
3001 1365 3065 1414 ut
3083 1359 3301 1412 veniret
3318 1357 3446 1412 ﬁdei
3462 1375 3613 1412 reve-

2011 1452 2164 1518 latio,
2175 1469 2304 1522 quae
2324 1451 2414 1504 hic
2426 1449 2849 1520 signiﬁcabatur
2861 1465 2986 1502 esse
3003 1455 3240 1503 ventura
3267 1467 3278 1515 ;
3307 1448 3404 1502 sed
3420 1465 3612 1519 quam-

333 1544 501 1599 Nemo
521 1543 967 1598 additamentum
1005 1545 1194 1612 panni
1219 1544 1381 1596 rudis
1411 1546 1588 1597 assuit
1613 1545 1929 1596 vestimento
2010 1541 2092 1595 vis
2122 1541 2396 1594 Gentibus
2415 1539 2757 1610 imponenda
2782 1555 2894 1592 non
2926 1543 3132 1603 essent,
3169 1555 3280 1592 non
3312 1543 3505 1592 tamen
3528 1537 3605 1590 sic

331 1635 502 1686 reteri
517 1650 536 1696 ;
572 1633 717 1686 tollit
747 1634 898 1685 enim
919 1632 1311 1699 fortitudinem
1325 1635 1441 1700 ejus
1461 1649 1496 1686 a
1527 1635 1859 1696 vestimento,
1881 1635 1931 1684 et
2011 1629 2267 1684 debuisse
2293 1629 2503 1684 auferri
2518 1646 2552 1682 a
2571 1628 2973 1682 consuetudine
2995 1627 3316 1681 Judaaorum
3337 1632 3608 1698 tanquam

331 1723 515 1790 major
533 1723 595 1788 ﬁt
623 1722 864 1775 scissura
880 1720 1096 1788 (Matth.
1115 1722 1214 1788 rx).
1247 1721 1327 1774 Ac
1355 1736 1457 1791 per
1485 1719 1590 1774 hoc
1618 1736 1730 1774 non
1745 1712 1992 1774 solumB
2014 1719 2310 1785 detestata,
2349 1723 2518 1788 atque
2568 1719 2856 1782 damnata,
2899 1716 3110 1770 sensim
3169 1715 3403 1786 proinde
3441 1722 3610 1786 atque

332 1809 474 1864 nihil
494 1808 749 1881 proderit
759 1808 910 1862 ﬁdeli
925 1807 1118 1863 addita
1137 1808 1508 1876 circumcisio,
1533 1809 1630 1862 sed
1652 1815 1709 1862 et
1721 1807 1924 1863 oberit:
2013 1809 2285 1880 paulatim
2305 1808 2552 1862 fervente
2571 1824 2707 1860 sane
2735 1806 3130 1876 praedicatione
3159 1805 3356 1874 gratiae
3377 1805 3606 1867 Christi,

332 1899 518 1969 majus
543 1897 697 1952 enim
727 1898 940 1952 malum
957 1903 1045 1952 est
1058 1915 1126 1952 ex
1150 1897 1325 1952 libero
1356 1915 1579 1952 servum
1595 1898 1738 1964 ﬁeri,
1760 1915 1931 1968 quam
2013 1915 2124 1968 qua
2152 1899 2273 1951 sola
2312 1903 2544 1951 nossent
2572 1897 2864 1950 credentes
2895 1913 2956 1948 se
2980 1894 3283 1965 justiﬁcari
3314 1895 3609 1964 salvosque

330 1987 504 2042 nasci.
540 1988 737 2056 (Hier.)
775 1987 922 2042 Nam
955 2003 1086 2041 cum
1106 1993 1164 2042 et
1191 1986 1249 2040 in
1278 1987 1463 2058 prima
1504 1987 1576 2040 ad
1608 1975 1934 2042 Corinthios
2012 1987 2154 2052 ﬁeri,
2180 2003 2291 2040 non
2319 1986 2429 2040 illis
2454 1984 2670 2040 umbris
2699 2001 2890 2038 rerum
2921 1990 3089 2038 antea
3109 1983 3450 2048 futurarum,
3477 1989 3610 2036 tunc

331 2074 838 2148 praemisissetzllis
857 2081 1043 2130 autem
1064 2079 1164 2145 qui
1185 2078 1788 2145 nuptisuntdcnuntio,
1818 2092 1930 2129 non
2005 2077 2126 2146 jam
2161 2075 2512 2130 venientium
2555 2079 2725 2145 atque
2755 2073 3136 2145 praesentium,
3185 2078 3250 2126 ut
3287 2072 3345 2126 in
3375 2071 3474 2126 illa
3515 2073 3609 2126 Ju-

331 2181 440 2235 ego,
455 2165 548 2219 sed
557 2165 827 2220 Dominus
845 2165 910 2231 (Ι.
927 2163 1049 2218 Cor.
1068 2167 1180 2234 vn),
1204 2170 1262 2218 et
1274 2165 1468 2219 statim
1489 2165 1795 2219 intulisset:
1819 2165 1928 2219 ϐεε-
2011 2165 2260 2218 daeorum
2287 2163 2576 2218 vocatione
2606 2179 2745 2234 quos
2772 2163 3072 2234 praesentia
3108 2161 3350 2214 carnalis
3380 2160 3605 2214 Domini

333 2257 463 2308 teris
473 2259 659 2308 autem
673 2270 766 2322 ego
771 2255 1048 2322 praecipio,
1064 2270 1136 2308 ne
1153 2253 1278 2307 vilis
1299 2271 1403 2308 sua
1421 2258 1722 2325 putaretur
1743 2259 1930 2308 aucto-
2012 2260 2067 2308 et
2085 2253 2390 2324 apostolica
2407 2259 2664 2324 tempora
2683 2253 2762 2305 sic
2779 2252 3127 2314 invenerant,
3157 2250 3340 2304 omnis
3351 2249 3448 2304 illa
3462 2249 3608 2303 actio

330 2343 469 2398 ritas
494 2361 506 2396 :
527 2345 684 2409 Puto,
710 2341 913 2413 inquit,
941 2344 1085 2412 quod
1121 2348 1170 2396 et
1191 2360 1282 2411 ego
1301 2344 1581 2412 Spiritum
1599 2345 1700 2397 Dei
1727 2345 1924 2408 habeo;
2011 2349 2438 2396 consumeretur
2467 2341 2796 2396 umbrarum
2822 2341 2956 2395 :hoc
2987 2340 3038 2392 ei
3064 2339 3348 2404 suffecisse
3365 2339 3437 2393 ad
3455 2355 3609 2392 com-

328 2436 396 2486 ut
410 2430 625 2504 Spiritu
647 2436 706 2485 et
725 2431 949 2486 Christo
973 2432 1032 2484 in
1060 2448 1120 2486 se
1141 2432 1424 2502 loquente,
1451 2449 1562 2486 non
1583 2432 1930 2502 contemptui
2013 2432 2432 2486 mendationem
2460 2436 2524 2484 ut
2551 2447 2664 2484 non
2683 2436 2957 2500 tanquam
2976 2428 3308 2483 detestanda
3322 2434 3379 2481 et
3407 2426 3608 2481 similis

329 2521 648 2586 duceretur,
674 2519 769 2590 qui
787 2520 1090 2591 prophetas
1122 2519 1354 2574 imitans
1377 2521 1589 2574 diceret
1615 2539 1624 2572 :
1657 2523 1777 2575 Haec
1795 2523 1930 2574 dicit
2010 2520 2336 2575 idololatriae
2372 2520 2646 2574 vitaretur
2682 2537 2692 2571 :
2727 2520 2875 2572 ultra
2902 2535 3032 2572 vero
3070 2534 3184 2571 non
3215 2515 3446 2571 haberet
3474 2533 3606 2587 pro-

327 2609 599 2664 Dominus
627 2610 986 2676 omnipotens.
1008 2608 1192 2678 Majus
1212 2615 1404 2662 autem
1435 2609 1534 2662 ﬁet
1553 2609 1611 2662 id
1643 2609 1791 2679 quod
1812 2609 1928 2662 dic-
2008 2625 2287 2676 gressum,
2331 2626 2401 2662 ne
2434 2612 2730 2680 putaretur
2757 2607 3092 2673 necessaria,
3118 2611 3390 2676 tanquam
3417 2605 3503 2658 vel
3535 2603 3606 2658 ab

327 2704 452 2751 tum
483 2701 602 2750 est:
627 2696 757 2750 Ecce
775 2712 868 2764 ego
884 2697 1094 2750 Paulus
1108 2698 1228 2750 dico
1242 2698 1407 2763 vobis,
1433 2701 1567 2766 quia
1581 2701 1632 2750 si
1643 2700 1929 2751 circumci—
2011 2698 2107 2751 illa
2135 2699 2287 2752 salus
2314 2703 2479 2758 esset,
2513 2697 2598 2750 vel
2627 2697 2746 2750 sine
2768 2697 2866 2751 illa
2888 2713 3009 2750 esse
3033 2712 3142 2750 non
3176 2701 3365 2766 posset
3411 2713 3422 2746 :
3459 2695 3608 2765 quod

325 2787 568 2851 damini,
587 2784 838 2840 Christus
857 2785 1006 2838 vobis
1019 2784 1167 2838 nihil
1181 2786 1418 2853 prodest,
1445 2785 1492 2838 si
1513 2801 1638 2839 cum
1653 2785 1924 2856 principio
2008 2792 2348 2856 putaverunt
2381 2785 2644 2850 haeretici,
2671 2785 2766 2856 qui
2793 2785 2928 2838 dum
2969 2785 3164 2838 volunt
3191 2801 3312 2838 esse
3339 2783 3518 2838 Judaei
3551 2789 3609 2836 et

327 2872 706 2946 copuletur,in
718 2889 828 2944 quo
842 2873 924 2927 ait
939 2891 950 2925 :
968 2875 1179 2927 Paulus
1191 2876 1466 2942 apostolus
1477 2890 1589 2928 non
1603 2875 1671 2927 ab
1686 2875 1925 2928 homini—
2008 2861 2332 2941 Christiani,
2351 2892 2453 2929 nec
2468 2875 2662 2940 Judaei,
2680 2891 2783 2928 nec
2803 2873 3110 2928 Christiani
3129 2889 3250 2926 esse
3272 2877 3602 2943 potuerunt.

327 2964 426 3018 bus
449 2978 620 3034 neque
634 2978 736 3032 per
754 2963 1054 3028 hominem,
1079 2963 1172 3016 sed
1184 2978 1286 3031 per
1306 2964 1491 3016 Jesu-m
1527 2963 1830 3028 Christum,
1866 2968 1924 3016 et
1953 3031 1979 3034 _
2007 2963 2292 3018 Christum
2323 2970 2514 3018 autem
2543 2963 2684 3016 nihil
2715 2963 2795 3016 eis
2833 2963 3191 3034 profuturum
3243 2978 3366 3016 esse
3395 2961 3534 3016 dicit
3563 2961 3612 3014 si

326 3031 563 3124 reliqua,
585 3031 652 3106 ut
663 3050 976 3117 audientes,
993 3067 1105 3104 non
1118 3056 1237 3105 tam
1257 3051 1438 3118 missi,
1459 3068 1629 3122 quam
1642 3051 1920 3106 mittentis
1939 3031 1984 3090 Ο
2005 3052 2496 3120 circumciduntur,
2529 3052 2628 3106 sed
2657 3052 2752 3106 illo
2783 3031 2948 3105 modo
2973 3069 3083 3122 quo
3108 3069 3202 3106 eos
3231 3051 3325 3106 isti
3345 3049 3610 3105 volebant

326 3139 661 3196 auctoritate
689 3145 1040 3194 moveantur.
1075 3140 1267 3194 Potest
1292 3139 1496 3212 aliquis
1536 3141 1746 3194 dicere:
1773 3141 1921 3195 Con-
2003 3141 2327 3196 circumcidi
2355 3160 2366 3194 :
2392 3142 2449 3195 id
2473 3147 2576 3206 est,
2601 3146 2667 3195 ut
2695 3141 2754 3194 in
2783 3141 2968 3194 carnis
2999 3140 3422 3195 circumcisione
3434 3156 3608 3211 pone-

324 3229 564 3285 trarium
585 3234 671 3284 est
691 3227 823 3283 huic
842 3229 962 3282 loco
991 3227 1126 3283 illud
1157 3229 1305 3300 quod
1323 3229 1394 3282 ad
1424 3229 1706 3284 Romanos
1724 3229 1921 3284 scribi-
2005 3235 2132 3284 rent
2160 3247 2318 3302 spem
2347 3231 2564 3284 salutis.
2600 3231 2726 3284 Non
2755 3231 2906 3284 enim
2927 3229 3222 3284 Timotheo
3250 3247 3364 3284 non
3393 3228 3607 3300 profuit

324 3325 420 3375 tur
449 3319 622 3387 (Rom.
653 3321 728 3386 III)
764 3336 775 3371 :
811 3317 1170 3372 Circumcisio
1189 3319 1410 3387 quidem
1431 3320 1668 3387 prodest,
1684 3322 1734 3372 si
1753 3323 1920 3388 legem
2004 3319 2276 3386 Christus,
2305 3319 2438 3390 quia
2465 3320 2673 3374 Paulus
2701 3319 2820 3390 ipse
2851 3319 3012 3372 illum
3049 3320 3167 3389 jam
3211 3317 3598 3372 Christianum

325 3409 600 3463 custodias
633 3425 646 3475 ;
692 3411 750 3460 et
776 3406 925 3460 infra
957 3424 968 3458 :
1005 3408 1151 3474 Quid
1174 3423 1304 3478 ergo
1331 3411 1576 3476 amplius
1605 3414 1680 3462 est
1711 3411 1914 3475 Judwo,
1995 3410 2260 3479 juvenem
2279 3407 2646 3462 circumcidit:
2667 3407 2798 3461 fecit
2816 3413 3007 3462 autem
3029 3413 3259 3479 propter
3276 3407 3605 3462 scandalum

325 3501 427 3552 aut
451 3512 572 3567 qua
597 3498 818 3550 utilitas
831 3498 1267 3550 circumcisionis
1291 3502 1315 3548 ν
1338 3497 1578 3552 Multum
1589 3511 1686 3564 per
1699 3513 1786 3550 om
1795 3513 1918 3550 nem
2000 3515 2250 3562 suorum,
2265 3497 2403 3550 nihil
2417 3497 2688 3551 simulans
2705 3496 2954 3562 omnino,
2971 3497 3072 3550 sed
3092 3513 3159 3549 ex
3171 3497 3268 3550 illa
3281 3495 3606 3550 indifferen-

325 3585 1046 3653 modum:primumquidem
1061 3587 1194 3654 quia
1211 3586 1420 3638 credita
1430 3590 1561 3638 sunt
1577 3589 1693 3639 illis
1706 3589 1920 3654 eloquia

324 3676 440 3730 Dei.
465 3673 526 3729 Si
545 3673 696 3728 enim
715 3671 804 3726 his
815 3673 912 3744 qui
932 3672 1242 3728 circumcisi
1263 3673 1474 3728 fuerint
1493 3674 1750 3728 Christus
1779 3675 1919 3728 nihil

323 3762 570 3834 prodest,
591 3762 870 3834 quomodo
891 3762 1074 3833 legem
1093 3761 1538 3817 custodientibus
1568 3763 1796 3834 prodest
1809 3763 1918 3818 cir-

322 3849 634 3908 cumcisio?
669 3851 828 3916 Quod
857 3850 1084 3922 quidem
1116 3851 1221 3905 hac
1249 3853 1614 3924 responsione
1651 3853 1914 3918 solvetur,

325 3946 392 3995 ut
413 3939 668 3994 dicamus
697 3939 1026 4010 Epistolam,
1045 3956 1167 4009 quae
1195 3940 1265 3994 ad
1287 3941 1568 3995 Romanos
1587 3941 1797 4011 scripta
1811 3948 1914 4007 est,

325 4028 398 4083 ad
424 4044 522 4083 eos
548 4043 672 4081 esse
699 4027 987 4093 dictatam,
1015 4028 1111 4098 qui
1147 4045 1214 4081 ex
1250 4029 1456 4082 Iudaeis
1502 4029 1918 4100 gentilibusque

321 4115 706 4184 crediderant;
733 4120 790 4170 et
802 4115 908 4169 hoc
925 4115 1107 4186 egisse
1126 4116 1384 4182 Paulum,
1399 4123 1463 4171 ut
1471 4122 1670 4172 neuter
1680 4119 1918 4189 populus

326 4203 722 4271 offenderetur,
747 4220 859 4275 quo
877 4203 1091 4258 scilicet
1112 4221 1277 4258 suum
1300 4211 1541 4277 utraque
1568 4205 1723 4276 plebs
1743 4207 1915 4277 privi-

2002 3587 2084 3640 tia
2113 3603 2225 3657 qua
2251 3585 2406 3652 dicit,
2432 3587 2789 3643 Circumcisio
2819 3585 2965 3639 nihil
2987 3591 3082 3649 est,
3098 3589 3433 3654 praeputium
3451 3586 3602 3638 nihil

2003 3681 2079 3730 est
2109 3695 2125 3730 :
2155 3674 2293 3729 nihil
2325 3675 2478 3728 enim
2507 3674 2666 3728 obest
2695 3675 2812 3728 ista
2838 3673 3186 3728 circumcisio
3217 3674 3287 3741 ei,
3320 3673 3416 3744 qui
3445 3673 3602 3727 salu-

2000 3771 2118 3818 tem
2146 3763 2203 3818 in
2232 3765 2330 3818 illa
2361 3781 2484 3818 esse
2513 3781 2624 3817 non
2655 3763 2851 3818 credit.
3285 3757 3289 3760 ’

2081 3855 2348 3921 Testiﬂcor
2357 3858 2484 3907 aute-
2493 3870 2544 3906 m
2555 3856 2710 3906 omni
2718 3853 2936 3906 homini
2945 3855 3368 3907 ci-rcumcidenti
3380 3870 3452 3919 se,
3466 3857 3602 3922 quia

2001 3943 2210 3997 debitor
2239 3948 2315 3996 est
2342 3945 2612 3996 universae
2643 3945 2774 4010 legis
2803 3943 3083 4009 facienda.
3123 3941 3327 4011 (Amb.)
3360 3942 3605 3999 Possunt

2001 4031 2175 4102 aliqui
2205 4032 2386 4102 legem
2414 4030 2772 4101 aliquatenus
2791 4047 3033 4096 servare,
3049 4035 3106 4084 et
3119 4047 3234 4084 non
3253 4032 3598 4086 circumcidi:

2001 4137 2133 4174 nam
2163 4119 2327 4174 multi
2365 4120 2750 4174 Romanorum
2779 4119 2837 4173 in
2866 4119 3061 4174 Judzea
3088 4119 3388 4176 servabant
3413 4121 3599 4190 legem

1999 4208 2392 4264 incircumcisi.
2417 4208 2576 4263 Unde
2605 4207 2741 4262 dicit
2767 4209 2975 4262 Paulus
3003 4209 3288 4280 apostolus
3314 4209 3385 4262 ad
3399 4209 3602 4280 Agrip-

324 4293 537 4366 legium
550 4293 882 4365 possideret,
897 4297 1072 4348 utnec
1087 4293 1336 4348 Gentiles
1357 4293 1908 4364 circumciderentur,
2003 4315 2134 4369 pam
2163 4315 2354 4368 regem
2383 4297 2586 4352 Judaeae
2611 4298 2844 4364 :Credis,
2870 4313 2968 4351 res:
2991 4299 3253 4367 Agrippa,
3271 4299 3550 4367 prophetis
3570 4300 3602 4352 ?

326 4400 430 4440 nec
452 4381 767 4438 circumcisi
804 4382 1146 4438 adducerent
1170 4383 1528 4454 praeputium.
1575 4385 1662 4439 Ad
1692 4385 1922 4440 Galatas
1939 4388 1988 4446 D
2002 4388 2124 4444 Scio
2153 4390 2286 4456 quia
2299 4387 2474 4441 credis
2499 4387 2828 4455 (Act.xxv1).
2851 4387 2919 4440 Et
2939 4385 3193 4440 centurio
3221 4387 3382 4456 cujus
3404 4404 3602 4441 servus

326 4479 518 4530 autem
545 4471 815 4540 scribens,
838 4471 949 4527 alio
976 4487 1113 4526 usus
1143 4471 1218 4526 sit
1237 4477 1600 4542 argumento:
1627 4491 1740 4528 non
1769 4475 1920 4529 enim
2003 4481 2125 4530 erat
2148 4475 2473 4542 moriturus,
2518 4475 2613 4546 qui
2660 4475 2888 4529 mittens
2929 4475 3000 4529 ad
3043 4475 3236 4529 Jesum
3265 4475 3502 4546 rogabat
3531 4483 3598 4530 ut

327 4567 492 4617 erant
519 4577 586 4616 ex
612 4561 1054 4628 circumcisione,
1087 4561 1184 4616 sed
1210 4578 1275 4616 ex
1311 4561 1584 4616 Gentibus
1613 4563 1709 4634 qui
1741 4564 1921 4618 credi-
2002 4565 2217 4618 veniret
2243 4569 2301 4618 et
2325 4571 2554 4618 sanaret
2569 4581 2792 4618 servum
2814 4565 2955 4635 ejus,
2971 4564 3062 4618 cui
3072 4563 3460 4620 testimonium
3473 4582 3602 4636 per-

327 4649 546 4715 derant,
561 4665 666 4704 nec
681 4656 903 4720 poterat
921 4651 1002 4704 eis
1019 4651 1284 4721 prodesse
1297 4651 1663 4718 circumcisio,
1683 4653 1778 4723 qui
1797 4659 1924 4724 post
2006 4653 2262 4708 bibentes
2280 4653 2456 4708 Judaei
2477 4653 2739 4707 dicebant
2750 4653 2820 4706 ad
2840 4654 2868 4707 J
2874 4670 3033 4708 esum
3059 4672 3070 4706 :
3096 4655 3314 4722 Dignus
3329 4659 3484 4707 estut
3507 4656 3611 4709 hoc

326 4737 612 4809 Evangelii
650 4739 893 4808 gratiam
921 4738 1128 4794 iterum
1171 4742 1243 4795 ad
1277 4741 1546 4812 legaliare
1572 4747 1925 4796 verterentur
1999 4749 2216 4812 prasles
2229 4747 2280 4796 ei
2295 4745 2665 4812 :diligitenim
2681 4749 2894 4811 gentem
2911 4747 3175 4806 nostram,
3194 4747 3243 4796 et
3261 4757 3608 4811 synagogam

327 4828 625 4882 elementa.
642 4825 1294 4900 Subtiliusintelligenda
1307 4832 1680 4898 sententia,Si
1690 4835 1924 4886 circum-
2005 4835 2114 4900 ipse
2143 4834 2432 4900 «ediﬁcacit
2455 4833 2609 4885 nobis
2625 4833 2772 4896 (Luc.
2806 4835 2923 4900 vn).
2955 4831 3338 4886 Nemotamen
3356 4831 3607 4891 circum-

324 4916 874 4984 cidaminiﬂhristus
893 4917 1039 4970 vobis
1052 4919 1198 4972 nihil
1209 4919 1602 4991 prodest:quod
1614 4936 1725 4974 non
1739 4921 1920 4975 solum
2005 4921 2154 4974 cisus
2183 4937 2295 4974 non
2324 4925 2502 4974 totam
2531 4921 2714 4990 legem
2744 4926 2930 4975 servat
2963 4938 2974 4972 :
3007 4919 3227 4974 debitor
3275 4925 3360 4974 est
3396 4921 3554 4975 enim
3590 4963 3604 4986 ,

327 5005 473 5062 ineo
493 5005 541 5060 si
570 5003 1045 5061 circumciduntur
1072 5022 1185 5060 non
1211 5007 1294 5060 eis
1323 5008 1503 5079 prosit
1520 5008 1642 5080 ipsa
1679 5009 1919 5063 circum-
2004 5009 2137 5081 quia
2191 5011 2278 5063 lex
2320 5008 2662 5064 circumcisis
2703 5009 2836 5062 data
2901 5014 3004 5063 est.
3060 5009 3179 5087 Hpc
3238 5010 3364 5063 ideo
3410 5010 3557 5064 dixit
3587 5052 3602 5070 .

325 5095 463 5150 cisio
488 5114 501 5164 ;
533 5095 633 5150 sed
660 5091 885 5150 etiamsi
915 5099 1144 5162 caeteras
1162 5095 1460 5150 videantur
1491 5103 1648 5152 extra
1677 5099 1918 5152 circum-

324 5182 595 5239 cisionem
621 5184 682 5239 in
711 5182 935 5238 Christo
964 5181 1172 5238 habere
1199 5184 1456 5252 virtutes,
1497 5186 1770 5242 universae
1797 5205 1919 5258 per-

216 5340 228 5346 _
325 5276 477 5338 eant,
494 5287 624 5326 cum
643 5278 772 5345 post
782 5272 952 5327 ﬁdem
964 5271 1172 5328 Christi
1193 5273 1405 5328 fuerint
1415 5274 1746 5331 circumcisi.
1772 5275 1918 5340 Quid

323 5361 542 5434 igitur?
571 5361 934 5432 nihilprofuit
947 5361 1242 5417 Timotheo
1261 5363 1651 5419 circumcisio?
1673 5366 1916 5420 Multum

318 5466 420 5521 per
437 5466 660 5506 omnem
672 5451 918 5505 modum.
941 5451 1070 5507 Non
1097 5451 1250 5506 enim
1279 5457 1396 5507 tam
1414 5452 1540 5508 ideo
1556 5453 1916 5509 circumcisus

321 5545 426 5610 est,
469 5544 532 5596 ut
561 5556 628 5596 ex
673 5538 796 5612 ipsa
835 5538 1255 5599 circumcisione
1293 5540 1504 5616 aliquid
1551 5543 1914 5599 emolumenti

2003 5099 2136 5170 quia
2179 5103 2297 5152 tam
2338 5097 2566 5152 hebetes
2597 5116 2656 5153 se
2692 5097 3082 5164 ostendebant,
3127 5103 3193 5152 ut
3221 5098 3378 5168 digni
3408 5107 3608 5154 essent

2001 5187 2192 5242 omnia
2209 5205 2382 5241 onera
2410 5187 2550 5258 legis
2578 5193 2821 5258 portare.
2846 5189 3042 5256 (Hier.)
3065 5187 3215 5242 Deus
3244 5187 3340 5258 qui
3360 5187 3608 5242 circum-

2000 5277 2268 5331 cisiouem
2296 5277 2478 5348 primo
2502 5277 2572 5330 ad
2600 5275 2904 5340 Abraham,
2929 5275 3132 5330 deinde
3159 5293 3260 5346 per
3287 5277 3605 5348 Moysenin

2000 5366 2122 5437 lege
2155 5365 2450 5438 praecepit,
2493 5382 2606 5420 non
2648 5366 2830 5420 solum
2861 5365 3361 5431 circumcisionem,
3394 5366 3495 5420 sed
3540 5375 3604 5422 et

1999 5455 2111 5510 alia
2132 5437 2311 5510 multa
2329 5454 2674 5510 observanda
2691 5455 2984 5509 constituit
3007 5473 3018 5508 :
3049 5454 3170 5510 dies
3191 5453 3364 5509 festos
3385 5453 3598 5510 Hiero-

1997 5543 2228 5615 solymis
2247 5543 2700 5614 frequentandos,
2724 5542 3038 5600 hostiarum
3067 5542 3395 5599 holocausta
3421 5559 3596 5600 mane
