3880 6146
308 271 396 327 337

754 273 1331 331 ENARRATIONUM
1359 277 1436 332 IN
1467 278 1618 332 EPP.
1652 280 1868 338 PAULI
1897 283 2032 344 LIB,
2068 287 2183 342 XV.
2219 320 2283 330 —
2329 291 2407 345 IN
2447 288 2668 346 EPIST.
2699 287 2796 344 AD
2825 288 3082 348 GALAT.

3454 287 3558 348 338

305 413 507 488 semper
524 403 576 450 et
593 413 847 488 vespere,
863 398 1308 454 immolationem
1323 401 1378 455 in
1391 419 1503 456 uno
1519 410 1742 459 tantum
1761 407 1880 462 loco
1892 411 1942 469 Α
1959 410 2118 478 lium,
2144 416 2291 484 quod
2319 419 2598 480 tenuerat,
2623 414 2850 478 amittit,
2867 415 3001 486 quia
3019 415 3078 470 in
3095 415 3286 488 aliqua
3303 416 3558 472 observa-

302 487 436 557 agni,
466 491 624 539 terra;
649 487 894 556 septima
933 493 1095 541 aetate
1127 489 1312 552 ferias,
1347 491 1876 562 quinquagesimum

303 574 625 630 remissionis
655 591 893 642 annum,
910 584 966 630 et
987 584 1184 632 caetera
1207 595 1327 648 quae
1348 580 1506 634 facile
1536 590 1622 636 est
1645 583 1715 637 de
1735 585 1877 638 Scri-

298 665 461 736 pturis
481 681 775 736 excerpere
801 665 908 718 sibi
921 681 1380 740 unumquemque
1396 669 1679 725 lectorem.
1710 673 1876 728 Cear-

296 752 554 808 ctabimus
571 754 766 824 itaque
790 753 1058 809 Ebionem
1071 761 1127 809 et
1147 763 1450 811 sectatores
1472 760 1520 828 ej
1530 776 1612 826 us,
1637 761 1731 831 qui
1752 769 1879 832 post

290 939 494 1003 putant,
515 937 615 985 aut
625 937 692 984 ut
708 933 1190 987 circumcisionem
1213 934 1437 1002 faciant,
1459 943 1516 990 et
1531 943 1730 993 caetera
1753 957 1876 1011 quae

287 1021 677 1092 prmeipiuntur
705 1021 765 1076 in
795 1022 916 1092 lege
941 1041 952 1089 ;
983 1028 1082 1076 aut
1109 1023 1155 1076 si
1179 1024 1521 1095 impossibile
1552 1033 1634 1080 est
1675 1036 1876 1084 cuncta

287 1111 413 1170 ﬁeri,
447 1117 629 1164 cesset
656 1118 713 1164 et
740 1111 1110 1174 circumcisio,
1139 1130 1261 1183 quae
1288 1131 1416 1168 cum
1463 1117 1680 1170 caeteris
1712 1119 1871 1188 quasi

285 1201 486 1254 inutilis
505 1201 888 1271 praetermissa
899 1209 1002 1254 est.
1031 1201 1190 1265 Quod
1212 1203 1256 1256 si
1275 1205 1668 1274 responderint
1697 1209 1870 1277 possi-

282 1290 402 1343 bilia
420 1295 646 1343 tantum
667 1289 871 1344 debere
901 1307 959 1343 se
990 1290 1172 1344 facere
1197 1294 1328 1358 (non
1354 1293 1503 1346 enim
1534 1295 1714 1348 Deum
1749 1314 1816 1350 ea
1835 1314 1870 1350 a

279 1379 426 1432 nobis
455 1379 839 1456 exigerequze
861 1396 972 1434 non
1001 1380 1299 1451 possimus,
1325 1383 1418 1434 sed
1444 1400 1566 1453 quae
1588 1385 1868 1454 possimus

277 1468 551 1538 implere);
589 1469 842 1522 dicemus
861 1469 960 1532 eis,
985 1485 1097 1522 non
1113 1469 1366 1539 ejusdem
1395 1489 1516 1525 esse
1537 1473 1638 1526 Dei
1680 1480 1868 1528 custo-

274 1556 384 1609 dire
409 1557 551 1609 velle
583 1557 786 1625 legem,
812 1565 869 1611 et
881 1574 993 1622 eos,
1020 1558 1116 1628 qui
1139 1558 1320 1628 legem
1343 1562 1679 1629 custodiant,
1705 1563 1867 1617 dere-

273 1644 534 1716 linquere.
575 1647 690 1699 Aut
709 1647 989 1717 quomodo
1019 1653 1248 1718 propter
1275 1647 1657 1704 intermissam
1685 1652 1867 1722 legem

273 1750 385 1788 reos
421 1751 516 1787 eos
561 1734 748 1800 faciet,
802 1736 898 1806 qui
928 1735 1148 1790 etiamsi
1182 1736 1368 1803 velint,
1411 1739 1671 1794 universa
1719 1729 1930 1796 com-B

268 1823 409 1894 plere
439 1839 556 1877 non
590 1824 809 1894 possint
824 1825 848 1876 1’
870 1825 991 1880 Nos
1011 1842 1142 1879 vero
1158 1827 1341 1895 legem
1353 1827 1510 1899 sequi
1532 1829 1862 1899 spiritalem,

266 1929 378 1984 quae
406 1912 566 1966 dicat
599 1932 610 1965 :
649 1914 772 1967 Non
805 1916 1114 1981 infrenabis
1135 1933 1188 1968 os
1209 1917 1334 1972 bovi
1354 1919 1656 1972 trituranti
1685 1921 1861 1987 (Deut.

266 2001 442 2073 xxxv);
458 2009 518 2056 et.
538 2019 676 2056 cum
701 2003 968 2074 Apostolo
980 2004 1293 2074 intelligere
1310 2024 1320 2058 :
1338 2007 1611 2076 Nunquid
1628 2009 1691 2062 de
1704 2010 1865 2063 bobus

1960 501 2110 554 tione
2139 503 2277 573 legis
2309 522 2369 557 se
2392 503 2688 575 justiﬁcari
2719 508 2883 572 putat
2907 521 2918 570 ;
2943 510 3001 557 et
3014 521 3141 559 cum
3153 505 3398 576 gratiam
3417 506 3556 561 ami-

1958 589 2114 656 serit,
2164 608 2198 644 a
2243 593 2450 646 Christi
2480 593 2588 647 fide
2620 591 2965 659 destituitur,
3011 599 3071 648 et
3117 594 3174 648 in
3219 595 3344 664 ejus
3387 610 3556 668 opere

1960 679 2328 749 conquiescit:
2353 681 2726 760 κατηργήθητε
2746 680 2899 734 enim
2915 680 3021 740 ὰπὸ
3046 686 3137 742 τοῦ
3165 683 3423 762 Χριστοῦ,
3441 699 3554 738 non

1961 771 2026 819 ut
2048 766 2104 820 in
2121 767 2320 822 Latino
2333 771 2478 823 male
2491 770 2924 840 interpretatum
2939 776 3042 836 est,
3076 775 3328 825 evacuati
3363 775 3491 827 estis
3517 789 3553 826 a

1956 949 2140 1009 tur,ut
2149 945 2204 998 id
2218 947 2366 1016 quod
2383 964 2553 1018 supra
2563 949 2894 1019 spiritaliter
2904 949 2972 1004 de
2983 949 3404 1005 circumcisione
3415 965 3553 1022 pre-

1957 1039 2199 1103 ceperat,
2207 1034 2415 1102 dicens,
2432 1037 2495 1091 Si
2507 1039 3010 1104 circumcidamini,
3026 1039 3272 1094 Christus
3301 1040 3450 1094 vobis
3465 1043 3553 1093 ni-

1954 1121 2035 1174 hil
2061 1125 2294 1190 prodest,
2316 1140 2463 1178 nunc
2475 1125 2544 1178 de
2559 1132 2680 1180 tota
2693 1127 2816 1196 lege
2835 1127 3176 1197 generaliter
3189 1127 3551 1200 comprehen-

1951 1209 2212 1276 dat,nihil
2233 1229 2328 1265 eos
2345 1213 2402 1267 in
2415 1214 2622 1268 Christi
2633 1232 2801 1286 opere
2823 1217 3212 1288 proﬁcere,qui
3227 1217 3287 1271 in
3307 1233 3552 1288 quacun-
3639 1276 3656 1290 _

1953 1315 2060 1369 que
2090 1299 2475 1356 observatione
2505 1303 2645 1372 legis
2675 1321 2733 1357 se
2766 1305 3110 1359 crediderint
3131 1305 3544 1376 justiﬂcandos.

2021 1389 2128 1443 Nos
2143 1393 2292 1443 enim
2311 1393 2515 1458 spiritu
2530 1409 2594 1444 ex
2612 1393 2730 1459 ﬁde,
2739 1409 2885 1462 spem
2894 1397 3129 1463 iustitiae
3157 1401 3544 1465 exspectamus,

1952 1493 2086 1531 nam
2106 1480 2169 1531 in
2185 1478 2397 1533 Christo
2416 1483 2543 1534 Jesu
2569 1497 2738 1550 neque
2754 1484 3100 1537 circumcisio
3134 1485 3356 1554 aliquid
3383 1487 3546 1550 valet,

1951 1581 2122 1634 neque
2143 1570 2502 1636 praeputium,
2533 1571 2625 1622 sed
2653 1571 2799 1637 ﬁdes,
2836 1586 2954 1638 qua
2966 1587 3066 1639 per
3084 1572 3410 1626 charitatem
3431 1588 3550 1642 ope-

1951 1661 2137 1708 ratur.
2157 1656 2367 1728 (Amb.)
2399 1658 2674 1728 Apertum
2702 1663 2807 1724 est,
2843 1659 2992 1729 quod
3019 1659 3192 1728 dicit;
3229 1660 3365 1732 quia
3419 1677 3548 1732 spes

1945 1744 2366 1814 justiﬁcationis
2386 1745 2445 1800 in
2465 1747 2574 1800 ﬁde
2596 1753 2681 1800 est
2701 1764 2803 1818 per
2817 1747 3111 1818 Spiritum,
3135 1764 3249 1803 non
3267 1765 3550 1821 perapera

1947 1832 2107 1902 legis,
2131 1833 2188 1886 in
2213 1834 2320 1888 ﬁde
2343 1835 2492 1888 enim
2515 1834 2847 1906 spiritaliter
2865 1836 2982 1890 Deo
3002 1836 3546 1893 serviturdevotione

1947 1922 2154 1975 mentis
2202 1928 2259 1976 et
2309 1924 2556 1994 puritate
2585 1924 2785 1978 cordis.
2822 1924 2981 1980 Unde
3003 1925 3141 1980 dicit
3172 1925 3447 1981 Dominus
3476 1927 3546 1981 ad

1949 2010 2361 2066 Samaritanam
2386 2030 2397 2065 :
2424 2015 2565 2067 Deus
2593 2017 2827 2082 spiritus
2861 2020 2956 2081 est,
2987 2019 3038 2068 et
3073 2015 3368 2069 adorantes
3395 2032 3544 2083 eum,

262 2107 388 2144 cura
418 2098 494 2145 est
523 2093 638 2146 Deo
663 2097 687 2144 ?
719 2094 770 2159 (Ι
798 2092 918 2148 Cor.
971 2097 1069 2162 1x.)
1105 2094 1213 2147 Sed
1261 2101 1492 2166 propter
1520 2113 1621 2150 nos
1670 2097 1864 2168 utique
1947 2103 2010 2154 in
2035 2100 2253 2170 Spiritu
2284 2107 2332 2156 et
2358 2105 2586 2156 veritate
2624 2105 2858 2157 adorare
2895 2108 3098 2172 oportet
3137 2105 3318 2170 (Joan.
3348 2104 3447 2176 IV),
3481 2121 3547 2158 ac

261 2180 400 2234 dicit.
436 2187 494 2234 et
522 2180 830 2234 observare
849 2181 1082 2236 sabbata
1109 2183 1366 2249 delicata,
1401 2203 1514 2240 non
1568 2193 1632 2240 ut
1669 2187 1768 2241 bos
1807 2195 1863 2242 et
1945 2205 2046 2260 per
2077 2189 2180 2242 hoc
2207 2207 2388 2261 neque
2433 2191 2773 2262 praeputium
2813 2191 2962 2245 valet
3003 2191 3330 2262 quidquam,
3361 2206 3546 2263 neque

259 2271 439 2324 asinus
459 2277 667 2324 noster
685 2277 743 2324 et
760 2271 894 2324 vilia
911 2289 1113 2342 pecora
1133 2273 1395 2328 laetentur
1418 2275 1477 2328 in
1495 2275 1860 2342 sabbato,sed
1943 2278 2309 2342 circumcisio,
2354 2279 2451 2333 sed
2488 2280 2608 2333 sola
2653 2279 2762 2332 fide
2793 2296 2932 2350 opus
2962 2286 3050 2334 est
3075 2279 3136 2333 in
3169 2279 3445 2334 charitate
3471 2280 3544 2334 ad

259 2359 330 2411 illi
374 2359 643 2414 homines
685 2367 743 2414 et
789 2377 1009 2430 pecora,
1067 2361 1136 2415 de
1183 2363 1385 2434 quibus
1412 2365 1684 2436 scriptum
1731 2371 1853 2420 est:

255 2450 506 2502 Homines
575 2455 624 2502 et
672 2454 933 2518 jumenta
986 2455 1164 2506 salvos
1212 2456 1398 2520 facies,
1429 2456 1658 2508 Domine
1690 2458 1854 2520 (Psal.

255 2541 422 2603 xxxv),
455 2539 730 2592 homines
768 2539 1129 2594 rationabiles
1174 2558 1424 2612 quosque
1466 2548 1523 2596 et
1578 2543 1859 2614 spiritales

253 2626 386 2680 viros
410 2645 423 2683 :
455 2627 741 2682 animalia
767 2645 897 2682 vero
927 2646 1020 2683 eos
1042 2631 1138 2701 qui
1167 2631 1429 2685 tardioris
1455 2632 1668 2701 ingenii
1704 2639 1853 2698 sunt,

254 2723 303 2768 et
327 2715 686 2786 spiritalibus
715 2718 786 2770 ad
807 2719 1027 2788 agenda
1053 2719 1278 2773 Domini
1326 2719 1558 2774 sabbata
1586 2721 1856 2775 erudiun-

252 2812 351 2858 tur.
403 2806 522 2859 Nec
558 2807 911 2860 contrarium
959 2825 1080 2862 esse
1129 2809 1184 2862 id
1233 2810 1379 2879 quod
1427 2827 1599 2880 supra
1645 2809 1857 2864 dictum

251 2900 326 2946 est
348 2913 359 2944 :
385 2895 449 2949 Si
462 2898 987 2963 circumcidamini,
1007 2897 1256 2951 Christus
1267 2899 1414 2952 vobis
1433 2900 1577 2953 nihil
1587 2901 1851 2968 proderit.

253 2982 312 3037 Et
321 2983 468 3054 quod
491 2984 791 3055 sequitur:
813 2986 1082 3054 Testi/icor
1093 3003 1250 3040 omne
1259 3004 1312 3040 m
1325 2988 1605 3042 hominem
1620 2991 1856 3042 circum-

1936 2367 2416 2435 justiﬁcationem.
2442 2368 2606 2421 Fides
2633 2367 2786 2421 enim
2814 2367 3088 2422 charitate
3108 2367 3361 2422 fraterna
3377 2365 3546 2423 debet

1943 2455 2170 2521 muniri,
2205 2462 2268 2510 ut
2311 2456 2576 2527 perfectio
2626 2456 2702 2510 sit
2745 2457 3042 2511 credentis.
3077 2457 3332 2528 Denique
3358 2456 3542 2512 salva-

1941 2549 2049 2610 tor,
2099 2545 2248 2614 quod
2293 2544 2540 2616 primum
2591 2545 2921 2600 mandatum
2967 2551 3136 2612 esset,
3166 2545 3542 2618 interroganti

1941 2632 2133 2686 scribae
2174 2634 2480 2704 respondit,
2515 2634 2706 2688 dicens
2740 2653 2751 2688 :
2787 2637 2990 2703 Diliges
3031 2635 3336 2690 Dominum
3365 2637 3540 2691 Deum

1943 2728 2103 2776 tuum
2129 2739 2193 2777 em
2215 2728 2320 2777 toto
2359 2725 2514 2777 corde
2562 2730 2672 2788 tuo,
2697 2741 2762 2777 ea:
2783 2725 3101 2778 totaani-ma
3132 2729 3246 2790 tua,
3279 2730 3330 2778 et
3353 2727 3543 2794 prosi-

1939 2828 2095 2865 mum
2111 2817 2270 2865 tuum
2295 2817 2558 2881 tanquam
2576 2816 2828 2882 teipsu-m.
2863 2813 2930 2866 In
2958 2813 3064 2878 his,
3095 2812 3300 2884 inquit,
3329 2814 3540 2868 duobus

1939 2902 2220 2954 mandatis
2243 2906 2353 2954 tota
2385 2905 2470 2955 lea:
2503 2903 2699 2970 pendet
2736 2907 2784 2956 et
2797 2902 3074 2970 propheta
3103 2903 3253 2969 (Luc.
3290 2905 3372 2968 x).
3423 2901 3539 2957 Im-

1937 2989 2182 3060 perfecta
2210 2994 2343 3043 sunt
2367 2989 2560 3062 itaque
2587 2996 2806 3057 cratera,
2841 2990 3066 3062 quando
3097 2989 3158 3044 in
3200 2990 3290 3045 his
3320 2989 3538 3046 duobus

250 3075 507 3126 cidentem
528 3091 612 3138 se,
643 3078 912 3142 quoniam
951 3077 1159 3129 debitor
1198 3082 1273 3129 est
1303 3079 1570 3130 universa:
1601 3081 1731 3145 legis
1769 3080 1918 3149 fa—C
1941 3079 2222 3132 mandatis
2256 3077 2523 3149 perfectio
2565 3080 2903 3134 continetur.
2957 3080 3158 3152 (Hier.)
3198 3078 3300 3134 His
3352 3078 3450 3150 qui
3477 3079 3537 3134 in

248 3164 456 3216 dende.
493 3163 671 3229 Huic,
720 3164 869 3234 quod
913 3163 1151 3218 infertur
1197 3182 1230 3218 a
1258 3165 1437 3220 nobis.
1470 3167 1650 3235 Neque
1704 3171 1856 3221 enim

247 3253 522 3306 auditores
553 3255 690 3320 legis
711 3257 860 3322 justi
883 3260 1016 3307 sunt
1061 3256 1214 3323 apud
1253 3257 1460 3318 Deum;
1503 3257 1592 3308 sed
1621 3258 1854 3324 factores

246 3344 368 3408 legis
400 3343 888 3411 justiﬁeabunlur
927 3342 1098 3410 (Rom.
1148 3347 1225 3412 ιι),
1275 3343 1408 3414 quia
1452 3343 1629 3398 factor
1659 3345 1753 3398 ille
1780 3345 1854 3399 sit

247 3430 392 3499 legis,
425 3431 525 3501 qui
570 3437 756 3501 potest
769 3431 955 3485 dicere
978 3451 988 3484 :
1013 3433 1118 3486 Nos
1145 3449 1339 3486 smnus
1360 3437 1742 3498 circmncisio;
1767 3440 1848 3487 et:

247 3520 306 3571 In
333 3524 554 3573 occulto
586 3521 840 3583 Judzus;
860 3526 940 3574 et:
958 3521 1176 3576 Scimus
1193 3525 1324 3590 quia
1347 3526 1430 3575 les:
1457 3525 1730 3590 spiritalis
1756 3529 1850 3577 est.

243 3609 340 3671 Qui
369 3617 581 3663 autem
611 3609 987 3664 concisionem
1025 3617 1083 3664 et
1118 3610 1553 3665 interfectricem
1585 3618 1855 3682 sequatur

243 3698 505 3762 litteram,
523 3683 943 3770 eumnon-legis
957 3716 1078 3753 esse
1108 3699 1396 3766 factorem,
1419 3701 1514 3754 sed
1543 3718 1686 3754 verae
1713 3701 1854 3771 legis

243 3787 534 3843 inimicum
593 3788 838 3842 maxime
878 3795 1004 3858 post
1047 3789 1348 3843 Salvatoris
1383 3790 1704 3855 adventum,
1760 3790 1855 3860 qui

243 3877 306 3929 ad
350 3895 410 3931 se
452 3877 925 3932 convertentibus
959 3879 1123 3932 tollat
1165 3879 1235 3932 de
1289 3879 1453 3932 corde
1485 3879 1758 3944 velamen,
1790 3884 1856 3933 ut

240 3983 424 4021 omnes
443 3967 707 4022 revelata
725 3967 863 4020 facie
882 3967 1122 4036 gloriam
1158 3967 1382 4021 Domini
1407 3968 1853 4038 contemplantes

243 4058 726 4126 transfiguremur
770 4057 839 4108 de
878 4062 1152 4110 vetustate
1203 4057 1402 4110 litterae
1444 4057 1504 4110 in
1548 4057 1853 4110 novitatem

240 4145 469 4215 spiritus
494 4146 718 4212 (IlCor.
744 4148 838 4213 In).
875 4147 1143 4200 Evacuati
1172 4149 1296 4199 estis
1323 4162 1358 4198 a
1397 4147 1628 4210 Christo,
1663 4149 1760 4214 qui
1791 4149 1854 4200 in

243 4236 343 4300 lege
397 4237 838 4303 justiﬁca-mini,
901 4251 933 4286 a
1018 4238 1205 4302 gratia
1271 4235 1564 4288 ercidistis.
1647 4234 1859 4304 (Amb.)

241 4321 452 4385 Quibus
481 4323 634 4377 nihil
669 4322 896 4392 prodest
927 4323 1202 4388 Christus,
1229 4323 1479 4377 evacuati
1496 4329 1629 4377 sunt
1649 4323 1854 4376 aChri-

1939 3167 2162 3221 Christo
2181 3169 2209 3221 J
2215 3185 2312 3222 esu
2332 3168 2526 3222 volunt
2545 3168 2745 3234 vivere,
2767 3168 3003 3222 virtutes
3041 3167 3370 3240 appetenda;
3381 3173 3534 3235 sunt,

1937 3257 2072 3310 vitia
2098 3256 2393 3326 fugienda;
2427 3257 2614 3310 media
2643 3273 2792 3323 vero,
2845 3274 2968 3328 quae
3002 3257 3154 3312 inter
3196 3258 3434 3313 virtutes
3481 3264 3539 3312 et

1937 3346 2073 3399 vitia
2099 3352 2249 3411 sunt,
2271 3362 2373 3398 nec
2388 3345 2653 3414 fugienda
2668 3351 2819 3411 sunt,
2842 3363 2945 3401 nec
2980 3345 3316 3418 appetenda,
3347 3351 3414 3400 ut
3429 3346 3554 3421 cir—_

1936 3435 2200 3488 cumcisio
2229 3438 2285 3488 et
2311 3434 2741 3506 praeputium,et
2756 3441 2960 3490 caetera
2993 3435 3083 3489 his
3101 3434 3326 3490 similia.
3357 3434 3539 3505 Igitur

1936 3525 1995 3578 in
2018 3524 2240 3578 Christo
2251 3524 2280 3576 J
2286 3540 2385 3577 esu
2398 3540 2500 3577 nec
2510 3524 2860 3577 circumcisio
2875 3524 3041 3590 valet,
3066 3539 3169 3578 nec
3196 3523 3532 3594 praputium

1936 3613 2222 3684 corporale
2249 3631 2260 3678 ;
2295 3612 2427 3682 quia
2455 3612 2513 3664 in
2533 3612 2737 3677 medio,
2771 3611 2828 3664 id
2858 3617 2963 3676 est,
3009 3611 3158 3666 inter
3202 3611 3339 3666 vitia
3363 3610 3536 3666 virtu-

1937 3708 2134 3772 tesque
2163 3707 2296 3754 sunt
2323 3701 2542 3771 posita;
2569 3699 2667 3753 sed
2697 3699 2854 3765 ﬁdes,
2887 3715 3010 3770 quae
3055 3716 3156 3770 per
3199 3698 3532 3754 charitatem

1940 3795 2224 3861 operatur,
2274 3795 2340 3842 ut
2392 3795 2449 3842 et
2485 3788 2624 3842 fides
2677 3805 2800 3858 quae
2841 3792 3105 3859 reputate
3163 3791 3251 3842 est
3293 3786 3535 3844 Abrahae

1939 3880 1997 3933 in
2011 3878 2312 3949 justitiam,
2357 3875 2771 3949 comprobetur,
2813 3883 2870 3931 et
2915 3893 3081 3931 omne
3120 3892 3262 3948 opus
3299 3875 3432 3931 ﬁdei
3473 3877 3533 3931 in

1935 3967 2208 4022 charitate
2227 3973 2488 4037 ponatur,
2507 3967 2762 4036 totalege
2793 3971 2850 4020 et
2872 3965 3160 4038 prophetis
3171 3981 3238 4020 ex
3255 3964 3532 4020 charitate

1935 4055 2324 4130 pendentibus.
2359 4057 2422 4110 In
2452 4056 2541 4109 his
2587 4055 2867 4126 siquidem
2911 4055 3129 4110 duobus
3180 4055 3474 4128 praeceptis
3515 4074 3527 4108 :

1936 4149 2139 4214 Diliges
2167 4141 2467 4199 Dominum
2499 4147 2676 4200 Deum
2707 4149 2949 4210 tuum,et
2977 4147 3170 4213 diliges
3183 4147 3527 4214 proximum,

1939 4237 2195 4290 Salvator
2223 4234 2467 4288 asseruit
2483 4235 2667 4304 legem
2688 4234 3099 4306 prophetasque
3117 4233 3441 4305 consistere.
3463 4233 3532 4287 Et

1935 4325 2144 4380 Paulus
2171 4324 2230 4378 in
2259 4323 2370 4378 alio
2401 4325 2520 4377 loco
2553 4343 2563 4376 :
2595 4325 2816 4378 Etenim
2867 4339 2978 4376 non
3024 4324 3386 4386 adulterabis,
3418 4337 3530 4375 non

245 4419 342 4473 sto,
374 4419 552 4466 erant
591 4411 749 4465 enim
781 4412 970 4481 gratia
1017 4413 1137 4481 ejus
1183 4413 1353 4483 pleni,
1387 4429 1498 4483 qua
1535 4413 1849 4476 recedente,
1870 4416 2235 4492 D/‘uraberis,
2258 4429 2370 4467 non
2400 4415 2754 4482 concupisces,
2787 4416 2838 4464 et
2861 4413 2912 4463 si
2937 4411 3081 4478 quod
3109 4415 3184 4462 est
3201 4411 3531 4464 aliud-man-

244 4502 492 4554 evacuati
510 4507 672 4554 sunt.
697 4501 800 4554 His
827 4500 978 4554 enim
997 4501 1264 4571 loquitur,
1296 4501 1390 4571 qui
1413 4507 1538 4572 post
1565 4507 1855 4572 acceptum
1937 4505 2132 4556 datum
2163 4506 2225 4556 in
2253 4502 2349 4555 hoc
2363 4518 2608 4555 sermone
2640 4501 3043 4567 recapitulatur
3062 4512 3084 4553 :
3116 4499 3320 4564 Diliges
3335 4500 3529 4565 promi-

245 4589 451 4644 donum
488 4590 699 4660 gratiae
726 4590 828 4643 Dei
857 4589 1178 4643 circumcidi
1210 4607 1271 4643 se
1311 4591 1651 4645 maluerunt.
1687 4608 1712 4638 «
1746 4590 1854 4654 Qui
1939 4609 2091 4645 mum
2123 4598 2284 4644 tuum
2312 4594 2452 4644 sicut
2473 4595 2519 4643 te
2545 4590 2718 4652 (Rom.
2741 4590 2870 4656 xm).
2904 4585 2964 4639 Si
2986 4600 3120 4655 ergo
3149 4600 3316 4638 omne
3367 4601 3530 4638 man-

245 4677 296 4731 in
321 4679 449 4748 lege
502 4679 857 4749 gloriamini,
893 4695 928 4732 a
982 4679 1170 4748 gratia
1205 4679 1505 4732 excidistis.
1543 4701 1568 4730 »
1591 4679 1604 4696 ’
1627 4679 1856 4733 Justitia
1935 4681 2132 4734 datum
2161 4679 2564 4750 recapitulatur
2589 4677 2648 4730 in
2668 4693 2733 4730 eo
2763 4674 2912 4746 quod
2940 4673 3154 4728 dictum
3183 4678 3302 4728 est:
3328 4675 3529 4744 Diliges

246 4767 375 4835 legis
453 4773 570 4833 est,
639 4767 688 4820 si
756 4773 1070 4833 serventur,
1123 4784 1245 4838 quae
1316 4768 1449 4822 data
1487 4774 1620 4822 sunt
1661 4787 1670 4821 :
1707 4769 1856 4822 ideo-
1931 4773 2252 4838 proximum
2275 4772 2718 4835 tuumtanquam
2738 4771 2804 4832 te,
2821 4764 3276 4834 fidesautemper
3294 4763 3531 4817 charita-

247 4871 345 4924 que
364 4857 545 4926 quiin
575 4857 666 4908 his
701 4856 1002 4926 justiﬁcari
1032 4873 1092 4908 se
1125 4857 1243 4910 vult
1271 4863 1395 4927 post
1423 4858 1611 4923 ﬁdem,
1645 4857 1857 4910 amittit

245 4945 488 5012 gratiam
515 4965 533 4998 :
568 4944 705 5015 quia
751 4944 823 4997 ad
862 4945 966 4997 hoc
982 4945 1136 4998 venit
1150 4945 1361 5000 donum
1376 4947 1496 5013 Dei,
1511 4954 1575 5002 ut
1588 4946 1854 5001 cessanti-

251 5031 343 5085 bus
359 5033 643 5087 oneribus
657 5033 818 5102 legis,
831 5034 1170 5102 justiﬁcaret
1178 5036 1467 5089 credentes
1481 5037 1628 5107 apud
1651 5037 1848 5090 Deum.

252 5124 444 5190 lHier.)
481 5122 784 5186 Quomodo
813 5139 978 5176 nemo
1011 5129 1195 5194 potest
1225 5124 1441 5178 duobus
1471 5125 1712 5178 dominis
1735 5143 1854 5177 ser-

255 5210 378 5262 vire.
408 5213 496 5264 sic
529 5210 795 5265 umbram
826 5212 1041 5282 pariter
1070 5219 1127 5266 et
1158 5213 1449 5267 veritatem
1466 5213 1606 5282 legis
1624 5213 1858 5284 implere

255 5299 476 5352 difﬁcile
511 5308 618 5353 est.
653 5300 867 5354 Umbra
897 5301 955 5354 in
987 5303 1108 5371 lege
1137 5303 1309 5354 veteri
1340 5309 1442 5366 est,
1463 5302 1862 5372 donecaspiret

259 5387 386 5450 dies,
419 5395 484 5442 et
513 5395 888 5444 amoveantur
913 5390 1147 5444 umbrae.
1178 5391 1398 5444 Veritas
1446 5391 1503 5444 in
1564 5392 1862 5462 Evangelio

261 5477 464 5532 Christi
485 5496 502 5529 :
541 5480 732 5533 Gratia
761 5483 913 5533 enim
941 5485 989 5532 et
1023 5483 1222 5533 veritas
1247 5497 1345 5549 per
1371 5482 1556 5533 Jesum
1578 5481 1860 5534 Christum

265 5566 408 5628 facta?
434 5573 592 5621 sunt.
618 5569 811 5622 Perdit
829 5585 964 5636 ergo
991 5569 1232 5637 gratiam
1264 5568 1488 5622 Christi.
1533 5573 1590 5620 et
1622 5569 1863 5634 Evange-

1936 4865 2053 4911 tem
2074 4864 2303 4928 operata
2333 4856 2480 4909 valet
2508 4854 2834 4926 plurimum,
2885 4852 3246 4908 manifestum
3275 4858 3362 4906 est
3397 4868 3530 4923 ope-

1937 4947 2214 5001 rationem
2234 4945 2363 4998 ﬁdei
2383 4959 2484 5015 per
2502 4942 2854 5009 charitatem,
2872 4941 3280 5014 plenitudinem
3303 4941 3535 4994 manda-

1937 5043 2124 5090 torum
2167 5035 2418 5088 omnium
2461 5031 2768 5086 continere.
2815 5030 3108 5096 Quomodo
3155 5034 3346 5083 autem
3373 5030 3539 5098 juxta

1937 5125 2252 5196 apostolum
2271 5123 2540 5177 Jacobum
2573 5142 2588 5176 :
2620 5123 2773 5176 Fides
2801 5123 2999 5190 absque
3028 5119 3279 5188 ope-ribus
3309 5123 3534 5171 mortua

1940 5221 2013 5268 est
2048 5213 2184 5284 (Jac.
2211 5215 2292 5279 n);
2328 5213 2406 5266 sic
2417 5212 2626 5283 absque
2649 5211 2776 5277 ﬁde,
2793 5207 3203 5281 quamvisbona
3217 5205 3529 5278 operasint,

1943 5309 2168 5356 mortua
2196 5308 2612 5373 computantur.
2643 5300 2747 5365 Qui
2777 5299 2952 5369 igitur
2973 5297 3032 5350 in
3052 5295 3276 5351 Christo
3290 5313 3405 5351 non
3418 5311 3534 5350 cre-

1945 5393 2104 5458 dunt,
2138 5397 2196 5445 et
2221 5396 2353 5445 sunt
2370 5390 2559 5461 probis
2588 5388 2855 5453 moribus,
2888 5386 3041 5440 aliud
3070 5385 3206 5456 quid
3222 5385 3404 5456 magis
3432 5385 3535 5439 ha-

1943 5481 2078 5536 bent
2105 5497 2274 5552 quam
2303 5496 2474 5550 opera
2509 5477 2817 5533 virtutum?
2855 5475 3186 5548 Exemplum
3229 5474 3380 5540 ﬁdei,
3414 5491 3536 5545 quae

1945 5587 2046 5647 per
2075 5569 2405 5622 charitatem
2425 5573 2710 5642 cperatur.
2725 5566 2793 5618 de
2825 5564 3121 5632 Evangelia
3150 5563 3247 5616 illa
3273 5561 3535 5615 meretrix
