3966 6168
316 260 418 316 339

910 261 970 314 Β.
1013 259 1284 350 RABANI
1323 260 1553 352 MAURl
1590 261 1924 316 ARCHIEP.
1967 264 2290 319 MOGUNT.
2334 265 2631 336 OPERUM
2667 265 2850 321 PARS
2889 266 2987 338 ΙΙΙ.

3481 271 3584 340 34.0

311 387 544 448 tribuat,
577 403 847 458 quaecum
880 387 936 440 in
967 387 1133 439 domo
1156 385 1420 439 Pharisaei
1441 387 1970 447 accumbentiDo-A
1993 389 2186 442 eadem
2255 391 2452 461 plenus
2507 391 2694 462 gratia
2738 390 3074 464 loquebatur
3115 412 3126 445 :
3167 395 3250 448 Em
3280 401 3440 464 parte
3500 413 3585 450 co-

319 477 476 531 mino
513 477 682 548 pedes
718 476 947 530 lavisset
975 475 1254 545 lacrymis,
1275 477 1528 530 tersisset
1551 477 1817 542 crinibus,
1845 477 1910 530 li-

314 568 493 620 nisset
517 571 822 635 unguento,
859 569 916 617 et
939 564 1219 618 Pharisan
1239 567 1616 621 murmuranti
1638 567 1908 620 Dominus

315 655 637 726 parabolam
661 653 1071 724 quinquaginta
1090 659 1146 706 et
1165 653 1500 724 quingentos
1519 655 1779 710 denarios
1809 657 1907 709 de-

317 743 512 801 bitoris
529 744 913 814 proposuisset
937 745 1082 810 (Luc.
1131 746 1222 812 vn)
1243 744 1482 813 adjecit:
1517 747 1740 812 Propter
1768 748 1911 814 quod

315 835 434 886 dico
466 834 582 896 tibi,
617 834 990 885 dimittuntur
1019 835 1071 885 ei
1079 838 1299 900 peccata
1326 836 1521 897 multa,
1555 837 1687 902 quia
1716 835 1911 888 dilexit

315 923 578 982 multum,
611 908 753 974 etad
771 919 950 990 ipsam
967 920 1261 974 mulierem
1290 936 1588 974 conversus
1613 921 1692 974 ait
1719 941 1728 974 :
1755 924 1910 976 Fides

317 1015 412 1062 tua
443 1015 488 1064 te
517 1013 727 1063 salvam
755 1012 900 1077 fecit,
935 1011 1064 1062 vade
1094 1013 1152 1063 in
1187 1021 1330 1078 pace.

387 1100 702 1154 Currebatis
735 1100 878 1162 bene,
914 1101 1014 1167 qui
1040 1115 1128 1152 ros
1183 1101 1466 1168 impedivit
1521 1105 1746 1154 veritati
1797 1118 1910 1156 non

317 1189 566 1241 obedire?
595 1187 806 1258 (Amb.)
848 1187 1184 1242 Exercitium
1225 1187 1446 1242 illorum
1480 1189 1538 1242 in
1569 1206 1735 1260 opere
1782 1189 1910 1244 ﬁdei

315 1276 524 1330 bonum
552 1260 724 1330 fuisse
750 1281 1011 1340 testatur,
1037 1277 1134 1331 sed
1163 1278 1417 1348 nequitia
1436 1279 1712 1332 malorum
1729 1279 1912 1332 homi-

315 1383 451 1420 num
489 1366 766 1428 detentos,
801 1383 871 1418 ne
901 1383 1126 1420 cursum
1157 1383 1321 1420 suum
1360 1367 1606 1421 efﬁcacia
1663 1385 1914 1439 perseve-

317 1459 478 1510 rante
507 1461 981 1509 consummarent.
1000 1456 1159 1509 Unde
1187 1460 1252 1510 ut
1270 1456 1601 1530 resipiscant
1627 1458 1905 1524 hortatur,

316 1547 385 1598 de
412 1550 612 1598 cmtcro
643 1544 782 1598 nulli
813 1561 1006 1598 eorum
1033 1545 1340 1609 credentes,
1367 1546 1461 1616 qui
1491 1551 1556 1600 ut
1585 1563 1754 1618 Opera
1772 1547 1910 1617 legis

320 1634 592 1687 servanda
636 1619 955 1698 suaderent,
1011 1633 1351 1702 Evangelicee
1387 1635 1610 1712 veritati
1642 1653 1754 1690 non
1817 1654 1911 1691 eos

1990 482 2322 546 gnoscimus,
2365 487 2412 533 et
2459 499 2522 533 ex
2559 485 2721 549 parte
2756 481 3146 549 prophetam-us
3195 483 3244 549 (Ι
3286 482 3406 537 Cor.
3449 493 3584 552 xm).

1993 568 2306 622 Praevidens
2345 569 2520 639 igitur
2557 569 2778 640 spiritu,
2822 569 2954 640 quia
3003 571 3142 624 nihil
3199 572 3350 626 aliud
3399 579 3587 629 essent.

1990 656 2278 717 credituri.
2315 657 2424 711 nisi
2447 652 2598 740 quod
2622 675 2722 728 per
2749 655 3055 729 Epistolam
3073 659 3434 717 docebantur.
3453 671 3581 716 aut:

1992 745 2100 813 Ego
2131 741 2339 814 conﬁdo
2381 749 2444 800 de
2471 749 2616 800 robis
2642 751 2706 801 in
2733 749 2984 813 Domino,
3033 751 3178 823 quod
3233 751 3377 804 nihil
3423 754 3586 805 aliud

1991 838 2232 902 sapietis.
2265 837 2410 889 Nam
2436 841 2494 888 et
2521 835 2734 890 additio
2762 836 3038 891 Dominici
3066 839 3310 892 nominis
3343 839 3585 910 idipsum

1993 924 2273 993 significat
2320 944 2330 977 :
2377 925 2423 978 si
2464 925 2614 980 enim
2653 943 2755 998 per
2789 927 3171 997 conjecturam
3209 929 3312 981 hoc
3351 929 3590 982 aestima-

1993 1012 2106 1078 bat,
2142 1019 2402 1084 potuerat
2431 1015 2616 1070 dicere
2651 1035 2661 1069 :
2697 1017 2804 1083 Ego
2847 1019 3054 1083 con/ldo
3096 1017 3159 1070 de
3205 1019 3351 1070 t‘ObiS
3383 1038 3398 1070 :
3439 1034 3590 1072 nunc

1992 1107 2183 1156 autem
2209 1120 2496 1174 apponens
2524 1108 2588 1158 in
2621 1107 2872 1168 Domino,
2905 1105 3090 1159 divino
3131 1106 3373 1176 quodam
3413 1095 3589 1161 conii-

1995 1192 2132 1246 dens
2153 1192 2374 1264 spiritu,
2401 1193 2548 1263 quod
2578 1193 2830 1247 futurum
2859 1200 3195 1264 cognoverat
3213 1195 3586 1266 prophetavit.

1996 1282 2102 1348 Qui
2128 1287 2309 1335 autem
2347 1279 2638 1336 conturbat
2671 1299 2776 1345 eos,
2826 1286 3066 1352 portabit
3110 1285 3414 1354 judicium,
3470 1291 3594 1354 qui-

1995 1387 2208 1438 cunque
2259 1377 2334 1424 est
2393 1374 2505 1424 ille.
2573 1373 2772 1441 (Amb.)
2814 1369 3104 1436 Quomodo
3143 1373 3240 1444 qui
3308 1379 3588 1428 errantem

1995 1459 2242 1513 converti
2293 1458 2444 1522 facit,
2486 1459 2932 1515 remunerandus
2971 1465 3076 1526 est,
3126 1460 3347 1516 dicente
3387 1462 3594 1516 Jacobo

1993 1549 2246 1618 apostolo
2264 1549 2322 1602 in
2351 1549 2601 1619 Epistola
2621 1566 2724 1603 sua
2755 1570 2764 1602 :
2803 1551 2910 1617 Qui
2939 1554 3181 1604 converti
3231 1553 3420 1618 fecerit
3467 1568 3594 1620 pec-

1995 1642 2252 1696 catorem.
2285 1640 2520 1692 saltabit
2542 1641 2796 1692 animam
2834 1643 2968 1708 ejus,
2999 1646 3048 1692 et
3075 1643 3275 1707 aperiet
3329 1644 3594 1694 multitu-

318 1723 543 1775 obedire
563 1721 1075 1776 sinebanti‘Vemini
1093 1725 1490 1788 consenseritis,
1511 1711 1794 1792 parmas-io
1807 1725 1914 1780 here
1931 1711 1978 1768 Β
1997 1728 2183 1780 dinem
2214 1733 2562 1796 peccatorum
2594 1730 2728 1794 (Jac.
2751 1730 2801 1796 ν)
2824 1747 2836 1796 ;
2869 1727 2948 1782 ita
2975 1733 3032 1781 et
3053 1727 3146 1798 qui
3169 1735 3320 1783 recta
3335 1729 3596 1784 inceden—

319 1827 430 1864 nrm
473 1817 548 1863 est
593 1827 658 1863 ex
706 1827 762 1864 eo
816 1813 916 1879 qui
948 1817 1097 1864 rorat
1129 1829 1233 1864 vos.
1267 1812 1476 1866 Verum
1505 1819 1607 1878 est,
1645 1814 1778 1883 quia
1807 1813 1914 1868 hu-

321 1915 467 1954 nano
498 1899 730 1953 consilio
760 1900 864 1952 hoc
895 1899 1137 1969 agebant
1173 1901 1369 1966 Judaei,
1403 1906 1468 1955 ut
1501 1903 1794 1978 mitterent
1822 1921 1916 1957 eos

323 1988 426 2042 sub
442 1989 641 2059 jugum
669 1988 828 2058 legis,
853 2005 964 2042 non
990 1989 1092 2042 Dei
1103 1989 1336 2059 judicio,
1357 1992 1453 2060 qui
1474 1991 1807 2046 vocabateos
1819 2009 1919 2062 per

1996 1822 2112 1868 tem
2143 1815 2231 1868 via
2259 1817 2369 1870 iter
2394 1815 2450 1870 in
2479 1817 2700 1870 devium
2727 1817 2876 1884 cogit
2905 1816 3146 1886 ﬂectere,
3173 1817 3596 1872 damnationem

1999 1905 2378 1976 consequitur,
2399 1904 2717 1983 quicunque
2739 1905 2926 1959 fuerit.
2951 1905 3067 1959 Hoc
3091 1912 3321 1983 propter
3337 1907 3442 1960 hos
3466 1907 3600 1960 sub-

1995 1993 2135 2064 jicit,
2179 2010 2247 2046 ne
2304 1994 2398 2064 qui
2459 1993 2564 2048 sibi
2604 1995 2868 2047 meritum
2918 1994 3300 2054 defenderent,
3343 2013 3408 2049 eo
3446 1997 3598 2067 quod

322 2079 653 2148 Apostolum
679 2094 843 2131 suum
885 2077 952 2131 ad
980 2077 1243 2149 gratiam.
1276 2081 1547 2133 Modicum
1581 2083 1918 2148 fermentum
2001 2082 2104 2136 ﬁlii
2169 2089 2360 2136 essent
2412 2082 2648 2137 Abrahae
2701 2083 3007 2137 secundum
3058 2100 3312 2154 carnem;
3353 2082 3600 2156 denique

326 2174 491 2221 totam.
525 2183 762 2220 massam
791 2171 1120 2236 corrumpit.
1141 2169 1258 2221 Hoc
1279 2169 1432 2234 dicit,
1457 2169 1589 2240 quia
1611 2170 1740 2223 licet
1755 2171 1917 2247 quip-
2002 2173 2310 2226 exaltantes
2355 2189 2414 2225 se
2465 2171 2662 2226 dicunt
2697 2172 2766 2226 ad
2814 2173 3024 2235 Jesum,
3068 2173 3174 2227 Nos
3204 2175 3314 2240 ﬁlii
3365 2174 3600 2227 Abraha-

324 2257 476 2338 piam
497 2255 634 2332 legis
651 2256 1023 2309 admiscentes
1040 2257 1921 2324 ﬁdei,violantiidem,nehabeat
2001 2278 2192 2314 sumus
2229 2263 2406 2328 (Joan.
2442 2264 2575 2328 viri).
2606 2261 2886 2331 [Hieron.]
2926 2262 3159 2316 Portare
3209 2268 3398 2316 autem
3441 2263 3600 2332 judi-

323 2344 585 2404 fructum,
606 2345 786 2398 autsit
801 2345 1174 2415 acccptabilis.
1199 2346 1450 2400 Hocideo
1465 2347 1919 2416 adjecitmeforte
2001 2350 2169 2417 cium,
2193 2350 2249 2404 id
2291 2357 2392 2423 est,
2431 2351 2578 2421 quod
2609 2351 2732 2403 aliis
2754 2349 2934 2403 verbis
2961 2351 3018 2404 in
3049 2350 3411 2430 sequentibus
3433 2351 3596 2414 dixit,

323 2434 657 2488 incolumem
671 2451 730 2488 se
743 2438 1071 2504 reputarent
1083 2435 1287 2488 habere
1297 2437 1538 2505 gratiam
1554 2437 1756 2500 ﬁdei,si
1788 2453 1920 2508 pau-
2009 2441 2386 2509 Unusquisque
2428 2443 2719 2508 proprium
2781 2456 2918 2494 onus
2940 2441 3204 2508 portabit.
3249 2440 3315 2494 Et
3343 2445 3478 2511 puto
3539 2442 3599 2495 in

324 2523 540 2592 calegis
554 2530 858 2576 servarent.
888 2523 1084 2590 (llier.)
1109 2523 1271 2578 Aliud
1314 2525 1518 2594 quippe
1547 2524 1914 2596 Delopusest.
2003 2528 2306 2600 Scripturis
2338 2545 2480 2582 onus
2509 2535 2564 2581 et
2595 2528 2651 2581 in
2683 2527 2886 2582 bonam
2937 2534 2993 2582 et
3030 2529 3088 2582 in
3127 2529 3334 2582 malam
3379 2537 3600 2608 partem

325 2610 1682 2690 aliudhomlnum.Delopusestvocare:hominum
1701 2614 1919 2668 velcre-
2001 2635 2166 2688 posse
2207 2619 2398 2688 accipi,
2453 2618 2556 2671 hoc
2599 2625 2702 2682 est,
2743 2623 2800 2671 et
2838 2617 2898 2670 in
2933 2615 3021 2670 his
3069 2617 3163 2688 qui
3202 2618 3442 2690 peccatis
3475 2636 3607 2690 gra-

325 2686 1922 2774 dere,velnoncredere.EtsicubialibideScripturislibe-
2001 2686 2160 2758 vibus
2205 2686 2618 2776 opprimuntur,
2667 2710 2724 2757 ct
2771 2703 2828 2759 in
2876 2705 2988 2759 illis
3027 2686 3121 2775 qui
3155 2686 3426 2777 virtutum
3456 2686 3603 2761 levia

324 2787 1626 2866 rumhominisaﬁirmaturarbitriummtibi:Si
1640 2795 1922 2846 volueritis
2005 2811 2178 2848 onera
2204 2798 2540 2848 sustentant.
2571 2795 2652 2848 De
2680 2795 2919 2875 peccatis
2959 2794 3016 2848 in
3061 2795 3276 2869 psalmo
3323 2795 3604 2867 pmnitens

327 2881 374 2930 et
391 2877 870 2939 audieritisme,et
887 2877 1094 2932 iterum
1113 2897 1124 2930 ε
1141 2879 1207 2933 Et
1227 2880 1923 2949 nunc,Israel,quidpetita
2004 2881 2255 2954 loquitur
2291 2901 2302 2936 :
2337 2882 2664 2952 Iniquitates
2692 2899 2825 2936 meae
2853 2887 3068 2938 elevatae
3094 2890 3227 2937 sunt
3245 2901 3408 2953 super
3436 2893 3606 2955 caput

329 2972 377 3019 te
401 2967 672 3020 Dominus
699 2967 840 3020 Deus
873 2971 1035 3020 tuus?
1067 2968 1242 3034 (Deut.
1269 2973 1346 3037 x),
1381 2973 1437 3022 et
1465 2985 1530 3022 ex
1560 2967 1664 3023 hoc
1691 2970 1810 3023 loco
1839 2970 1923 3024 vel
1951 3031 1986 3042 ﬂ
2007 2989 2209 3036 meum,
2257 2975 2418 3042 quasi
2466 2989 2605 3027 onus
2651 2989 2819 3042 grave
2859 2979 3101 3041 gravatae
3128 2979 3261 3027 sunt
3297 2991 3462 3042 super
3519 2993 3606 3028 me

327 3031 1211 3138 maslmecomprobaturﬂerum
1230 3031 1596 3136 simpliciores
1608 3059 1815 3129 quique
1827 3075 1925 3129 pu~
1945 3031 1990 3090 δ
2009 3064 2168 3126 (Psat.
2201 3031 2434 3126 Ixx‘xvn).
2467 3061 2548 3116 De
2577 3031 2881 3116 virtutibus
2917 3061 3283 3132 doctrinaque
3327 3031 3604 3117 virtutum

325 3149 512 3198 tantes
533 3161 592 3198 se
605 3143 820 3198 deferre
836 3144 970 3209 Deo,
991 3151 1055 3199 ut
1085 3147 1376 3216 persuasio
1406 3163 1627 3217 quoque
1654 3153 1847 3202 nostra
1866 3147 1925 3201 in
2009 3151 2263 3205 Salvator
2290 3151 2372 3204 ait
2403 3171 2418 3205 :
2449 3151 2658 3220 Jugum
2675 3155 2824 3204 enim
2853 3167 3034 3204 meum
3059 3167 3222 3204 suave
3250 3157 3344 3216 est,
3375 3157 3425 3205 et
3461 3169 3607 3206 onus

328 3231 1852 3310 ejussitpotestate,abstuleruntpartemorationisnon,
1870 3242 1926 3290 et
2007 3255 2189 3293 meum
2250 3244 2356 3292 lere
2413 3241 2628 3307 (Matth.
2682 3243 2778 3309 XI).
2832 3240 2992 3304 Quod
3019 3246 3211 3294 autem
3249 3243 3304 3294 et
3350 3241 3610 3295 doctrina

329 3319 558 3398 sensum
577 3321 920 3376 centrarium
940 3322 1207 3394 Apostolo
1237 3323 1621 3378 reddiderunt.
1651 3325 1776 3380 Sive
1792 3342 1924 3396 ergo
2007 3345 2106 3400 pro
2129 3345 2297 3382 onere
2322 3329 2647 3400 accipiatur,
2677 3329 3031 3401 perspicuum
3063 3330 3126 3382 ﬁt
3165 3328 3223 3382 in
3253 3327 3551 3404 Evangelia
3591 3351 3602 3384 :

329 3413 387 3466 in
435 3411 659 3487 bonam,
701 3410 816 3466 sive
847 3411 905 3466 in
943 3413 1152 3466 malam
1193 3409 1448 3484 partem,’
1478 3431 1579 3468 nec
1626 3413 1794 3482 Deus,
1824 3431 1927 3470 nec
2006 3419 2260 3484 Alligant
2291 3417 2496 3489 quippe
2524 3415 2792 3472 Pharisaei
2823 3433 2992 3472 onera
3029 3421 3222 3490 gravia
3251 3423 3300 3471 et
3334 3435 3450 3487 qua:
3477 3434 3611 3486 por-

330 3497 584 3555 diabolus
626 3503 685 3556 in
733 3519 902 3556 causa
929 3509 1014 3556 est
1044 3523 1054 3554 :
1090 3502 1224 3573 quia
1252 3502 1538 3573 persuasio
1586 3509 1778 3558 nostra
1815 3520 1926 3578 non
2011 3511 2120 3560 tari
2146 3523 2258 3561 non
2291 3513 2541 3576 possunt,
2581 3513 2629 3560 et
2665 3512 3044 3576 superponunt
3071 3524 3133 3560 ea
3165 3523 3329 3576 super
3352 3507 3614 3561 humeros

333 3598 418 3644 est
459 3607 526 3644 ex
569 3608 634 3644 eo
678 3591 772 3662 qui
819 3591 1033 3645 vocavit
1062 3607 1181 3654 nos,
1233 3591 1332 3646 sed
1373 3607 1438 3645 ex
1479 3591 1657 3648 nobis.
1691 3592 1786 3662 qui
1843 3593 1926 3646 vel
2009 3597 2320 3656 hominum,
2367 3599 2471 3664 ipsi
2515 3601 2701 3649 autem
2730 3593 2842 3649 uno
2876 3613 2938 3650 ea
2976 3597 3148 3670 digito
3177 3599 3378 3650 nolunt
3395 3600 3617 3669 contin-

331 3679 730 3740 consentimus,
764 3678 847 3733 vel
879 3696 989 3733 non
1023 3681 1404 3735 consentimus
1434 3682 1669 3735 vocanti.
1705 3681 1920 3736 Aliter:
2008 3702 2130 3751 gere
2162 3685 2373 3752 (Matth.
2422 3689 2596 3753 xxm).
2660 3684 2840 3748 Quam
2891 3700 3060 3754 grave
3108 3684 3182 3738 sit
3231 3683 3476 3755 aliquem
3536 3685 3614 3739 de

331 3768 628 3824 Persuasio
667 3770 784 3823 hanc
821 3785 991 3840 quam
1040 3786 1187 3824 nunc
1219 3769 1540 3850 sequimini,
1589 3786 1698 3825 non
1737 3777 1822 3824 est
1862 3789 1926 3826 ex
2008 3772 2416 3844 tranquillitate
2438 3772 2666 3827 turbare
2687 3778 2744 3827 et
2762 3789 2962 3827 serena
2981 3773 3150 3827 corda
3165 3772 3462 3827 hominum
3483 3768 3612 3844 qui—

330 3856 464 3920 Deo,
509 3859 604 3938 qui
649 3859 707 3912 in
757 3857 1030 3929 principio
1069 3876 1164 3913 vos
1197 3859 1429 3924 vocavit,
1462 3861 1558 3913 sed
1602 3877 1666 3914 ex
1711 3861 1798 3914 his
1829 3860 1923 3932 qui
2008 3859 2244 3916 busdam
2300 3861 2459 3932 quasi
2519 3861 2780 3916 ﬂuctibus
2815 3861 3114 3927 concitare,
3167 3861 3470 3916 Salvatoris
3529 3864 3604 3917 ad

330 3963 425 4000 vos
457 3955 651 4021 postea.
680 3947 1068 4002 turbaverunt.
1103 3946 1376 4002 Modicum
1397 3949 1741 4016 fermentum
1755 3956 1920 4004 totam
2007 3951 2288 4021 apostolos
2317 3951 2485 4005 verba
2501 3956 2783 4006 testantur
2805 3950 3041 4005 dicentis
3072 3969 3082 4002 :
3118 3950 3196 4004 Nc
3242 3951 3606 4005 conturbet-ur

331 4039 756 4103 conspersionem
791 4037 1104 4102 fer-mental.
1142 4037 1338 4104 (Hien)
1363 4037 1535 4090 Porro
1556 4037 1798 4108 quee’est
1815 4039 1924 4094 ista
2005 4055 2098 4093 cor
2137 4047 2400 4104 vestrum,
2446 4057 2615 4109 neque
2651 4043 2890 4094 timeatis
2937 4041 3116 4106 (Joan.
3168 4043 3315 4107 xw);
3377 4039 3606 4111 expedit

331 4123 741 4177 Pharisaeorum
763 4119 874 4176 alia
891 4123 1163 4188 doctrina,
1186 4124 1293 4178 nisi
1321 4124 1460 4194 legis
1483 4127 1792 4180 secundum
1808 4144 1926 4182 car—
2007 4129 2212 4200 quippe
2251 4128 2305 4184 'ei
2346 4129 2442 4200 qui
2479 4129 2776 4184 conturbat
2811 4134 2870 4183 et
2897 4127 3235 4182 scandalizat
3280 4127 3606 4206 quempiam

331 4211 810 4264 nemobservatio?
829 4211 1039 4265 Sensus
1060 4212 1249 4282 itaque
1269 4214 1373 4266 iste
1389 4219 1500 4267 est:
1528 4215 1712 4268 Nolite
1725 4222 1924 4286 putare
2005 4215 2064 4270 in
2087 4217 2348 4283 Ecclesia,
2381 4224 2445 4272 ut
2473 4218 2613 4288 lapis
2644 4218 2872 4272 molaris
2901 4217 3278 4272 circumdatur
3307 4215 3605 4288 colio'ejus

329 4316 634 4370 paucorum
663 4299 974 4362 hominum,
1008 4298 1102 4370 qui
1134 4300 1202 4353 de
1231 4301 1425 4354 .iudaea
1454 4303 1738 4356 venientes
1771 4303 2064 4408 aliudDet
2091 4307 2351 4360 mittatur
2394 4323 2521 4360 cum
2559 4323 2624 4361 eo
2665 4307 2723 4360 in
2756 4323 2928 4372 mare,
2955 4323 3124 4386 quam
3153 4311 3216 4359 ut
3261 4306 3604 4360 scandalizet

328 4389 546 4456 docent,
578 4387 810 4442 insidias
835 4390 1292 4444 contemnendas.
1337 4390 1590 4444 Scintilla
1635 4409 1722 4446 res
1751 4387 2180 4465 parvauunum
2210 4395 2278 4449 de
2307 4394 2396 4449 his
2425 4394 2674 4450 minimis
2704 4395 2800 4466 qui
2827 4411 2862 4448 a
2898 4395 3184 4450 Salvatore
3212 4401 3604 4449 monstrantur

328 4485 430 4544 est,
457 4486 513 4533 et
543 4495 684 4550 pene
713 4477 848 4532 dum
871 4479 1138 4542 cernitur,
1164 4495 1276 4533 non
1305 4479 1560 4548 videtur;
1594 4481 1690 4535 sed
1737 4483 1783 4535 si
1835 4485 1919 4537 fo-
2005 4480 2214 4554 (Matth.
2259 4487 2422 4549 xvmi.
2469 4483 2704 4538 Turbati
2752 4501 2884 4553 ergo
2931 4483 3155 4538 fuerant
3199 4483 3410 4538 Galatae
3447 4483 3603 4538 inter

328 4569 519 4622 mitem
539 4559 1058 4642 comprehenderit;
1094 4573 1151 4622 et
1175 4568 1522 4622 nutrimenta
1543 4570 1648 4635 sui,
1667 4575 1918 4641 quamvis
2002 4572 2263 4643 spiritum
2313 4577 2371 4626 et
2417 4573 2684 4638 litteram,
2718 4573 3194 4627 circumcisionem
3239 4577 3296 4626 et
3333 4571 3601 4626 concisio-

327 4649 529 4728 parvus
549 4650 557 4658 ’
576 4657 742 4736 ignis,
785 4657 1079 4721 invenerit,
1111 4659 1338 4723 moenia,
1366 4657 1552 4720 urbes,
1601 4659 1794 4720 saltus,
1829 4679 1918 4715 re-
2003 4677 2152 4728 nem,
2176 4660 2528 4754 Judaismum
2549 4662 2828 4716 occultum
2849 4667 2905 4715 et
2917 4660 3298 4725 manifestum,
3317 4660 3448 4732 quid
3468 4677 3603 4738 age-

323 4735 629 4816 gionesque
658 4752 966 4798 consumet.
999 4746 1106 4812 Ego
1137 4744 1344 4814 Conﬁdo
1395 4749 1456 4800 de
1510 4750 1656 4801 vobis
1713 4753 1770 4802 in
1812 4753 1918 4805 Bo-
2001 4757 2128 4804 rent
2146 4735 2490 4820 igndrantes.
2516 4749 2746 4805 Brevius
2763 4754 2953 4804 autem
2975 4757 3032 4804 et
3063 4751 3143 4804 sic
3171 4750 3344 4821 accipi
3370 4735 3591 4820 potest:

325 4837 498 4898 mino,
545 4831 694 4901 'quod
739 4834 885 4887 nihil
933 4835 1094 4887 aliud
1139 4839 1377 4905 sapietis.
1416 4835 1621 4904 (Amb.i
1676 4839 1791 4892 Hac
1820 4857 1917 4910 spe
2001 4840 2330 4912 Quicunque
2383 4846 2469 4893 est
2501 4837 2612 4900 ille,
2672 4841 2768 4911 qui
2810 4856 2906 4893 vos
2933 4839 3002 4893 ad
3046 4839 3454 4893 Pharisaeorum
3499 4839 3600 4892 do-

323 4939 383 4976 se
438 4921 574 4976 dicit
631 4921 803 4975 ﬁdere
867 4923 935 4976 de
993 4923 1098 4986 his,
1169 4925 1300 5002 quia
1363 4941 1474 4978 non
1539 4931 1754 4996 sponte,
1819 4929 1915 4982 sed
1999 4927 2236 5002 ctrinam
2261 4929 2514 4994 retrahit,
2543 4933 2599 4982 et
2625 4928 2683 4982 in
2711 4943 2878 4982 carne
2916 4927 3200 4982 desiderat
3249 4927 3589 4986 circumcidi.

321 5009 680 5066 circumventi
709 5011 914 5065 erroris
945 5011 1090 5065 viam
1114 4999 1460 5066 intraverant
1486 5034 1496 5068 :
1531 5014 1660 5068 inde
1692 5021 1914 5071 ostenso
1999 4999 2252 5088 quamvis
2281 5018 2355 5072 sit
2381 5017 2666 5088 eloquens,
2703 5021 2758 5071 et
2787 5016 2845 5070 in
2877 5015 3016 5086 legis
3063 5016 3378 5071 eruditione
3420 5032 3479 5070 se
3506 5017 3593 5086 j'a-

323 5117 449 5156 vero
513 5099 735 5162 itinere,
806 5099 965 5155 facile
1029 5118 1124 5154 eos
1189 5119 1348 5180 posse
1409 5103 1610 5158 reverti
1660 5105 1908 5160 conﬁdit.
1995 5112 2124 5172 ctet,
2175 5107 2318 5160 nihil
2355 5104 2598 5178 amplius
2633 5106 2775 5172 dico,
2821 5105 2928 5160 nisi
2963 5106 3084 5170 hoc,
3121 5105 3268 5176 quod
3295 5105 3466 5159 etiam
3495 5122 3593 5160 vos

320 5189 584 5256 (Hieron)
614 5191 738 5245 Non
767 5207 868 5260 per
895 5191 1297 5259 conjecturam,
1341 5197 1405 5244 ut
1434 5193 1660 5261 quidam
1699 5193 1906 5260 volunt,
1993 5193 2238 5250 abnuere
2267 5211 2380 5249 non
2412 5195 2663 5266 potestis,
2700 5193 2848 5265 quod
2878 5193 3124 5264 portabit
3147 5211 3246 5264 pro
3281 5194 3389 5248 hoc
3421 5209 3594 5265 opere

317 5277 412 5332 sed
461 5272 784 5362 prophetico
835 5278 1034 5351 spiritu
1077 5279 1282 5332 Paulus
1325 5281 1654 5350 pronuntiat
1682 5283 1910 5338 Galatas
1987 5283 2262 5355 judicium
2286 5289 2342 5338 et
2366 5290 2740 5360 consequetur
2769 5301 2868 5354 pro
2897 5300 2997 5336 suo
3026 5283 3218 5336 labore
3250 5283 3591 5337 mercedem.

317 5367 386 5420 ad
429 5367 675 5420 veritatis
711 5367 878 5430 viam,
921 5383 1092 5438 quam
1142 5368 1468 5432 amiserant,
1529 5387 1903 5441 regressuros.
1989 5373 2184 5443 (Aug.)
2221 5373 2350 5429 Hinc
2390 5381 2475 5428 est
2528 5373 2622 5426 illa
2669 5372 3022 5427 conturbatio
3061 5371 3340 5426 contraria
3379 5371 3585 5430 ordini.

293 5455 535 5511 Etenim
565 5455 660 5524 qui
689 5455 829 5508 alios
864 5455 1215 5520 hortabatur,
1251 5463 1315 5509 ut
1341 5459 1740 5514 mmularentur
1783 5463 1908 5515 cha-
1991 5469 2055 5517 ut
2082 5461 2150 5518 de
2171 5462 2516 5534 spiritalibus
2537 5462 2790 5516 carnales
2820 5463 2978 5526 fiant,
3021 5467 3078 5515 et
3105 5460 3371 5532 queniam
3415 5459 3587 5514 intel-

312 5545 564 5601 rismata,
587 5543 768 5616 magis
799 5551 988 5598 autem
1013 5553 1076 5599 ut
1104 5545 1522 5618 praphetarent.
1549 5549 1666 5618 ipse
1687 5566 1906 5620 quoque
1989 5551 2276 5622 ligendum
2305 5558 2406 5618 est,
2443 5550 2926 5622 misse'quosdam,
2959 5549 3054 5621 qui
3093 5566 3222 5603 cum
3266 5549 3472 5603 vellent
3501 5549 3584 5604 eis
