3880 6146
445 314 548 370 343

1040 317 1102 370 Β.
1144 314 1416 370 RABANI
1456 317 1684 372 MAURI
1725 318 2058 372 ARCHIEP.
2100 313 2422 372 MOGUNT.
2466 313 2763 369 OPERUM
2800 311 2984 366 PARS
3023 313 3118 366 III.

3592 313 3680 369 344

445 439 737 496 hmreticos
746 439 1429 512 proferatur,Marcionem
1450 439 1706 495 videlicet
1719 445 1777 495 et
1789 441 2037 495 Valenti-
2052 446 2102 502 Α
2115 441 2361 513 pondere
2395 440 2835 494 demonstratur.
2859 437 3143 508 Quidquid
3177 453 3309 508 ergo
3335 439 3414 492 illi
3439 455 3536 510 pro
3555 441 3687 510 Apo-

335 542 350 551 '
445 545 584 584 num
612 533 670 582 et
705 544 920 594 omnes,
953 529 1050 599 qui
1079 535 1276 582 contra
1297 534 1456 582 vetus
1485 529 1693 583 latrant
1720 530 2042 584 Testamen-

446 625 588 684 tum,
619 633 731 689 qua
757 616 975 671 ratione
1004 616 1084 670 illi
1129 617 1224 688 qui
1253 624 1562 676 creatorem
1593 617 2036 688 sanguinarium,

446 722 702 760 severum
728 705 1079 772 bellatorem,
1113 711 1172 760 et
1200 711 1423 761 tantum
1457 705 1709 776 judicem
1739 706 2041 762 criminan-

446 803 558 860 tur,
583 795 690 848 hoc
717 794 777 848 in
803 794 1057 866 apostolo
1086 794 1189 848 Dei
1225 783 1358 849 boni
1394 795 1618 849 valeant
1657 811 1940 850 excusare.
1975 794 2046 850 Et

447 888 596 937 certe
623 882 838 938 nullam
863 887 1000 954 puto
1028 883 1088 936 in
1120 883 1294 937 veteri
1331 883 1456 954 lege
1495 889 1614 938 tam
1655 889 1892 950 trucem,
1925 890 2042 938 tam

445 978 740 1026 cruentam
759 971 819 1026 in
838 971 1055 1042 aliquos
1074 987 1197 1025 esse
1231 971 1590 1038 sententiam,
1615 988 1784 1043 quam
1820 975 2043 1027 utinam

447 1061 866 1126 abscinduntur,
883 1063 984 1130 qui
996 1076 1086 1115 vos
1105 1061 1440 1115 conturbant
1452 1067 1471 1115 1
1484 1061 1602 1116 Nec
1613 1065 1848 1132 possunt
1861 1060 2046 1115 dicere

448 1166 640 1204 orasse
692 1149 1026 1221 Apostolum
1063 1166 1164 1220 pro
1210 1148 1450 1204 inimicis
1501 1150 1732 1214 Christi,
1783 1149 1880 1220 qui
1923 1151 2046 1220 ejus

449 1237 722 1294 Ecclesias
749 1237 1194 1304 conturbabant;
1227 1254 1330 1292 nec
1347 1255 1414 1292 ex
1443 1237 1740 1293 dilectione
1763 1238 2047 1310 prolatum

451 1328 601 1398 quod
620 1333 844 1382 tumore
865 1333 923 1382 et
948 1325 1334 1397 indignatione
1352 1328 1583 1399 plenum
1609 1327 1730 1399 ipso
1749 1327 2046 1382 verborum

2122 530 2266 584 stolo
2283 525 2658 583 excusationis
2680 526 2994 591 attulerint,
3016 525 3118 581 hoc
3137 542 3250 580 non
3270 543 3369 597 pro
3386 527 3505 598 lege
3529 530 3687 583 veteri

2123 617 2504 672 defendemus.
2535 617 2724 685 (Aug.)
2757 615 3056 670 Maledicta
3091 614 3245 669 enim
3291 621 3348 669 et
3391 617 3690 686 prophetica

2123 707 2404 773 dicuntur,
2428 722 2541 760 non
2561 710 2696 759 sunt
2715 704 2786 758 de
2812 703 2962 758 malo
2987 709 3112 758 voto
3130 703 3502 776 imprecantis,
3519 705 3612 759 sed
3627 705 3691 759 de

2125 795 2356 866 praescio
2395 793 2608 866 Spiritu
2638 791 3061 859 denuntiantis;
3094 807 3228 846 nam
3268 791 3406 846 illud
3439 798 3692 864 tanquam

2126 883 2507 939 stomachatus
2531 886 2591 936 et
2613 881 2940 952 indignatus
2959 879 3129 934 etiam
3147 880 3295 934 male
3324 885 3538 952 optasse
3563 881 3696 936 vide-

2125 979 2222 1027 tur
2247 972 2568 1043 Apostolus,
2597 971 2820 1025 Utinam
2849 975 2899 1024 ct
2927 971 3330 1024 abscindantur
3355 973 3452 1038 qui
3477 986 3561 1024 vos
3585 986 3697 1024 con-

2129 1061 2396 1115 turbant!
2427 1059 2586 1124 Quod
2616 1058 2830 1130 utique,
2853 1058 2902 1112 si
2919 1057 3237 1112 consideres
3261 1074 3552 1129 personam
3578 1059 3697 1113 scri-

2127 1149 2328 1215 bentis,
2375 1147 2556 1218 magis
2605 1164 2736 1202 eum
2801 1147 3218 1218 elegantissimo
3273 1146 3532 1218 ambiguo
3572 1145 3700 1202 bene
3767 1169 3770 1174 ·

2129 1244 2352 1310 Optasse
2371 1237 2652 1308 intelliges
2677 1256 2688 1290 :
2712 1242 2845 1291 sunt
2869 1237 3168 1308 spadones,
3189 1235 3286 1306 qui
3310 1236 3519 1307 seipsos
3540 1235 3700 1290 absci-

2129 1327 2336 1382 derunt
2361 1333 2592 1399 propter
2616 1342 2856 1396 regnum
2881 1325 3170 1380 ccelorum.

954 1615 1488 1745 LIBER
1585 1617 2268 1749 SEXTUS
2362 1615 3232 1748 DECIMUS.

877 1956 1242 2022 SEQUITUR
1278 1958 1515 2014 CAPUT
1553 1959 1620 2012 ν.

535 2048 624 2101 Vos
640 2049 789 2101 enim
797 2049 863 2100 in
879 2047 1186 2101 libertatem
1202 2050 1379 2102 vocati
1399 2051 1543 2114 estis,
1559 2049 1786 2115 fratres;
1809 2053 2050 2110 tantum,

456 2152 521 2190 ne
532 2137 837 2191 libertatem
847 2137 911 2189 in
926 2138 1259 2190 occasionem
1276 2137 1412 2190 detis
1432 2139 1638 2201 carnis,
1657 2137 1750 2190 sed
1762 2151 1864 2204 per
1873 2136 2058 2190 chari-

454 2231 618 2279 tatem
627 2226 820 2279 servits
831 2226 1082 2278 invicem.
1093 2225 1272 2292 (Amb.
1282 2222 1371 2294 )In
1379 2223 1699 2278 libertatem
1708 2224 1891 2279 vocati
1902 2230 2054 2290 sunt,

454 2313 606 2386 quia,
637 2328 765 2367 cum
784 2313 1028 2384 peccatis
1055 2318 1244 2366 essent
1275 2311 1519 2378 obnoxii,
1549 2313 1649 2368 Dei
1682 2313 1927 2384 gratiam
1958 2330 2052 2367 ac-

449 2401 724 2474 cipientes
742 2401 1038 2455 remissam
1057 2400 1386 2456 delictorum
1403 2401 1625 2457 liberati
1641 2408 1793 2456 sunt.
1815 2404 2050 2456 Tantum

451 2507 521 2546 ne
548 2491 855 2546 libertatem
881 2493 945 2544 in
982 2492 1314 2544 occasionem
1343 2493 1532 2544 carnis
1559 2493 1717 2545 detis.
1749 2492 1867 2545 Hoc
1897 2490 2049 2555 dicit,

453 2595 525 2634 ne
554 2584 840 2650 acceptam
867 2577 1190 2634 libertatem
1219 2579 1436 2633 occasio
1469 2580 1656 2634 carnis
1685 2580 1903 2635 adimat
1937 2599 1948 2633 :
1983 2580 2054 2633 ad

455 2669 562 2722 hoc
579 2666 732 2722 enim
750 2667 1074 2722 circumcidi
1096 2685 1192 2722 eos
1217 2667 1495 2734 volebant,
1516 2674 1581 2722 ut
1599 2668 1658 2723 in
1677 2669 2056 2724 conditionem

454 2754 595 2826 legis
625 2757 922 2810 intrarent.
956 2756 1088 2811 Ideo
1119 2762 1327 2823 monet,
1360 2773 1432 2810 ne
1471 2757 1547 2810 sit
1573 2757 1789 2812 occasio
1817 2774 2054 2812 consen-

451 2843 644 2898 tiendo
653 2844 753 2899 eis.
772 2863 798 2895 ε(
813 2843 922 2898 Sed
935 2861 1035 2916 per
1049 2845 1405 2900 dilectionem
1415 2845 1660 2918 Spiritus
1675 2845 1879 2902 servite
1901 2846 2057 2903 vobis

451 2932 712 2999 invicem,
728 2952 755 2986 »
771 2949 884 2987 non
897 2949 1000 3006 per
1017 2933 1278 2988 affectum
1290 2934 1475 2988 carnis
1495 2933 1830 2988 charitatem
1842 2934 2055 2990 haben-

454 3022 610 3089 dam,
637 3022 737 3077 sed
765 3039 868 3094 per
895 3021 1169 3094 Spiritum
1199 3023 1546 3090 exhortatur,
1575 3030 1640 3078 ut
1678 3021 1916 3078 invicem
1948 3023 2054 3079 sibi

453 3111 690 3182 subjecti
709 3111 840 3166 sint.
869 3129 896 3163 «
914 3111 1186 3166 Universa
1208 3112 1362 3167 enim‘
1381 3112 1470 3166 lex
1497 3112 1557 3167 in
1579 3112 1733 3167 vobis
1753 3129 1866 3168 uno
1886 3114 2055 3168 verbo

453 3200 1268 3272 impletur,diligespro:rimum
1291 3204 1623 3266 tuum,sicut
1639 3207 1893 3271 teipsum.
1906 3203 2054 3257 »Hoc

452 3288 724 3360 scriptum
757 3294 846 3343 est
881 3288 940 3342 in
981 3288 1246 3355 Levitico,
1283 3289 1432 3360 quod
1472 3305 1644 3361 supra
1689 3291 1902 3345 dictum
1946 3297 2049 3357 est,

450 3378 584 3449 quia
601 3376 866 3450 perfectio
884 3377 1082 3432 salutis
1105 3394 1206 3448 per
1223 3377 1580 3432 dilectionem
1601 3385 1886 3451 operatur,
1923 3380 2056 3451 quia

451 3467 547 3538 qui
594 3482 709 3520 non
753 3465 938 3537 diligit
975 3465 1224 3532 fratrem,
1277 3483 1390 3521 non
1441 3467 1628 3538 diligit
1675 3468 1876 3535 Deum,
1919 3468 2056 3522 dicit

449 3555 694 3610 Joannes
722 3555 1008 3627 apostolus
1028 3557 1080 3623 (1
1103 3557 1264 3610 Ιοαη.
1289 3560 1382 3625 Iv).
1419 3557 1572 3624 Quod
1599 3560 1652 3610 si
1683 3559 1946 3611 mordetis
1967 3560 2055 3612 in-

451 3647 623 3701 vicem
652 3649 703 3697 et
729 3646 1065 3708 criminatis,
1094 3646 1265 3699 videte
1295 3661 1360 3699 ne
1393 3645 1462 3698 ab
1495 3648 1731 3699 invicem
1758 3661 2052 3700 consuma-

453 3735 619 3798 mini;
633 3731 996 3788 manifestum
1007 3739 1111 3800 est,
1127 3733 1260 3804 quia
1274 3732 1550 3788 dissensio
1569 3733 1811 3788 fratrum
1827 3733 2056 3789 inimica

456 3827 545 3876 est
560 3821 895 3888 dilectionis,
911 3821 1039 3876 ideo
1079 3827 1271 3876 monet
1307 3827 1372 3876 ut
1391 3822 1606 3894 paciﬁci
1626 3822 1740 3876 sint
1767 3823 2058 3894 proficien-

453 3917 540 3964 tes
569 3910 629 3964 in
656 3909 823 3964 bono.
851 3910 1252 3966 Contentiones
1289 3910 1441 3965 enim
1475 3917 1750 3982 generant
1779 3913 2053 3983 jurgium,

452 4000 614 4068 cuius
653 3997 867 4053 fructus
913 4004 1000 4053 est
1035 3999 1161 4053 vita
1201 4000 1569 4072 consumptio.
1609 4001 1848 4070 (Theod.)
1887 4001 2052 4065 Quis-

454 4086 579 4159 quis
609 4101 742 4156 ergo
771 4086 1169 4158 perfectionem
1198 4087 1528 4157 evangelicae
1556 4089 1842 4144 studuerit
1860 4095 2056 4144 tenere

453 4173 739 4241 doctrinae,
769 4174 861 4228 hic
888 4173 991 4228 sub
1026 4175 1214 4245 gratia
1239 4176 1596 4242 constitutus,
1629 4177 1842 4248 peccati
1871 4177 2054 4231 domi-

454 4262 684 4318 natione
709 4279 822 4318 non
850 4263 1155 4336 premitur:
1181 4263 1287 4318 hoc
1305 4270 1392 4318 est
1411 4265 1561 4318 enim
1581 4281 1702 4318 esse
1729 4265 1834 4319 sub
1847 4266 2051 4336 gratia,

453 4369 578 4425 quae
605 4368 642 4406 a
665 4351 852 4424 gratia
876 4352 1218 4406 mandantur
1245 4351 1480 4424 implere
1508 4371 1521 4418 ;
1560 4353 1899 4425 quicumque
1925 4371 2058 4408 vero

454 4441 812 4515 perfectionis
842 4441 1186 4513 Evangelicae
1215 4441 1551 4513 plenitudini
1599 4441 1886 4513 subjectus
1935 4459 2058 4498 esse

457 4531 718 4598 noluerit,
761 4547 876 4586 non
922 4531 1143 4603 ignoret
1181 4546 1260 4598 se,
1304 4530 1560 4602 quamvis
1597 4530 1911 4602 baptizatus
1952 4531 2058 4586 sibi

453 4619 709 4674 videatur
733 4637 798 4675 ac
827 4621 1155 4688 monachus,
1180 4635 1292 4674 non
1317 4635 1440 4673 esse
1471 4619 1576 4674 sub
1603 4619 1808 4690 gratia,
1833 4621 1933 4674 sed
1954 4619 2059 4674 sub

454 4707 596 4778 legis
641 4709 824 4763 adhuc
867 4709 1102 4764 vinculis
1148 4709 1520 4781 praepeditum
1560 4708 1775 4782 peccati
1813 4709 2060 4780 pondere

454 4796 798 4865 pergravari.
813 4797 1170 4868 Pr0positum
1193 4815 1437 4870 namque
1459 4803 1548 4852 est
1575 4798 1820 4870 ejus,qui
1841 4815 2057 4863 omnes,

459 4899 494 4936 a
521 4881 724 4954 quibus
751 4889 1008 4955 receptus
1033 4885 1222 4950 fuerit,
1243 4887 1432 4958 gratia
1453 4886 1770 4958 adoptionis
1799 4888 2058 4952 assumit,

457 4987 570 5026 non
609 4971 918 5038 destruere,
960 4973 1058 5026 sed
1107 4976 1574 5045 superaediﬁcare,
1618 4993 1721 5030 nec
1769 4992 2058 5041 evacuare,

460 5061 560 5116 sed
597 5059 904 5131 adimplere
943 5061 1216 5115 Mosaicas
1247 5064 1594 5132 sanctiones;
1629 5063 1778 5136 quod
1806 5065 2064 5119 nonnulli

457 5150 682 5220 penitus
727 5149 1054 5220 ignorantes
1092 5155 1151 5203 et
1195 5151 1559 5207 consiliorum
1597 5160 1767 5224 atque
1799 5153 2063 5207 exhorta-

457 5239 680 5294 tionum
701 5237 909 5293 Christi
926 5237 1400 5309 magnificentiam
1422 5241 1788 5312 negligentes,
1810 5241 1890 5296 ita
1919 5258 2063 5312 prte-

459 5327 751 5400 sumptisz
769 5325 1046 5382 libertatis
1076 5325 1376 5381 securitate
1409 5329 1718 5394 solvuntur,
1744 5337 1808 5384 ut
1836 5347 1947 5384 non
1979 5347 2065 5385 so-

461 5417 578 5470 lum
597 5415 806 5470 Christi
827 5423 1108 5488 pmcepta
1126 5423 1397 5487 tanquam
1417 5417 1594 5472 ardua
1614 5435 1726 5473 non
1755 5419 2058 5488 attingant,

461 5520 655 5558 verum
676 5503 848 5559 etiam
876 5505 1001 5577 ipsa
1023 5505 1138 5571 illa,
1165 5504 1417 5578 quasillis
1448 5505 1844 5576 insipientibus
1865 5523 2064 5578 parvu-

459 5593 640 5664 lisque
671 5594 913 5650 Mosaica
943 5593 1064 5663 lege
1108 5594 1370 5647 mandata
1414 5601 1547 5647 sunt
1585 5597 1736 5650 velut
1765 5595 2059 5671 antiquata

2071 1965 2119 2025 Β
2142 1963 2523 2026 contemnant,
2542 1957 2680 2012 illud
2710 1957 2860 2028 quod
2877 1957 3180 2029 Apostolus
3203 1961 3538 2020 exsecratur,
3561 1952 3714 2007 noxia

2135 2046 2394 2100 libertate
2413 2045 2664 2101 dicentes
2695 2065 2706 2100 :
2735 2048 3102 2113 Peccavimus,
3125 2048 3264 2115 quia
3285 2059 3396 2099 non
3415 2059 3600 2098 sumus
3624 2041 3713 2094 sub

2138 2138 2267 2204 tege,
2317 2136 2408 2189 sed
2437 2135 2538 2188 sub
2570 2138 2760 2203 gratia
2798 2136 2966 2206 (Rom.
3012 2137 3106 2202 γι).
3149 2132 3262 2198 Qui
3309 2148 3442 2204 ergo
3491 2147 3588 2185 nec
3621 2128 3714 2183 sub

2135 2223 2324 2294 gratia
2351 2230 2454 2288 est,
2489 2223 2623 2295 quia
2650 2240 3008 2296 nequaquam
3036 2223 3107 2277 ad
3135 2222 3442 2277 Dominicaa
3469 2218 3713 2274 doctrinae

2136 2313 2360 2367 culmen
2391 2313 2662 2379 ascendit,
2692 2329 2796 2367 nec
2825 2312 2930 2366 sub
2957 2312 3100 2383 lege,
3126 2311 3266 2383 quia
3293 2311 3463 2366 etiam
3487 2309 3604 2380 ipsa
3629 2306 3715 2362 illa

2135 2401 2369 2473 parvula
2386 2402 2528 2471 legis
2548 2402 2818 2456 mandata
2842 2417 2957 2456 non
2976 2401 3232 2473 suscipit,
3264 2399 3355 2454 hic
3382 2397 3580 2471 duplici
3606 2411 3716 2468 pec-

2136 2496 2388 2544 catorum
2408 2491 2954 2562 oppressusimperlo
2987 2488 3057 2544 ob
3072 2490 3254 2544 solam
3263 2488 3505 2562 gratiam
3524 2485 3714 2541 Christi

2138 2579 2454 2650 percepisse
2483 2596 2544 2634 se
2573 2579 2768 2646 credit,
2802 2585 2868 2634 ut
2906 2595 3008 2650 per
3035 2578 3266 2633 noxiam
3306 2577 3615 2633 libertatem
3652 2571 3714 2627 ab

2137 2684 2204 2722 eo
2231 2669 2392 2723 fieret
2429 2669 2668 2726 alienus.
2701 2668 2760 2722 in
2789 2667 2929 2723 illud
2965 2667 3239 2733 incidens,
3273 2667 3422 2738 quod
3451 2663 3715 2737 apostolus

2139 2757 2358 2823 Petrus,
2392 2773 2462 2811 ne
2503 2757 2858 2812 incurramus
2887 2757 3146 2812 enuntiat
3178 2775 3190 2810 :
3227 2758 3400 2825 Quasi
3438 2756 3612 2816 liberi,
3641 2752 3716 2806 in-

2139 2845 2278 2918 quit,
2313 2848 2477 2914 agitc,
2509 2852 2558 2900 et
2599 2861 2711 2900 non
2747 2849 2908 2915 quasi
2940 2849 3188 2900 veta-men
3227 2847 3482 2900 habentes
3508 2843 3720 2896 malitis

2139 2935 2447 2989 libertatem
2486 2934 2544 3008 (I
2584 2937 2728 2989 Petr.
2791 2933 2866 2998 ιι).
2920 2935 3128 2990 Beatus
3175 2950 3405 3006 quoque
3458 2925 3722 3004 apostolus

2138 3023 2348 3078 Paulus
2383 3041 2394 3076 :
2442 3025 2532 3082 Vos
2569 3026 2739 3090 enim,
2773 3023 2976 3095 inquit,
3007 3027 3071 3078 in
3102 3025 3362 3078 libertate
3388 3025 3563 3080 vocati
3589 3022 3719 3080 estis,

2137 3113 2360 3180 fratres,
2393 3111 2450 3166 id
2480 3118 2584 3180 est,
2618 3119 2683 3166 ut
2710 3111 2952 3166 absoluti
2980 3111 3104 3166 sitis
3131 3128 3166 3166 a
3195 3111 3578 3167 dominatione
3605 3123 3722 3180 pec-

2137 3201 2268 3267 cati,
2295 3207 2536 3268 tantum,
2560 3217 2627 3255 ne
2647 3201 2955 3256 libertatem
2976 3204 3039 3255 in
3059 3205 3344 3256 occasione
3374 3203 3558 3256 carnis
3579 3199 3717 3260 detis,

2135 3289 2192 3342 id
2215 3295 2318 3356 est,
2334 3289 2760 3344 frustrationem
2780 3289 3047 3361 legalium
3068 3297 3482 3362 praeceptorum
3500 3285 3722 3342 credatis

2135 3395 2257 3432 esse
2303 3378 2586 3432 licentiam
2623 3379 2909 3433 vitiorum.
2969 3379 3097 3433 Haec
3134 3395 3265 3433 vero
3317 3377 3563 3438 libertas,
3605 3374 3724 3448 quia

2135 3482 2434 3538 nusquam,
2460 3466 2569 3521 nisi
2599 3465 2676 3520 ibi
2699 3466 2774 3521 sit
2801 3472 3048 3532 tantum,
3071 3465 3166 3522 ubi
3187 3467 3466 3522 Dominus
3493 3479 3722 3520 commo-

2136 3560 2315 3621 ratur,
2345 3555 2554 3610 Paulus
2585 3556 2874 3626 apostolus
2904 3556 3066 3610 docet
3093 3573 3104 3608 :
3131 3557 3427 3616 Dominus,
3459 3553 3722 3625 inquiens,

2135 3647 2368 3713 spiritus
2395 3651 2470 3697 est
2503 3661 2519 3695 :
2551 3646 2651 3698 ubi
2674 3651 2860 3699 autem
2880 3648 3112 3714 spiritus
3140 3645 3388 3709 Domini,
3415 3645 3496 3698 ibi
3515 3643 3724 3698 libertas

2137 3731 2222 3802 (II
2247 3734 2370 3790 Cor.
2415 3736 2512 3802 III).
2547 3734 2904 3804 Quapropter
2937 3734 3136 3803 ignoro
3171 3739 3371 3788 utrum
3399 3734 3548 3787 hunc
3589 3729 3724 3784 beati

2139 3822 2378 3893 apostoli
2407 3837 2654 3890 sensum,
2686 3821 2832 3877 sicut
2859 3821 2918 3876 hi
2949 3822 3044 3894 qui
3085 3821 3300 3894 experti
3331 3828 3468 3878 sunt
3493 3820 3724 3892 sapiunt.

2139 3910 2452 3981 exprimere
2499 3917 2669 3982 amne
2719 3911 3002 3966 elucidare
3039 3910 3353 3982 potuerim;
3391 3926 3566 3966 unum
3601 3908 3725 3972 scio,

2139 3999 2492 4070 apertissime
2512 4000 2676 4055 illum
2704 4001 2876 4060 etiam
2896 4001 3018 4055 sine
3037 3999 3388 4072 expositione
3410 4001 3729 4072 cujusquam

2139 4088 2398 4142 omnibus
2435 4089 2665 4165 servari,
2710 4089 2806 4160 qui
2847 4089 3168 4160 practicem.
3220 4087 3277 4142 id
3318 4095 3424 4156 est,
3468 4085 3728 4142 actualem

2137 4176 2381 4246 perfecte
2421 4177 2711 4232 tenuerint
2755 4177 3130 4249 disciplinam.
3165 4178 3291 4232 Non
3333 4178 3488 4232 enim
3519 4176 3727 4231 labora-

2137 4263 2297 4331 bunt,
2332 4271 2397 4319 ut
2425 4265 2575 4336 quod
2599 4267 2722 4336 jam
2754 4267 3040 4338 operando
3067 4266 3392 4322 didicerunt
3427 4264 3732 4335 intelligant

2139 4353 2495 4424 disputando.
2529 4353 2634 4409 Sed
2664 4371 2767 4425 per
2795 4357 3141 4420 charitatem,
3176 4355 3382 4427 inquit,
3417 4358 3612 4412 ser-vite
3647 4356 3732 4406 in-

2137 4445 2326 4496 vicem.
2365 4443 2554 4514 (Aug.)
2577 4443 2686 4508 Qui
2715 4444 2866 4498 enim
2897 4460 2998 4516 per
3017 4444 3352 4500 charitatem
3383 4443 3554 4499 servit
3579 4440 3727 4500 liber.

2140 4537 2198 4585 et
2251 4532 2440 4596 servit,
2482 4537 2541 4587 et
2597 4533 2718 4588 sine
2777 4533 3006 4588 miseria
3051 4531 3406 4604 obtemperat
3457 4533 3574 4588 Deo
3617 4545 3733 4585 cum

2143 4636 2334 4674 amore
2382 4620 2636 4676 faciendo
2683 4623 2832 4694 quod
2895 4621 3146 4688 docetur,
3197 4637 3312 4677 non
3367 4639 3500 4678 cum
3541 4621 3734 4674 timore

2143 4709 2292 4780 quod
2320 4710 2558 4781 cogitur.
2577 4711 2734 4766 Tunc
2764 4711 2916 4765 enim
2944 4727 3046 4765 nos
3075 4711 3320 4765 charitas
3340 4727 3376 4765 a
3398 4712 3540 4782 jugo
3569 4708 3734 4781 culpa:

2141 4797 2347 4854 liberos
2378 4799 2581 4867 reddit,
2615 4817 2744 4855 cum
2765 4800 3007 4854 vicissim
3036 4816 3138 4854 nos
3168 4805 3425 4854 nostrum
3456 4815 3559 4870 per
3585 4811 3734 4851 amo-

2141 4903 2264 4940 rem
2289 4888 2520 4943 servitio
2539 4888 2662 4960 subj
2670 4889 2783 4956 icit,
2811 4895 2868 4943 et
2885 4905 3014 4944 cum
3034 4889 3221 4943 aliena
3239 4893 3434 4942 nostra
3455 4886 3605 4942 bona
3620 4898 3734 4940 cre-

2143 4975 2349 5042 dimus,
2369 4982 2426 5030 et
2436 4983 2630 5032 nostra
2639 4978 2766 5032 aliis
2785 4978 2946 5048 quasi
2961 4995 3066 5033 sua
3081 4979 3379 5032 offerentes
3397 4975 3734 5031 exhibemus.

2149 5064 2424 5134 (Hieron.)
2446 5067 2609 5121 Hunc
2635 5067 2821 5122 locum
2851 5084 2962 5138 quo
2988 5067 3126 5122 dicit
3154 5085 3166 5119 :
3202 5068 3292 5121 Vos
3321 5068 3472 5120 enim
3495 5067 3560 5118 in
3585 5063 3739 5117 liber-

2148 5159 2314 5207 tatem
2334 5158 2511 5209 vocati
2537 5159 2682 5221 estis,
2713 5158 2938 5224 fratres,
2972 5162 3080 5210 etc.
3115 5156 3250 5227 quia
3277 5154 3436 5209 valde
3476 5151 3740 5208 obscurus

2147 5247 2252 5307 est,
2275 5241 2345 5295 de
2367 5243 2572 5298 dicimo
2595 5244 2944 5298 Stromatum
2965 5243 3108 5298 libro
3131 5243 3424 5298 transferri
3444 5239 3655 5313 placuit
3673 5236 3739 5291 ad

2147 5330 2378 5385 verbum
2404 5351 2414 5384 :
2441 5348 2554 5386 non
2584 5332 2733 5403 quod
2762 5332 2984 5402 singula
3005 5349 3118 5386 non
3146 5331 3364 5403 possint
3391 5330 3508 5386 suis
3537 5327 3670 5383 locis
3689 5331 3742 5378 et

2147 5419 2404 5473 sensibus
2435 5419 2720 5490 explanari
2760 5437 2770 5472 :
2805 5421 2903 5474 sed
2935 5421 3084 5492 quod
3126 5437 3160 5474 a
3204 5419 3480 5492 superiori
3519 5413 3741 5486 negotio

2146 5514 2426 5578 separata,
2465 5525 2639 5562 unum
2671 5508 2894 5563 difficile
2935 5525 3139 5580 corpus
3179 5509 3427 5564 eﬂiciant
3459 5525 3470 5558 :
3507 5512 3568 5560 et
3592 5503 3638 5557 si
3667 5502 3740 5555 sic

2146 5596 2535 5666 intelligantur
2555 5603 2617 5650 ut
2636 5605 2921 5658 resonant.
2947 5599 3414 5668 inconsequenter
3430 5601 3490 5651 et
3509 5593 3739 5662 abrupte
