3880 6146
262 331 350 386 345

670 329 1248 386 ENARRATIONUM
1282 330 1362 384 IN
1398 329 1551 384 EPP:
1594 331 1810 386 PAULI
1847 331 1984 386 LIB.
2025 331 2170 385 XVI.
2207 361 2270 372 —
2302 333 2379 387 IN
2407 331 2629 387 EPIST.
2663 331 2759 386 AD
2798 331 3054 386 GALAT.

3401 331 3504 386 346

261 472 549 528 repugnare
592 457 741 511 inter
785 473 864 522 se,
919 462 978 510 et
1021 463 1234 510 scatere
1280 457 1594 510 videantur.
1631 457 1894 525 (0rig.)A
1914 466 2033 514 toto
2055 462 2241 526 corde,
2273 477 2338 513 ex
2365 464 2486 512 tota
2511 457 2719 523 anima,
2750 473 2816 510 ex
2843 462 2964 510 tota
2991 465 3180 511 mente
3208 459 3388 512 Deum
3415 459 3501 513 di-

258 545 492 614 Origenis
520 546 708 616 itaque
743 546 860 600 haec
887 543 1056 599 verba
1083 550 1248 598 sunt:
1272 544 1524 598 Difﬁcilis
1542 545 1696 599 locus
1716 552 1820 611 est,

255 641 305 687 et
327 633 401 686 ita
424 633 582 687 nobis
625 634 986 688 disserendus
1011 633 1249 687 videtur.
1283 633 1390 696 Qui
1435 632 1578 687 liber
1623 639 1726 695 est,
1769 643 1826 688 et

253 722 416 776 altiori
446 739 614 776 sensu
642 723 905 794 spiritum
934 729 992 776 et
1009 722 1304 776 veritatem
1326 721 1599 792 sequitur,
1624 739 1824 793 praece-

251 811 427 866 dentes
453 817 512 865 et
541 819 706 884 typos
736 812 1046 866 contemnit
1073 816 1129 864 et
1157 810 1405 864 litteram
1429 829 1442 878 ;
1475 827 1588 865 non
1618 811 1824 866 idcirco

251 898 395 953 debet
422 899 667 954 minores
695 899 1002 972 despicere,
1038 907 1096 954 et
1137 899 1486 954 occasionem
1533 899 1667 954 dare
1711 901 1819 967 his,

249 988 332 1060 qui
355 1005 464 1043 non
491 996 733 1060 possunt
771 990 982 1044 sentire
1027 988 1341 1054 sublimius,
1373 989 1442 1042 de
1494 1005 1553 1043 se
1599 989 1824 1061 penitus

247 1078 559 1148 desperandi
583 1098 596 1146 ;
627 1078 762 1134 licet
789 1079 940 1134 enim
968 1079 1177 1134 infirmi
1215 1079 1330 1132 sint
1357 1083 1415 1132 et
1440 1095 1570 1132 caro
1598 1095 1824 1150 compa-

247 1166 442 1220 ratione
498 1167 734 1238 spiritus
785 1168 1157 1240 appellentur,
1199 1183 1327 1222 caro
1374 1172 1565 1221 tamen
1617 1168 1825 1222 Christi

245 1261 376 1311 sunt.
410 1255 468 1310 Si
504 1257 662 1310 enim
691 1257 960 1328 intelligit
983 1257 1318 1328 mysterium
1347 1257 1636 1310 charitatis
1661 1257 1821 1311 infir-

245 1342 496 1398 mioribus
515 1345 834 1408 servientis,
859 1344 1027 1399 faciat
1047 1345 1258 1416 aliquid
1288 1350 1518 1416 propter
1545 1345 1818 1411 infirmos,

241 1448 304 1486 ne
326 1432 382 1486 in
407 1432 647 1487 scientia
677 1450 781 1488 sua
805 1433 981 1488 frater
1024 1439 1238 1505 pereat,
1271 1450 1373 1505 pro
1417 1449 1527 1504 quo
1565 1433 1822 1488 Christus

241 1527 316 1575 est
340 1527 616 1576 mortuus.
650 1522 965 1592 Diligenter
992 1522 1182 1594 itaque
1210 1523 1456 1588 attende,
1489 1538 1563 1576 an
1593 1539 1658 1576 ex
1687 1538 1821 1576 con-

237 1609 589 1680 sequentibus
619 1627 822 1665 sensus
854 1611 959 1666 iste
988 1616 1229 1666 texatur.
1249 1613 1355 1676 Vos,
1378 1611 1580 1682 inquit,
1593 1613 1818 1679 fratres,

235 1703 289 1752 in
317 1700 624 1753 libertatem
645 1703 828 1754 vocati
855 1703 998 1754 estis.
1031 1700 1289 1754 Forsitan
1335 1700 1482 1766 ideo,
1535 1701 1666 1771 quia
1709 1718 1822 1755 non

1908 548 2052 619 ligit,
2085 549 2284 619 diligat
2311 554 2369 601 et
2396 546 2713 618 proximum
2744 550 3016 616 tanquam
3045 545 3291 617 seipsum
3325 566 3336 601 :
3371 547 3503 618 quia

1909 637 2012 691 hoc
2037 637 2200 707 jubet
2233 637 2325 692 ille
2355 652 2523 706 quem
2551 651 2616 688 ex
2645 640 2766 688 toto
2810 634 2995 700 corde,
3027 651 3093 688 ex
3129 639 3249 689 tota
3289 635 3498 702 anima,

1908 743 1974 779 ex
2003 732 2124 781 tota
2153 730 2340 780 mente
2373 723 2574 794 diligit.
2609 723 2769 788 Item,
2805 723 3038 793 diligere
3066 724 3403 794 proximum,
3445 725 3498 779 id

1908 820 2011 879 est,
2041 830 2270 868 omnem
2299 813 2586 867 hominem
2615 817 2887 882 tanquam
2917 828 2977 866 se
3007 811 3212 882 ipsum,
3247 812 3372 882 quis
3399 830 3500 884 po-

1904 909 2035 970 test,
2069 903 2176 957 nisi
2205 903 2385 958 Deum
2414 901 2630 972 diligat,
2662 901 2822 971 cujus
2848 907 3125 972 praecepto
3155 905 3213 955 et
3237 901 3384 954 dono
3412 902 3498 956 di-

1906 993 2202 1047 lectionem
2223 991 2460 1063 proximi
2481 989 2658 1062 possit
2676 988 2947 1060 implere‘?
2966 991 3108 1044 Cum
3125 1006 3259 1060 ergo
3277 994 3499 1044 utrum-

1909 1098 2016 1152 que
2038 1087 2379 1152 praeceptum
2406 1080 2484 1133 ita
2515 1079 2606 1145 sit,
2629 1085 2695 1133 ut
2723 1094 2793 1132 ne
2821 1095 2999 1133 unum
3029 1078 3150 1132 sine
3179 1078 3357 1133 altero
3378 1096 3502 1150 pos-

1907 1171 1983 1224 sit
1999 1170 2196 1233 teneri,
2232 1169 2404 1222 etiam
2430 1184 2608 1222 unum
2647 1167 2846 1220 horum
2895 1183 3336 1222 commemorare
3379 1169 3499 1239 ple-

1905 1275 2143 1330 rumque
2173 1257 2396 1323 sufficit,
2429 1274 2558 1311 cum
2588 1255 2776 1326 agitur
2815 1256 2884 1310 de
2927 1255 3188 1327 operibus
3215 1257 3450 1326 justitiee
3478 1276 3494 1310 τ

1904 1347 2002 1400 sed
2021 1346 2352 1417 oportunius
2366 1345 2524 1412 illud,
2544 1345 2615 1399 de
2628 1361 2738 1414 quo
2771 1343 3007 1415 quisque
3030 1344 3252 1400 facilius
3272 1345 3500 1400 convin-

1903 1435 2234 1490 citur.Unde
2245 1436 2488 1489 Joannes
2499 1433 2648 1488 dicit:
2659 1435 2766 1500 Qui
2775 1436 2924 1487 enim
2936 1449 3048 1487 non
3062 1435 3252 1502 diligit
3263 1435 3499 1502 fratrem

1904 1541 2064 1594 quem
2084 1526 2244 1590 videt,
2280 1525 2470 1589 Deum,
2505 1539 2666 1592 quem
2699 1539 2812 1576 non
2845 1523 3008 1585 videt,
3039 1523 3305 1590 quomodo
3331 1527 3500 1592 potest

1901 1614 2130 1681 diligere
2145 1618 2170 1666 ?
2199 1614 2246 1680 (Ι
2259 1612 2420 1667 Joan.
2439 1615 2536 1681 Iv).
2562 1610 2982 1666 Mentiebantur
2998 1609 3228 1682 quidam
3247 1609 3499 1666 dilectio-

1903 1717 2032 1756 nem
2054 1718 2114 1754 se
2134 1701 2235 1755 Dei
2255 1701 2481 1767 habere,
2500 1707 2558 1754 et
2584 1701 2653 1754 de
2677 1701 2804 1754 odio
2828 1699 3078 1754 fraterno
3099 1715 3224 1753 eam
3247 1717 3358 1754 non
3396 1699 3498 1754 ha-

234 1802 410 1841 omnes
440 1788 798 1843 vocationem
830 1795 1092 1860 poterant
1119 1805 1318 1860 capere
1348 1789 1624 1844 libertatis
1647 1808 1660 1854 ;
1691 1801 1885 1860 pro-B
1902 1790 2034 1844 bere
2064 1789 2554 1856 convincebantur,
2578 1791 2648 1844 de
2671 1807 2780 1861 quo
2805 1789 3064 1860 judicare
3084 1789 3143 1842 in
3172 1788 3500 1860 quotidiana

229 1884 340 1946 pter
381 1877 533 1948 quod
581 1893 737 1932 nunc
785 1877 1010 1945 auditis,
1046 1883 1267 1932 tantum
1314 1895 1380 1932 ne
1424 1879 1730 1933 libertatem
1761 1883 1822 1933 in

229 1967 546 2019 occasionem
618 1967 756 2020 detis
825 1970 1032 2021 carnis.
1089 1968 1196 2020 Per
1248 1967 1604 2021 dilectionem
1671 1969 1820 2022 enim

227 2059 429 2128 oportet
477 2054 803 2109 minoribus
835 2056 1055 2122 .servire
1104 2057 1367 2127 majores,
1402 2056 1536 2128 quia
1571 2057 1666 2128 qui
1703 2058 1822 2112 vult

226 2159 336 2196 esse
355 2145 566 2214 major,
597 2144 706 2198 erit
734 2144 986 2198 omnium
1015 2161 1226 2199 servus.
1268 2146 1463 2216 Neque
1491 2161 1623 2216 ergo
1653 2147 1819 2216 spiri-

225 2231 338 2285 talis
373 2231 595 2286 laceret
626 2233 836 2286 Christi
864 2249 1078 2299 carnes,
1111 2250 1292 2304 neque
1333 2234 1680 2288 occasionem
1709 2235 1819 2289 illis

225 2319 439 2384 tribuat,
473 2327 548 2375 ut
581 2337 643 2376 se
673 2321 1035 2376 remordeant
1061 2327 1477 2393 provocantem,
1500 2339 1573 2377 ne
1593 2322 1663 2377 ab
1684 2323 1820 2377 invi-

224 2426 330 2464 cem
358 2416 797 2465 consumantur.
825 2413 1010 2481 (Aug.)
1033 2411 1164 2466 Haec
1193 2416 1278 2466 est
1305 2427 1433 2483 spes
1460 2418 1671 2478 nostra,
1704 2418 1770 2467 ut
1789 2429 1822 2466 a

225 2499 387 2553 libero
407 2498 750 2566 liberemur,
770 2505 826 2554 et
847 2499 1136 2555 liberanda
1156 2517 1346 2555 servos
1367 2518 1470 2555 nos
1489 2500 1620 2556 fecit
1641 2520 1652 2554 :
1677 2501 1820 2556 servi

223 2589 358 2642 enim
379 2605 620 2644 eramus
634 2589 978 2661 cupiditatis,
992 2589 1216 2644 liberati
1237 2590 1513 2645 efficimur
1530 2591 1673 2644 servi
1693 2591 1821 2644 cha-

221 2678 406 2731 ritatis.
424 2679 558 2732 Hoc
579 2685 638 2732 et
657 2679 958 2750 Apostolus
979 2679 1116 2733 dicit
1140 2697 1150 2731 :
1187 2681 1294 2744 Vos,
1319 2681 1543 2747 fratres,
1571 2683 1634 2733 in
1653 2682 1820 2734 liber-

223 2771 370 2820 tatem
391 2784 524 2820 voca
533 2771 584 2820 ti
596 2770 739 2832 estis,
760 2772 980 2820 tantum
1003 2784 1069 2821 ne
1083 2769 1388 2822 libertatem
1404 2772 1468 2822 in
1489 2772 1820 2822 occasionem

217 2856 340 2908 detis
363 2859 588 2920 carnis,
621 2857 714 2908 sed
735 2871 837 2924 per
857 2856 1182 2910 charitatem
1201 2859 1395 2910 servile
1416 2859 1668 2910 invicem.
1695 2857 1820 2911 Non

218 2960 338 3014 ergo
367 2943 525 2999 dicat
553 2943 908 2998 Christianus
938 2962 949 2996 :
973 2943 1142 2998 Liber
1159 2961 1304 3010 sum,
1324 2945 1381 2998 in
1398 2945 1716 3000 libertatem
1733 2963 1824 2999 vo-

215 3041 360 3086 catus
383 3049 516 3087 sum
549 3052 562 3099 ;
600 3048 794 3086 servus
823 3049 994 3099 eram,
1017 3033 1117 3088 sed
1139 3034 1463 3104 redemptus
1476 3034 1823 3105 sum,etipsa

1901 1879 2015 1933 vita
2037 1885 2094 1933 et
2121 1879 2370 1933 moribus
2399 1879 2558 1932 facile
2589 1886 2690 1932 est.
2736 1880 3004 1946 (Hieron)
3038 1877 3338 1949 Apostolus
3365 1894 3498 1948 ergo

1903 1981 2030 2021 cum
2077 1974 2225 2022 esset
2255 1967 2396 2021 liber
2433 1984 2499 2020 ex
2543 1966 2820 2032 omnibus,
2864 1967 3120 2021 omnium
3165 1982 3226 2020 se
3271 1972 3500 2038 propter

1903 2057 2239 2112 charitatem
2256 2073 2478 2110 servum
2499 2057 2648 2120 fecit,
2663 2061 2727 2109 ut
2745 2056 2934 2127 plures
2954 2055 3323 2111 lucrifaceret.
3339 2055 3500 2110 Unde

1902 2151 2051 2200 recte
2079 2147 2341 2200 hortatur
2384 2151 2442 2198 et
2471 2151 2720 2210 caeteros,
2755 2151 2816 2199 ut
2855 2162 2956 2215 per
3001 2145 3335 2199 charitatem
3393 2143 3498 2198 sibi

1900 2235 2164 2301 serviant,
2191 2251 2313 2306 quae
2341 2251 2453 2288 non
2481 2234 2683 2305 quaerit
2711 2234 2860 2304 quod
2889 2251 3055 2287 suum
3085 2239 3190 2300 est,
3221 2233 3319 2287 sed
3349 2234 3498 2304 quod

1904 2324 2160 2395 proximi.
2193 2324 2300 2388 Qui
2329 2324 2480 2377 enim
2507 2323 2625 2376 vult
2662 2322 2785 2375 ﬁeri
2833 2322 3067 2393 primus,
3095 2322 3203 2375 erit
3246 2321 3496 2376 omnium

1903 2429 2115 2480 servus,
2149 2417 2215 2466 ut
2243 2411 2522 2484 quomodo
2556 2411 2811 2465 Salvator
2829 2411 2889 2464 in
2908 2411 3088 2464 fbrma
3105 2410 3207 2465 Dei
3226 2410 3498 2465 constitu-

1902 2508 2012 2566 tus,
2040 2517 2150 2555 non
2174 2505 2438 2570 rapinam
2467 2501 2778 2554 arbitratus
2801 2506 2875 2553 est
2897 2517 3001 2552 esse.
3019 2516 3070 2552 se
3091 2502 3353 2568 aqualem
3372 2499 3496 2562 Deo,

1901 2592 1992 2644 sed
2009 2594 2242 2658 seipsum
2267 2592 2578 2642 exinanivit
2597 2591 2841 2656 formam
2861 2591 3005 2642 servi
3027 2591 3312 2657 accipiens,
3333 2593 3381 2642 et
3397 2589 3498 2642 ha-

1903 2680 2020 2732 bitu
2054 2681 2312 2732 inventus
2331 2683 2393 2731 ut
2413 2679 2586 2740 homo,
2609 2678 2931 2730 humiliavit
2959 2693 3030 2742 se,
3053 2677 3232 2744 factus
3253 2677 3499 2729 obediens

1903 2783 2071 2836 usque
2097 2769 2172 2820 ad
2195 2772 2440 2829 mortem,
2459 2771 2688 2820 mortem.
2709 2770 2897 2819 autem
2918 2768 3098 2818 crucis
3113 2766 3276 2831 (Phil.
3291 2768 3347 2832 ιι)
3375 2783 3388 2831 ;
3419 2764 3500 2818 ita

1903 2860 1961 2908 et
1980 2873 2080 2910 nos
2100 2872 2446 2927 quaecunque
2474 2861 2606 2908 ante
2635 2854 2740 2909 sub
2771 2854 2896 2924 lege
2946 2853 3278 2907 necessitate
3318 2852 3499 2907 facere

1900 2943 2246 3005 videbamur,
2281 2961 2427 2998 nunc
2461 2943 2707 2997 sciamus
2753 2941 2914 2996 nobis
2959 2941 3150 2996 liberis
3194 2943 3371 3012 magis
3401 2958 3501 3012 per

1903 3033 2234 3087 charitatem
2257 3050 2377 3087 esse
2396 3032 2668 3086 facienda.
2692 3033 2935 3086 Tantum
2959 3037 3148 3087 autem
3177 3029 3386 3084 bonum
3415 3038 3499 3084 est

217 3121 605 3192 redemptione
638 3120 778 3174 liber
802 3121 1030 3175 effectus
1068 3139 1226 3188 sum;
1260 3121 1460 3176 faciam
1495 3123 1644 3192 quod
1675 3123 1816 3188 volo,
1840 3117 2167 3187 Ccharitas,
2201 3128 2266 3176 ut
2293 3123 2474 3175 omnis
2519 3123 2608 3175 lex
2643 3121 2702 3174 in
2748 3121 2846 3174 illa
2891 3120 3311 3192 recapituletur.
3345 3119 3497 3172 Enu-

215 3226 367 3263 nemo
396 3227 491 3264 me
529 3209 833 3280 prohibeat
861 3227 895 3264 a
923 3211 1208 3265 voluntate
1240 3227 1367 3265 mea
1405 3211 1452 3264 si
1484 3210 1626 3264 liber
1671 3228 1815 3265 sum.

215 3298 313 3351 Sed
339 3299 388 3352 si
417 3299 545 3352 ista
571 3299 860 3352 voluntate
891 3306 1178 3368 peccatum
1198 3300 1354 3366 facis,
1378 3317 1571 3354 servus
1600 3317 1660 3353 es
1690 3317 1818 3371 pec-

213 3386 330 3439 cati.
356 3387 488 3441 Noli
529 3403 668 3458 ergo
693 3386 952 3442 libertate
971 3387 1126 3442 abuti
1153 3389 1224 3442 ad
1253 3389 1426 3442 libere
1455 3389 1816 3460 peccandum,

212 3475 300 3528 sed
328 3483 491 3530 utere
535 3476 606 3529 ad
655 3493 767 3530 non
804 3477 1144 3547 peccandum
1178 3496 1189 3530 :
1222 3477 1330 3532 erit
1365 3477 1516 3532 enim
1563 3478 1820 3531 voluntas

214 3569 302 3618 tua
328 3563 542 3632 libera,
578 3565 626 3618 si
654 3565 827 3620 fuerit
854 3565 948 3636 pia
972 3585 985 3630 ;
1019 3566 1130 3618 eris
1160 3565 1318 3632 liber,
1341 3567 1388 3621 si
1408 3567 1582 3621 fueris
1603 3581 1836 3621 servusr

213 3652 340 3707 liber
352 3654 604 3725 peccati,
633 3670 825 3708 servus
839 3654 1092 3724 justitiaz.
1118 3652 1220 3708 Sed
1233 3671 1334 3723 per
1353 3657 1695 3720 charitatem,
1731 3656 1818 3709 in-

213 3742 341 3812 quit,
374 3745 586 3797 servite
623 3746 857 3796 invicem
884 3762 900 3797 :
932 3742 1081 3812 quod
1112 3742 1234 3796 fieri
1258 3759 1371 3797 non
1388 3749 1591 3814 potest,
1614 3744 1720 3798 nisi
1743 3743 1820 3798 al-

213 3832 376 3886 terius
399 3830 810 3885 infirmitatem
837 3831 1072 3903 quisque
1091 3831 1314 3898 habeat,
1351 3832 1512 3903 quasi
1542 3849 1722 3899 suam,
1755 3839 1821 3886 ut

213 3934 326 3972 eam
347 3920 758 3991 equanimiter
784 3919 945 3988 ferat,
977 3921 1172 4004 donec,
1203 3920 1274 3974 ab
1302 3937 1370 3975 ea
1414 3920 1684 3975 liberetur
1725 3921 1819 3974 ille

210 4009 361 4078 cujus
379 4016 558 4064 curat
571 4010 833 4063 salutem.
862 4011 1054 4064 Omnis
1075 4013 1226 4064 enim
1247 4013 1332 4064 lea:
1353 4013 1416 4064 in
1435 4027 1548 4064 uno
1574 4026 1819 4064 sermone

215 4100 471 4166 impletur
491 4118 512 4152 :
528 4100 734 4166 Diliges
745 4102 1068 4167 proximum
1090 4105 1186 4152 tuu
1199 4116 1251 4152 m
1271 4105 1540 4168 tanquam
1563 4102 1812 4168 leipsum.

211 4186 386 4248 Quzeri
407 4192 614 4242 autem
635 4192 838 4258 potest,
862 4204 962 4240 cur
973 4189 1274 4258 Apostolus
1295 4193 1352 4240 et
1369 4187 1460 4241 hic
1479 4187 1656 4240 solam
1671 4204 1817 4240 com-

212 4276 549 4330 memoravit
597 4275 836 4346 proximi
882 4275 1257 4342 dilectionem,
1291 4293 1404 4347 qua
1452 4276 1633 4346 legem
1679 4276 1818 4332 dixit

211 4363 445 4435 impleri,
484 4369 548 4419 et
575 4365 647 4418 ad
681 4365 980 4426 Romanos,
1013 4382 1138 4419 cum
1171 4365 1229 4418 in
1265 4365 1463 4418 eadem
1509 4364 1816 4435 quaestione

1901 3217 2084 3265 merat
2114 3217 2170 3264 et
2207 3210 2264 3264 in
2293 3210 2404 3264 alio
2441 3211 2562 3264 loco
2589 3211 2892 3280 Apostolus
2920 3209 3210 3264 charitatis
3237 3207 3383 3262 bona
3410 3207 3496 3261 di-

1901 3316 2032 3352 cens
2063 3317 2074 3352 :
2109 3301 2226 3354 Non
2265 3303 2493 3370 :r’alur,
2532 3315 2643 3352 non
2671 3301 2789 3366 agit
2814 3315 3107 3368 perperam
3140 3300 3192 3364 (Ι
3217 3298 3336 3352 Cor.
3355 3296 3494 3365 xm);

1902 3389 2206 3460 multisque
2227 3388 2284 3442 in
2305 3389 2490 3442 medio
2513 3387 2816 3458 replicatis,
2838 3387 2896 3440 in
2917 3389 3028 3440 fine
3049 3386 3330 3441 concludit
3348 3404 3359 3438 :
3377 3387 3500 3440 0m-

1905 3482 2013 3531 nitr
2032 3483 2227 3546 sperat,
2255 3481 2444 3531 omnia
2473 3480 2704 3530 sustinet
2726 3495 2741 3541 ;
2777 3477 3022 3530 charitas
3042 3491 3335 3545 nunquam
3355 3478 3498 3529 exci-

1901 3567 2010 3629 dit;
2047 3571 2104 3620 et
2132 3565 2386 3620 Salvator
2424 3565 2481 3618 in
2531 3566 2830 3635 Evangelio
2871 3566 2975 3619 hoc
3009 3565 3233 3636 signum
3281 3563 3368 3617 sui
3419 3563 3498 3616 ait

1903 3670 2022 3707 esse
2052 3653 2328 3726 discipuli,
2355 3654 2401 3706 si
2435 3653 2632 3724 diligat
2672 3653 2990 3724 proximum
3024 3671 3035 3705 :
3071 3651 3218 3723 quod
3269 3651 3494 3722 quidem

1902 3747 2036 3813 puto
2063 3758 2176 3795 non
2205 3741 2386 3796 solum
2419 3741 2758 3807 hominibus,
2792 3742 2889 3795 sed
2917 3742 3089 3794 etiam
3119 3741 3334 3810 angelis
3359 3756 3494 3794 con-

1900 3831 2110 3884 venire.
2142 3830 2282 3884 Aliis
2321 3829 2503 3884 verbis
2543 3830 2600 3884 id
2645 3830 2829 3901 ipsum
2873 3829 3079 3883 dicitur
3109 3847 3120 3881 :
3157 3830 3309 3896 Quod
3345 3829 3496 3885 vobis

1901 3922 2026 3987 ﬁeri
2052 3936 2164 3973 non
2194 3922 2382 3985 vultis,
2405 3921 2576 3987 alteri
2597 3936 2663 3973 ne
2688 3920 2924 3986 feceritis
2956 3936 2972 3970 :
3003 3923 3052 3970 et
3079 3934 3197 3986 quae
3223 3920 3410 3983 vultis,
3435 3924 3495 3971 ut

1898 4010 2114 4076 faciant
2132 4009 2278 4061 vobis
2299 4008 2566 4073 homines,
2585 4009 2694 4062 haec
2721 4007 2905 4061 eadem
2935 4012 2984 4060 et
3011 4022 3100 4060 vos
3127 4008 3202 4060 eis
3231 4007 3396 4074 facile
3413 4009 3490 4058 si-

1899 4099 2110 4151 militer
2138 4098 2354 4165 (Matth.
2379 4099 2494 4166 vn).
2528 4097 2670 4151 Nolo
2691 4095 2998 4150 adulterari
3029 4111 3258 4150 uxorem
3287 4111 3492 4153 meam.

1900 4186 2028 4239 nolo
2047 4185 2418 4240 substantiam
2439 4186 2627 4258 diripi,
2654 4186 2782 4240 nolo
2804 4203 2893 4240 me
2913 4185 3052 4238 falso
3073 4184 3313 4256 opprimi
3343 4185 3497 4238 testi-

1899 4274 2109 4340 monio,
2133 4280 2190 4328 et
2216 4283 2279 4329 ut
2306 4282 2507 4330 cuncta
2533 4275 2686 4330 brevi
2715 4292 2972 4330 sermone
2999 4274 3493 4345 comprehendam,

1898 4363 2127 4434 indigne
2155 4363 2272 4416 fero
2301 4364 2511 4434 aliquid
2544 4364 2683 4418 mihi
2713 4364 2834 4417 fieri
2886 4363 3035 4434 quod
3084 4362 3359 4433 injustum
3389 4369 3492 4416 est.

213 4460 568 4508 versaretur:
597 4454 708 4520 Qui
729 4455 880 4506 enim
899 4455 1086 4521 diligit
1113 4457 1378 4516 alterum,
1411 4453 1613 4524 inquit,
1648 4457 1814 4522 legem
1833 4477 1880 4536 Β
1901 4453 2030 4506 Haec
2060 4452 2256 4506 eadem
2281 4452 2327 4505 si
2349 4469 2450 4523 per
2467 4453 2800 4507 charitatem
2829 4452 2887 4504 in
2918 4468 3007 4504 me
3039 4456 3386 4522 operantem,
3413 4451 3494 4503 vel

211 4543 454 4608 implebit
489 4559 502 4594 :
541 4557 676 4595 nam
701 4557 815 4594 non
832 4542 1193 4606 adulterabis,
1219 4558 1331 4596 non
1355 4543 1718 4595 homicidium
1733 4545 1817 4610 fa-

211 4632 326 4691 cies,
371 4647 492 4684 non
531 4630 838 4697 furaberis,
888 4646 1000 4684 non
1029 4633 1381 4699 concupisces,
1420 4636 1470 4684 et
1495 4633 1546 4683 si
1572 4632 1715 4700 quod
1743 4637 1817 4683 est

210 4719 367 4772 aliud
386 4719 729 4771 mandatum
749 4721 813 4772 in
831 4718 928 4773 hoc
941 4735 1186 4773 sermone
1202 4722 1610 4788 recapitulatur
1631 4739 1646 4772 :
1671 4720 1814 4772 Dili-

211 4820 290 4868 ges
305 4809 484 4874 promi
487 4822 643 4858 mum
673 4812 836 4860 tuum
853 4811 1117 4876 tanquam
1139 4809 1814 4877 tcipsum.1)ileclioproa‘i-

214 4897 288 4947 mi
313 4899 538 4948 malum
568 4910 682 4947 non
701 4900 963 4962 operatur
985 4915 1000 4948 :
1019 4897 1305 4963 plenitudo
1323 4902 1508 4950 autem
1539 4898 1669 4962 legis
1691 4896 1814 4948 cha-

215 4986 344 5037 ritas
375 4985 558 5051 (Rom.
592 4983 884 5050 x1u).Cum
905 4999 1037 5053 ergo
1058 4983 1164 5037 nisi
1191 4983 1247 5038 in
1277 4983 1494 5038 duobus
1520 4984 1814 5056 praeceptis

210 5069 525 5124 dilectionis
547 5070 652 5124 Dei
685 5077 744 5124 et
762 5069 1020 5140 proximi,
1046 5071 1293 5142 perfecta
1326 5071 1400 5125 sit
1425 5072 1690 5136 charitas,
1715 5089 1816 5126 cur

213 5157 530 5228 Apostolus,
549 5158 680 5212 etin
702 5159 824 5224 hac,
843 5165 900 5213 et
926 5159 986 5213 in
1005 5159 1102 5213 illa
1123 5159 1361 5230 epistola
1379 5159 1554 5214 solam
1574 5160 1814 5231 proximi

216 5244 570 5300 dilectionem
599 5248 1050 5302 commemorat?
1077 5248 1186 5302 nisi
1227 5248 1359 5320 quia
1405 5248 1475 5302 de
1517 5248 1814 5303 dilectione

217 5333 306 5388 Dei
324 5341 570 5405 possunt
595 5335 828 5389 mentiri
863 5336 1135 5402 homines,
1169 5337 1302 5408 quia
1343 5337 1586 5391 rariores
1626 5343 1812 5391 tenta-

215 5422 389 5477 tiones
405 5439 532 5478 eam
553 5423 816 5494 probant.
846 5424 910 5478 In
931 5425 1226 5480 dilectione
1247 5432 1438 5481 autem
1459 5425 1697 5498 proximi
1729 5425 1812 5478 fa-

213 5511 366 5564 cilius
388 5513 802 5566 convincuntur
819 5529 944 5566 eam
963 5530 1076 5568 non
1097 5513 1322 5582 habere,
1339 5531 1468 5569 cum
1482 5515 1672 5586 inique
1681 5531 1809 5569 cum

217 5597 532 5654 hominibus
557 5608 755 5670 agunt.
778 5602 1136 5673 Consequens
1163 5609 1251 5656 est
1285 5610 1496 5666 autem,
1515 5611 1580 5657 ut
1617 5605 1713 5673 qui
1743 5621 1810 5658 ex

1897 4541 2080 4594 fecero
2127 4541 2310 4607 alteri,
2343 4541 2428 4595 vel
2478 4542 2724 4606 voluero,
2769 4541 2856 4593 lex
2897 4538 3080 4593 omnis
3120 4537 3352 4609 impleta
3387 4545 3489 4591 est.

1897 4632 2014 4685 Nec
2032 4629 2256 4684 difficile
2281 4637 2366 4684 est
2387 4630 2586 4684 (locere
2615 4628 2894 4700 quomodo
2914 4626 3176 4680 universa
3194 4632 3489 4697 praecepta,

1897 4735 2010 4772 non
2033 4719 2268 4786 occides,
2293 4735 2404 4772 non
2426 4717 2789 4781 adulterabis,
2815 4730 2926 4769 non
2945 4713 3240 4780 furaberis,
3265 4731 3377 4768 non
3397 4715 3494 4768 fal-

1895 4823 2021 4864 sum
2051 4807 2438 4862 testimonium
2465 4807 2632 4871 dices,
2667 4811 2724 4859 et
2748 4811 2951 4859 caetera
2995 4804 3082 4858 his
3123 4803 3349 4869 similia,
3382 4821 3496 4858 una

1895 4895 2186 4950 charitatis
2205 4895 2591 4949 observatione
2607 4899 2928 4947 teneantur.
2954 4895 3072 4947 Hoc
3089 4893 3384 4948 ostendere
3403 4909 3494 4946 ar-

1897 4985 2069 5038 duum
2100 4989 2204 5048 est,
2229 4983 2510 5054 quomodo
2526 4983 2721 5036 hostim
2743 5000 2986 5054 quoque,
3011 5000 3135 5054 quae
3171 4983 3228 5035 in
3252 4981 3494 5035 Levitico

1896 5079 2029 5126 sunt
2047 5078 2356 5143 praeceptae,
2383 5077 2442 5126 et
2459 5070 2712 5125 ciborum
2733 5072 2820 5126 vel
2847 5071 3206 5134 abstinentia,
3239 5087 3334 5123 vec
3364 5087 3492 5140 per-

1896 5161 2088 5214 missio
2109 5177 2236 5214 cum
2257 5161 2368 5214 alia
2392 5160 2620 5226 munda,
2641 5161 2754 5214 alia
2782 5161 3042 5214 dicantur
3059 5159 3367 5224 immunda,
3401 5176 3491 5212 so-

1894 5248 2244 5302 lemnitatem
2267 5265 2487 5320 quoque
2501 5249 2654 5319 jugis
2676 5266 2776 5320 per
2796 5265 2974 5303 annos
2989 5263 3267 5312 recursus,
3290 5247 3350 5300 in
3380 5262 3492 5301 uno

1894 5337 2186 5391 charitatis
2215 5344 2491 5409 praecepto
2537 5337 2980 5407 recapitulentur
3013 5353 3023 5388 :
3056 5335 3164 5390 nisi
3194 5335 3338 5390 forte
3369 5336 3493 5406 quis

1895 5425 1990 5480 illo
2012 5443 2072 5480 se
2092 5425 2482 5492 transferat,ut
2503 5425 2750 5480 affirmet
2765 5425 2946 5495 legem
2967 5423 3280 5496 spiritalem
3292 5431 3495 5491 esse,et

1891 5513 2232 5585 imaginibus
2243 5521 2301 5568 et
2309 5514 2719 5586 exemplaribus
2730 5530 2831 5568 nos
2843 5513 3155 5568 caelestium
3164 5513 3490 5573 deservisse,

1893 5610 2194 5674 antequam
2223 5621 2386 5658 verus
2426 5604 2672 5675 pontifex
2705 5602 2993 5656 adveniret
3025 5623 3035 5656 :
3069 5603 3166 5674 qui
3195 5608 3491 5673 postquam
