3880 6146
315 229 415 291 347

919 230 983 286 B.
1025 227 1296 306 RABANI
1335 227 1569 288 unum
1606 228 1914 306 ARCHIEP

1997 229 2285 290 mem.
2327 226 2627 298 orem
2663 225 2850 287 mas
2886 226 2988 300 ιιι.

3494 228 3600 292 3.4.3

315 357 488 422 semel
513 355 758 432 seipsum
789 353 1026 410 oll‘erens
1055 353 1360 429 victimam,
1383 371 1488 408 suo
1505 353 1778 426 sanguine
1807 371 1909 412 nos
1928 359 1976 418 Α
1995 362 2210 414 naturae
2238 371 2352 414 suae
2381 352 2678 422 custodiat,
2709 367 2780 410 ne
2809 350 3065 426 capiatur
3089 351 3366 418 illecebris
3391 371 3404 408 :
3437 351 3542 416 illa
3565 369 3600 411 ε

315 446 574 512 redemit,
599 444 779 500 omnis
799 443 897 498 illa
915 443 1108 516 priscae
1127 443 1268 516 legis
1283 442 1524 498 varietas
1539 448 1596 500 et
1615 443 1914 502 difﬁcultas

316 535 373 590 in
400 535 578 606 ipsius
597 549 766 605 super
783 531 1040 586 homines
1070 531 1363 600 dilectione
1395 532 1672 603 completa
1711 538 1815 586 est.
1850 533 1912 595 In

314 629 536 679 tantum
567 621 772 698 quippe
817 620 988 678 Pater
1028 620 1236 676 amavit
1277 620 1574 690 mundum,
1603 627 1667 678 ut
1711 620 1912 688 Filium

314 727 482 766 suum
511 708 902 780 charissimmn
933 715 990 764 et
1021 707 1379 780 unigenitum
1419 708 1582 765 daret
1623 725 1724 782 pro
1754 709 1914 766 nobis

318 801 498 866 (Joan.
532 802 630 873 in).
655 798 719 856 Ei
740 804 932 855 autem
963 797 1056 868 qui
1085 798 1260 854 semel
1297 797 1499 873 spiritu
1530 785 1718 859 vivens
1746 814 1917 869 opera

315 887 500 958 carnis
529 871 908 950 mortiﬁcavit,
943 892 1001 940 et
1029 903 1065 940 a
1094 871 1380 946 Salvatore
1413 886 1669 956 dilectus,
1703 902 1914 960 nequa-

317 992 484 1048 quam
535 991 748 1032 servus.
781 975 878 1030 sed
927 975 1142 1032 amicus
1185 981 1418 1030 vocatur
1447 976 1625 1042 (Joan.
1659 979 1774 1046 xv),
1805 992 1916 1036 non

315 1070 402 1120 est
421 1065 572 1120 ultra
597 1063 684 1120 lex
708 1064 912 1140 posita,
947 1080 1070 1133 quae
1101 1063 1287 1134 impiis
1329 1071 1386 1118 et
1427 1063 1829 1136 peccatoribus,
1863 1070 1920 1120 et

314 1169 427 1208 non
469 1143 658 1208 solum.
695 1151 960 1231 subjectis
1007 1158 1065 1206 et
1094 1151 1324 1208 nefariis
1364 1151 1670 1220 constituta
1707 1159 1810 1207 est.
1847 1155 1920 1211 At

315 1257 484 1308 nunc,
519 1257 648 1296 cum
677 1241 867 1310 omnia
893 1257 1017 1314 quae
1045 1241 1361 1306 difﬁciliora
1385 1245 1538 1306 sunt,
1576 1241 1659 1300 vel
1693 1241 1914 1310 modica

317 1347 386 1386 ex
413 1335 574 1402 parte
596 1329 884 1400 faciamus,
909 1329 1014 1384 hoc
1041 1329 1222 1384 solum
1262 1346 1374 1398 non
1401 1329 1656 1398 facimus,
1681 1330 1831 1402 quod
1859 1337 1918 1386 et

315 1419 460 1492 facto
477 1417 698 1478 facilius
718 1423 822 1482 est,
858 1423 915 1474 et
936 1417 1146 1494 absque
1177 1435 1286 1490 quo
1313 1435 1470 1476 cassa
1497 1425 1631 1474 sunt
1656 1419 1917 1476 universa

318 1523 442 1578 qua:
469 1506 723 1581 facimus.
756 1506 966 1577 Jejunii
1006 1523 1207 1583 corpus
1247 1507 1421 1564 sentit
1455 1507 1740 1582 iniuriam,
1774 1507 1914 1581 vigi-

316 1595 404 1670 lia}:
436 1611 664 1656 carnem
693 1600 1001 1661 macerant,
1037 1596 1404 1670 eleemosynze
1440 1595 1631 1654 labore
1661 1612 1917 1666 quaerun-

317 1689 431 1760 tur,
461 1683 691 1758 sanguis
709 1685 769 1740 in
796 1685 1090 1761 martyrio,
1126 1685 1380 1756 quamvis
1408 1685 1608 1749 ardeat
1635 1685 1792 1754 fides,
1827 1692 1914 1745 ta-
1932 1673 1980 1747 Β

319 1789 450 1830 men
471 1773 592 1839 sine
611 1772 817 1839 timore
847 1778 905 1827 et
923 1773 1114 1836 dolore
1133 1789 1246 1832 non
1265 1773 1535 1834 funditur.
1569 1773 1698 1832 Haec
1728 1775 1917 1832 omnia

318 1866 453 1920 sunt
489 1862 586 1934 qui
628 1860 838 1928 faciant
867 1881 883 1916 :
913 1861 1036 1918 sola
1069 1862 1312 1936 Charitas
1341 1862 1464 1918 sine
1492 1861 1683 1922 labore
1711 1867 1812 1917 est.
1848 1863 1916 1920 Et.

319 1949 453 2026 quia
472 1949 593 2016 sola
611 1966 707 2007 cor
725 1950 1000 2009 mundum
1015 1949 1188 2008 efficit
1201 1968 1236 2009 a
1255 1950 1478 2008 diabolo
1490 1956 1843 2028 expugnatur
1857 1951 1914 2008 in

323 2037 504 2106 nobis,
523 2054 595 2097 ne
607 2039 788 2114 Deum
808 2055 951 2110 pura
970 2047 1157 2096 mente
1176 2039 1480 2104 videamus.
1509 2039 1744 2110 Quando
1767 2041 1918 2110 enim

319 2127 522 2188 sedens
552 2128 752 2204 loquor
766 2133 964 2184 contra
979 2128 1212 2186 fratrem
1237 2145 1428 2187 meum
1450 2134 1507 2186 et
1524 2134 1719 2207 contra
1738 2129 1917 2195 lilium

322 2217 519 2276 matris
569 2233 708 2272 mea:
753 2232 900 2295 pono
947 2217 1292 2284 scandalum,
1325 2218 1550 2295 quando
1596 2216 1779 2274 aliena
1805 2223 1919 2275 tor-

320 2319 496 2376 queor
523 2303 804 2377 felicitate,
831 2311 888 2359 et
905 2305 1140 2380 alterius
1160 2305 1370 2368 bonum
1395 2322 1582 2369 meum
1605 2306 1814 2364 malum
1833 2306 1916 2366 fa-

319 2393 427 2457 cio,
449 2409 637 2450 nonne
661 2393 784 2458 hoc,
810 2394 954 2468 quod
980 2395 1254 2466 sequitur,
1278 2395 1337 2452 in
1358 2411 1447 2449 me
1469 2395 1748 2466 expletur?
1769 2397 1920 2462 Quod

317 2484 368 2536 si
396 2484 632 2538 invicem
662 2484 940 2547 mordctis,
975 2489 1024 2536 et
1053 2486 1350 2548 comeditis,
1384 2485 1554 2539 videte
1584 2500 1651 2540 nc
1679 2485 1748 2540 ab
1778 2486 1919 2540 invi-

317 2585 429 2626 cem
472 2573 904 2626 consumamini.
951 2571 1262 2628 Charitatis
1311 2588 1442 2628 rara
1487 2572 1762 2642 possessio
1811 2579 1913 2628 est.

318 2655 456 2720 Quis
486 2658 606 2714 vult
635 2657 754 2730 ipse
794 2658 1096 2718 anathema
1127 2676 1248 2714 esse
1279 2676 1313 2714 τι
1343 2660 1565 2716 Christo
1597 2677 1698 2736 pro
1726 2660 1916 2718 fratri-

317 2743 421 2806 bus
469 2745 587 2802 suis
632 2747 962 2818 Apostolum
1010 2748 1304 2820 sequens?
1346 2748 1472 2821 quis
1517 2765 1643 2806 cum
1682 2749 1920 2823 lugenti-

316 2832 424 2890 bus
453 2834 670 2910 lugens,
704 2851 830 2904 cum
869 2835 1244 2905 gaudentibus
1283 2837 1555 2910 gaudens,
1589 2837 1772 2896 alieno
1803 2838 1918 2892 vul-

1995 451 2192 502 εοηωςα
2219 445 2276 502 in
2293 443 2512 503 ίηεωλίε
2529 457 2724 514 agens,
2738 440 2964 499 lacessit
2981 441 3266 510 hominem
3284 441 3594 514 blanditiis,

1997 540 2059 596 ut
2088 538 2319 609 spernat
2341 537 2682 606 praeceptum
2709 529 2850 601 legis
2877 528 3096 593 divinae.
3130 530 3272 591 Cum
3301 547 3434 608 ergo
3462 547 3597 588 con-

1998 622 2236 681 senserit
2261 623 2428 682 homo
2457 621 2568 694 legi
2587 619 2710 688 Dei,
2743 617 3076 677 contradicit
3107 619 3194 677 lex
3225 619 3441 696 peccati
3464 635 3600 679 sua-

1997 711 2136 768 dens
2163 709 2399 776 homini,
2439 725 2510 766 ne
2547 707 2715 764 faciat
2751 707 2901 780 quod
2930 705 3172 780 imperat
3199 707 3287 766 lex
3314 707 3521 776 divina.
3557 707 3602 764 Ε

1998 799 2216 856 diverso
2245 804 2436 860 autem
2465 799 2550 854 lex
2578 796 2680 856 Dei
2719 801 2942 862 revocat
2975 795 3283 868 hominem,
3320 811 3392 866 ne
3430 795 3605 862 faciat

2001 888 2150 962 quod
2178 887 2431 962 suggerit
2465 887 2552 945 lex
2577 885 2810 961 peccati.
2844 884 3005 948 Quod
3031 884 3260 956 quidem
3288 884 3456 953 homo
3488 901 3601 950 non

2001 976 2150 1032 videt
2191 993 2314 1034 esse
2354 974 2660 1042 absurdum
2694 993 2704 1028 :
2735 973 2844 1034 scit
2872 973 3023 1035 enim
3059 979 3276 1040 naturae
3314 989 3428 1036 suae
3465 990 3602 1034 con-

1997 1081 2220 1138 gruere,
2248 1065 2295 1122 si
2315 1063 2484 1132 iaciat
2503 1063 2651 1136 quod
2676 1063 2917 1136 imperat
2935 1062 3022 1118 lex
3041 1061 3162 1121 Dei,
3193 1061 3436 1133 denique
3463 1079 3604 1138 gau-

2000 1154 2094 1208 det
2123 1154 2346 1234 quando
2375 1153 2492 1214 haec
2520 1151 2655 1225 agit.
2689 1152 2831 1220 Cum
2861 1156 3052 1220 autem
3083 1166 3150 1209 ea
3179 1157 3446 1224 operatur
3474 1167 3603 1226 quae

1993 1241 2246 1315 suggerit
2297 1241 2384 1304 [cx
2439 1240 2672 1314 peccati,
2729 1237 2881 1298 videt
2927 1255 2988 1296 se
3034 1247 3258 1322 turpem
3304 1247 3361 1301 et
3405 1240 3605 1300 horret

1997 1336 2125 1406 post
2149 1330 2378 1388 factum.
2412 1330 2654 1399 Ideoque
2697 1328 2838 1400 legis
2884 1327 3115 1402 spiritus
3161 1334 3438 1404 praecepta
3477 1344 3603 1401 ser-

1997 1419 2180 1479 vanda
2199 1425 2332 1476 sunt
2353 1423 2410 1484 et
2427 1417 2679 1484 carnalia
2695 1417 2976 1493 fugienda.
3004 1417 3134 1492 Ipsa
3151 1416 3302 1486 enim
3318 1417 3605 1488 conscien-

1997 1508 2077 1571 tia
2094 1512 2338 1579 accusat,
2361 1507 2410 1563 si
2425 1507 2476 1562 ei
2496 1506 2828 1576 consentiat,
2870 1505 3050 1574 sciens
3081 1505 3300 1574 horrori
3333 1521 3456 1568 esse
3477 1523 3604 1584 quae

1997 1597 2250 1672 suggerit
2277 1597 2365 1650 lex
2393 1595 2626 1670 peccati.
2663 1595 2935 1664 (Hier-on.)
2967 1595 3116 1662 Ilico,
3147 1593 3348 1668 inquit,
3379 1593 3603 1670 Spiritu

1997 1687 2276 1752 ambulate
2303 1691 2352 1741 et
2381 1686 2654 1748 desideria
2691 1685 2879 1743 carnis
2919 1697 3029 1754 non
3055 1685 3368 1756 perﬁcietis.
3401 1683 3470 1754 Et
3496 1683 3606 1742 hoc

1998 1773 2305 1830 secundum
2332 1772 2627 1843 superiora
2661 1771 2962 1850 dupliciter
2988 1770 3393 1846 accipiendum,
3423 1778 3488 1830 ut
3513 1771 3606 1842 di.-

1997 1878 2190 1922 camus
2221 1878 2337 1928 eos,
2371 1861 2467 1939 qui
2497 1860 2700 1935 spiritu
2729 1876 2901 1930 opera
2929 1859 3114 1920 carnis
3143 1859 3609 1932 mortificaverint

1999 1957 2057 2008 et
2082 1951 2483 2010 seminaverint
2512 1951 2572 2008 in
2600 1949 2821 2024 spiritu,
2857 1954 2922 2008 ut
2947 1949 3018 2003 de
3043 1947 3246 2024 spiritu
3273 1954 3492 2015 metant
3517 1949 3605 2014 vi-

1999 2045 2116 2109 tam
2134 2045 2420 2098 aeternam.
2447 2038 2898 2108 Quotiescunque
2909 2037 3253 2110 voluptatem
3271 2037 3456 2110 carnis
3477 2053 3608 2108 sen-

1999 2129 2176 2188 serint
2203 2127 2451 2197 titillare,
2486 2143 2598 2186 non
2625 2128 2894 2202 perﬁcere
2924 2125 3266 2198 desiderium
3287 2127 3428 2198 ejus,
3451 2127 3604 2205 quod

2000 2217 2226 2288 quidem
2252 2218 2300 2276 si
2329 2217 2609 2292 expletum
2638 2215 2809 2278 fuerit
2837 2213 3080 2276 blandiri
3107 2214 3328 2275 videtur
3355 2215 3425 2274 ad
3454 2221 3604 2276 tem—

1999 2322 2141 2381 pus;
2176 2306 2274 2365 sed
2305 2305 2510 2380 spiritu
2524 2303 2827 2370 refrenare,
2853 2308 2910 2362 et
2927 2303 3235 2370 secundum
3264 2304 3604 2366 sententiam

1999 2393 2270 2461 historici,
2301 2393 2474 2465 aninn
2493 2393 2747 2467 imperio,
2781 2391 3032 2468 corporis
3048 2391 3294 2460 servitio,
3318 2393 3498 2466 magis
3518 2392 3606 2452 vi-

2000 2499 2126 2542 vere
2150 2501 2163 2553 ;
2187 2499 2290 2552 nec
2307 2499 2419 2544 non
2441 2489 2499 2556 et
2525 2482 2684 2548 illud,
2717 2481 2849 2560 quia
2877 2481 2963 2540 lex
2993 2480 3264 2558 spiritalis
3284 2487 3386 2554 est,
3411 2487 3466 2541 et
3488 2497 3606 2544 non

2001 2571 2096 2642 qui
2127 2571 2185 2633 in
2214 2569 2510 2630 manifesto
2535 2569 2780 2640 Judaeus,
2813 2569 2910 2634 sed
2949 2567 3044 2650 qui
3072 2569 3130 2634 in
3159 2569 3376 2638 occulto
3403 2575 3462 2628 et
3489 2569 3605 2628 cir-

1999 2659 2266 2716 cumcisio
2291 2659 2474 2716 cordis
2501 2659 2558 2730 in
2587 2658 2808 2737 spiritu,
2833 2674 2945 2716 non
2965 2657 3172 2724 littera;
3198 2673 3294 2716 eos
3312 2657 3606 2722 ambulare

2001 2748 2204 2824 spiritu
2236 2753 2294 2806 et
2321 2747 2506 2806 carnis
2535 2746 2876 2806 desiderium
2905 2761 3015 2807 non
3044 2746 3311 2824 perlicere
3339 2746 3602 2816 dicimus,

2001 2836 2096 2912 qui
2125 2835 2457 2912 spiritaliter
2484 2835 2852 2910 egrediuntur
2867 2835 3191 2912 zEgyptum,
3214 2840 3270 2894 et
3289 2835 3606 2911 spiritalem

315 2937 449 3002 nere
467 2923 835 3001 vulneratur?
857 2924 980 2996 quis
998 2925 1189 2982 fratris
1209 2930 1388 2992 morte
1405 2925 1754 3002 percutitur?
1785 2926 1914 2984 Om—
1930 2989 1970 3010 η
1998 2941 2182 2984 escam
2199 2931 2509 2998 potumque
2533 2925 2602 2993 de
2619 2923 2858 2998 spiritali
2882 2923 3153 2996 hauriunt
3174 2930 3353 3002 petra,
3371 2923 3464 3010 qui
3486 2940 3606 2986 non

315 2991 414 3070 nes
436 2996 614 3090 magis
630 2989 910 3084 amatores
932 3013 1128 3084 nostri,
1155 2989 1326 3084 quam
1361 2989 1645 3074 amatores
1683 3014 1784 3090 Dei
1816 2989 2316 3086 su-Cjudicantur
2354 2989 2436 3084 in-
2453 2989 2574 3076 cibo
2623 2989 2723 3072 aut
2758 2995 2815 3082 in
2860 2989 3247 3090 {imminut-iu
3289 2989 3446 3084 parte
3487 3013 3605 3078 diei

314 3115 460 3194 mus.
483 3101 623 3194 Yide
644 3107 917 3194 quantum
936 3101 1144 3168 bonum
1167 3103 1242 3194 sit
1263 3103 1576 3182 charitatis.
1593 3103 1651 3158 Si
1669 3103 1750 3162 ita
1768 3119 1914 3164 mar-

313 3189 526 3263 tyrium
544 3189 858 3256 fecerimus,
891 3197 956 3248 ut
975 3189 1200 3248 nostras
1218 3191 1452 3248 velimus
1491 3191 1560 3246 ab
1595 3191 1913 3250 hominibus

313 3275 580 3356 reliquias
601 3277 886 3352 honorari,
919 3279 965 3334 si
997 3279 1314 3356 opinionem
1344 3279 1494 3357 vulgi
1523 3285 1802 3346 sectantes
1834 3280 1914 3338 in-

311 3363 517 3442 trepidi
565 3366 896 3442 sanguinem
936 3367 1267 3440 fuderimus,
1309 3373 1367 3424 et
1406 3368 1779 3444 substantiam
1809 3385 1909 3428 no-

310 3458 488 3532 stram
503 3471 682 3536 usque
713 3455 784 3520 ad
804 3456 1222 3526 mendicitatem
1251 3457 1539 3537 propriam
1569 3457 1906 3523 dederimus.

313 3541 442 3620 huic
471 3542 626 3616 operi
657 3559 768 3620 non
798 3549 916 3599 tam
935 3545 1229 3616 praemium
1261 3561 1430 3616 quam
1461 3561 1624 3615 poena
1653 3545 1907 3612 debetur,

315 3637 373 3697 et
393 3631 640 3712 perﬁdiae
663 3632 840 3710 magis
863 3640 1148 3708 tormenta
1169 3640 1305 3692 sunt
1333 3650 1503 3710 quam
1519 3651 1724 3692 corona
1744 3635 1912 3696 victo-

312 3718 430 3778 riae.
463 3721 615 3786 Quod
653 3723 704 3774 si
750 3723 978 3786 invicem
1015 3724 1274 3782 mordet-is
1318 3729 1365 3784 et
1409 3725 1704 3792 comeditis,
1742 3724 1913 3801 videte

317 3824 385 3866 ne
413 3809 482 3866 ab
511 3811 748 3868 invicem
774 3815 1206 3870 consumamini.
1241 3812 1432 3874 Potest
1451 3812 1555 3870 hoc
1585 3811 1914 3890 simpliciter

313 3895 510 3972 accipi,
543 3913 614 3964 ne
657 3898 1022 3958 detrahamus
1069 3899 1326 3964 invicem,
1359 3916 1430 3956 ne
1469 3900 1766 3960 maledicto
1810 3917 1912 3959 nos

313 3991 577 4062 putemus
595 3985 808 4049 ulcisci,
823 4003 893 4044 ne
913 3987 1225 4046 contristati
1245 3988 1577 4044 contristare
1597 3989 1906 4062 cupiamus,

208 4097 214 4102 -
318 4061 376 4128 et
420 4071 632 4132 similes
680 4072 1008 4138 bestiarum,
1059 4076 1320 4134 mordere
1361 4077 1573 4150 pariter
1609 4061 1675 4132 et
1703 4093 1914 4136 remor-

315 4159 454 4226 deri,
489 4166 552 4218 ut
581 4166 709 4238 post
740 4176 962 4236 morsus
991 4169 1260 4238 sequatur
1290 4163 1551 4245 interitus
1587 4171 1756 4242 atque
1785 4181 1913 4222 con-

313 4247 579 4328 sumptio,

311 4395 320 4404 ,
384 4338 514 4418 Dico
533 4343 718 4404 autem
745 4359 760 4398 ;
782 4336 1000 4414 Spiritu
1032 4340 1328 4403 ambulate,
1349 4346 1395 4398 ct
1418 4345 1911 4410 conmpisccnliam

316 4429 506 4488 carnis
521 4443 631 4484 non
647 4431 956 4502 pcrﬁcictis.
975 4427 1212 4500 (Ambr.)
1236 4429 1539 4506 Postquam
1561 4447 1596 4491 ξι
1610 4431 1733 4510 lege
1745 4431 1914 4494 facto-

311 4530 440 4580 rum
469 4532 564 4576 eos
592 4517 894 4594 prohibuit,
930 4517 986 4576 in
1017 4533 1128 4596 qua
1163 4523 1297 4596 sunt
1331 4525 1610 4596 praecepta
1645 4521 1909 4584 carnalia,

311 4617 461 4659 nunc
481 4611 544 4660 ut
571 4621 604 4658 a
634 4605 780 4684 vitiis
810 4607 994 4668 carnis
1026 4623 1086 4664 se
1122 4606 1446 4668 contineant
1481 4608 1732 4686 praecipit
1773 4627 1784 4662 :
1826 4609 1915 4672 hic

313 4691 462 4748 enim
494 4690 694 4770 spiritu
719 4693 990 4764 ambulat,
1021 4697 1116 4767 qui
1147 4695 1292 4776 fugit
1321 4689 1568 4772 peccata.
1612 4700 1757 4760 Nam
1785 4715 1914 4758 caro

315 4781 647 4851 concupiscit
660 4782 919 4842 adversus
941 4787 1225 4852 spiritum.
1251 4789 1624 4860 51.n'ri't-usm'o
1653 4789 1914 4848 adversus

311 4882 556 4928 carnem.
579 4868 701 4928 Hec
729 4871 877 4926 enim
907 4872 1014 4930 sibi
1044 4875 1277 4930 invicem
1308 4875 1695 4942 adversantur,
1724 4877 1782 4936 ut
1804 4891 1914 4934 non

309 4971 372 5011 ea
401 4973 518 5041 qua,
545 4959 714 5012 vultis
741 4959 984 5025 faciatis.
1017 4959 1170 5035 Duus
1200 4961 1352 5037 leges
1372 4961 1649 5036 proponit,
1675 4962 1820 5024 sicut
1837 4962 1914 5037 fu-

308 5043 387 5102 cit
419 5050 475 5097 et
505 5043 562 5104 in
593 5043 842 5125 Epistola
867 5046 936 5104 ad
970 5047 1269 5118 Romanos,
1305 5067 1427 5125 qua}
1456 5049 1692 5112 invicem
1715 5051 1911 5118 adver-

311 5137 528 5210 santur,
563 5149 734 5208 unam
773 5134 892 5200 Dei,
935 5134 1171 5196 alteram
1213 5139 1424 5212 peccati
1469 5159 1479 5191 :
1527 5157 1650 5210 quae
1686 5139 1811 5206 ideo
1853 5139 1911 5198 in

309 5235 474 5281 carne
491 5215 858 5298 significatur,
887 5223 1019 5299 quia
1038 5223 1346 5284 visibilibus
1367 5226 1695 5300 oblectatur,
1710 5227 1913 5298 cupida

309 5315 682 5394 peccatorum,
707 5319 771 5372 ut
797 5312 886 5374 his
917 5312 1020 5371 sibi
1052 5313 1472 5378 adversantibus
1503 5316 1720 5394 medius
1746 5317 1912 5384 homo

309 5413 420 5456 non
449 5415 534 5483 ea,
567 5415 688 5471 quae
717 5400 852 5468 vult,
887 5407 1036 5484 agat.
1071 5401 1270 5464 Divina
1303 5403 1452 5469 enim
1486 5405 1572 5466 lex
1609 5405 1816 5486 premit
1857 5411 1914 5460 et

310 5486 468 5574 fugat
495 5487 676 5572 legem
715 5491 927 5568 peccati
963 5491 1256 5569 consulens
1294 5492 1525 5576 homini,
1565 5500 1630 5557 ut
1668 5494 1913 5580 vigorem

1927 4306 1976 4365 D

1995 3102 2138 3170 festi,
2171 3109 2272 3163 aut
2297 3102 2606 3166 neomeniae
2662 3107 2719 3160 et
2761 3100 3016 3170 sabbati;
3062 3101 3158 3164 sed
3204 3101 3495 3176 ambulant
3541 3103 3605 3177 in

1995 3190 2255 3262 omnibus
2286 3190 2636 3268 spiritaliter,
2674 3206 2785 3260 non
2826 3189 3178 3262 perﬁcientes
3216 3206 3432 3264 carnem
3459 3190 3608 3267 legis

1996 3279 2259 3350 litterzeve
2280 3279 2640 3346 desiderium,
2659 3279 2755 3341 sed
2769 3279 2982 3339 fructus
2999 3284 3273 3350 metentes
3289 3279 3608 3360 intelligen-

1996 3367 2086 3441 tiae
2115 3368 2600 3450 spiritalis.Tertia
2630 3384 2852 3440 quoque
2881 3367 3272 3439 interpretatio
3301 3385 3336 3429 ει
3363 3368 3605 3443 quibus-

1995 3457 2127 3516 dam
2137 3457 2195 3516 in
2205 3457 2308 3518 hoc
2318 3457 2438 3524 loco
2461 3457 2613 3530 dicta
2623 3461 2726 3524 est,
2741 3457 2839 3518 sed
2859 3473 2982 3540 quae
3003 3473 3118 3516 non
3136 3458 3378 3529 multum
3393 3457 3606 3522 disci-ev

1995 3552 2092 3618 pat
2120 3562 2153 3599 a
2177 3545 2440 3610 secunda,
2473 3552 2537 3605 ut
2556 3545 2893 3606 desiderium
2923 3544 3106 3604 carnis
3136 3545 3195 3606 in
3226 3544 3313 3610 his
3343 3553 3608 3614 asseram

1997 3651 2136 3706 esse,
2171 3634 2265 3715 qui
2285 3634 2502 3712 parvuli
2533 3635 2591 3692 in
2623 3633 2848 3707 Christo
2881 3640 3047 3694 sunt:
3082 3633 3192 3694 iter
3219 3640 3408 3706 autem
3438 3635 3607 3715 Spiri-

1993 3728 2088 3782 tus
2118 3713 2460 3799 inperfectis
2489 3721 2638 3788 viris,
2672 3727 2730 3784 et
2757 3739 2879 3784 esse
2907 3739 3134 3782 sensum
3169 3741 3181 3781 :
3220 3724 3284 3798 In
3320 3713 3605 3800 gravitate

1993 3811 2244 3888 spiritus,
2271 3811 2329 3876 id
2359 3817 2462 3880 est,
2494 3811 2553 3870 in
2583 3810 2786 3872 itinere
2815 3810 2918 3872 viri
2947 3809 3230 3875 ambulate
3258 3810 3508 3888 perfecti,
3542 3819 3607 3882 et

1994 3916 2107 3964 non
2134 3899 2349 3962 facietis
2377 3899 2660 3962 desideria
2687 3900 3070 3976 parvulorum.
3117 3902 3256 3970 Cario
3285 3903 3435 3964 enim
3465 3916 3603 3967 con-

1995 3993 2224 4062 cupiscit
2245 3991 2504 4048 adversus
2517 3991 2803 4058 Spiritum,
2824 3991 3056 4063 spiritus
3073 3989 3332 4048 adversus
3349 4004 3600 4048 carnem.

1997 4078 2117 4137 Hec
2147 4081 2295 4134 enim
2317 4080 2548 4134 invicem
2576 4079 2966 4140 adversantur,
3004 4082 3063 4136 ut
3104 4093 3234 4148 non,
3266 4093 3606 4154 quacunque

1993 4169 2182 4231 vultis,
2210 4168 2311 4223 illa
2332 4167 2571 4242 faciatis.
2625 4165 2768 4224 Caro
2797 4164 3166 4236 praesentibus
3195 4163 3506 4230 delectatur
3544 4174 3608 4240 et

1996 4251 2254 4324 brevibus
2293 4271 2304 4306 :
2347 4253 2578 4328 spiritus
2612 4253 2898 4333 perpetuis
2938 4259 2996 4314 et
3030 4253 3254 4332 futuris.
3302 4255 3456 4329 Inter
3494 4253 3606 4314 hoc

1993 4342 2247 4417 jurgium
2279 4333 2466 4402 modia
2495 4341 2683 4403 anima
2707 4341 2978 4407 consistit,
3019 4341 3232 4401 habens
3273 4339 3499 4420 quidem
3540 4343 3608 4409 in

1996 4447 2099 4488 sua
2127 4436 2402 4511 potestate
2425 4429 2634 4501 bonum
2665 4437 2722 4492 et
2751 4431 2979 4500 malum,
3011 4431 3152 4498 vello
3179 4431 3268 4492 vel
3300 4431 3466 4502 nolle.
3499 4433 3605 4504 sed

1997 4537 2108 4580 non
2140 4519 2350 4579 habens
2377 4521 2480 4574 hoc
2517 4520 2701 4592 ipsum
2749 4521 2888 4580 velle
2937 4537 3008 4578 au
3047 4519 3195 4590 ηοιιβ
3239 4511 3604 4604 perpetuum.

1998 4609 2131 4680 quia
2151 4609 2271 4669 ﬁeri
2301 4613 2503 4690 potest,
2537 4615 2599 4687 ut
2629 4625 2754 4667 cum
2786 4608 2941 4684 carni
2961 4608 3307 4680 consenserit
3335 4615 3392 4668 et
3428 4625 3611 4686 opera

1998 4698 2120 4768 ejus
2146 4696 2360 4764 fecerit,
2388 4713 2614 4758 rursum
2635 4714 2736 4773 per
2763 4697 3152 4771 paenitentiam
3185 4713 3244 4756 se
3275 4697 3610 4760 remordens

1997 4785 2220 4867 spiritui
2251 4785 2544 4862 capuletur
2587 4791 2644 4846 et
2689 4801 2861 4860 opera
2911 4785 3034 4856 ejus
3081 4784 3302 4858 efficiat.
3348 4785 3464 4846 Hoc
3513 4791 3614 4848 est

1998 4891 2131 4948 ergo
2159 4875 2306 4948 quod
2338 4874 2418 4936 ait
2463 4893 2474 4934 ;
2522 4877 2642 4949 [la’c
2669 4877 2820 4936 enim
2849 4875 3084 4937 iuvimu-
3122 4875 3508 4939 adversantur,
3542 4874 3606 4937 id

1997 4969 2098 5034 est,
2117 4979 2246 5020 caro
2263 4968 2320 5026 et
2340 4962 2590 5046 spiritus,
2619 4967 2680 5022 ut
2702 4979 2808 5020 non
2830 4977 3164 5043 quacunque
3185 4964 3368 5028 wllis,
3396 4964 3498 5024 illa
3514 4964 3611 5034 [a-

1996 5053 2156 5118 c-iatis
2183 5070 2198 5106 :
2233 5067 2345 5108 non
2375 5049 2521 5127 quod
2553 5049 2844 5132 proprium
2869 5050 3026 5112 nobis.
3054 5049 3251 5124 tulerit
3277 5049 3603 5130 arbitrium,

1995 5155 2106 5218 quo
2147 5140 2231 5208 vel
2281 5138 2456 5204 carni,
2507 5138 2590 5201 vel
2637 5137 2862 5214 spiritui
2897 5139 3287 5213 assentimus,
3336 5138 3434 5200 sed
3467 5139 3609 5210 quia

1996 5227 2146 5300 quod
2175 5227 2408 5288 facimus
2451 5243 2563 5302 non
2603 5233 2691 5284 est
2733 5233 2988 5294 nostrum
3035 5227 3276 5308 proprie,
3319 5227 3417 5302 sed
3457 5243 3608 5304 opus

1995 5317 2180 5390 ipsum
2206 5316 2292 5376 vel
2319 5313 2491 5384 carni,
2526 5315 2608 5374 vel
2640 5314 2864 5394 spiritui
2896 5315 3217 5385 deputatur.
3252 5314 3493 5388 Grandis
3513 5314 3608 5388 la-

1996 5405 2145 5468 boris
2172 5412 2228 5463 et
2252 5403 2648 5486 disputationis
2669 5410 2755 5466 est
2769 5403 2973 5472 nimiae,
2997 5403 3237 5467 ostensis
3257 5403 3440 5480 carnis
3460 5419 3603 5480 ope.-

1996 5493 2149 5559 ribus
2173 5499 2230 5554 et
2255 5493 2506 5578 spiritus,
2533 5491 2716 5554 media
2745 5493 2932 5572 aliqua
2963 5492 3228 5572 reperire,
3253 5508 3374 5576 quia
3404 5507 3504 5570 nec
3525 5492 3604 5570 ad
