3880 6146
170 290 247 349 349
475 310 484 323 ·
526 286 1094 349 ENARBATIONUM
1130 288 1211 351 IN
1246 291 1401 353 EPP.
1443 294 1659 363 PAULI
1696 295 1702 355 ξ

1877 293 2020 365 XVI.
2058 324 2121 334 —
2150 293 2228 355 ΙΝ
2267 291 2488 359 EPIST.
2532 290 2627 351 AD
2668 289 2924 349 GALAT.
3268 287 3372 355 350

168 430 342 471 carnem
357 411 624 465 videantur
648 411 1069 487 pertinere,nec
1088 413 1160 465 ad
1175 415 1457 489 spiritum.
1478 418 1684 472 Carna-
1700 420 1749 487 Α
1773 436 1888 472 meo
1919 418 2098 493 (Apoc.
2128 422 2230 487 Ili),
2280 416 2384 487 nisi
2433 417 2583 469 hunc
2608 414 3019 491 tepidissimum
3056 414 3247 477 statim
3290 416 3371 467 al-

171 505 231 555 Ies
252 500 467 557 dicimur.
499 500 713 572 quando
743 504 891 554 totos
920 518 1021 555 nos
1045 502 1420 575 voluptatibus
1446 507 1676 561 damus:
1769 508 2044 561 trinsecus
2074 507 2189 559 hare
2220 504 2570 575 insurgentia
2588 504 2733 561 bella
2758 504 3194 577 disrumperent.
3226 504 3371 557 Nam

168 590 386 667 spiritales
403 589 607 658 quando
627 595 883 642 sanctum
909 589 1183 659 Spiritum
1202 609 1467 667 prtevmm
1496 598 1683 671 sequi-
1766 602 1888 648 tum
1919 594 2255 650 famulantes
2288 594 2417 646 huic
2446 592 2721 645 voluntati
2767 597 2971 648 nostrae
3001 592 3070 644 ad
3101 592 3245 651 hanc
3275 609 3370 645 vo-

167 695 273 743 mur,
295 677 338 729 id
364 683 454 741 est,
486 692 605 729 cum
635 677 756 750 ipso
786 678 1035 752 sapimus
1066 678 1399 749 instruente,
1434 682 1554 757 ipso
1583 685 1683 738 do-
1768 684 2038 739 luerimus
2072 682 2443 751 nosmetipsos
2462 681 2755 753 paululum
2775 680 3046 743 relaxare,
3075 680 3368 733 confestim

167 782 311 820 remur
332 772 552 821 auctore.
572 765 860 819 Animales
891 783 1018 818 reor
1045 784 1166 822 esse
1195 769 1573 843 philosophos,
1589 774 1683 848 qui
1768 772 1944 827 aculei
1975 770 2157 827 carnis
2183 772 2501 842 insurgunt,
2529 770 2756 845 suisque
2784 785 2885 822 nos
2915 768 3064 829 vitiis
3083 775 3141 821 et
3159 768 3367 841 passio-

166 855 360 925 proprios
377 854 636 927 cogitatus
654 859 858 927 putant
871 872 991 907 csse
1015 856 1367 929 sapientiam,
1393 861 1462 913 de
1484 861 1686 935 quibus
1768 860 1931 914 nibus
1980 860 2311 923 saucientes,
2348 875 2703 933 nequaquam
2745 859 2803 911 in
2832 857 2928 913 illa
2978 874 3090 933 qua
3125 857 3366 911 delecta-

166 949 273 996 recte
296 941 475 994 dicitur
495 943 792 999 :Am'mulis
824 950 1008 999 (uitem
1039 945 1197 998 homo
1228 963 1339 1003 non
1364 952 1591 1021 percijn't
1624 968 1685 1007 ea
1770 966 1897 1002 mur
1916 947 2175 1019 puritatis
2195 948 2466 1021 qualitate
2485 954 2633 1005 stare
2651 947 2999 1020 permittent,
3023 952 3192 1019 atque
3214 945 3282 999 ad
3306 947 3368 1013 il-

165 1049 250 1099 qua?
270 1037 377 1082 sunt
403 1034 652 1097 spiritus:
683 1035 926 1085 stultitia
957 1036 1150 1101 quippe
1199 1038 1250 1087 ei
1277 1043 1350 1089 est
1379 1040 1427 1101 (Ῑ
1452 1039 1572 1094 Cor.
1610 1049 1682 1109 ιι).
1769 1038 1878 1093 lam
1912 1054 2079 1109 quam
2110 1036 2405 1090 horremus
2442 1035 2703 1107 frigidam
2732 1035 3081 1088 voluntatum
3111 1034 3365 1104 plenam-

164 1118 296 1181 Quod,
326 1124 379 1170 ut
404 1118 748 1172 manifestius
777 1120 893 1177 fiat,
931 1120 1155 1195 aliquod
1185 1140 1474 1180 sumamus
1504 1143 1685 1180 exem-
1770 1144 1875 1199 que
1908 1125 2158 1182 sentibus
2186 1125 2520 1197 pertrahunt
2545 1124 2710 1181 viam.
2749 1123 2991 1179 Rursum
3012 1124 3242 1195 spiritus
3262 1121 3365 1178 fer-

163 1208 302 1276 plum:
324 1206 468 1265 Caro,
492 1214 661 1269 terra,
684 1209 891 1273 anima,
919 1226 1139 1269 aurum,
1162 1213 1411 1281 spiritus,
1438 1214 1581 1289 ignis
1598 1233 1687 1270 vo-
1771 1232 1897 1268 vore
1927 1215 2173 1271 succensi
2205 1230 2375 1287 opera
2402 1212 2587 1269 carnis
2610 1213 2856 1265 volentes
2871 1206 3211 1282 extinguere,
3246 1210 3364 1265 sine

159 1294 493 1357 centur.Quam
508 1295 601 1348 diu
618 1313 819 1349 aurum
836 1296 1255 1367 fueritinterra,
1262 1301 1687 1373 perditvocabu-
1769 1304 1883 1357 ullo
1914 1309 2166 1377 respectu
2190 1301 2507 1373 fragilitatis
2528 1300 2787 1357 humana:
2816 1306 2963 1354 totos
2994 1300 3365 1370 nosmetipsos

159 1384 244 1435 lum
258 1399 414 1447 suum,
430 1388 527 1436 eta
547 1389 720 1447 terra,
742 1386 1198 1442 cuicommistum
1220 1396 1322 1447 est,
1343 1390 1681 1465 appellatur:
1770 1393 2172 1449 tentaverimus
2200 1391 2269 1445 ad
2292 1390 2663 1449 immoderata
2683 1390 2953 1445 virtutum
2969 1389 3155 1442 studia
3184 1387 3366 1443 cordis

158 1487 252 1523 cum
290 1487 401 1524 vero
444 1479 764 1545 separatum
808 1474 876 1527 ab
924 1474 1115 1542 humo,
1166 1479 1289 1531 auri
1342 1484 1397 1531 et
1446 1481 1685 1557 speciem
1772 1481 2013 1537 elatione
2042 1480 2310 1543 conferre,
2335 1479 2449 1536 nisi
2482 1478 2845 1553 interpellans
2882 1493 3010 1531 caro
3042 1476 3111 1530 ab
3152 1477 3249 1531 illa
3277 1494 3367 1531 re-

156 1565 197 1611 et
212 1576 379 1613 nomen
397 1561 688 1633 acceperit,
713 1578 912 1643 aurum
945 1564 1173 1635 quidem
1203 1566 1423 1629 dicitur,
1445 1568 1541 1623 sed
1564 1568 1688 1623 nec-
1768 1567 2129 1639 prehensibili
2154 1567 2444 1621 nimietate
2474 1567 2704 1643 spiritus
2732 1572 2971 1631 revocat,
2998 1583 3063 1619 ac
3093 1566 3364 1631 retardat,

157 1647 258 1700 dum
276 1647 565 1717 probatum.
603 1651 661 1704 Si
692 1636 881 1704 autem
914 1668 1015 1727 per
1046 1654 1237 1728 ignem
1258 1662 1543 1710 excoctum
1565 1657 1687 1711 fue-
1705 1720 1748 1731 ﬁ
1769 1636 1827 1714 et
1858 1659 1936 1712 ita
1966 1660 2029 1711 fit
2050 1664 2112 1711 ut
2131 1664 2368 1731 utraque
2386 1636 2838 1729 concupiscentia
2858 1654 2957 1709 tali
2977 1654 3368 1709 colluctatione

156 1735 266 1788 ritet
281 1742 579 1806 purgatum,
604 1744 742 1792 tunc
754 1740 874 1792 auri
896 1741 1253 1811 splendorem
1273 1749 1331 1796 et
1351 1751 1581 1800 ornatus
1601 1746 1688 1798 sui
1705 1720 1751 1779 B
1770 1748 1986 1801 alterna
2034 1744 2256 1803 sibimet
2292 1749 2659 1821 repugnante,
2693 1744 2893 1798 animae
2935 1744 3211 1811 voluntas,
3244 1760 3366 1815 quae

155 1824 308 1894 accipit
347 1825 692 1895 dignitatem.
726 1829 813 1881 Ita
858 1836 912 1882 et
958 1830 1148 1884 anima
1192 1832 1340 1885 inter
1368 1832 1603 1887 humum
1635 1842 1691 1889 et
1771 1853 1870 1889 nec
1896 1842 2073 1893 totam
2103 1852 2161 1888 se
2197 1833 2512 1887 carnalibus
2541 1833 2835 1887 desideriis
2864 1832 3087 1894 debere,
3137 1849 3237 1886 nec
3264 1833 3369 1885 vir-

156 1913 312 1978 ignem,
333 1913 427 1966 hoc
451 1915 940 1970 estintercarnem
957 1918 1330 1990 spiritumque
1354 1923 1684 1985 consistens,
1770 1929 1953 1977 tutum
1986 1925 2103 1976 vult
2128 1921 2413 1977 laboribus
2443 1922 2736 1987 desudare,
2772 1920 3188 1991 quodammodo
3212 1922 3366 1989 justo

154 2001 327 2069 quando
352 2019 462 2055 sese
504 2002 809 2057 tradiderit
837 2006 1008 2071 carni,
1044 2023 1171 2061 caro
1210 2007 1432 2075 dicitur,
1466 2012 1688 2081 quando
1770 2013 2152 2067 moderamine
2198 2018 2562 2087 temperetur,
2610 2010 2744 2064 dum
2790 2011 2905 2063 hzec
2952 2010 3101 2062 inter
3128 2014 3366 2080 utraque

152 2089 340 2157 spiritui,
360 2091 586 2160 spiritus
608 2094 942 2163 appellatur.
964 2096 1122 2159 Quod
1139 2097 1184 2149 si
1200 2099 1425 2173 proprio
1444 2100 1690 2157 credide-
1769 2102 2052 2157 contentio
2083 2102 2235 2154 illam
2267 2098 2719 2171 perniciosiorem
2737 2098 3033 2152 excludens
3055 2097 3256 2151 animae
3269 2114 3365 2149 vo-

154 2176 205 2227 rit
227 2178 542 2246 cogitatuhet
563 2180 777 2252 absque
796 2183 981 2251 gratia
1001 2184 1242 2253 Spiritus
1271 2187 1452 2240 sancti
1479 2189 1690 2241 inveni-
1769 2191 2063 2251 luntatem,
2108 2191 2409 2259 quamdam
2459 2186 2793 2259 aequalitatis
2850 2185 3049 2240 libram
3088 2187 3145 2239 in
3190 2191 3363 2238 state-

149 2281 192 2315 re
214 2283 260 2318 se
286 2266 631 2321 astimaverit
652 2269 1135 2342 veritatem,quasi
1150 2290 1351 2327 aurum
1375 2276 1683 2339 sordidum,
1770 2296 1891 2332 ram
1924 2280 2097 2332 nostri
2127 2278 2373 2349 corporis
2398 2277 2648 2339 collocat,
2674 2293 2796 2347 quae
2819 2275 3051 2345 spiritus
3070 2275 3365 2353 carnisque

150 2353 353 2407 animalis
386 2357 632 2410 hominis
672 2359 1045 2428 appellatione
1102 2363 1433 2431 signabitur.
1496 2366 1686 2434 (Cass.)
1770 2367 2013 2421 confinia
2026 2369 2179 2441 justo
2204 2365 2473 2420 discernit
2500 2365 2774 2430 examine,
2803 2379 2904 2416 nec
2930 2379 2964 2416 a
2984 2362 3193 2415 dextris
3206 2378 3363 2414 men-

149 2442 484 2517 t‘arolusuriis
506 2463 574 2498 ac
594 2444 825 2500 libidine
848 2448 1176 2511 delectatur,
1212 2451 1441 2521 spiritus
1463 2471 1531 2507 ne
1553 2454 1689 2525 ipsis
1770 2464 1885 2509 tem
1916 2455 2148 2526 spiritus
2172 2456 2373 2507 ardore
2405 2470 2747 2517 succensum,
2791 2469 2891 2505 nec
2920 2468 2954 2504 a
2974 2451 3112 2504 laeva
3140 2466 3363 2503 carnem

150 2530 325 2597 quidem
352 2533 702 2587 naturalibus
731 2536 1021 2591 desideriis
1052 2539 1371 2615 acquiescit.
1406 2542 1508 2595 Illa
1537 2544 1692 2617 cupit
1770 2545 2031 2598 vitiorum
2055 2544 2275 2596 aculaeis
2295 2543 2721 2619 praeponderare
2743 2540 3094 2612 permittens.
3116 2538 3245 2601 Haec
3266 2555 3387 2608 pu-r.

154 2618 301 2672 satiari
342 2637 552 2689 somno,
590 2624 798 2693 repleri
844 2626 966 2678 cibo
993 2646 1002 2678 :
1039 2626 1128 2680 hic
1159 2629 1237 2681 ita
1280 2630 1482 2699 vigiliis
1511 2637 1567 2684 et
1600 2632 1688 2701 je-
1769 2649 1881 2703 gna
1911 2631 2250 2704 quotidianis
2280 2630 2476 2685 diebus
2506 2630 2720 2697 utiliter
2744 2628 3060 2703 exagitatur
3086 2627 3144 2680 in
3184 2626 3361 2690 nobis,

144 2706 279 2772 juniis
324 2710 629 2779 saginatur,
666 2717 732 2765 ut
761 2729 829 2765 ne
875 2714 942 2767 ad
976 2716 1159 2785 ipsum
1189 2718 1413 2787 quidem
1444 2736 1690 2774 necessa-
1772 2723 1842 2774 ad
1881 2720 2016 2789 illud
2050 2725 2278 2786 statum,
2322 2720 2469 2790 quod
2519 2720 2799 2787 nolumus,
2846 2714 3144 2771 salubriter
3172 2716 3362 2769 venire

146 2794 255 2848 rium
272 2797 377 2852 vita:
393 2815 557 2853 usum
578 2818 842 2854 somnum
861 2803 1158 2875 cibumque
1175 2806 1649 2862 velletadmittere
1675 2829 1687 2875 ;
1773 2810 2179 2881 compellimur,
2214 2816 2278 2863 ut
2302 2796 2605 2880 puritatem
2632 2807 2815 2861 cordis
2841 2823 2952 2860 non
2982 2806 3115 2871 otio,
3155 2822 3255 2859 nec
3285 2821 3367 2857 se-

145 2883 214 2935 illa
237 2888 482 2942 universis
528 2889 840 2944 exuberare
869 2893 1039 2967 copiis
1071 2896 1411 2965 concupiscit
1452 2916 1462 2949 :
1514 2897 1601 2951 hic
1628 2903 1691 2951 ut
1772 2899 2029 2963 curitate,
2061 2900 2158 2953 sed
2182 2899 2305 2969 jugi
2337 2898 2538 2952 sudore
2568 2902 2624 2950 et
2652 2896 2987 2949 contritione
3023 2894 3252 2969 spiritus
3272 2910 3365 2946 ac-

143 2970 278 3040 ipsius
296 2977 505 3046 quidem
525 2977 716 3049 exigui
734 2980 897 3052 panis
920 2982 1304 3052 quotidianam
1321 2985 1689 3059 substantiam
1774 2988 2081 3058 quiramus,
2139 2987 2565 3055 castitatemque
2604 2985 2787 3037 carnis
2820 2981 3090 3037 districtis
3110 2976 3362 3052 jejuniis,

146 3060 302 3115 habere
318 3066 621 3120 contendit.
645 3069 903 3122 Lavacris
922 3070 1015 3123 illa
1038 3071 1311 3126 nitescere
1332 3082 1389 3126 et
1409 3074 1689 3144 quotidia-
1711 3060 1754 3119 Ο
1771 3074 1937 3131 fame.
1972 3076 2083 3140 siti,
2137 3092 2199 3128 ac
2240 3072 2533 3145 vigilantia
2569 3074 2913 3127 retineamus
2936 3090 2946 3124 :
3005 3070 3367 3124 directionem

145 3148 207 3200 nis
231 3150 558 3209 adulantium
593 3157 787 3210 cuneis
816 3160 1030 3229 appetit
1050 3160 1352 3232 constipari
1378 3181 1390 3230 ;
1426 3162 1513 3216 hic
1528 3180 1691 3234 squa—
1772 3166 1942 3218 etiam
1969 3166 2150 3218 cordis
2182 3163 2437 3229 lectione,
2472 3161 2697 3237 vigiliis,
2733 3158 2987 3214 oratione
3018 3159 3283 3213 continua
3312 3166 3366 3211 et

142 3238 228 3290 lore
250 3242 481 3297 sordium
518 3251 579 3296 et
625 3243 1018 3301 inaccessibilis
1067 3249 1256 3317 eremi,
1275 3251 1533 3315 vastitate
1562 3269 1689 3305 con-
1770 3253 2086 3307 solitudinis
2106 3253 2364 3323 squalore
2385 3251 2691 3321 capiamus,
2711 3249 3039 3329 patientiam
3056 3247 3368 3302 tribulatio-

143 3328 343 3396 gaudetf
359 3331 670 3387 honoribus
700 3332 795 3387 illa
831 3342 887 3389 ct
906 3336 1164 3391 laudibus
1185 3334 1475 3393 hominum
1504 3342 1688 3394 confo-
1769 3358 1905 3395 num
1940 3341 2217 3395 exercitiis
2244 3348 2610 3405 retentemus,
2644 3356 2771 3393 cum
2798 3337 3166 3408 blasphemiis
3190 3342 3248 3390 et
3273 3353 3366 3406 op-

143 3423 291 3470 vetur:
313 3420 395 3474 hic
424 3422 692 3492 irrogatis
725 3422 828 3477 sibi
858 3425 1078 3495 injuriis
1113 3443 1177 3480 ac
1207 3429 1687 3497 persecutionibus
1770 3431 2123 3502 probriorum
2146 3424 2441 3484 saturitate
2471 3435 2662 3483 nostro
2683 3428 2991 3482 serviamus
3017 3425 3366 3491 auctori;ve-

142 3503 376 3569 gloriatur.
400 3511 557 3564 Inter
585 3511 688 3565 has
706 3513 878 3581 igitur
896 3520 1163 3585 utrasque
1185 3518 1684 3588 concupiscentias,
1770 3520 1995 3574 ritatem
2041 3537 2166 3574 cum
2200 3519 2409 3573 invidia
2451 3517 2644 3571 mundi
2684 3518 2852 3589 hujus
2880 3522 2937 3569 et
2965 3513 3294 3587 inimicitiis,
3321 3514 3368 3567 si

143 3594 296 3649 anima:
321 3598 577 3652 voluntas
629 3600 685 3653 in
725 3601 1036 3655 meditullio
1082 3605 1324 3675 quodam
1354 3606 1689 3676 vituperabi-
1770 3626 1997 3663 necesse
2024 3608 2212 3673 fuerit,
2255 3623 2644 3678 exsequamur,
2676 3612 2733 3659 et
2756 3604 2853 3659 tali
2891 3604 3283 3657 colluctatione
3312 3601 3369 3681 in

146 3680 245 3733 liene
278 3686 600 3752 consistens,
635 3704 736 3741 nec
773 3688 1035 3763 vitiorum
1079 3692 1309 3767 flagitiis
1357 3694 1683 3750 oblectatur.
1771 3706 1963 3752 nostro
1998 3714 2227 3767 corpore
2274 3697 2572 3760 militante,
2635 3694 2932 3764 protractis
2972 3691 3131 3745 nobis
3173 3691 3241 3743 ab
3268 3691 3369 3771 hac

145 3771 465 3829 necvirtutum
481 3777 775 3831 doloribus
794 3780 1127 3849 acquiescit:
1154 3782 1232 3835 sic
1245 3799 1500 3852 qumrens
1520 3801 1690 3854 apas-
1771 3787 1990 3857 ignavia
2017 3785 2401 3846 etsecuritate,
2435 3790 2603 3854 atque
2619 3776 2689 3836 ad
2711 3782 2880 3835 istum
2910 3797 3077 3849 quem
3107 3778 3370 3855 nolumus

144 3857 339 3915 donibus
364 3871 686 3936 temperare
706 3867 1041 3933 carnalibus,
1064 3876 1129 3922 ut
1145 3887 1499 3941 nequaquam
1529 3874 1693 3926 vellet
1776 3875 2020 3939 laborem
2053 3891 2116 3927 ac
2131 3874 2401 3935 virtutum
2420 3870 2607 3925 studia
2633 3869 2959 3942 provocatis,
2975 3866 3209 3938 aequitas
3230 3868 3372 3938 opti-

144 3944 314 4003 dolores
341 3955 685 4009 necessarios
715 3955 1011 4023 sustinere,
1043 3958 1395 4029 sine'quibus
1415 3961 1694 4015 desideria
1774 3982 1864 4018 me
1897 3963 2081 4017 media
2110 3968 2441 4025 retentetur,
2475 3966 2533 4014 et
2552 3944 2805 4030 tepidum
2836 3963 3041 4011 nostrae
3066 3955 3371 4027 voluntatis

144 4035 625 4113 spiritusnequeunt
642 4044 941 4114 possideri,-
962 4047 1171 4118 absque
1189 4044 1554 4119 castigatione
1569 4067 1691 4103 car-
1777 4052 2088 4113 arbitrium,
2122 4052 2251 4104 hinc
2272 4050 2503 4122 spiritus
2530 4049 2730 4113 fervor,
2766 4046 2894 4100 hinc
2928 4043 3114 4101 carnis
3140 4038 3371 4123 gelidis-

147 4123 206 4177 nis
226 4129 597 4185 mstimoniam
626 4134 873 4204 corporis
890 4135 1214 4189 desiderans
1232 4137 1513 4192 obstinere
1538 4158 1548 4203 ;
1572 4139 1692 4192 sine
1775 4142 1951 4195 simus
1981 4142 2131 4210 rigor
2159 4139 2609 4193 moderatissimo
2625 4138 2807 4191 calore
2832 4140 3256 4206 contemperent
3278 4154 3287 4186 :
3309 4152 3371 4189 ac

146 4213 410 4281 vigiliarum
439 4221 639 4275 labore
667 4222 850 4276 cordis
879 4225 1168 4294 acquirere.
1198 4226 1531 4296 puritatem:
1564 4244 1691 4281 cum
1775 4247 1953 4301 neque
1983 4230 2051 4283 ad
2084 4230 2351 4283 effrenata
2383 4228 2517 4281 vitia
2548 4230 2795 4280 mentem
2833 4225 3085 4295 pertrahi
3117 4224 3373 4296 concupi-

148 4305 294 4372 I‘equie
318 4310 497 4363 carnis
530 4309 882 4380 spiritalibus
905 4313 1207 4367 exuberare
1227 4315 1550 4369 virtutibus:
1569 4316 1691 4370 abs-
1707 4389 1747 4395 _
1773 4320 1985 4373 scentia
1997 4319 2227 4390 spiritus
2250 4318 2423 4381 sinat;
2456 4334 2559 4370 nec
2580 4331 2805 4369 rursum
2828 4314 2898 4367 ad
2928 4316 3200 4368 virtutum
3231 4306 3369 4395 irra-

147 4406 222 4458 qlle
246 4395 397 4451 ullius
424 4400 852 4469 exasperatione
880 4399 1104 4455 convitii
1135 4403 1419 4473 patientiaé
1446 4406 1689 4474 gratiam
1707 4389 2062 4461 Dtionabiles
2092 4406 2374 4477 appetitus
2401 4405 2676 4475 fragilitas
2706 4402 2890 4456 carnis
2914 4402 3175 4471 spiritum
3198 4390 3372 4472 patia-

147 4482 375 4545 Wssidere
404 4506 413 4539 :
460 4487 845 4542 humilitatem
873 4491 1081 4544 Christi
1111 4492 1231 4545 sine
1265 4493 1491 4547 honoris
1522 4510 1687 4548 mun-
1770 4502 1863 4550 tur
1891 4496 2104 4551 extolli:
2129 4482 2199 4549 ne
2221 4496 2307 4547 vel
2338 4495 2488 4548 illius
2510 4493 2872 4561 omnigenum
2902 4490 3178 4562 pullulent
3205 4488 3369 4541 fomi-

146 4567 239 4621 dani
260 4588 500 4630 exercere
516 4578 743 4645 jactura
770 4597 780 4643 ;
816 4579 1099 4649 religionis
1127 4580 1543 4653 simplicitatem
1562 4600 1690 4636 cum
1770 4592 1855 4639 tes
1874 4585 2168 4640 vitiorum:
2204 4585 2287 4637 vel
2316 4584 2445 4636 hinc
2462 4582 2631 4636 elatio
2651 4579 2831 4633 morbi
2854 4576 3173 4648 principalis
3195 4593 3371 4629 emer-

148 4659 342 4714 mlari
371 4665 681 4719 ambitione
711 4667 911 4720 sectari
945 4687 956 4733 ;
989 4668 1211 4723 Christo
1242 4687 1367 4723 cum
1396 4669 1689 4725 hominum
1771 4692 1928 4743 gens,
1954 4676 2065 4727 telo
2093 4690 2195 4727 nos
2222 4672 2495 4751 superbia!
2519 4669 2774 4751 graviore
2807 4664 3121 4725 confodiat;
3159 4665 3253 4718 sed
3277 4666 3374 4719 ho-

146 4742 264 4799 laude
291 4767 349 4803 ac
375 4769 581 4822 pavore
611 4754 847 4823 servire;
873 4756 1278 4812 districtionem
1301 4759 1551 4813 veritatis
1570 4761 1690 4815 sine
1774 4742 1897 4817 rum
1928 4780 2115 4834 pugna
2144 4742 2586 4831 acquiiibratione
2623 4760 2780 4835 justa
2807 4756 3127 4819 succedens,
3176 4772 3369 4809 sanam

148 4835 402 4906 mjuspiam
443 4844 525 4896 vel
562 4844 717 4897 tenui
760 4846 1064 4899 offensione
1099 4848 1364 4917 proferre.
1400 4848 1689 4903 Postremo
1773 4859 1829 4906 et
1842 4852 2187 4905 moderatam
2221 4851 2367 4902 inter
2397 4854 2636 4917 utraque
2667 4847 2941 4900 virtutum
2972 4851 3187 4899 reseret
3201 4845 3366 4929 viam.

148 4920 197 4972 <ic
212 4929 395 4983 mavult
422 4931 618 4985 futura
647 4934 912 5004 consequi
951 4934 1114 5000 bona,
1151 4943 1214 4989 ut
1251 4938 1543 5007 praesentia
1576 4955 1685 4992 non
1778 4941 1977 4995 itinere
2021 4940 2174 5010 regio
2211 4940 2416 4991 docens
2445 4936 2679 4989 militem
2712 4934 2921 4988 Christi
2965 4951 3186 5005 semper
3219 4934 3371 4987 ince-

151 5011 351 5069 iunittat:
387 5036 511 5088 quae
547 5023 805 5074 voluntas
834 5040 1121 5103 nunquam
1156 5041 1255 5078 nos
1286 5026 1355 5078 ad
1392 5026 1685 5095 perfectio-
1770 5030 1926 5082 dere.
2762 5038 2769 5046 '
3092 5012 3097 5019 ⁸

150 5111 235 5152 nem
259 5120 432 5161 veram
462 5108 673 5163 faceret
704 5113 1012 5181 pervenire,
1044 5114 1140 5166 sed
1171 5113 1227 5167 in
1258 5120 1511 5185 tempore
1546 5132 1684 5185 quo-
1842 5120 1993 5185 Quod
2010 5120 2275 5185 sispiritu
2295 5117 2591 5175 ducimim’,
2610 5130 2719 5166 non
2739 5117 2863 5167 estis
2879 5114 3118 5178 sublege.
3137 5111 3370 5187 (Ατηὺν.)

148 5184 236 5279 ’ἔξω
262 5198 539 5251 teterrimo
582 5199 900 5265 collocaret,
937 5203 1188 5272 talesque
1225 5184 1451 5270 faceret,
1490 5184 1679 5275 quales
1782 5208 1905 5259 Non
1936 5212 2021 5259 est
2050 5184 2366 5270 obscurum,
2395 5204 2527 5275 quia
2567 5200 2661 5273 qui
2690 5203 2888 5256 ducem
2920 5199 3091 5253 habet
3116 5184 3371 5279 sanctum

150 5270 198 5324 Illi
228 5288 355 5341 sunt,
394 5288 489 5356 qui
532 5288 588 5341 in
641 5289 974 5360 Apocalypsi
1020 5292 1397 5362 increpatione
1456 5280 1679 5347 Domini
1782 5295 2202 5365 Spirituni,non
2230 5291 2682 5351 errat.Lexenim
2700 5286 3372 5365 errantibusdominatur»

149 5367 461 5435 castigantur:
491 5376 611 5431 Scio
642 5394 806 5445 opera
834 5385 950 5445 tua,
985 5384 1118 5448 qm'a
1148 5398 1315 5450 neque
1343 5385 1585 5449 frigidus
1610 5400 1679 5448 cs,
1767 5368 1909 5437 sicut
1936 5382 2044 5436 alio
2069 5384 2187 5436 loco
2218 5382 2354 5436 dicit
2388 5383 2437 5449 (Ι
2472 5378 2610 5434 Tim.
2644 5383 2716 5445 1):
2745 5382 2898 5431 .lusto
2928 5380 3012 5430 lex
3039 5391 3153 5429 non
3174 5382 3248 5430 est
3276 5394 3373 5445 p0-

154 5466 276 5519 iifque
298 5466 505 5517 calidus
538 5487 550 5527 ;
583 5472 809 5520 utinam
840 5469 1086 5535 frigidus
1125 5488 1272 5533 esses,
1306 5477 1401 5525 aut
1435 5473 1681 5526 calidus!
1766 5478 1893 5527 sita.
1931 5472 2208 5539 (Hieron.)
2228 5471 2550 5525 Notandum
2571 5465 2888 5545 ergo,quod
2905 5465 2993 5518 hic
3018 5465 3249 5545 spiritus
3263 5481 3373 5521 non

152 5554 260 5597 nunc
278 5555 449 5606 autem
486 5558 694 5624 lepidus
725 5573 795 5621 es,
821 5564 868 5610 et
889 5561 1155 5629 incipiam
1182 5565 1228 5611 te
1251 5576 1488 5615 evomere
1513 5580 1577 5614 er
1594 5577 1686 5615 ore
1768 5579 1894 5618 cum
1926 5562 2166 5621 articulo
2222 5568 2278 5613 et
2306 5577 2431 5614 cum
2472 5559 2858 5615 additamento
2887 5553 3093 5636 aliquo.
3131 5556 3275 5638 sicut
