3880 6146
433 325 532 384 351

1030 327 1094 383 Β.
1135 325 1408 383 RABANI
1445 324 1679 382 MAURI
1714 324 2052 382 ARCHIEP.
2092 323 2421 382 MOGUNT.
2461 323 2761 382 OPERUM
2799 323 2984 380 PARS
3020 320 3121 379 III.

3609 318 3709 377 35?

432 450 650 509 caeteris
668 452 928 523 legimus,
939 450 1201 524 spiritum
1212 449 1680 518 mansuetudinis,
1695 455 1751 504 et
1769 449 2032 522 spiritum
2045 453 2099 512 Α
2111 454 2246 505 tunc
2273 449 2572 521 perﬁcitur
2590 448 2776 505 carnis
2795 446 3262 520 concupiscentia,
3287 463 3415 501 cum
3433 446 3715 500 consentit

434 541 585 607 ﬁdei,
601 540 698 596 sed
710 538 1040 612 simpliciter
1048 539 1281 611 spiritus
1290 539 1632 612 appellatur:
1658 555 1782 610 quae
1799 539 2025 610 quidem

434 628 684 684 minutiae
713 627 894 698 magis
920 628 982 682 in
1011 627 1204 682 Graeco
1227 644 1396 700 quam
1412 627 1473 682 in
1500 632 1696 682 nostra
1721 628 1917 700 lingua
1933 627 2027 682 ob-

435 722 686 782 servate,
726 715 826 788 qui
872 716 1039 797 ἄρθρα
1077 716 1303 789 penitus
1338 733 1451 770 non
1495 715 1788 784 habemus,
1831 715 2025 771 viden-

431 812 529 862 tur
554 804 768 878 aliquid
794 805 1003 863 habere
1031 803 1324 860 momenti.
1357 804 1640 873 Quaeritur
1666 805 1726 860 in
1751 804 1857 860 hoc
1882 805 2022 873 loco,

431 896 479 950 si
511 894 828 967 quicunque
846 893 1050 967 spiritu
1063 893 1304 961 ducitur,
1317 908 1431 948 non
1450 898 1538 948 est
1554 893 1658 949 sub
1675 894 1818 965 lege,
1832 900 2028 949 utrum

430 983 652 1056 Moyses
679 987 737 1038 et
762 983 1048 1056 prapheta:
1073 982 1161 1037 vel
1181 981 1384 1054 spiritu
1401 981 1512 1038 acti
1530 982 1664 1049 sint,
1688 988 1748 1038 et
1773 981 1877 1038 sub
1903 984 2029 1055 lege

430 1071 687 1137 vixerint,
717 1071 867 1144 quod
897 1071 1204 1144 Apostolus
1225 1076 1413 1142 negat,
1435 1076 1538 1126 aut
1560 1071 1833 1128 habentes
1862 1072 2030 1144 spiri-

427 1166 549 1217 tum
581 1159 686 1217 sub
712 1161 837 1232 lege
862 1177 977 1216 non
992 1159 1222 1228 fuerint,
1255 1160 1406 1232 quod
1432 1161 1734 1232 Apostolus
1761 1161 1853 1216 hic
1880 1161 2032 1216 afﬁr-

431 1255 551 1306 mat
571 1269 583 1304 :
609 1253 710 1306 aut
728 1250 877 1322 quod
891 1249 1237 1317 esttertium,
1254 1248 1357 1304 sub
1376 1249 1500 1320 lege
1507 1249 1756 1304 viventes
1763 1249 2025 1325 spiritum

430 1355 545 1395 non
581 1337 900 1405 habuerint,
930 1338 1079 1410 quod
1107 1338 1178 1393 de
1215 1338 1392 1393 tantis
1416 1338 1552 1393 viris
1586 1337 1743 1394 nefas
1787 1345 1874 1394 est
1903 1355 2025 1394 cre-

429 1428 581 1484 dere.
602 1428 691 1484 Ad
703 1426 852 1501 quod
869 1443 974 1483 nos
989 1426 1236 1482 breviter
1251 1426 1730 1499 respondebimus,
1750 1444 1862 1483 non
1875 1427 2026 1483 idem

429 1533 550 1572 esse
575 1515 682 1572 sub
706 1517 832 1589 lege
860 1532 1003 1579 esse.
1022 1521 1082 1572 et
1109 1532 1233 1572 esse
1263 1515 1424 1588 quasi
1452 1515 1557 1571 sub
1575 1516 1723 1589 lege;
1743 1517 2025 1589 quomodo

2108 545 2166 593 et
2192 537 2425 610 spiritus
2455 539 2528 593 ad
2545 554 2718 610 opera
2731 538 2899 601 mala,
2919 541 2985 591 ut
3003 551 3118 592 non
3137 535 3494 609 concupiscat
3510 535 3713 590 adver-

2107 644 2204 683 sus
2224 628 2398 695 illam,
2421 627 2521 683 sed
2539 643 2669 681 cum
2696 614 2792 680 illa
2816 645 2827 680 :
2853 626 2932 680 sic
2946 632 3006 680 et
3030 624 3180 679 bona
3199 640 3388 698 opera.
3411 625 3559 679 Nam
3576 629 3717 679 tunc

2106 716 2493 788 perﬁciuntur,
2518 716 2741 789 quando
2761 717 2844 770 ita
2871 713 3096 786 spiritui
3111 730 3242 768 caro
3269 713 3636 781 consenserit,
3649 722 3719 768 ut

2107 806 2374 860 adversus
2393 821 2525 860 eum
2544 805 2717 860 etiam
2735 805 2860 876 ipsa
2883 819 2998 859 non
3028 802 3404 874 concupiscat.
3429 802 3547 857 Hoc
3557 803 3715 857 enim

2108 895 2383 962 volumus,
2406 910 2533 949 cum
2562 892 2960 967 perfectionem
2983 892 3218 963 justitim
3237 890 3711 965 concupiscimus.

2107 983 2413 1039 Verissime
2442 983 2649 1056 quippe
2677 999 2743 1037 ac
2768 981 3126 1037 veracissime
3143 981 3416 1053 scriptum
3436 985 3548 1035 est:
3578 996 3715 1036 caro

2111 1075 2441 1143 concupiscit
2467 1074 2728 1127 adversus
2762 1074 3051 1142 spiritum,
3081 1076 3131 1127 et
3171 1071 3410 1140 spiritus
3446 1071 3715 1125 adversus

2111 1178 2364 1225 carnem;
2386 1161 2485 1216 sed
2499 1166 2722 1216 tantum
2731 1177 2959 1217 carnem
2973 1160 3096 1214 sine
3108 1159 3302 1214 anima
3318 1159 3715 1231 concupiscere

2110 1249 2253 1304 nihil
2272 1267 2434 1322 posse
2450 1254 2606 1322 puto,
2629 1248 2779 1322 quod
2794 1248 2978 1303 omnis
2995 1248 3191 1307 doctus
3204 1246 3572 1318 indoctusque
3593 1263 3717 1302 non

2105 1337 2362 1405 dubitet;
2404 1355 2470 1393 ac
2499 1355 2601 1411 per
2628 1338 2734 1393 hoc
2762 1338 2940 1410 ipsius
2975 1336 3438 1408 concupiscentiae
3465 1336 3719 1391 carnalis

2106 1443 2276 1482 causa
2293 1444 2407 1483 non
2427 1433 2513 1482 est
2537 1427 2595 1482 in
2624 1427 2817 1482 anima
2835 1426 2973 1495 sola,
2995 1426 3094 1482 sed
3120 1426 3298 1481 multo
3316 1424 3505 1480 minus
3532 1430 3625 1480 est
3653 1425 3717 1482 in

2105 1533 2274 1573 carne
2303 1518 2448 1574 sola:
2482 1530 2550 1572 ex
2576 1522 2820 1588 utroque
2852 1516 3005 1571 enim
3044 1515 3129 1581 ﬁt,
3161 1515 3374 1570 scilicet
3398 1515 3714 1597 exanima.

427 1622 542 1662 non
567 1605 813 1679 idipsum
839 1611 928 1661 est
944 1605 1006 1661 in
1030 1605 1401 1661 similitudine
1424 1606 1611 1662 carnis
1639 1607 1852 1678 peccati
1883 1613 1940 1662 et
1965 1606 2027 1662 in
2107 1606 2256 1678 quod
2285 1607 2406 1662 sine
2444 1607 2544 1661 illa
2585 1605 2882 1661 delectatio
2909 1605 3066 1660 nulla
3104 1603 3384 1659 sentitur:
3432 1621 3498 1658 ex
3536 1620 3717 1659 carne

427 1711 594 1751 carne
615 1711 738 1750 esse
769 1694 1001 1767 peccati.
1024 1695 1142 1750 Nec
1163 1694 1315 1750 idem
1333 1700 1498 1750 sonat
1510 1711 1677 1751 verus
1694 1711 1944 1767 serpens,
1970 1702 2028 1751 et
2106 1700 2319 1763 autem,
2344 1694 2494 1767 quod
2519 1695 2640 1750 sine
2669 1695 2769 1750 illa
2794 1693 3036 1749 carnalis
3063 1691 3359 1749 delectatio
3388 1709 3503 1748 non
3529 1693 3718 1747 senti-

427 1784 557 1840 aerei
603 1783 916 1841 similitudo
951 1784 1248 1856 serpentis,
1301 1799 1470 1856 quem
1498 1785 1719 1856 Moyses
1744 1784 1806 1839 in
1834 1800 2022 1839 eremo
2041 1770 2086 1831 Β
2106 1789 2219 1839 tur.
2255 1785 2495 1839 Carnem
2526 1783 2719 1855 itaque
2762 1781 3246 1854 concupiscentem
3282 1782 3551 1836 adversus
3590 1781 3719 1854 spi-

426 1872 736 1945 suspendit.
761 1872 852 1928 Sic
869 1873 1046 1944 igitur
1063 1878 1122 1928 et
1141 1880 1362 1928 sanctos
1381 1873 1705 1945 prophetas,
1721 1880 1780 1928 et
1797 1875 2027 1946 Moysen
2107 1873 2283 1928 ritum
2308 1873 2447 1928 dicit
2469 1872 2789 1945 Apostolus,
2819 1871 3103 1927 carnalem
3125 1871 3318 1942 procul
3345 1869 3518 1925 dubio
3550 1870 3719 1925 dele-

427 1960 780 2039 ambulantes
795 1962 1019 2034 spiritu,
1042 1967 1101 2017 et
1112 1961 1315 2034 spiritu
1336 1961 1603 2029 viventes,
1625 1978 1739 2018 non
1757 1962 1863 2018 sub
1878 1963 2022 2035 lege,
2106 1962 2429 2029 ctationem,
2455 1978 2624 2034 quam
2640 1961 2711 2016 de
2730 1976 2898 2016 carne
2929 1965 2986 2014 et
3011 1977 3142 2014 cum
3170 1975 3337 2014 carne
3357 1959 3592 2032 spiritus
3613 1960 3721 2015 ha-

425 2050 527 2105 sed
548 2049 710 2123 quasi
729 2050 833 2106 sub
851 2050 977 2122 lege
997 2051 1217 2117 vixisse,
1242 2054 1310 2106 ut
1324 2050 1430 2123 ipsi
1456 2051 1783 2106 viderentur
1796 2051 2024 2123 quidem
2106 2050 2218 2115 bet,
2251 2051 2681 2107 delectationem
2710 2066 2882 2122 quam
2906 2049 3059 2105 solus
3088 2048 3282 2104 habet:
3308 2049 3461 2105 solus
3498 2049 3719 2122 quippe

426 2154 548 2193 esse
568 2137 672 2194 sub
689 2139 841 2211 lege;
873 2139 973 2194 sed
988 2156 1103 2207 eos,
1125 2139 1223 2211 qui
1255 2138 1360 2194 sub
1377 2139 1503 2211 lege
1529 2145 1710 2208 erant,
1732 2139 2025 2196 lucriface-
2105 2139 2294 2207 habet,
2326 2139 2435 2195 nisi
2461 2139 2645 2205 fallor,
2674 2138 3035 2204 desiderium,
3081 2153 3196 2193 non
3232 2154 3363 2192 cum
3393 2137 3578 2192 carnis
3610 2154 3717 2192 vo-

427 2233 574 2293 rent,
593 2233 652 2282 et
669 2227 741 2285 ab
760 2227 1081 2285 humilitate
1099 2228 1303 2284 litterae
1323 2229 1395 2283 ad
1406 2229 1762 2285 altitudinem
1791 2229 2026 2302 spiritus
2104 2228 2340 2300 luptate,
2363 2228 2449 2283 vel
2467 2228 2779 2285 carnalium
2797 2243 2987 2283 rerum
3005 2226 3311 2299 cupiditate
3320 2227 3714 2284 commistum.

427 2322 812 2390 provocarent.
836 2317 983 2373 Nam
1002 2321 1062 2373 et
1081 2317 1309 2385 Paulus,
1341 2319 1439 2390 qui
1458 2318 1667 2375 Iudaeis
1693 2318 1919 2375 Iudaeus
1941 2318 2025 2373 fa-
2107 2334 2217 2388 quo
2236 2316 2520 2372 desiderat
2537 2322 2595 2373 et
2612 2316 2803 2372 deﬁcit
2822 2316 3015 2371 anima
3029 2315 3090 2370 in
3109 2315 3257 2371 atria
3284 2315 3512 2371 Domini
3536 2317 3711 2381 (Psal.

427 2410 550 2460 ctus
578 2411 683 2471 est,
716 2410 774 2460 et
801 2405 1063 2462 omnibus
1105 2406 1316 2473 omnia,
1361 2412 1427 2462 ut
1453 2423 1648 2462 omnes
1675 2406 2027 2463 lucrifaceret
2106 2409 2357 2477 Lxxxm).
2391 2406 2556 2462 Solus
2582 2405 2753 2461 habet
2783 2405 2955 2460 etiam
2984 2405 3143 2472 illud,
3176 2404 3245 2458 de
3274 2420 3385 2475 quo
3403 2404 3456 2458 ei
3476 2404 3712 2462 dicitur.

427 2495 484 2561 (Ι
499 2493 622 2549 Cor.
646 2496 866 2561 Ix),non
889 2494 1034 2549 dixit
1049 2497 1232 2564 factus
1250 2497 1350 2550 sub
1372 2496 1624 2564 tege,sed,
1658 2497 1838 2564 factus
1865 2500 2028 2566 quasi
2107 2495 2429 2569 Concupisti
2440 2495 2795 2567 sapientiam,
2813 2511 2975 2549 serva
2989 2494 3343 2561 mandatum,
3357 2499 3416 2548 et
3431 2493 3719 2549 Dominus

424 2582 526 2636 sub
543 2585 670 2652 lege,
703 2588 770 2637 ut
791 2583 1115 2639 ostenderet
1140 2600 1201 2638 se
1216 2600 1330 2639 non
1349 2584 1814 2655 veritatemlegis,
1835 2585 1934 2641 sed
1953 2585 2025 2641 si-
2104 2583 2316 2656 praebet
2343 2601 2469 2640 eam
2498 2584 2621 2640 tibi.
2652 2585 2801 2640 Nam
2824 2601 2953 2639 cum
2992 2582 3226 2655 spiritus
3252 2583 3495 2654 imperat
3523 2599 3715 2637 mem-

426 2668 805 2726 militudinem
823 2671 1150 2727 custodisse.
1173 2672 1446 2729 Videmur
1465 2673 1627 2729 nobis
1645 2673 1873 2728 solvisse
1890 2690 2022 2746 pro-
2106 2672 2221 2728 bris
2247 2673 2514 2746 corporis,
2543 2679 2610 2728 ut
2651 2673 2782 2728 huic
2807 2672 3086 2728 desiderio
3115 2671 3382 2739 serviant,
3413 2687 3524 2743 quo
3552 2672 3721 2727 solus

425 2757 669 2829 positam
699 2759 1084 2830 quaestionem.
1099 2760 1209 2816 Sed
1231 2760 1365 2832 quid
1384 2760 1730 2819 faciemus'de
1745 2762 1842 2816 illo
1860 2761 2022 2817 Pauli
2103 2763 2446 2831 accenditur,
2476 2763 2630 2819 velut
2646 2778 2775 2817 cum
2796 2762 3108 2817 assumitur
3124 2761 3318 2826 codex,
3340 2777 3470 2816 cum
3488 2761 3716 2833 aliquid

425 2845 670 2918 capitulo
683 2847 920 2903 dicentis
938 2849 1098 2906 :Gum
1109 2854 1297 2904 autem
1312 2853 1522 2905 venerit
1527 2852 1814 2919 plenitudo
1826 2856 2022 2921 tempo-
2102 2850 2385 2920 scribitur,
2416 2851 2642 2923 legitur,
2671 2850 3013 2923 disputatur,
3034 2851 3281 2918 auditur,
3310 2867 3440 2906 cum
3461 2850 3721 2923 denique

430 2936 1062 2994 ris.misitDeusFilium
1073 2953 1239 2992 suum
1253 2939 2018 3009 factumeamutierejactum
2101 2940 2263 3012 panis
2298 2939 2578 3012 frangitur
2619 2940 2890 2995 esurienti
2923 2946 2982 2995 et
3007 2945 3210 2995 caetera
3238 2940 3613 2996 humanitatis
3640 2957 3721 2995 ac

427 3025 666 3093 subtege,
691 3031 755 3080 ut
773 3041 876 3095 eos,
889 3029 990 3096 qui
1003 3027 1103 3081 sub
1123 3028 1232 3095 lege
1245 3033 1423 3091 erant,
1442 3029 1839 3083 redimeret?Si
1868 3028 2019 3083 enim
2045 3090 2080 3101 Α
2101 3029 2498 3084 misericordiae
2542 3035 2884 3101 praestantur
2922 3029 3125 3095 ofﬁcia,
3158 3029 3537 3084 obedientiam
3569 3045 3714 3083 caro

423 3090 681 3168 Christus
697 3113 802 3169 sub
814 3090 940 3185 lege
957 3113 1082 3183 fuit,
1106 3090 1294 3170 etnon
1313 3116 1475 3187 quasi
1493 3115 1598 3171 sub
1619 3117 1762 3187 lege,
1782 3122 1904 3172 tota
1921 3118 2020 3173 illa
2038 3090 2082 3152 δ
2099 3117 2341 3186 exhibet,
2389 3135 2503 3175 non
2544 3090 3061 3192 concupiscentiam
3108 3090 3313 3173 movet.
3355 3117 3458 3173 His
3510 3119 3717 3190 itaque

421 3201 680 3285 superior
688 3202 995 3275 disputatio
1007 3220 1181 3260 vacua
1188 3205 1305 3260 ﬁet.
1320 3204 1532 3270 Verum
1546 3211 1605 3261 et
1615 3205 1733 3260 haec
1741 3206 2018 3278 oppositio
2099 3207 2196 3278 huj
2202 3207 2426 3262 usmodi
2440 3207 2754 3275 desideriis,
2773 3207 2977 3280 quibus
2988 3209 3108 3263 sola
3127 3208 3320 3263 anima
3337 3208 3711 3280 concupiscit.

421 3290 492 3345 de
513 3307 616 3345 suo
635 3290 881 3347 solvetur
912 3293 1052 3348 loco.
1080 3293 1187 3358 Qui
1223 3295 1376 3349 enim
1405 3299 1705 3366 propterea
1717 3295 1896 3350 factus
1914 3295 2019 3350 sub
2098 3312 2226 3352 cum
2253 3297 2582 3352 adversatur
2608 3297 2841 3369 aliquid,
2868 3297 3019 3368 quod
3040 3298 3301 3352 eamdem
3328 3297 3581 3354 animam
3612 3315 3715 3353 se-

421 3379 544 3450 lege
565 3385 669 3448 est,
690 3385 882 3449 uteos,
905 3381 1005 3454 qui
1023 3387 1187 3436 erant
1199 3382 1303 3437 sub
1316 3383 1460 3454 lege,
1476 3383 1798 3452 redimeret,
1821 3384 2016 3456 utique
2099 3385 2345 3440 cundum
2373 3402 2601 3440 carnem
2627 3386 2888 3452 delectat,
2917 3391 3054 3441 tunc
3091 3386 3299 3442 dicitur
3330 3403 3462 3442 caro
3503 3403 3719 3443 concu-

419 3483 550 3522 cum
568 3474 718 3524 esset
738 3468 882 3524 liber
906 3487 943 3525 a
967 3470 1112 3542 lege,
1144 3471 1253 3542 legi
1274 3488 1334 3526 se
1356 3471 1605 3528 subdidit
1630 3472 1936 3537 voluntate,
1961 3478 2019 3529 et
2098 3473 2313 3546 piscere
2341 3464 2609 3530 adversus
2636 3474 2901 3547 spiritum
2929 3481 2988 3530 et
3016 3476 3250 3547 spiritus
3282 3477 3550 3531 adversus
3579 3493 3717 3531 car-

420 3557 598 3612 multo
643 3564 768 3614 erat
808 3557 984 3615 Paulo
1012 3558 1261 3629 liberior,
1315 3560 1410 3631 qui
1450 3578 1564 3617 non
1594 3560 1699 3616 sub
1742 3563 1884 3632 lege,
1917 3562 2016 3617 sed
2097 3580 2249 3619 nem.
2276 3564 2429 3631 Quod
2449 3567 2502 3617 si
2524 3567 2753 3633 spiritu,
2776 3565 2982 3635 inquit,
2995 3567 3292 3630 ducimini,
3311 3582 3420 3620 non
3449 3569 3575 3619 estis
3607 3569 3720 3621 sub

419 3645 579 3716 quasi
609 3646 713 3701 sub
738 3647 864 3719 lege
881 3664 943 3703 se
970 3647 1144 3704 fuisse
1163 3653 1404 3705 testatus
1423 3656 1528 3705 est.
1561 3650 1632 3705 Et
1657 3651 1937 3722 quomodo
1956 3651 2017 3707 in
2098 3655 2226 3720 lege.
2259 3653 2464 3723 Magna
2492 3653 2633 3707 mihi
2651 3653 2874 3709 videtur
2892 3654 3146 3725 quaestio,
3161 3654 3295 3726 quid
3333 3655 3410 3709 sit
3439 3671 3563 3709 esse
3599 3655 3718 3710 sub

419 3749 642 3790 omnum
670 3741 730 3790 et
755 3735 1057 3792 barathum
1094 3738 1294 3794 mortis
1321 3745 1553 3812 propter
1574 3755 1678 3795 nos
1705 3740 2012 3808 descendit,
2096 3741 2240 3813 lege,
2271 3740 2352 3796 sic
2398 3741 2876 3812 quemadmodum
2919 3743 3222 3815 Apostolus
3270 3744 3487 3816 culpat;
3519 3760 3718 3817 neque

421 3822 517 3894 qui
545 3823 846 3881 orabamus
865 3825 1115 3882 dicentes
1139 3846 1151 3882 :
1180 3827 1312 3896 Quis
1331 3844 1416 3882 me
1435 3830 1688 3884 liberabit
1714 3830 1779 3884 de
1797 3845 2019 3900 corpore
2099 3829 2250 3884 enim
2276 3829 2382 3885 hoc
2409 3845 2541 3885 eum
2567 3837 2799 3903 propter
2825 3832 3332 3902 circumcisionem,
3365 3839 3468 3889 aut
3490 3833 3593 3889 illa
3624 3851 3721 3891 sa-

423 3915 619 3974 mprtis
641 3914 810 3984 hujus
829 3916 1001 3984 (Rom.
1018 3918 1111 3985 vn)
1133 3921 1158 3970 Ρ
1187 3916 1270 3971 ita
1297 3922 1356 3972 et
1379 3933 1446 3972 ex
1475 3917 1710 3974 muliere
1737 3918 1891 3973 nasci
1918 3935 2016 3972 vo-
2098 3918 2326 3986 criﬁcia,
2358 3937 2482 3991 quae
2500 3924 2636 3975 tunc
2657 3919 2806 3976 facta
2833 3938 2869 3976 a
2896 3920 3173 3993 patribus,
3197 3938 3394 3979 nunca
3425 3922 3715 3979 Christia-

416 3999 543 4066 luit,
574 4007 633 4056 et
659 4017 782 4057 esse
804 4001 910 4058 sub
937 4003 1082 4074 lege,
1114 4010 1180 4059 ut
1207 4020 1320 4071 eos,
1344 4005 1439 4077 qui
1465 4011 1629 4062 erant
1656 4007 1775 4062 nati
1805 4007 1875 4062 de
1896 4023 2019 4062 mu-
2098 4007 2188 4063 nis
2212 4024 2329 4064 non
2357 4009 2520 4081 ﬁunt,
2564 4014 2624 4065 et
2643 4014 2847 4064 caetera
2873 4010 3228 4081 hujusmodi:
3252 4011 3352 4066 sed
3380 4011 3486 4066 hoc
3513 4012 3715 4083 ipsum

416 4087 552 4142 liere
597 4094 654 4143 et
694 4089 954 4145 vivebant
979 4091 1084 4146 sub
1140 4093 1284 4163 lege,
1307 4093 1564 4148 salvaret.
1591 4095 1778 4165 (Aug.)
1798 4095 2016 4165 Spiritu
2097 4097 2290 4163 etiam,
2315 4099 2464 4168 quod
2481 4097 2566 4152 lex
2602 4098 2761 4165 dixit,
2783 4099 2907 4154 Non
2955 4103 3294 4170 concupisces
3328 4120 3344 4155 :
3374 4099 3522 4172 quod
3567 4101 3719 4156 fate-

417 4175 620 4247 inquit,
644 4179 928 4233 ambulate
949 4185 997 4233 et
1019 4184 1482 4250 concupiscentias
1500 4186 1690 4237 carnis
1712 4199 1780 4238 ne
1792 4185 2019 4253 perfect»
2098 4174 2227 4241 mur
2252 4191 2403 4241 certe
2433 4186 2783 4242 Christianos
2810 4186 3126 4256 observare,
3165 4195 3334 4260 atque
3375 4190 3709 4261 evangelica

416 4266 564 4320 ritis.
585 4265 713 4320 Non
742 4266 842 4334 ait,
875 4267 960 4322 Ne
991 4266 1254 4335 feceritis,
1270 4268 1403 4341 quia
1424 4286 1520 4324 eas
1538 4286 1652 4325 non
1669 4270 1877 4327 habere
1903 4289 2017 4328 non
2097 4273 2341 4328 maxime
2384 4274 2757 4331 illustratione
2793 4277 3119 4348 praedicare,
3170 4279 3355 4349 legem
3400 4278 3539 4334 dicit
3569 4295 3706 4335 esse

416 4357 704 4424 poterant;
735 4354 852 4423 sed,
868 4371 934 4410 ne
948 4358 1310 4426 perfeceritis,
1345 4357 1404 4412 id
1423 4363 1511 4412 est
1527 4375 1598 4414 ne
1623 4375 1794 4432 opera
1820 4377 2015 4416 eorum
2032 4408 2081 4437 η
2097 4368 2368 4431 sanctam,
2381 4368 2440 4418 et
2448 4364 2780 4420 mandatum
2792 4371 3050 4420 sanctum
3069 4373 3127 4421 et
3138 4367 3356 4437 justum
3381 4374 3440 4422 et
3457 4366 3699 4424 bonum.

415 4456 690 4499 consensu
705 4443 1010 4501 voluntatis
1037 4444 1338 4517 impleatis.
1363 4445 1525 4512 Quod
1552 4463 1686 4518 ergo
1714 4455 1803 4503 est
1816 4448 1887 4503 ad
1909 4449 2016 4504 Ga-
2033 4443 2081 4466 ¹¹
2096 4449 2310 4504 Deinde
2334 4449 2648 4522 subjungit:
2677 4454 2828 4520 Quod
2845 4469 2972 4522 ergo
2987 4456 3192 4509 bonum
3207 4460 3300 4519 est,
3315 4456 3460 4511 mihi
3475 4457 3699 4525 factum

415 4531 558 4587 latas
591 4546 614 4588 :‘
649 4533 1128 4604 Concupisccntias
1183 4538 1372 4590 carnis
1415 4551 1482 4589 ne
1516 4539 1876 4606 perfeceritis,
1909 4537 2015 4593 hoc
2096 4543 2172 4593 est
2188 4555 2336 4593 mors
2352 4540 2566 4607 ?Absit,
2592 4542 2684 4595 sed
2694 4547 2992 4610 peccatum,
3014 4548 3075 4597 ut
3099 4549 3365 4613 appareat
3382 4550 3701 4615 peccatum.

414 4622 696 4676 contrario
724 4628 814 4678 est
843 4624 918 4678 ad
946 4624 1266 4681 Romanos:
1296 4625 1557 4693 Perﬁcere
1581 4631 1767 4681 autem
1808 4628 2008 4682 bonum
2089 4643 2193 4697 per
2221 4629 2425 4683 bonum
2453 4629 2600 4684 mihi
2624 4635 2910 4699 operatum
2941 4636 3016 4685 est
3044 4637 3297 4701 mortem,
3318 4637 3379 4687 ut
3408 4635 3506 4702 ﬁat
3519 4650 3708 4704 supra

415 4724 528 4763 non
548 4712 768 4765 invenio
780 4730 798 4775 ;
825 4712 961 4782 quia
973 4729 1077 4768 nec
1096 4713 1206 4768 illae
1221 4713 1593 4786 perﬁciuntur
1606 4714 1665 4769 in
1685 4715 1852 4783 malo,
1878 4733 2013 4788 quo-
2093 4717 2320 4770 modum
2341 4721 2612 4787 peccator,
2628 4723 2728 4772 aut
2743 4723 3028 4788 peccatum
3039 4735 3142 4790 per
3162 4722 3493 4776 mandatum
3517 4724 3704 4790 (Rom.

414 4795 569 4850 niam
587 4797 668 4850 eis
685 4813 799 4853 non
818 4800 1033 4857 accedit
1051 4808 1258 4857 nostrae
1280 4802 1585 4858 voluntatis
1597 4820 1878 4872 assensus,
1910 4822 2012 4861 nec
2092 4804 2375 4874 vu).Quod
2405 4811 2596 4860 autem
2629 4807 2723 4861 hic
2748 4807 2887 4862 dicit
2914 4812 3206 4880 peccatum
3236 4826 3337 4881 per
3363 4809 3705 4867 mandatum

414 4889 609 4939 nostra
625 4884 883 4940 voluntas
895 4889 1263 4958 perﬁciturin
1284 4890 1450 4957 bono,
1475 4892 1745 4963 quamdiu
1764 4893 2007 4961 illarum,
2093 4892 2215 4949 ﬁeri
2252 4910 2423 4965 supra
2452 4895 2701 4962 modum,
2743 4896 2850 4950 hoc
2874 4895 3009 4951 alibi
3035 4915 3046 4950 :
3098 4899 3204 4952 Lm:
3237 4901 3604 4963 subintrauit,
3644 4907 3706 4956 ut

413 4971 503 5026 cui
542 4988 656 5026 non
684 4979 1086 5044 consentimus,
1130 4985 1426 5050 permanet
1456 4987 1660 5036 motus.
1694 4982 1834 5036 Caro
1861 4986 2013 5038 enim
2093 4983 2404 5037 abundaret
2432 4985 2714 5038 delictum.
2745 4985 2843 5040 Ubi
2856 4990 3043 5040 autem
3069 4987 3334 5041 delictum
3363 4989 3704 5049 abundavit.

413 5062 749 5149 concupiscit
775 5061 1038 5116 adversus
1064 5068 1349 5134 spiritum,
1389 5073 1440 5122 et
1478 5071 1712 5137 spiritus
1749 5070 2012 5127 adversus
2092 5073 2567 5141 superabundavit
2595 5075 2783 5141 gratia
2814 5074 2986 5141 (Rom.
3005 5078 3080 5144 v).
3102 5075 3172 5129 Et
3198 5074 3351 5143 alibi,
3371 5093 3500 5131 cum
3528 5093 3710 5150 supe-

413 5164 658 5205 carnem.
691 5151 813 5204 Hac
836 5152 987 5203 enim
1013 5154 1251 5207 invicem
1275 5157 1646 5212 adversantur
1661 5159 1786 5224 sibi,
1809 5163 1872 5212 ut
1901 5175 2012 5214 non
2093 5159 2211 5215 rius
2238 5159 2309 5214 de
2333 5160 2751 5233 dispensatione
2776 5162 2974 5232 gratiae
3029 5164 3372 5236 loqueretur,
3407 5165 3557 5236 quod
3576 5166 3711 5238 ipsa

411 5253 745 5327 quacunque
763 5240 951 5327 vultis,
968 5240 1073 5293 illa
1086 5240 1329 5308 faciatis.
1355 5244 1498 5298 Cum
1519 5261 1647 5300 caro
1673 5246 2015 5318 concupiscit
2089 5248 2380 5321 justiﬁcet,
2401 5251 2557 5304 velut
2578 5249 2935 5321 interrogans
2945 5253 3052 5306 ait:
3089 5254 3236 5322 Quid
3248 5270 3376 5323 ergo
3393 5257 3479 5309 lea:
3494 5261 3710 5327 tatque

411 5324 679 5380 adversus
719 5326 982 5398 spiritum
1011 5332 1071 5381 et
1105 5328 1336 5400 spiritus
1364 5332 1631 5390 adversus
1671 5351 1918 5403 carnem,
1950 5341 2015 5391 ut
2094 5337 2227 5393 huic
2251 5337 2682 5409 interrogationi
2711 5340 2978 5395 continuo
3005 5342 3330 5414 respondit:
3365 5324 3711 5400 Przi‘arica-

412 5429 526 5469 non
557 5431 644 5482 ea,
691 5431 814 5486 quae
845 5415 1123 5485 volumus,
1167 5416 1456 5486 faciamus,
1489 5439 1592 5478 nec
1626 5425 1811 5480 carnis
1842 5425 2013 5496 perﬁ-
2098 5429 2266 5480 tionis
2282 5430 2471 5495 gratia
2485 5430 2665 5496 posita
2677 5429 2952 5492 est,doner
2970 5434 3179 5485 veniret
3199 5435 3502 5497 semen,cui
3519 5449 3711 5502 repro-

410 5501 636 5594 ciuutur
662 5504 1145 5594 concupiscentiae,
1198 5507 1453 5578 quamvis
1496 5510 1656 5580 ﬁant,
1693 5530 1796 5569 nec
1822 5518 2017 5570 nostra
2096 5518 2329 5569 missum
2362 5515 2578 5569 est.Hos
2620 5515 3020 5572 damnabiliter
3059 5518 3198 5574 dicit
3237 5535 3361 5574 esse
3400 5520 3505 5576 sub
3552 5501 3705 5594 lege,

414 5590 787 5666 perﬁciuntur
811 5591 963 5648 bona
990 5610 1181 5671 opera.
1203 5597 1458 5671 quamvis
1487 5599 1643 5654 ﬁant.
1681 5602 1838 5657 Sicut
1863 5603 2015 5657 enim
2099 5620 2240 5674 quos
2268 5618 2394 5658 reos
2421 5602 2556 5658 facit
2577 5603 2684 5663 lex.
2728 5620 2840 5660 non
2860 5605 3159 5680 implentes
3188 5609 3392 5676 legem,
3417 5610 3555 5664 dum
3587 5590 3708 5668 lion
