3880 6146
441 317 544 374 355

1035 290 1098 366 ᾖ.
1139 308 1411 365 mm
1450 302 1683 363 MAURI
1720 284 2058 360 ARCHIEP.
2099 294 2426 356 MOGUNT.
2468 280 2766 351 OPERUM
2805 291 2989 346 PARS
3027 290 3127 346 III.

3622 285 3722 344 3:36

441 443 576 515 ipsae
615 455 838 517 quoque
882 436 1031 491 inter
1074 430 1260 488 carnis
1293 447 1466 505 opera
1492 429 1873 494 nominantur,
1908 419 2655 517 quiaAnalem,
2679 416 2932 516 ejusdem
2952 413 3138 517 operis
3150 408 3725 517 (artiﬁcemlﬁonnun-

441 499 591 603 sape
622 499 854 603 magicis
901 522 1120 579 artibus
1163 527 1222 577 et
1265 499 1456 575 amare
1501 518 1722 573 miseris
1767 499 1951 571 evenit
1987 520 2047 569 et
2125 529 2294 587 quam
2308 510 2513 575 evenit,
2528 513 2593 563 ut
2612 507 2670 561 in
2687 503 3127 579 expositionibus
3149 499 3570 574 Scripturarum
3587 499 3727 554 oria-

442 593 640 674 aniari.
673 593 976 672 Inimicitia
1008 626 1250 685 quoque,
1281 625 1406 680 quae
1433 613 1560 680 post
1586 605 1857 681 veneﬁcia
1883 603 2044 676 poni-
2125 609 2223 657 tur
2249 598 2524 656 dissensio
2551 615 2563 649 :
2599 613 2629 649 e
2659 593 2861 667 quibus
2889 594 3131 685 haereses
3161 607 3402 685 quoque,
3426 606 3559 685 quae
3583 604 3727 643 nunc

441 714 556 771 tur,
579 719 747 779 quem
766 701 975 758 habeat
1000 705 1221 755 reatum
1239 695 1536 752 manifesto
1555 694 1779 750 crimini
1798 691 2049 763 subjecta

443 796 693 850 declarat
725 811 737 846 :
771 795 1048 864 quantum
1076 787 1226 843 enim
1262 787 1319 840 in
1352 784 1512 841 nobis
1544 790 1650 851 est,
1690 781 1898 838 nullius
1927 796 2050 835 esse

444 883 713 938 debemus
739 878 970 947 inimici,
1012 883 1069 933 et
1107 893 1237 932 cum
1285 873 1546 930 omnibus
1591 871 1797 926 habere
1833 885 2046 942 pacem.

445 971 672 1038 Quodsi
694 971 986 1045 loquentes
1006 965 1303 1020 veritatem
1327 963 1546 1037 aliquos
1560 975 1843 1015 meremur
1868 956 2052 1012 inimi-

443 1079 558 1129 cos,
592 1075 706 1117 non
731 1065 851 1112 tam
874 1073 977 1112 nos
1004 1054 1221 1110 inimici
1267 1069 1462 1108 eorum
1499 1065 1716 1116 sumus,
1761 1063 1931 1119 quam
1968 1045 2050 1100 illi

444 1149 656 1205 inimici
684 1152 819 1204 sunt
843 1143 1114 1202 veritatis.
1150 1143 1296 1198 Nam
1330 1140 1479 1215 quod
1510 1138 1567 1193 in
1607 1136 1812 1194 Genesi
1846 1135 2052 1189 dicitur

451 1240 524 1294 ad
539 1237 824 1293 Abraham
841 1254 851 1288 :
870 1237 1143 1291 Inimicus
1158 1247 1250 1285 ero
1263 1231 1511 1285 inimicis
1525 1231 1708 1294 tuis,et
1726 1225 2054 1280 adversabor

450 1326 872 1384 adversantibus
903 1324 1006 1377 tibi
1034 1320 1186 1388 (Gen.
1210 1321 1329 1388 xu),
1364 1317 1512 1372 sicut
1539 1331 1713 1389 supra
1740 1313 2054 1384 intelligen-

451 1417 587 1471 dum
615 1419 723 1481 est,
755 1429 869 1468 non
898 1416 1017 1466 tam
1055 1407 1341 1463 Abraham
1374 1405 1484 1461 illis
1521 1403 1811 1460 inimicum
1856 1396 2049 1467 fuisse,

453 1520 624 1579 quam
637 1503 762 1557 illos
779 1498 1081 1555 virtutibus
1100 1495 1338 1551 Abrahae
1365 1502 1424 1549 et
1442 1493 1721 1567 religioni,
1743 1508 1846 1563 per
1859 1507 2051 1579 quam,

451 1572 680 1648 dalcatis
708 1588 891 1655 idolis,
931 1586 1221 1657 cognitum
1260 1582 1631 1638 venerabatur
1667 1581 1866 1636 Deum.
1909 1572 2055 1634 Illud

453 1695 699 1753 quoque,
722 1676 874 1750 quod
902 1675 1108 1748 populo
1137 1671 1458 1745 praecipitur
1483 1670 1657 1725 Israel
1679 1669 1870 1732 (Nam.
1897 1669 2052 1736 xxv),

454 1775 519 1825 ut
539 1767 666 1823 odio
685 1765 1048 1839 sempiterno,
1071 1768 1128 1817 et
1148 1762 1207 1815 in
1225 1766 1480 1835 posteros
1498 1758 1833 1814 transmissa
1845 1757 2051 1812 discor-

455 1857 571 1923 dia,
591 1853 807 1910 inimici
827 1853 944 1908 sint
952 1849 1297 1916 Madianazis,
1319 1849 1482 1923 quasi
1494 1847 1581 1902 his
1600 1846 1825 1913 dicitur,
1842 1843 1939 1925 qui
1955 1843 2060 1899 sub

457 1944 760 2025 paedagogo
790 1946 973 2007 erant,
1005 1944 1066 1995 et
1082 1939 1141 1994 in
1163 1937 1276 1992 alio
1296 1938 1417 1992 loco
1443 1935 1806 2020 merebantur
1823 1933 2021 1989 audire
2044 1950 2055 1985 :

463 2034 596 2090 Odia
616 2024 750 2087 habe
777 2032 1082 2086 inimicum
1114 2033 1274 2082 tuum
1295 2026 1439 2096 (Lev.
1472 2027 1606 2096 nx).
1628 2024 1745 2079 Aut
1769 2029 1921 2078 certe
1948 2038 2062 2077 non

460 2129 575 2176 tam
602 2134 994 2193 personarum,
1034 2132 1207 2189 quam
1234 2130 1458 2169 morum
1485 2118 1572 2169 est
1596 2111 1744 2167 facta
1771 2110 2063 2177 dissensio,

463 2216 525 2266 ut
555 2207 836 2283 quomodo
863 2207 1015 2262 Deus
1044 2203 1262 2259 utiliter
1286 2203 1436 2258 inter
1452 2207 1770 2275 serpentem
1790 2206 1849 2256 et
1864 2199 2068 2254 mulie-

462 2316 581 2355 rem
603 2296 927 2352 inimicitias
956 2293 1163 2366 posuit,
1190 2308 1268 2361 ‘ne
1304 2291 1565 2346 amicitiae
1598 2306 1794 2345 eorum
1841 2288 2067 2344 inutiles

463 2393 655 2444 essent
680 2384 916 2447 homini,
949 2399 1052 2456 per
1081 2397 1221 2454 quas
1250 2381 1534 2452 projectus
1563 2384 1651 2434 est
1676 2379 1746 2432 de
1773 2375 2061 2453 paradiso:

462 2477 544 2532 ita
563 2481 621 2530 et
638 2474 698 2529 in
715 2471 988 2531 Israelitis
1003 2477 1060 2525 et
1078 2468 1403 2525 Madianaais
1424 2468 1537 2522 vita
1556 2467 1736 2539 magis
1757 2465 2063 2531 dissimilis,

464 2579 635 2636 quam
661 2577 804 2634 gens
832 2576 947 2616 una
967 2559 1236 2614 damnata
1253 2562 1358 2612 est.
1384 2556 1697 2628 Septimum
1716 2555 1902 2610 locum
1920 2554 2070 2609 inter

463 2651 651 2706 carnis
667 2665 839 2722 opera
849 2649 1122 2703 contentio
1130 2645 1400 2718 possidet,
1414 2645 1659 2715 quodam
1677 2642 1838 2715 quasi
1850 2649 2068 2698 sacrato

467 2745 524 2794 et
551 2736 822 2793 eminenti
861 2734 1011 2790 inter
1054 2733 1189 2788 vitia
1234 2748 1468 2787 numero
1507 2732 1794 2786 collocata.
1834 2731 2069 2786 Servum

467 2833 653 2883 autem
669 2826 899 2881 Domini
919 2839 1032 2878 non
1046 2826 1252 2893 oportet
1266 2823 1474 2887 rixari,
1492 2821 1582 2874 sed
1593 2836 1699 2874 esse
1716 2824 2069 2873 mansuetum

463 2917 751 2979 adomnes,
765 2914 1057 2977 doctorem,
1077 2912 1309 2979 longani
1314 2925 1474 2973 mem,
1497 2925 1624 2962 cum.
1641 2908 2069 2962 mansuetudine

2130 690 2191 745 in
2219 687 2406 743 carnis
2433 701 2601 757 opere
2620 688 2926 755 ponuntur,
2951 680 3246 735 ebulliunt.
3272 680 3332 734 Si
3351 678 3502 733 enim
3517 680 3733 747 sapien-

2133 781 2213 832 tia
2243 778 2432 832 earm's
2456 775 2691 828 inimica
2710 776 2782 825 est
2814 773 2918 826 Deo
2941 772 3114 837 (Rom.
3140 771 3274 841 vin),
3292 767 3524 822 inimica
3542 773 3732 820 autem

2132 871 2266 921 sunt
2303 863 2493 920 omnia
2535 862 2800 931 dogmata
2845 857 3106 913 falsitatis
3150 858 3267 912 Deo
3334 853 3734 928 repugnantia,

2132 958 2539 1031 consequenter
2558 938 2616 1004 et
2633 950 2874 1003 haereses
2902 945 3143 1001 inimicae
3171 946 3288 1000 Deo
3309 945 3380 999 ad
3402 944 3592 999 carnis
3611 960 3738 1014 ope-

2132 1060 2198 1099 ra
2225 1040 2564 1097 referuntur.
2599 1037 2840 1093 Haeresis
2886 1042 3077 1091 autem
3122 1036 3312 1089 Graece
3355 1032 3427 1089 ab
3464 1031 3739 1086 electione

2131 1128 2358 1192 dicitur,
2389 1128 2540 1203 quod
2567 1126 2780 1183 scilicet
2829 1141 2951 1179 eam
2992 1122 3098 1178 sibi
3139 1122 3524 1194 unusquisque
3565 1120 3742 1190 eligat

2134 1219 2507 1293 disciplinam,
2541 1232 2711 1288 quam
2730 1214 2895 1286 putat
2913 1230 3036 1267 esse
3064 1212 3373 1267 meliorem.
3406 1210 3742 1283 Quicunque

2133 1308 2311 1379 igitur
2328 1307 2493 1361 aliter
2512 1303 2863 1375 Scripturam
2881 1301 3150 1371 intelligit
3165 1316 3335 1373 quam
3346 1315 3547 1354 sensus
3558 1297 3744 1353 sancti

2135 1395 2380 1469 Spiritus
2400 1392 2636 1465 flagitat,
2665 1408 2774 1465 quo
2795 1390 3114 1463 conscripta
3133 1395 3237 1454 est,
3252 1389 3384 1443 licet
3404 1388 3474 1442 de
3498 1386 3745 1442 Ecclesia

2135 1501 2247 1540 non
2276 1481 2589 1547 recesserit,
2612 1488 2805 1535 tamen
2828 1477 3125 1534 haereticus
3154 1476 3425 1549 appellari
3453 1482 3665 1549 potest,
3692 1483 3745 1528 ct

2136 1573 2206 1628 de
2237 1571 2422 1628 carnis
2443 1568 2705 1645 operibus
2725 1574 2830 1633 est,
2852 1568 3066 1639 eligens
3084 1582 3208 1638 quae
3221 1566 3416 1637 pejora
3434 1570 3589 1620 sunt.
3614 1564 3746 1618 Hae-

2138 1679 2288 1718 reses
2308 1660 2566 1733 sequitur
2591 1657 2822 1723 invidia,
2845 1672 3014 1728 quam
3034 1671 3148 1710 non
3167 1660 3431 1727 putemus
3447 1651 3602 1707 idem
3621 1666 3750 1708 esse

2070 1737 2118 1801 B
2141 1750 2289 1825 quod
2318 1749 2497 1804 zelum
2522 1765 2533 1800 :
2572 1745 2708 1818 quia
2734 1745 2884 1800 zelus
2911 1750 2970 1799 et
2996 1742 3055 1798 in
3082 1743 3287 1798 bonam
3314 1748 3537 1814 partem
3564 1738 3749 1815 accipi

2142 1844 2345 1910 potest,
2363 1853 2494 1891 cum
2508 1835 2632 1906 quis
2652 1833 2852 1889 nititur
2870 1850 2956 1897 ea,
2982 1849 3105 1903 quae
3126 1831 3363 1886 meliora
3386 1836 3541 1897 sunt,
3566 1847 3750 1885 aemu-

2142 1926 2264 1982 lari.
2305 1925 2520 1981 Invidia
2559 1940 2689 1979 vero
2731 1922 2918 1977 aliena
2960 1918 3224 1975 felicitate
3252 1926 3570 1990 torquetur,
3604 1924 3666 1975 et
3696 1919 3755 1972 in

2146 2015 2427 2086 duplicem
2456 2010 2732 2067 scinditur
2747 2010 3086 2085 passionem,
3106 2026 3235 2064 cum
3262 2013 3363 2063 aut
3392 2008 3512 2079 ipse
3540 2014 3630 2062 est
3649 2007 3758 2062 ali-

2148 2102 2275 2175 quis
2294 2100 2353 2156 in
2381 2118 2467 2161 eo.
2493 2100 2551 2154 in
2579 2116 2692 2172 quo
2715 2098 2890 2154 alium
2910 2114 3033 2153 esse
3054 2114 3167 2153 non
3188 2097 3326 2164 vult,
3349 2102 3452 2151 aut
3472 2092 3650 2150 alium
3677 2095 3759 2149 vi-

2148 2190 2288 2245 dens
2322 2206 2444 2245 esse
2473 2189 2785 2254 meliorem,
2816 2186 2970 2242 dolet
2990 2203 3050 2241 se
3092 2186 3145 2241 ei
3183 2201 3298 2241 non
3326 2200 3448 2239 esse
3478 2184 3757 2240 consimi-

2149 2279 2280 2334 lem.
2300 2277 2539 2333 Pulchre
2567 2276 2797 2348 quidam
2821 2274 2892 2329 de
2919 2256 3217 2329 neotericis
3236 2273 3495 2329 Graecum
3521 2289 3758 2328 versum

2145 2366 2491 2421 transferens
2520 2364 2765 2436 elegiaco
2793 2369 2975 2418 metro
3001 2362 3073 2418 de
3100 2361 3311 2417 invidia
3338 2362 3476 2417 lusit
3498 2362 3699 2416 dicens
3743 2380 3753 2413 :

2301 2479 2486 2530 lustius
2515 2477 2693 2527 invidis
2730 2476 2853 2526 nihil
2884 2481 2957 2526 est
2982 2491 2994 2525 :
3027 2476 3141 2540 quia
3169 2475 3389 2537 protinus
3419 2476 3602 2538 ipsum,

2423 2559 2679 2609 Auctorem
2707 2557 2831 2607 rodit
2851 2556 3182 2619 excruciatque
3205 2555 3459 2623 animum.

2153 2648 2390 2720 Scripsit
2415 2654 2475 2702 et
2506 2646 2705 2702 beatus
2733 2645 3051 2718 Cyprianus
3078 2643 3287 2699 librum
3312 2644 3385 2700 de
3409 2645 3539 2700 Zelo
3568 2654 3633 2699 et
3658 2645 3762 2700 Li-

2149 2752 2280 2791 vore
2298 2735 2460 2790 valde
2478 2734 2753 2807 optimum
2772 2752 2784 2787 :
2805 2749 2974 2805 quem
2989 2732 3088 2804 qui
3104 2731 3324 2804 legerit,
3343 2749 3456 2789 non
3470 2728 3765 2789 dubitabit

2151 2840 2526 2880 annumerare
2542 2820 2804 2895 operibus
2820 2821 3010 2877 carnis
3025 2818 3315 2876 invidiam.
3336 2820 3492 2877 Inter
3500 2820 3767 2877 invidum

2150 2917 2345 2969 autem
2373 2917 2433 2966 et
2457 2910 2797 2966 invidiosum
2819 2909 2927 2964 hoc
2940 2908 3199 2976 interest,
3219 2908 3369 2980 quod
3393 2907 3621 2967 invidus
3637 2908 3769 2964 feli-

466 3005 811 3059 erudientem
843 3003 1013 3055 etiam
1040 3016 1123 3053 eos
1149 3001 1250 3068 qui
1283 3014 1309 3051 e
1337 2999 1622 3052 contrario
1657 2998 1946 3065 disputant
1988 2996 2072 3064 (ΙΙ
2089 3053 2130 3070 η
2153 3001 2295 3056 ciori
2322 2997 2549 3056 invidus
2576 3006 2665 3054 est
2684 2997 2968 3070 [invidet];
2995 2996 3300 3052 invidiosus
3318 2996 3520 3069 estqui
3545 2995 3620 3051 ab
3646 2994 3769 3055 alio

470 3053 744 3160 Tim.-
760 3053 908 3144 Dosti
924 3053 1347 3143 contentionem
1376 3089 1570 3140 octava
1609 3053 1858 3140 succedit
1891 3053 2066 3139 remu-
2086 3053 2131 3114 α
2736 3053 3014 3152 quasi}...
3061 3085 3341 3141 decimum
3382 3053 3569 3141 locum
3609 3086 3770 3142 inter

465 3179 622 3245 latio,
655 3193 781 3251 qua,
798 3174 992 3232 Graeco
1011 3189 1269 3230 sermone
1284 3164 1441 3238 ζῆλος
1459 3170 1871 3245 significantius
1890 3174 1949 3226 et
1966 3187 2070 3226 no-
2151 3178 2336 3234 carnis
2355 3193 2530 3249 opera
2551 3176 2796 3231 ebrietas
2819 3181 2980 3231 tenet
3001 3192 3013 3227 :
3036 3175 3253 3229 Εὐθϊωί
3278 3173 3487 3246 qni?!”
3515 3190 3767 3244 regnum

465 3267 580 3323 tius
604 3265 940 3339 appellatur.
973 3263 1096 3329 Quo
1125 3262 1351 3334 quidem
1381 3258 1551 3317 malo.
1582 3260 1770 3316 nescio
1800 3260 1928 3332 quis
1966 3276 2071 3315 no-
2153 3269 2252 3323 Dei
2298 3282 2413 3322 non
2455 3267 2809 3336 possidebunt
2848 3266 2898 3333 (Ι
2939 3265 3062 3320 cor.
3117 3265 3210 3334 γι).
3259 3262 3329 3318 Et
3362 3261 3641 3318 Dominus
3683 3265 3765 3320 ad

467 3362 652 3440 strum
678 3359 888 3409 careat.
919 3351 1093 3408 Zelati
1111 3356 1246 3408 sunt
1264 3350 1414 3406 enim
1435 3355 1493 3404 et
1508 3348 1840 3440 patriarchae
1862 3348 2070 3420 Ioseph
2153 3355 2482 3427 discipulos:
2497 3353 2884 3416 0avete,ait,ne
2897 3355 3040 3421 forte
3057 3355 3366 3420 graventur
3381 3354 3553 3407 corda
3569 3357 3764 3407 vestra

467 3438 702 3500 mem
730 3458 899 3498 suum
921 3442 1074 3510 (Gen.
1100 3443 1311 3509 xxxv")
1336 3458 1350 3507 ;
1383 3446 1440 3495 et
1463 3439 1645 3494 Maria
1663 3445 1721 3493 et
1736 3439 1926 3493 Aaron
1947 3454 2072 3511 pro-
2154 3447 2216 3499 in
2245 3447 2378 3499 vino
2403 3449 2455 3498 et
2480 3446 2719 3512 crapula
2747 3443 2895 3509 (Luc.
2928 3446 3068 3511 xxx).
3098 3438 3245 3496 Vino
3272 3439 3519 3497 hominis
3545 3456 3763 3498 sensus

468 3533 664 3605 phetes
693 3531 795 3588 Dei
817 3537 875 3585 et
900 3529 1161 3586 sacerdos
1189 3533 1387 3584 contra
1416 3528 1646 3599 Moysen
1673 3526 1773 3581 tali
1812 3526 2070 3599 passione
2150 3531 2441 3598 evertitur,
2456 3530 2629 3604 pedes
2654 3535 2944 3593 corruunt,
2976 3545 3137 3584 mens
3165 3528 3405 3595 vacillat,
3426 3527 3604 3584 libido
3622 3546 3763 3586 suc.

469 3620 688 3694 decepti
707 3626 875 3674 sunt:
899 3619 957 3674 in
977 3625 1202 3673 tantum
1220 3622 1286 3673 ut
1303 3616 1403 3672 illa
1422 3617 1493 3671 de
1512 3632 1626 3689 qua
1643 3616 2068 3687 Scripturanar-
2149 3620 2425 3676 cenditur.
2455 3618 2619 3675 Unde
2664 3618 2967 3691 Apostolus
2991 3617 3282 3673 clamitat:
3313 3618 3380 3673 Et
3434 3619 3656 3684 vinum,
3690 3622 3765 3674 in

468 3715 691 3766 raverat
717 3709 942 3764 dicens:
975 3709 1184 3763 Totiens
1209 3711 1397 3762 autem
1417 3706 1602 3760 Maria
1626 3706 1906 3776 prophetes
1927 3709 2069 3772 tym-
2149 3726 2255 3779 quo
2284 3714 2359 3763 est
2397 3709 2633 3763 luxuria
2665 3707 2875 3776 (Ephes.
2901 3710 2977 3776 v).
3012 3704 3195 3761 Habet
3238 3705 3603 3778 unusquique
3636 3723 3764 3763 mae

459 3815 702 3871 panum,
715 3802 1004 3862 θῐοθειθΐαν
1016 3803 1211 3867 P05tea
1225 3801 1383 3850 mra
1399 3800 1587 3850 castra
1606 3794 1875 3866 Ρΐοὶθοω,
1899 3793 2069 3864 leprae
2153 3796 2447 3854 sententia.-
2469 3800 2826 3869 potestatem.
2861 3795 2977 3866 Ego
2996 3794 3326 3868 Apostolum
3346 3810 3571 3866 sequor,
3594 3794 3656 3849 in
3679 3795 3765 3851 vi-

464 3888 602 3944 vitio
622 3886 913 3943 sordidata
931 3885 1025 3952 sit,
1046 3891 1105 3940 et
1120 3883 1510 3956 paenitentiam
1528 3880 1837 3953 longiorem
1856 3887 2071 3953 septem
2154 3904 2227 3942 no
2252 3903 2374 3942 esse
2402 3884 2700 3950 luxuriam,
2732 3883 2792 3938 in
2830 3883 2958 3938 vino
2999 3882 3331 3938 ebrietatem
3371 3902 3389 3937 :
3419 3882 3765 3941 ebrietatem

468 3976 690 4030 dierum
709 3973 1062 4047 separatione
1081 3972 1384 4045 signaverit
1401 3970 1480 4043 (Ν
1481 3988 1596 4025 um.
1623 3978 1736 4036 xu).
1758 3971 1849 4025 Ira
1868 3970 2069 4024 deinde
2151 3981 2341 4030 autem
2363 3980 2421 4029 et
2444 3972 2726 4028 luxuriam
2744 3971 2894 4027 inter
2921 3971 3109 4027 carnis
3127 3987 3300 4042 opera
3314 3971 3621 4026 nominari.
3637 3973 3765 4028 Nec

466 4061 1257 4134 succedit,qua2justitiam1)ei
1267 4077 1379 4115 non
1391 4058 2067 4131 operatur(Jac.t),etspe-
2146 4063 2245 4119 ille,
2272 4068 2459 4134 potest
2480 4077 2708 4132 negare,
2739 4059 2835 4131 qui
2854 4059 3067 4114 eisdem
3094 4059 3451 4131 passionibus
3486 4059 3757 4115 vincitur.

467 4149 580 4207 cies
607 4156 693 4204 est
709 4146 934 4204 furoris.
959 4146 1115 4202 Inter
1130 4147 1476 4203 iracundiam
1498 4152 1688 4202 autem
1709 4152 1768 4200 et
1785 4147 1930 4200 iram
1960 4146 2065 4201 hoc
2147 4149 2365 4206 Etlicet
2389 4164 2482 4204 me
2509 4149 2737 4221 quidam
2767 4148 2828 4204 in
2848 4164 2915 4203 eo
2943 4147 3106 4206 libro.
3137 4163 3306 4219 quem
3352 4148 3425 4204 de
3465 4150 3755 4204 servanda

468 4238 721 4305 interest,
737 4236 886 4309 quod
905 4232 1212 4291 iracundus
1228 4251 1452 4306 semper
1469 4232 1751 4301 irascitur,
1768 4234 1947 4289 iratus
1962 4251 2064 4305 pro
2144 4237 2465 4310 virginitate
2481 4236 2776 4310 concripsi,
2798 4236 3325 4308 reprehendendum
3343 4242 3562 4309 putent,
3599 4239 3757 4310 quod

468 4332 722 4434 Empore
744 4324 1094 4434 concitatur,
1133 4329 1195 4424 et
1233 4323 1420 4424 nescio
1453 4323 1581 4434 quis
1614 4321 1794 4394 possit
1828 4325 2383 4434 regnumndixerim
2411 4326 2875 4391 adolescentulas,
2903 4325 2987 4425 ita
3009 4324 3202 4424 vinum
3221 4323 3427 4380 debere
3454 4324 3655 4396 fugere
3687 4334 3763 4382 ut.

467 4415 571 4472 Dei
608 4414 919 4489 possidere,
954 4429 1086 4469 cum
1129 4413 1179 4468 is
1229 4412 1324 4484 qui
1372 4411 1654 4479 irascitur,
1696 4418 1990 4483 separetur
2033 4411 2131 4465 ἣν
2149 4431 2446 4482 venenum,
2468 4430 2584 4469 non
2603 4430 2695 4469 me
2713 4413 3008 4470 sententiae
3026 4412 3341 4484 paenitebit.
3356 4413 3515 4487 Opus
3537 4413 3759 4487 quippe

468 4518 661 4578 regno.
694 4500 846 4560 Rixa':
875 4518 1118 4576 quoque,
1141 4517 1282 4574 quas
1309 4498 1465 4556 aliud
1491 4499 1669 4556 Graeci
1687 4499 2071 4571 signiﬁcanter
2149 4503 2228 4558 ibi
2245 4500 2428 4576 magis
2445 4502 2580 4569 vini,
2606 4518 2780 4575 quam
2805 4502 2910 4558 Dei
2936 4518 2971 4556 a
2994 4500 3156 4557 nobis
3193 4507 3456 4556 creatura
3477 4501 3760 4558 damnata

468 4576 696 4666 ἐρίθειας
760 4597 978 4659 vocant,
1035 4590 1314 4664 siquidem
1370 4589 1492 4645 rixa
1548 4576 1700 4661 μάχη
1752 4589 1978 4657 dicitur,
2036 4607 2072 4645 a
2150 4598 2270 4648 est:
2301 4596 2362 4649 et
2375 4590 2664 4646 licentiam
2692 4590 2927 4666 tulimus
2951 4588 3155 4661 virgini
3191 4589 3418 4663 proprio
3447 4590 3633 4646 atatis
3658 4607 3761 4646 ca-

470 4656 644 4751 regno
708 4681 807 4735 Dei
866 4656 1181 4752 prohibent.
1243 4680 1340 4735 Est
1401 4656 1589 4734 autem
1627 4656 1876 4749 ⁷ἒριθείοι,
1939 4656 2069 4734 cum
2150 4681 2268 4736 lore
2294 4679 2563 4745 fervente,
2584 4695 2656 4734 ne
2685 4678 2791 4735 sub
2817 4656 3105 4734 obcasione
3133 4656 3337 4751 parum
3363 4677 3590 4734 bibendi
3616 4679 3761 4753 plus

471 4767 598 4839 quis
623 4784 846 4840 semper
865 4768 938 4822 ad
969 4766 1464 4824 contradicendum
1492 4773 1742 4839 paratus,
1778 4768 2066 4822 stomacho
2149 4767 2368 4825 biberet
2390 4774 2449 4824 et
2477 4767 2723 4841 periret;
2754 4766 3006 4841 alioquin
3031 4765 3345 4824 sciebamus
3371 4772 3430 4822 et
3457 4766 3519 4822 in
3537 4766 3760 4824 Christi

470 4856 782 4911 delectatur
797 4854 1001 4924 alieno,
1015 4856 1539 4928 etmuliebrijurgio
1557 4854 1864 4921 contendit,
1880 4861 2070 4927 etpro-
2149 4857 2424 4930 sanguine
2451 4857 2645 4912 vinum
2668 4855 2979 4912 consecrari
2997 4874 3013 4923 ;
3031 4856 3326 4913 Timotheo
3340 4855 3555 4922 vinum,
3566 4860 3637 4912 ut
3660 4855 3758 4912 bi-

472 4950 633 5000 vocat
647 4942 1099 4999 contendentem.
1124 4944 1255 5000 Haec
1274 4945 1386 5000 alio
1414 4944 1641 5000 nomine
1672 4945 1822 5017 apud
1848 4944 2070 5000 Graecos
2148 4944 2329 5013 heret,
2359 4946 2702 5018 imperatum
2741 4946 2791 5013 (1
2824 4946 2965 5000 Tim.
2993 4952 3062 5009 v).
3094 4943 3347 4999 Ebrietas
3395 4948 3587 4999 autem
3628 4950 3760 5000 tam

472 5023 764 5105 φιλῡνεικία
791 5032 1126 5105 appellatur.
1158 5033 1273 5088 Nec
1301 5051 1415 5090 non
1432 5039 1492 5088 et
1508 5033 1879 5089 dissensiones
1897 5049 2070 5104 opera
2149 5052 2217 5090 ex
2250 5035 2379 5090 vino
2425 5049 2598 5107 quam
2627 5051 2695 5089 ex
2739 5033 2964 5089 caeteris
3009 5031 3235 5088 bibendi
3263 5032 3585 5107 generibus,
3626 5050 3760 5106 qua:

472 5121 658 5178 carnis
677 5125 812 5179 sunt
836 5139 849 5189 ;
881 5137 1010 5176 cum
1040 5121 1168 5193 quis
1187 5138 1545 5195 nequaquam
1571 5122 1849 5194 perfectus
1867 5121 2065 5177 eodem
2148 5123 2302 5179 vario
2321 5123 2489 5178 modo
2516 5123 2906 5186 conﬁciuntur,
2928 5126 3115 5192 potest
3151 5120 3424 5188 accidere,
3457 5138 3525 5176 ex
3552 5138 3666 5194 quo
3697 5130 3764 5178 et

473 5228 642 5266 sensu
663 5218 722 5266 et
737 5211 933 5268 eadem
945 5209 1225 5265 sententia
1243 5210 1416 5265 dicat:
1434 5211 1544 5279 Ego
1561 5228 1685 5266 sum
1698 5213 1881 5277 Pauli,
1907 5215 1955 5264 et
1975 5227 2066 5279 ego
2148 5212 2219 5267 de
2245 5218 2438 5266 sancto
2467 5210 2675 5266 dicitur
2707 5229 2718 5264 :
2756 5211 2957 5266 Vinum
2977 5215 3027 5263 et
3046 5213 3283 5266 siceram
3304 5226 3419 5264 non
3441 5212 3579 5265 bibet
3591 5212 3754 5281 (Luc.

473 5302 682 5369 Apollo,
705 5304 754 5353 et
774 5317 866 5368 ego
887 5300 1087 5368 Cephar,
1111 5303 1159 5352 et
1180 5315 1272 5365 ego
1287 5300 1511 5353 Christi.
1549 5299 1660 5354 Sed
1687 5306 1745 5356 et
1773 5300 2069 5354 domorum
2150 5299 2188 5373 ι)
2211 5318 2224 5354 :
2255 5300 2437 5355 sicera
2463 5299 2870 5373 interpretatur
2896 5292 3159 5353 ebrietas.
3192 5296 3263 5353 Et
3296 5314 3369 5352 ne
3397 5298 3524 5370 quis
3548 5298 3755 5354 vinum
3788 5335 3803 5353 ε

473 5387 624 5473 inter
649 5404 708 5442 se
739 5387 856 5442 haec
884 5388 1081 5443 eadem
1108 5386 1378 5443 dissensio
1417 5387 1717 5460 reperitur,
1758 5388 1949 5443 mariti
1985 5388 2068 5443 vi-
2149 5404 2264 5444 non
2302 5387 2519 5457 bibens,
2567 5387 2723 5442 aliud
2767 5385 2872 5441 sibi
2899 5392 3126 5459 putaret
3164 5386 3489 5455 bibendum,
3520 5386 3758 5444 exclusa

475 5472 677 5531 delicet
703 5474 776 5530 ad
803 5491 1055 5544 uxorem,
1084 5475 1260 5548 patris
1297 5476 1368 5530 ad
1409 5476 1608 5543 tilium,
1636 5477 1827 5532 fratris
1855 5476 1927 5530 ad
1954 5476 2068 5532 fra-
2149 5476 2403 5533 causatio
2425 5483 2530 5542 est,
2560 5476 2697 5531 dum
2725 5492 2893 5531 omne
2915 5475 3067 5549 quod
3089 5475 3371 5532 inebriare
3385 5481 3593 5549 potest,
3614 5493 3755 5532 cum

477 5572 641 5631 trem,
675 5563 926 5620 conservi
953 5564 1026 5620 ad
1052 5580 1400 5633 conservum,
1431 5564 1629 5621 militis
1663 5565 1736 5622 ad
1771 5563 2070 5621 contuber-
2149 5564 2278 5621 vino
2299 5565 2514 5637 pariter
2535 5562 2807 5621 aufertur.
2826 5564 3038 5629 Quinta
3048 5564 3287 5633 decima,
3310 5579 3435 5637 quae
3449 5568 3537 5620 est
3557 5570 3755 5620 extre-
