3880 6146
235 264 313 338 ἑδῖ
593 258 1168 335 ENARRATIONUM
1205 268 1284 335 IN
1322 266 1474 337 Epp.
1520 278 1732 339 PAULI
1770 282 1904 339 LIB.
1950 269 2093 337 XVI.
2138 312 2202 321 _
2245 274 2323 335 IN
2363 278 2582 336 EPIST.
2626 281 2720 336 AD
2760 269 3015 340 GALAT.
3343 258 3479 345 ass

233 424 304 461 ma
324 406 447 461 inter
471 404 643 460 carnis
674 421 864 476 opera,
895 405 1229 459 comessatio
1268 410 1372 461 est.
1403 406 1761 465 Manducavit
1777 400 1828 469 Α
1847 407 2164 478 pervenisse
2186 407 2255 460 ad
2278 406 2401 460 illos
2425 404 2751 476 Epistolam,
2777 421 2899 477 qua;
2922 407 3093 464 missa
3122 418 3207 465 est
3238 410 3306 466 ad
3338 411 3444 468 Co-

223 499 410 564 populus
435 500 477 547 et
525 486 671 558 bibit,
720 500 768 546 ct
809 500 1176 548 surrexerunt
1215 494 1402 549 ludere
1447 492 1499 563 (Ι
1538 496 1658 552 Cor.
1699 514 1755 562 x,
1841 493 2185 550 rinthiosti
2209 496 2357 549 enim
2380 493 2459 549 sic
2477 493 2557 549 ait
2581 513 2592 546 :
2617 492 2794 548 :‘Volile
2819 510 3241 568 errare:neque
3259 501 3444 569 forni-

226 578 353 637 Exod.
391 585 567 650 xxxii).
610 579 845 653 Semper
888 578 1146 637 ebrietati
1179 582 1377 654 juncta
1402 582 1623 639 luxuria
1654 588 1754 640 est.
1842 587 2063 648 calores,
2082 598 2255 653 nequc
2280 583 2439 637 idolis
2457 584 2766 648 servientes,
2797 599 2967 654 neque
2986 587 3252 655 adulteri,
3280 604 3447 661 neque

222 668 411 725 Pulchre
428 666 645 741 quidam
670 687 781 725 non
804 667 1065 741 ignobilis
1087 676 1293 738 orator,
1311 689 1438 726 cum
1459 671 1678 727 ebrium
1692 672 1761 727 de
1845 676 2051 737 molles,
2073 689 2240 741 neque
2268 673 2639 725 masculorum
2671 673 3059 737 concubitores,
3081 690 3250 745 neque
3266 676 3441 747 fures,

220 776 374 814 somno
392 756 647 813 scriberet
678 757 982 813 excitatum
1016 760 1097 814 ait
1120 779 1131 812 :
1156 759 1263 815 Nec
1290 760 1537 815 dormire
1564 765 1761 816 excila-
1845 777 2012 829 neque
2025 764 2206 823 avari,
2230 774 2398 829 neque
2418 761 2631 823 ebriosi,
2658 776 2827 829 nequc
2847 762 3119 829 maledici,
3146 778 3313 834 neque
3345 782 3439 822 ra-

216 859 299 913 lus,
315 865 398 901 nec
412 851 637 915 vigilare
656 844 839 901 ebrius
857 846 1222 916 poterat.Qua
1237 849 1518 904 sententia
1540 868 1758 921 expres-
1835 864 1991 917 paces
2023 864 2251 916 regnum
2298 850 2395 903 [lci
2430 848 2779 917 possidebunt
2808 851 2859 917 (Ι
2877 851 2998 906 Cor.
3037 855 3129 919 vi).
3165 850 3267 906 Hic
3307 868 3439 925 ergo

215 938 270 990 sit
293 932 678 1008 quodammodo
708 953 812 990 nec
843 944 1129 991 mortuum
1161 955 1291 992 eum
1318 936 1508 1005 fuisse,
1544 954 1645 993 nec
1672 939 1755 993 vi-
1839 952 1967 991 cum
1990 931 2385 991 enumerasset
2412 952 2579 1007 opera
2608 938 2811 1003 carnis,
2848 938 3051 1010 quibus
3077 939 3327 996 clausum
3356 948 3442 999 est

213 1041 329 1079 sum.
352 1020 591 1095 Longum
617 1032 740 1079 erat
759 1023 1021 1079 universa
1050 1023 1235 1080 carnis
1264 1043 1435 1097 opera
1463 1028 1751 1100 replicare,
1844 1038 2077 1097 regnum
2110 1022 2230 1089 Dei,
2252 1025 2492 1095 subjecit
2516 1027 2685 1079 etiam
2707 1042 2878 1097 opera
2898 1029 3130 1099 spiritus
3154 1030 3301 1101 quod
3323 1032 3437 1103 spi-

210 1120 252 1166 et
273 1107 559 1183 catalogum
592 1108 775 1167 facere
793 1111 1075 1168 vitiorum.
1094 1110 1217 1170 Uno
1243 1113 1417 1185 igitur
1433 1115 1625 1170 omnia
1640 1134 1757 1171 ser-
1841 1114 1985 1168 ritus
2014 1113 2227 1169 fructus
2255 1120 2431 1168 vocat.

210 1218 340 1255 mone
363 1199 626 1255 conclusit
652 1192 841 1256 dicens
874 1221 883 1254 :
920 1208 969 1256 et
997 1204 1082 1257 his
1112 1202 1344 1257 similia.
1380 1202 1513 1268 Quae
1540 1204 1755 1259 utinam
1913 1202 2143 1257 Fructus
2162 1207 2345 1257 autem
2369 1207 2601 1271 spiritus
2622 1210 2695 1257 est
2717 1202 2977 1269 charilas,
2997 1206 3288 1276 gaudium,
3303 1224 3432 1278 pax,

205 1298 295 1343 tam
310 1284 453 1343 facile
472 1288 651 1345 vitare
670 1308 980 1360 possemus,
998 1308 1167 1362 quam
1184 1291 1342 1346 facile
1364 1292 1751 1363 intelligimus.
1841 1292 2261 1373 longanimitas,
2313 1294 2542 1357 bonitas,
2582 1293 2908 1360 benignitas,
2957 1294 3103 1361 ﬁdes,
3154 1297 3433 1365 modestia,

204 1372 415 1439 Pudice,
459 1376 663 1448 inquit,
695 1378 858 1442 vobis,
893 1380 1033 1431 sicut
1068 1380 1324 1448 pradixi,
1366 1385 1630 1449 quoniam.
1660 1385 1760 1450 qui
1834 1382 3217 1449 palientia,continentia:advcrsushujusmodinon
3240 1388 3431 1440 cstlcr.

202 1469 307 1517 talia
324 1472 759 1535 agunt,rcgnum
784 1464 879 1521 Dei
900 1482 1011 1521 non
1032 1467 1570 1555 consequentur.Ulj
1589 1474 1756 1524 antea
1838 1468 1948 1535 Qui
1964 1472 2148 1521 autem.
2168 1471 2301 1521 sunt
2322 1466 2544 1531 Christi,
2582 1484 2805 1522 carnem
2846 1485 3003 1523 suam
3041 1476 3437 1539 cruci/laverunt

199 1550 662 1623 praedixeratzNon
686 1560 888 1625 regnet,
916 1555 1119 1626 inquit,
1139 1561 1421 1625 peccatum
1444 1559 1503 1611 in
1526 1550 1757 1613 mortali
1835 1572 1961 1609 cum
2019 1558 2172 1609 vitiis
2221 1560 2269 1609 et
2332 1559 2783 1624 concupiscentiis
2832 1560 3069 1626 (Ambr.)
3119 1560 3244 1616 Non
3301 1560 3439 1616 dixit

196 1649 334 1696 vestro
360 1658 571 1712 corpore
604 1642 682 1697 ad
707 1642 1063 1697 obedientium
1106 1644 1389 1699 desideriis
1431 1647 1547 1715 ejus
1578 1648 1747 1713 (Rom.

1836 1659 2006 1714 opera
2036 1642 2267 1715 spiritus
2298 1643 2542 1698 Charitas
2572 1652 2675 1703 est.
2701 1646 2800 1699 sed
2821 1646 3035 1701 fructus
3050 1647 3300 1719 spiritus.
3326 1651 3434 1704 Lex

196 1728 265 1797 vi).
292 1711 571 1786 Peccatum
605 1746 802 1786 omnes
847 1731 985 1787 istas
1031 1732 1243 1803 species
1292 1711 1479 1799 habet,
1523 1711 1596 1788 inv
1627 1734 1751 1805 qui-
1775 1711 1819 1776 Β
1840 1711 1989 1786 enim
2018 1711 2268 1803 spiritus,
2294 1732 2427 1797 haec,
2466 1750 2588 1804 qua:
2616 1749 2788 1804 supra
2817 1711 3168 1799 memoras-Iit,
3199 1736 3433 1792 fructiﬁ-

194 1817 273 1871 bus
295 1836 429 1874 nunc
456 1816 916 1874 discriminandis
944 1821 1069 1892 plus
1098 1819 1355 1888 forsitan,
1380 1837 1549 1893 quam
1586 1839 1751 1894 Opor-

192 1905 293 1973 tuit,
323 1905 599 1962 immorati
631 1908 847 1963 sumus.
882 1906 1028 1979 Ergo
1058 1908 1116 1963 in
1156 1911 1364 1975 anima,
1398 1909 1455 1964 in
1486 1928 1596 1981 qua
1622 1929 1750 1982 pec-

190 1994 343 2049 catum
371 1996 710 2066 regnaverit,
742 2014 853 2051 non
883 2003 1069 2069 potest
1100 1996 1199 2052 Dei
1231 2016 1466 2069 regnare
1489 2016 1745 2069 regnum.

192 2102 209 2131 ξ
237 2082 350 2146 Quae
377 2084 521 2139 enim
542 2084 904 2157 participatio
922 2085 1157 2157 justitiaa
1188 2092 1246 2140 et
1274 2086 1604 2157 iniquitati?
1630 2106 1750 2159 quae

188 2171 581 2226 wmmunicatio
603 2171 716 2227 luCi
738 2172 808 2227 ad
830 2172 1127 2228 tenebras?
1149 2174 1243 2245 qui
1264 2191 1566 2230 consensus
1587 2176 1748 2231 Chri-

187 2256 253 2337 sto
272 2276 384 2313 cum
404 2256 650 2314 Belial?»
679 2260 760 2329 (II
776 2263 897 2317 Cor.
921 2258 1094 2331 v1).Et
1108 2266 1374 2334 putamus
1394 2281 1495 2318 nos
1513 2280 1749 2336 regnum

188 2344 262 2400 Dei
294 2349 567 2421 consequi,
605 2350 655 2404 si
684 2368 717 2404 a
744 2350 1111 2406 fornicatione
1139 2352 1197 2405 et
1224 2351 1542 2406 idololatria
1569 2357 1625 2406 et
1655 2372 1747 2407 ve-

188 2435 361 2490 neﬁciis
379 2436 663 2492 immunes
683 2438 896 2493 simus?
918 2438 1054 2493 Ecce
1096 2439 1409 2505 inimicitia,
1442 2442 1745 2508 contentio,

192 2522 273 2589 ira,
291 2525 427 2591 rixaz,
448 2525 751 2593 dissensio,
777 2525 1017 2582 ebrietas
1045 2545 1264 2599 quoque
1299 2532 1356 2583 et
1382 2535 1600 2596 caetera,
1626 2547 1748 2602 quae

190 2612 326 2681 parva
341 2611 780 2682 arbitrabamur,
804 2614 1104 2671 excludunt
1122 2634 1221 2670 nos
1242 2635 1277 2671 a
1296 2634 1468 2687 regno
1489 2616 1609 2671 Dei.
1635 2618 1750 2673 Nec

1835 1824 1943 1888 cat,
1976 1826 2039 1874 ut
2067 1836 2133 1875 ex
2162 1820 2248 1875 his
2278 1820 2577 1875 hazreditas
2620 1823 2777 1893 regni
2816 1822 3082 1878 caelorum
3131 1832 3431 1896 quaeratur.

1835 1908 1941 1972 Qui
1963 1910 2113 1963 enim
2135 1908 2359 1965 Christo
2379 1910 2564 1965 devoti
2586 1918 2737 1977 sunt,
2762 1910 2863 1965 hos
2905 1910 3043 1967 dicit
3076 1912 3346 1983 Christos,
3378 1916 3435 1972 id

1834 2002 1935 2063 est,
1966 2002 2180 2053 unctos.
2206 1998 2275 2052 Hi
2300 2013 2545 2063 carnem,
2569 1998 2625 2053 id
2646 2006 2749 2065 est,
2774 1999 3048 2055 mundum
3076 2002 3429 2074 cruciﬂgunt.

1834 2085 2058 2156 quando
2079 2087 2288 2153 haec,ex
2299 2085 2499 2157 quibus
2511 2101 2729 2141 errores
2740 2088 3016 2155 oriuntur,
3035 2090 3429 2157 condemnant,

1834 2175 1981 2228 hunc
2013 2188 2241 2229 sensum
2271 2179 2329 2230 et
2355 2176 2603 2230 Joannes
2633 2176 2918 2246 apostolus
2939 2184 3163 2233 secutus
3184 2178 3263 2233 ait
3285 2198 3296 2233 :
3318 2174 3430 2236 Νο-

1834 2265 1927 2316 lite
1960 2265 2191 2331 diligere
2236 2265 2385 2317 hunc
2426 2265 2721 2329 mundum,
2766 2280 2935 2334 neque
2968 2276 3031 2319 ea
3064 2283 3186 2335 qua-
3232 2270 3295 2321 in
3336 2269 3432 2323 hoc

1831 2351 2039 2404 mundo
2058 2354 2208 2405 sunt.
2224 2351 2289 2407 Si
2305 2354 2428 2420 quis
2441 2353 2627 2421 diligit
2646 2354 2944 2419 mundum,
2964 2370 3074 2409 non
3091 2360 3166 2408 est
3184 2356 3428 2410 charitas
3470 2360 3475 2367 “

1832 2440 2015 2493 Patris
2035 2441 2099 2493 in
2124 2442 2237 2505 illo,
2268 2441 2400 2509 quia
2422 2456 2580 2493 omne
2594 2441 2739 2508 quod
2759 2444 2821 2493 in
2842 2441 2940 2495 hoc
2960 2444 3166 2496 mundo
3186 2448 3279 2509 est,
3306 2461 3429 2499 con-

1832 2530 2165 2596 cupiscentia
2213 2532 2401 2582 carnis
2456 2533 2531 2582 est
2571 2534 2621 2581 et
2662 2531 3098 2598 concupiscentia
3140 2534 3427 2587 oculorum

1834 2616 1888 2680 (Ι
1909 2619 2068 2671 Joan.
2104 2619 2178 2685 ιι).
2214 2616 2319 2680 Qui
2351 2632 2483 2686 ergo
2514 2617 2806 2683 mundum,
2842 2626 2898 2671 et
2928 2618 3075 2689 quod
3122 2619 3179 2673 in
3218 2620 3428 2676 mundo

187 2694 323 2755 refert
341 2719 448 2757 uno
465 2703 1004 2774 quisabeatitudine
1022 2702 1366 2769 excludatur,
1384 2720 1457 2761 an
1472 2706 1745 2777 pluribus,
1832 2707 1933 2769 est,
1972 2718 2082 2757 non
2121 2706 2482 2775 concupiscit,
2525 2704 2614 2759 hic
2647 2722 2869 2760 carnem
2902 2706 3196 2777 cruciﬁgit.
3234 2708 3427 2781 Neque

181 2803 281 2842 cum
300 2790 479 2845 omnia
506 2791 781 2846 similiter
813 2791 1204 2847 eXCludantJn
1221 2791 1436 2847 Latinis
1463 2793 1745 2848 codicibus
1828 2792 1979 2845 enim
2000 2793 2217 2864 corpori
2240 2792 2486 2847 humano
2516 2794 2634 2849 haec
2660 2793 2796 2848 vitia
2823 2793 3152 2851 ascribenda
3188 2802 3337 2863 sunt,
3371 2797 3427 2852 id

179 2873 473 2933 adulterium
504 2897 737 2952 quoque
775 2884 831 2934 et
860 2878 1218 2952 impudicitia:
1250 2887 1306 2936 et
1347 2881 1649 2936 homicidia
1686 2882 1743 2937 in
1828 2880 3420 2954 est,idololatria,veneﬂcia,hzereses,invidiae,inimicitiae,

180 2963 261 3018 hoc
284 2966 524 3039 catalogo
548 2967 822 3023 vitiorum
843 2968 1051 3043 scripta
1077 2968 1415 3024 referuntur.
1438 2969 1546 3025 Sed
1568 2971 1743 3024 scien-
1775 3042 1806 3047 _
1827 2969 1941 3035 iraa,
1965 2969 2115 3035 rixae,
2143 2974 2198 3023 et
2225 2970 2387 3035 talia;
2427 2972 2521 3025 sed
2552 2970 2677 3025 ideo
2707 2972 2956 3027 carnalia
2985 2972 3267 3039 dicuntur,
3294 2976 3426 3047 quia

180 3050 286 3107 dum
313 3070 415 3110 non
436 3058 567 3128 plus
602 3075 772 3128 quam
796 3042 1113 3129 quindecim
1141 3058 1323 3112 carnis
1352 3076 1523 3129 opera
1550 3076 1745 3114 nume-
1765 3042 1809 3100 Ο
1827 3074 1892 3111 ex
1922 3063 2081 3130 parte
2103 3060 2299 3113 mundi
2320 3066 2469 3125 sunt,
2494 3061 2639 3113 sicut
2650 3077 2821 3131 supra
2840 3062 3166 3115 memoravi.
3199 3063 3421 3118 Interea

178 3142 289 3208 rata,
310 3140 371 3198 de
391 3144 603 3217 quibus
632 3152 692 3200 et
717 3145 1103 3201 disseruimus.
1132 3144 1311 3216 (Aug)
1335 3147 1526 3217 Agunt
1550 3152 1741 3203 autem
1826 3160 1937 3200 non
1960 3146 2199 3218 amplius
2228 3164 2396 3219 quam
2429 3147 2621 3202 decem
2652 3165 2740 3203 res
2785 3150 2990 3220 posuit,
3031 3167 3171 3222 quas
3208 3150 3422 3208 fructus

178 3230 284 3298 hac,
311 3233 399 3304 qui
429 3232 840 3306 cupiditatibus
868 3234 1184 3290 carnalibus
1215 3236 1627 3291 consentientes
1658 3236 1742 3291 fa-
1826 3234 2057 3305 spiritus
2076 3235 2617 3305 signiﬁcat,utinhis
2635 3236 2825 3290 omnia
2838 3239 3426 3309 complexusvideatur

176 3317 336 3375 cienda
362 3324 479 3378 esse
509 3322 847 3390 decernunt,
865 3322 1085 3378 etiarnsi
1104 3322 1175 3378 ad
1196 3322 1546 3394 implendum
1563 3323 1741 3380 facul-

176 3410 243 3459 tis
266 3426 365 3464 non
392 3410 582 3466 datur.
618 3410 896 3467 Caeterum
930 3413 1024 3482 qui
1053 3414 1366 3482 tanguntur
1412 3412 1737 3483 hujusmodi

176 3494 396 3566 motibus,
429 3508 486 3554 et
513 3500 838 3555 immobiles
863 3506 920 3554 et
946 3500 1004 3554 in
1033 3500 1247 3571 majore
1289 3500 1564 3556 charitate
1603 3519 1737 3557 con-

174 3585 359 3653 sistunt,
380 3606 489 3644 non
515 3584 709 3643 solum
739 3606 850 3643 non
869 3589 950 3643 eis
982 3588 1308 3643 exhibentes
1339 3589 1592 3645 membra
1615 3607 1738 3644 cor-

175 3673 293 3741 poris
319 3675 383 3729 ad
412 3679 565 3732 male
598 3676 965 3748 operandum,
1001 3677 1097 3731 sed
1129 3694 1311 3749 neque
1340 3682 1480 3732 nutu
1511 3686 1741 3734 consen-

175 3760 311 3817 sionis
325 3762 389 3818 ad
407 3764 795 3820 exihibendum
815 3764 1247 3830 consentientes,
1272 3782 1382 3819 non
1403 3765 1519 3820 haec
1541 3772 1735 3837 agunt,

174 3848 216 3901 et
246 3848 352 3906 ideo
389 3870 635 3925 regnum
678 3853 776 3908 Dei
822 3852 1203 3924 possidebunt.
1255 3854 1377 3907 Non
1428 3855 1578 3909 enim
1619 3857 1739 3925 jam

172 3948 333 4008 regnat
358 3946 653 4012 peccatum
687 3942 743 3996 in
774 3959 967 3997 eorum
991 3942 1214 3997 mortali
1236 3950 1487 4014 corpore,
1513 3944 1582 3997 ad
1615 3943 1741 3998 obe-

173 4022 397 4084 diendum
425 4030 730 4087 desideriis
758 4032 899 4101 ejus,
926 4030 1179 4103 quamvis
1209 4030 1427 4087 habitet
1453 4032 1510 4085 in
1543 4048 1737 4086 eorum

173 4114 356 4172 mortali
384 4134 625 4192 corpore
644 4120 955 4191 peccatum,
974 4118 1223 4173 nondum
1254 4120 1496 4173 extincto
1528 4119 1743 4190 impetu

171 4209 554 4264 consuetudinis
577 4207 874 4275 naturalis,
901 4226 1016 4281 qua
1035 4207 1352 4263 mortalitcr
1377 4209 1493 4263 nati
1526 4224 1739 4274 sumus,

1826 3323 2134 3378 secundum
2177 3323 2397 3378 tabulas
2445 3326 2769 3379 testamenti
2802 3326 2922 3390 Dei,
2956 3327 3015 3381 in
3059 3326 3263 3398 quibus
3312 3346 3423 3385 non

1823 3412 2067 3482 amplius
2112 3428 2282 3484 quam
2322 3414 2513 3467 decem
2559 3413 2728 3467 verba
2774 3414 3169 3471 mandatorum
3212 3418 3423 3473 tradita

1821 3504 1971 3555 sunt.
2008 3501 2280 3568 (Hieron)
2314 3501 2382 3554 Et
2421 3518 2543 3572 quae
2590 3501 2701 3555 alia
2748 3502 2896 3556 inter
2941 3502 3155 3559 fructus
3191 3505 3422 3576 spiritus

1823 3588 2016 3643 debuit
2039 3595 2231 3643 tenere
2248 3590 2575 3659 primatum,
2603 3589 2709 3643 nisi
2732 3590 2993 3658 charitas,
3017 3592 3138 3646 sine
3167 3609 3279 3664 qua
3309 3594 3419 3647 vir-

1820 3682 1971 3731 tutes
1988 3681 2200 3731 czeterte
2220 3692 2333 3731 non
2354 3683 2690 3747 reputantur
2716 3690 2836 3731 esse
2864 3680 3117 3745 virtutes,
3136 3686 3192 3734 et
3218 3696 3285 3735 ex
3309 3696 3420 3753 qua

1822 3758 2132 3819 nascuntur
2152 3766 2413 3819 universa
2435 3782 2557 3836 qua:
2593 3765 2739 3819 bona
2774 3773 2922 3831 sunt,
2955 3767 3235 3838 siquidem
3275 3775 3332 3823 et
3359 3771 3418 3824 in

1826 3854 1947 3923 lege
1968 3857 2023 3907 et
2041 3854 2099 3906 in
2119 3850 2417 3923 Evangelio
2439 3853 2561 3924 ipsa
2578 3852 2821 3907 abstinet
2841 3854 3214 3927 principatum
3241 3874 3252 3909 :
3279 3857 3417 3912 Dili-

1821 3956 1909 4008 ges
1929 3942 2227 3997 Dominum
2251 3943 2417 3995 Deum
2441 3948 2601 3995 tuum,
2631 3948 2818 3995 artato
2838 3946 2995 3997 corde
3012 3949 3121 4009 tuo,
3155 3950 3202 3998 ct
3222 3956 3288 3999 cz
3307 3950 3416 4001 tota

1820 4033 2015 4084 anima
2040 4035 2154 4093 tua,
2177 4036 2223 4082 et
2238 4046 2302 4082 cr
2323 4034 2431 4084 tota
2456 4033 2657 4084 virtute
2680 4037 2793 4093 tua,
2821 4036 2868 4085 et
2882 4034 3076 4100 diliges
3095 4036 3415 4101 proximum

1827 4122 1987 4170 tuum
2035 4124 2305 4187 tanquam
2346 4121 2596 4187 teipsum.
2631 4120 2868 4183 Quantis
2903 4120 3063 4174 bonis
3101 4122 3308 4177 referta
3344 4122 3417 4178 sit

1825 4207 2086 4271 charitas,
2120 4212 2178 4261 et
2204 4222 2376 4278 supra
2410 4207 2652 4261 breviter
2686 4208 3134 4279 perstrinximus,
3169 4215 3226 4265 et
3269 4228 3417 4266 nunc

171 4298 212 4345 et
233 4297 454 4368 propriae
483 4298 617 4352 vita:
648 4303 873 4364 nostrae,
908 4302 1037 4351 eum
1075 4302 1132 4351 et
1162 4314 1266 4351 nos
1308 4297 1415 4368 ipsi
1466 4297 1743 4367 peccando
1761 4295 1912 4369 “vel
1942 4311 2140 4365 parum
2162 4296 2363 4349 dixisse
2393 4296 2650 4361 sufﬁciat,
2675 4299 2821 4367 quod
2841 4298 3064 4352 dilectio
3085 4315 3196 4353 non
3216 4301 3418 4369 quaerit

171 4383 387 4440 uiximus
416 4387 569 4458 quod
601 4385 671 4440 ab
701 4385 917 4458 origine
938 4386 1149 4458 peccati
1172 4386 1406 4440 humani
1427 4385 1745 4441 damnatio-

171 4470 333 4542 nisque
359 4474 747 4530 trahebamus.
778 4472 947 4529 Aliud
993 4478 1079 4529 est
1117 4475 1267 4529 enim
1306 4491 1418 4529 non
1467 4486 1734 4545 peccare;

173 4554 292 4615 aliud
317 4580 423 4619 non
451 4562 666 4618 habere
694 4567 1006 4635 peccatum.
1038 4560 1185 4618 Nam
1218 4563 1275 4617 in
1304 4580 1416 4634 quo
1447 4568 1736 4634 peccatum

174 4660 258 4702 non
282 4662 490 4722 regnat,
528 4670 644 4708 non
689 4656 897 4723 peccat,
928 4651 985 4706 id
1016 4656 1119 4719 est,
1155 4651 1249 4723 qui
1278 4667 1391 4705 non
1422 4649 1610 4706 obedit
1638 4650 1736 4705 de-

174 4731 356 4792 sideriis
382 4742 527 4811 ejus.
554 4736 621 4795 In
648 4757 757 4813 quo
773 4744 963 4795 autem
984 4757 1097 4795 non
1118 4740 1366 4795 existunt
1385 4738 1612 4793 omnino
1627 4739 1737 4793 ista

176 4821 427 4895 desideria,
451 4846 570 4884 non
588 4827 769 4882 solum
791 4844 904 4883 non
925 4834 1134 4900 peccat,
1159 4828 1255 4883 sed
1285 4827 1457 4883 etiam
1490 4840 1601 4882 non
1633 4828 1733 4882 ha-

176 4908 245 4964 bet
261 4923 560 4986 peccatum.
585 4917 747 4982 Quod
780 4917 1002 4972 etiamsi
1044 4936 1109 4972 ex
1156 4916 1350 4972 multis
1397 4914 1649 4988 partibus
1678 4917 1735 4971 in

178 4996 255 5055 ista
279 5005 387 5060 vita
404 5006 587 5079 possit
612 5005 777 5071 effici,
800 5023 867 5060 ex
887 5007 1041 5061 omni
1068 5010 1259 5061 tamen
1290 5008 1470 5078 parte,
1494 5022 1606 5059 non
1627 5005 1734 5060 nisi

179 5086 219 5140 in
234 5095 624 5166 resurrectione
644 5095 829 5149 carnis
848 5100 1018 5166 atque
1038 5094 1479 5150 commutatione
1510 5110 1737 5164 speran-

178 5164 280 5232 duin
302 5188 397 5237 est.
432 5184 625 5239 Potest
652 5190 841 5238 autem
872 5164 1095 5238 movere
1126 5183 1273 5255 quod
1305 5183 1386 5237 ait
1419 5200 1431 5235 :
1466 5183 1592 5249 Qua:
1617 5182 1735 5236 dico

179 5264 445 5333 mbis,sicut
459 5272 995 5342 pradiri:quoniam
1009 5274 1109 5341 qui
1132 5274 1272 5325 talia
1294 5275 1487 5339 agunt,
1498 5284 1732 5338 regnum

183 5352 251 5406 1ιεὶ
275 5376 369 5411 mm
393 5360 773 5430 possidebunt,
800 5361 848 5414 si
878 5365 1178 5430 quaeratur,
1197 5358 1293 5413 ubi
1324 5358 1434 5412 ista
1464 5358 1735 5429 praedixe.

180 5452 258 5508 rat,
286 5462 408 5501 nam
438 5448 499 5502 in
544 5449 646 5503 hac
674 5448 921 5519 Epistola
972 5465 1080 5501 non
1127 5446 1427 5501 invenitur.
1464 5446 1607 5515 Ergo
1639 5451 1738 5499 aut

182 5544 383 5595 presens
401 5553 535 5591 cum
552 5539 717 5602 esset,
739 5535 845 5592 hoc
864 5536 1219 5608 praedixerat,
1253 5541 1351 5591 aut
1379 5540 1732 5604 cognoverat,

1761 4355 1814 4413 D

1830 4396 1952 4454 qua:
1968 4398 2071 4438 sua
2092 4391 2244 4449 sunt,
2263 4384 2358 4438 sed
2380 4402 2502 4455 qum
2523 4386 2724 4439 aliena.
2752 4387 2822 4439 Et
2864 4386 3115 4456 quamvis
3149 4402 3251 4439 suo
3291 4388 3418 4457 quis

1822 4472 1956 4526 vitio
1976 4473 2236 4527 inimicus
2255 4473 2330 4527 sit
2345 4473 2619 4543 diligenti,
2646 4481 2703 4526 et
2720 4472 3186 4543 tranquillitatem
3201 4475 3322 4543 ejus
3343 4474 3413 4529 ad

1822 4561 2077 4615 odiorum
2117 4561 2319 4615 ﬂuctus
2346 4562 2626 4615 concitare
2662 4561 2901 4628 nitatur;
2934 4566 3125 4614 tamen
3154 4561 3248 4615 ille
3276 4578 3416 4617 nun-

1821 4664 1989 4721 quam
1999 4649 2575 4720 turbatur,nunquam
2593 4653 2908 4702 creaturam
2924 4648 3022 4703 Dei
3036 4648 3165 4703 odio
3185 4650 3415 4721 dignam

1819 4738 2091 4793 aestimat:
2118 4739 2363 4792 Charitas
2393 4737 2542 4791 enim
2575 4740 2745 4805 operit
2774 4740 3194 4793 multitudinem
3226 4757 3415 4810 pecca-

1821 4832 2003 4881 torum
2037 4827 2091 4893 (I
2113 4828 2256 4881 Petr.
2291 4829 2387 4896 iv).
2422 4824 2564 4881 Illud
2595 4841 2816 4897 quoque
2862 4827 3012 4898 quod
3058 4842 3089 4881 ιι
3128 4829 3415 4884 Salvatore

1817 4915 2024 4970 dicitur
2055 4934 2065 4967 :
2101 4916 2222 4970 Non
2249 4920 2418 4984 potest
2447 4916 2616 4969 arbor
2645 4916 2783 4968 bona
2822 4919 3041 4983 fructus
3066 4918 3267 4984 afferre
3294 4935 3414 4972 ma-

1819 5008 1914 5069 los,
1951 5020 2119 5073 nequc
2148 5005 2316 5058 arbor
2346 5008 2501 5057 mala
2529 5006 2750 5071 fructus
2776 5006 2975 5071 afferre
3004 5007 3165 5058 bonos
3196 5005 3408 5072 (Matth.

1818 5095 1932 5162 vn),
1955 5108 2069 5148 non
2097 5100 2213 5147 tam
2234 5091 2303 5147 de
2333 5091 2671 5157 hominibus,
2696 5109 2867 5164 quam
2900 5093 2968 5147 de
3003 5092 3187 5148 fructu
3230 5094 3414 5149 carnis

1818 5186 1875 5235 et
1892 5181 2125 5252 spiritus
2144 5181 2388 5235 arbitror
2415 5181 2860 5251 pronuntiatum,
2894 5182 3028 5252 quia
3054 5196 3157 5236 nec
3182 5182 3415 5253 spiritus

1818 5284 2066 5339 unquam
2096 5275 2279 5340 potest
2308 5287 2374 5323 ea
2404 5269 2557 5337 vitia,
2592 5286 2714 5340 qua:
2740 5270 2799 5322 in
2821 5269 3004 5323 carnis
3024 5270 3286 5341 operibus
3305 5286 3413 5327 nu-

1822 5366 2037 5412 merata
2083 5362 2232 5423 sunt,
2280 5354 2501 5412 Facere:
2542 5374 2639 5410 nec
2681 5374 2808 5409 caro
2854 5358 2939 5411 his
2990 5357 3283 5426 fructibus,
3318 5360 3412 5430 qui

1819 5448 2080 5501 oriuntur
2106 5446 2303 5517 spiritu
2333 5446 2666 5501 redundare.
2702 5446 2895 5500 Potest
2924 5452 3115 5504 autem
3148 5448 3288 5513 ﬁeri,
3314 5464 3416 5519 per

1820 5535 2218 5607 negligentiam
2284 5534 2639 5605 possidentis,
2686 5540 2750 5589 ut
2790 5534 3022 5604 spiritus
3077 5537 3173 5607 qui
3229 5552 3415 5592 versa-
