3892 6158
455 171 564 273 θεέ

1056 213 1117 265 Β.
1161 211 1431 266 ΒΛΒΑΝΙ
1471 211 1702 267 MAURI
1739 211 2074 266 ARCHIEP.
2116 211 2442 267 MOGUNT.
2483 208 2780 266 OPERUM
2817 210 3002 266 PARS
3039 211 3116 266 III
3163 242 3173 249 -

3579 219 3669 276 360

453 346 548 394 tur
572 339 631 393 in
650 339 888 394 homine"
905 338 1119 390 fructus
1132 352 1246 390 non
1277 335 1481 390 habeat
1492 353 1622 391 suos
1652 355 1663 389 :
1697 341 1755 390 et
1781 342 2044 390 econtra-
2059 335 2372 400 Aaﬂ‘eetus,
2419 334 2518 405 qui
2553 334 2676 389 fons
2705 334 2780 388 sit
2821 332 3146 388 utilitatum.
3178 336 3325 391 Inter
3347 337 3544 395 fructus
3569 344 3668 412 spi-

453 428 538 483 rio
558 444 687 483 caro
715 425 975 499 Operibus
990 423 1108 478 suis
1146 423 1499 479 mortiﬁcatis
1518 441 1748 496 peccare
1767 425 2004 479 desistat
2027 443 2039 491 ;

452 534 564 572 non
591 523 780 570 tamen
802 514 896 569 illo
916 529 1094 583 usque
1108 513 1435 584 procedunt,
1467 520 1532 568 ut
1561 519 1615 568 et
1644 514 1900 584 neglecta
1950 529 2044 568 ar-

453 605 556 658 bor
591 604 842 676 spiritus,
883 618 1054 673 opera
1101 601 1285 656 carnis
1322 602 1538 667 afferat,
1583 609 1640 656 et
1669 601 1834 656 arbor
1860 603 2044 657 carnis

449 693 684 758 exculta,
705 692 920 746 fructus
947 691 1228 762 germinet
1252 690 1550 761 spiritales.
1570 692 1636 744 In
1654 691 1898 745 secundo
1927 691 2044 762 spi-

448 781 698 836 ritalium
729 781 1014 834 fructuum
1051 780 1171 833 loco
1185 779 1455 850 gaudium
1475 780 1719 850 positum
1760 785 1862 844 est,
1895 780 2040 851 quod

449 869 620 924 Stoici
643 885 882 940 quoque,
903 869 1000 940 qui
1029 867 1387 938 distinguunt
1405 868 1555 921 inter
1571 867 1740 922 verba
1759 867 2038 933 subtilius,
2083 924 2090 929 ,

447 958 600 1013 aliud
627 958 762 1030 quid
791 973 913 1012 esse
938 957 1222 1012 aestimant
1253 973 1422 1027 quam
1451 956 1726 1010 laetitiam.
1759 956 2040 1011 Gaudium

447 1047 656 1119 quippe
701 1063 822 1101 esse
878 1045 1040 1100 aiunt
1071 1045 1371 1100 elationem
1403 1045 1578 1099 animi
1611 1061 1780 1115 super
1800 1045 1890 1098 his
1917 1061 2040 1115 quin

446 1135 614 1206 digna
626 1142 760 1190 sunt
769 1133 1114 1189 exsultantis:
1123 1133 1378 1188 laetitiam
1389 1150 1517 1187 vero
1529 1134 1858 1188 effrenatam
1869 1132 2043 1188 animi

447 1225 765 1290 elationem,
801 1241 924 1294 quae
970 1223 1200 1277 modum
1239 1223 1470 1289 nesciat,
1494 1228 1552 1276 et
1595 1222 1653 1276 in
1701 1221 1788 1276 his
1819 1239 2042 1294 quoque

447 1329 569 1384 quae
587 1313 722 1367 vitio
754 1317 889 1366 sunt
910 1312 1096 1377 mista,
1133 1312 1372 1365 laetetur.
1403 1311 1514 1364 Alii
1539 1327 1568 1364 e
1589 1310 1816 1381 regione
1847 1310 2040 1380 gaudii

445 1402 788 1472 voluptatem
804 1406 1022 1472 ponunt
1045 1418 1055 1452 :
1092 1417 1205 1454 non
1235 1400 1378 1453 hanc
1396 1417 1518 1470 qua:
1539 1415 1742 1470 corpus
1769 1398 1840 1453 ad
1853 1398 2040 1452 libidi-

445 1506 575 1542 nem
594 1489 852 1556 concitat,
869 1489 1065 1543 titillat
1080 1505 1296 1554 sensus,
1321 1489 1470 1542 dulci
1485 1488 1774 1542 blanditur
1801 1487 2033 1542 affectu:

445 1579 542 1631 sed
570 1577 741 1632 aliam
769 1577 899 1632 huic
925 1577 1224 1654 ὸμωνύμον,
1259 1594 1382 1646 quae
1411 1577 1532 1630 sine
1566 1575 1950 1630 moderatione
1983 1583 2042 1630 et

2125 424 2270 479 ritus
2303 422 2609 494 septimum
2655 427 2714 477 et
2758 421 3118 477 sacratiorem
3147 423 3324 478 locum
3350 427 3480 481 ﬁdes
3519 431 3672 500 possi-

2125 513 2239 578 det,
2266 529 2390 585 quae
2420 513 2592 566 etiam
2623 510 2755 566 alibi
2783 511 2934 566 inter
2960 517 3076 566 tres
3101 512 3340 582 ponitur,
3368 531 3504 586 spes,
3531 517 3668 585 ﬁdes,

2127 601 2389 656 Charitas.
2412 601 2528 655 Nec
2555 599 2764 654 mirum
2780 599 2827 654 si
2848 617 2974 670 spes
3005 599 3063 654 in
3085 600 3187 654 hoc
3212 601 3452 674 catalogo
3476 620 3580 660 non
3593 621 3672 659 re-

2125 691 2359 756 feratur,
2393 706 2520 744 cum
2567 689 2626 742 in
2670 689 2779 742 ﬁde
2809 687 2884 742 sit
2913 688 3061 760 quod
3088 696 3359 760 speratur,
3389 697 3443 746 et
3467 693 3541 747 ita
3563 710 3672 748 eam

2125 779 2426 850 Apostolus
2447 777 2518 832 ad
2539 775 2803 832 Hebraeos
2831 775 3079 831 scribens
3099 777 3328 833 deﬁniat
3358 797 3369 831 :
3401 781 3487 834 Est
3511 786 3674 835 autem

2124 869 2252 934 ﬁdes
2296 868 2705 936 sperandarum
2733 867 3044 920 substantia
3071 883 3282 933 rerum,
3313 874 3674 936 argumentum

2123 957 2358 1010 necdum
2375 957 2672 1024 apparenti
2673 971 2769 1008 um
2777 995 2789 1007 .
2805 953 3095 1025 Siquidem
3107 954 3162 1008 id
3173 955 3318 1026 quod
3329 973 3600 1027 speramus
3607 974 3678 1012 es-

2123 1060 2181 1098 se
2195 1049 2516 1110 venturum,
2531 1049 2589 1097 et
2612 1043 2852 1098 necdum
2865 1047 2952 1096 est
2970 1042 3029 1096 in
3039 1043 3317 1114 praesenti,
3331 1044 3438 1099 ﬁde
3454 1045 3677 1117 posside-

2126 1149 2270 1200 mus,
2285 1137 2576 1204 sperantes
2596 1149 2698 1186 nos
2721 1137 2917 1186 tenere
2938 1132 3086 1202 quod
3110 1133 3402 1188 credimus.
3427 1133 3678 1197 Quaeritur

2131 1238 2372 1292 quoque,
2405 1221 2684 1292 quomodo
2713 1221 2852 1274 ﬁdes
2880 1221 2938 1273 in
2959 1221 3234 1276 charitate
3269 1221 3342 1276 sit
3368 1221 3558 1292 posita.
3585 1221 3680 1287 Qui

2123 1309 2324 1380 diligit,
2362 1325 2652 1380 nunquam
2681 1327 2741 1364 se
2769 1309 2896 1364 laedi
2929 1309 3188 1376 aestimat,
3218 1325 3497 1382 nunquam
3524 1311 3676 1376 aliud,

2121 1398 2230 1452 nisi
2260 1399 2409 1468 quod
2428 1398 2613 1468 diligit
2628 1404 2686 1453 et
2712 1397 2987 1468 diligitur,
3013 1399 3357 1469 suspicatur;
3379 1415 3499 1454 cum
3517 1407 3688 1454 autem

2121 1485 2346 1541 dilectio
2381 1487 2574 1558 procul
2605 1485 2866 1552 abfuerit,
2919 1492 2978 1542 et
3017 1487 3156 1542 ﬁdes
3193 1487 3404 1559 pariter
3445 1485 3685 1542 abscedit.

2121 1575 2257 1629 Post
2304 1575 2474 1630 ﬁdem
2515 1575 2890 1629 mansuetudo
2935 1581 3270 1630 numeratur
3313 1592 3431 1647 quae
3481 1575 3691 1631 adversa

443 1667 558 1722 ullo
573 1667 772 1722 decore
795 1667 1000 1720 laetitiae
1019 1666 1076 1720 in
1105 1666 1226 1720 risu
1245 1666 1454 1720 exaltat
1474 1681 1665 1718 vocem
1687 1681 1867 1718 suam.
1888 1656 2048 1728 Quod
2067 1655 2115 1716 Β
2127 1669 2213 1718 est
2239 1663 2356 1729 irae,
2375 1663 2528 1730 rixis,
2545 1663 2988 1718 dissensionibus
3000 1670 3058 1718 et
3080 1680 3370 1736 nunquam
3389 1664 3456 1718 ad
3476 1665 3560 1720 sui
3583 1679 3693 1719 con-

444 1755 492 1809 si
519 1772 712 1810 verum
740 1762 843 1822 est,
873 1762 930 1810 et
957 1772 1157 1810 eorum
1185 1755 1337 1809 inter
1389 1753 1559 1807 verba
1594 1753 1877 1807 distinctio
1929 1769 2042 1807 non

443 1843 588 1898 fallit
613 1850 672 1898 et
685 1844 916 1911 fallitur,
932 1844 1350 1898 consideremus
1379 1861 1450 1896 ne
1478 1843 1714 1896 forsitan
1746 1842 1951 1896 idcirco
1963 1841 2044 1896 di-

443 1939 595 1986 ctum
610 1933 684 1987 sit
707 1952 717 1986 :
737 1933 859 1988 Non
878 1937 951 1986 est
965 1934 1206 2012 gaudere
1228 1935 1437 2000 impiis,
1460 1933 1596 1985 dicit
1612 1933 1883 1986 Dominus
1911 1932 2038 1996 (Isa.

2123 1752 2302 1808 traria
2345 1757 2697 1824 provocatur,
2739 1769 2867 1806 vere
2916 1752 2985 1806 de
3031 1752 3181 1808 bona
3223 1753 3450 1824 spiritus
3493 1751 3689 1813 arbore,

2123 1841 2300 1895 bonos
2328 1841 2543 1895 fructus
2573 1847 2631 1895 et
2663 1841 3008 1912 germinans.
3034 1842 3144 1896 Per
3171 1842 3318 1896 hanc
3348 1841 3581 1896 famulus
3607 1840 3696 1896 Dei

2125 1930 2344 2001 Moyses
2387 1929 2777 1985 testimonium
2833 1931 3138 2002 Scriptura:
3193 1931 3402 1986 meruit
3447 1929 3694 2000 accipere,

444 2025 651 2084 xnvm).
676 2021 854 2076 Simul
883 2028 1072 2074 autem
1103 2024 1160 2074 et
1187 2019 1326 2074 illud
1372 2019 1704 2084 notandum,
1739 2019 1888 2090 quod
1916 2023 2044 2090 post
2123 2017 2362 2072 dicentis
2393 2035 2404 2070 :
2440 2019 2644 2085 Moyses
2682 2023 3004 2073 mansuetus
3033 2025 3154 2073 erat
3179 2023 3310 2089 plus
3335 2035 3500 2096 quam
3534 2035 3697 2073 omnes

441 2109 798 2164 dilectionem
841 2109 1112 2181 gaudium
1161 2108 1434 2179 sequitur.
1489 2109 1597 2172 Qui
1645 2109 1798 2161 enim
1857 2106 2042 2178 diligit
2121 2107 2370 2160 homines
2390 2122 2556 2175 super
2583 2111 2790 2160 terram
2823 2108 3144 2178 (Nummi).
3173 2108 3356 2179 Super
3373 2113 3594 2172 terram,
3624 2105 3695 2160 in-

443 2199 786 2269 quempiam,
819 2215 1045 2270 semper
1076 2197 1134 2252 in
1165 2199 1288 2267 ejus
1319 2197 1585 2251 felicitate
1609 2197 1832 2252 laetatur
1857 2215 1870 2261 ;
1903 2201 1961 2249 et
1988 2196 2036 2249 si

2122 2195 2272 2266 quit;
2306 2211 2476 2265 super
2493 2211 2588 2250 eos
2621 2195 2906 2266 enim,qui
2931 2194 3070 2250 facie
3103 2196 3176 2250 ad
3203 2196 3400 2250 faciem
3429 2196 3600 2250 Deum
3628 2193 3695 2247 vi-

443 2303 573 2341 eum
601 2286 801 2342 viderit
829 2287 1017 2358 aliquo
1047 2302 1235 2340 errore
1271 2285 1566 2356 deceptum
1597 2291 1656 2338 et
1683 2291 2040 2356 peccatorum
2123 2273 2350 2350 debant,
2370 2300 2492 2337 esse
2527 2299 2642 2338 non
2675 2288 2924 2354 poterat;
2957 2283 3091 2355 quia
3117 2285 3302 2339 multa
3320 2301 3464 2356 saepe
3483 2280 3700 2354 compel-

445 2373 656 2428 lubrico
672 2373 998 2440 concidisse,
1013 2373 1224 2428 dolebit
1235 2373 1464 2446 quidem
1480 2406 1491 2422 ι
1508 2377 1565 2428 et
1597 2391 1793 2428 eruere
1813 2374 2038 2427 festina-

439 2461 523 2518 bit
543 2481 556 2530 ;
581 2464 678 2518 sed
691 2479 806 2518 non
833 2463 1042 2534 poterit
1053 2463 1324 2532 gaudium
1345 2467 1566 2519 mutare
1581 2462 1830 2528 tristitia,
1855 2462 2037 2515 sciens

440 2551 654 2606 nullam
671 2551 1089 2606 rationabilium
1104 2557 1489 2605 creaturarum
1501 2551 1650 2621 apud
1660 2551 1840 2605 Deum
1851 2551 2035 2620 perire

444 2645 735 2710 perpetuo.
765 2639 989 2694 Tertius
1028 2638 1242 2692 fructus
1282 2638 1514 2709 spiritus
1543 2643 1630 2692 est
1686 2655 1810 2708 pax,
1835 2655 1870 2691 a
1925 2654 2036 2710 qua

2119 2371 2290 2426 limur
2307 2389 2410 2442 per
2429 2372 2615 2426 carnis
2630 2371 2812 2427 facere
2840 2372 3254 2428 inﬁrmitatem.
3288 2373 3370 2428 De
3391 2371 3560 2428 David
3578 2387 3700 2443 quo-

2119 2477 2247 2531 que,
2270 2460 2402 2514 licet
2424 2460 2589 2514 multi
2617 2461 2686 2514 de
2716 2460 2944 2514 domino
2969 2467 3162 2516 nostro
3188 2461 3470 2516 aestiment
3489 2459 3700 2532 prophe-

2116 2555 2319 2616 tatum,
2355 2549 2506 2619 quod
2526 2566 2628 2604 nos
2659 2549 2830 2602 etiam
2865 2565 2980 2603 non
3005 2567 3304 2622 negamus,
3329 2550 3566 2622 Spiritus
3591 2563 3702 2602 san-

2117 2643 2239 2692 ctus
2268 2638 2328 2692 in
2357 2644 2492 2710 typo
2527 2638 2749 2692 venturi
2785 2639 2940 2692 canit
2971 2657 2982 2692 :
3017 2640 3310 2706 Memento,
3334 2640 3578 2702 Domine,
3606 2638 3698 2692 Da.

2115 2728 2224 2791 vid,
2243 2732 2290 2780 et
2318 2729 2500 2781 omnis
2527 2729 2976 2781 mansuetudinis
2993 2731 3108 2797 ejus
3129 2729 3299 2794 (Psat.
3315 2727 3517 2797 cxxxr).
3541 2726 3698 2796 Cujus

439 2729 703 2783 Salomon
733 2745 974 2800 quoque,
997 2727 1093 2798 qui
1121 2727 1180 2781 in
1208 2733 1344 2798 typo
1365 2726 1574 2780 Christi
1595 2725 1895 2797 praecessit,
1930 2743 2033 2780 no-

2115 2815 2488 2870 mansuetudo
2530 2814 2796 2870 adversus
2829 2815 2982 2883 Saul,
3009 2814 3263 2871 Absalon
3303 2821 3363 2872 et
3394 2813 3591 2880 Semei,
3626 2812 3701 2868 vel

437 2831 568 2870 men
596 2816 842 2886 accepit;
877 2820 935 2869 et
961 2815 1030 2868 de
1060 2814 1306 2868 Ecclesia
1320 2813 1618 2868 Psalmista
1631 2813 1812 2868 canit:
1840 2815 2034 2868 Factus

332 2915 342 2924 '
439 2908 516 2957 est
537 2906 600 2958 in
611 2920 745 2973 pace
770 2907 917 2958 locus
940 2906 1056 2971 ejus
1070 2903 1231 2966 (Psat.
1258 2914 1459 2972 Lxxv);
1475 2906 1533 2954 et
1554 2902 1703 2955 inter
1723 2907 1847 2955 octo
1861 2902 2034 2956 Evan-
2113 2901 2354 2956 maxime
2382 2902 2604 2968 claruit,
2619 2919 2748 2957 cum
2767 2901 2910 2957 alius
2927 2919 3056 2957 eum
3079 2904 3251 2960 vellet
3269 2904 3548 2969 occidere;
3571 2901 3700 2956 alius

329 3386 336 3391 .
433 3349 554 3398 tum
584 3344 644 3398 in
665 3361 731 3399 eo
761 3361 884 3399 esse
904 3345 1282 3416 quaerendam,
1305 3344 1353 3398 si
1383 3361 1512 3398 cum
1537 3344 1647 3398 alio
1676 3361 1788 3398 non
1827 3345 2025 3415 jurge-

421 2991 567 3062 ,gelii
589 2991 1004 3046 benedictiones
1019 2990 1308 3045 scribitur:
1333 2992 1486 3044 Beati
1500 2993 1740 3059 paciﬁci,
1763 2993 2030 3060 quoniam
2049 3013 2094 3072 ο
2113 3007 2202 3044 res
2231 3007 2401 3045 novas
2427 2991 2658 3046 molitus
2698 2991 2960 3046 fraudare
2975 2993 3218 3063 imperio
3240 2994 3545 3058 niteretur;
3573 2989 3700 3045 alius

437 3083 546 3146 ﬁlii
572 3082 670 3134 Dei
696 3082 1041 3134 vocabuntur
1057 3081 1274 3149 (Matth.
1293 3077 1370 3149 v.)
1406 3079 1469 3132 In
1485 3078 1666 3150 primo
1682 3079 1854 3134 etiam
1885 3079 2028 3134 Gra-
2109 3078 2397 3149 lapidesin
2409 3079 2780 3150 eumjaciens,
2805 3085 2862 3134 et
2890 3081 3180 3152 pulverem
3205 3081 3485 3136 ventilans
3504 3080 3697 3135 clama—

436 3169 610 3222 duum
641 3169 854 3239 psalmo
873 3174 1132 3223 cantatur
1165 3187 1174 3221 :
1203 3168 1340 3223 Cum
1361 3168 1446 3220 his
1475 3170 1574 3236 qui
1593 3169 1822 3222 oderant
1836 3183 2027 3237 pacem
2109 3173 2196 3221 ret
2213 3173 2271 3221 et
2294 3168 2539 3223 diceret:
2573 3169 2858 3236 Egredere,
2883 3171 3148 3237 egredere,
3174 3173 3278 3225 vir
3309 3173 3500 3240 inique
3519 3170 3566 3240 (Ι
3585 3170 3696 3236 Reg.

435 3272 589 3310 eram
603 3259 866 3326 paciﬁcus
887 3257 1047 3330 (Psat.
1073 3256 1238 3324 cxrx).
1271 3257 1386 3311 Nec
1403 3262 1665 3326 putemus
1691 3272 1886 3326 pacem
1903 3261 2026 3310 tan-
2107 3271 2202 3310 xxx
2239 3261 2285 3309 et
2327 3273 2464 3326 seq.;
2499 3259 2560 3312 II
2585 3259 2708 3324 Reg.
2753 3274 2846 3324 xv,
2879 3260 3014 3326 xvi).
3059 3258 3336 3335 Extrema
3371 3254 3698 3314 continentia

2108 3344 2167 3399 in
2195 3343 2468 3400 fructibus
2495 3344 2727 3417 spiritus
2751 3346 3086 3400 collocatur:
3113 3363 3294 3418 quam
3325 3365 3441 3404 non
3459 3347 3635 3402 solum
3650 3345 3701 3399 in

2107 3433 2368 3488 castitate
2407 3433 2676 3489 debemus
2722 3434 2990 3506 accipere,
3044 3435 3142 3490 sed
3187 3437 3374 3491 etiam
3402 3437 3463 3491 in
3505 3435 3624 3491 cibo
3649 3437 3701 3488 et

2107 3527 2262 3592 potu,
2302 3520 2362 3576 in
2407 3522 2495 3576 ira
2533 3539 2755 3594 quoque
2795 3528 2850 3576 et
2879 3523 3169 3578 vexatione
3203 3525 3424 3580 mentis
3452 3529 3511 3580 et
3534 3523 3703 3578 detra-

2105 3610 2276 3664 hendi
2305 3610 2556 3666 libidine.
2591 3611 2745 3666 Inter
2772 3611 3106 3666 modestiam
3134 3619 3338 3668 autem
3357 3619 3418 3668 et
3432 3613 3702 3668 continen-

2106 3699 2246 3754 tiam
2273 3699 2379 3754 hoc
2407 3699 2658 3767 interest,
2689 3700 2837 3771 quod
2889 3700 3166 3756 modestia
3191 3701 3260 3757 in
3288 3702 3430 3758 viris
3457 3698 3703 3774 perfectis

432 3449 560 3488 mur
591 3453 601 3486 :
631 3433 730 3488 sed
743 3438 878 3488 tunc
894 3449 1001 3505 pax
1017 3433 1253 3500 Christi;
1277 3433 1382 3487 hoc
1404 3438 1506 3498 est,
1525 3432 1823 3487 haereditas
1835 3438 2026 3487 nostra

432 3520 720 3576 nobiscum
748 3527 850 3588 est,
879 3522 927 3576 si
955 3521 1260 3593 tranquan
1290 3537 1450 3576 mens
1476 3521 1644 3575 nullis
1672 3520 2025 3592 passionibus

441 3610 819 3680 perturbetur.
853 3611 987 3665 Post
997 3627 1193 3682 pacem
1213 3610 1469 3682 sequitur
1487 3610 1886 3680 longanimitas
1908 3609 2025 3664 sive

430 3699 724 3770 patientia,
747 3699 882 3772 quia
896 3706 1137 3771 utroque
1153 3699 1320 3754 modo
1342 3703 1710 3779 μακροθυμιαν
1726 3715 2024 3770 possumus

429 3787 812 3860 interpretari.
846 3789 992 3844 Huic
1023 3788 1308 3844 contraria
1343 3793 1429 3842 est
1471 3787 1920 3859 pusillanimitas,
1954 3788 2024 3843 de
2107 3793 2210 3854 est,
2253 3794 2762 3859 consummataeque
2798 3788 3040 3856 virtutis,
3091 3789 3160 3844 de
3207 3790 3422 3863 quibus
3460 3789 3702 3846 Salvator

429 3893 542 3947 qua
567 3877 870 3932 scribitur:
892 3880 1302 3933 Pusittanimus
1355 3877 1696 3932 vehementer
1731 3879 2019 3946 insipiens.
2107 3875 2189 3930 ait
2219 3895 2230 3929 :
2263 3879 2415 3932 Beati
2447 3880 2623 3943 mites,
2655 3879 2922 3947 quoniam
2957 3879 3066 3947 ipsi
3099 3881 3464 3948 possidebunt
3503 3884 3702 3934 terram

430 3966 537 4031 Qui
563 3981 688 4020 vero
709 3968 928 4034 patiens
956 3967 2020 4034 est,etuniversasustentat,virsapiens.
2110 3965 2320 4034 (Matth.
2359 3967 2438 4034 v).
2482 3965 2552 4020 Et
2586 3965 2656 4020 de
2697 3981 2758 4020 se
2800 3965 2922 4036 ipso
2953 3983 2966 4018 :
2995 3967 3198 4020 Discite
3228 3984 3268 4022 a
3307 3985 3398 4024 me
3447 3969 3703 4038 quoniam

335 4097 356 4110 .
429 4051 499 4106 Et
525 4069 652 4107 cum
680 4054 922 4113 ἐπιτάσει
950 4059 1196 4108 multum
1232 4055 1451 4122 sapiens
1491 4053 1824 4124 appellatur.
1862 4053 1938 4108 Ut
1965 4053 2025 4109 in
2107 4055 2262 4106 mitis
2289 4069 2415 4108 sum
2445 4058 2496 4107 et
2523 4055 2758 4109 humilis
2788 4055 2946 4109 corde
2972 4055 3184 4123 (Matth.
3211 4055 3322 4128 x1).
3353 4053 3707 4112 Continentia

428 4138 740 4193 Proverbiis
779 4157 1002 4212 quoque
1044 4140 1320 4211 scriptum
1361 4146 1449 4194 est
1479 4159 1490 4192 :
1517 4141 1894 4208 Longanimus
1932 4143 2022 4194 vir
2102 4157 2232 4196 vero
2279 4140 2340 4196 in
2366 4140 2460 4196 via
2489 4140 2715 4213 quidem
2741 4142 2964 4197 virtutis
3002 4147 3108 4210 est,
3122 4145 3224 4199 sed
3248 4147 3501 4202 necdum
3519 4158 3705 4216 perve-

429 4231 639 4282 muttus
659 4231 722 4282 in
737 4231 1060 4298 prudentia.
1083 4228 1411 4300 Benignitas
1431 4227 1603 4282 etiam
1622 4228 1736 4282 sive
1753 4228 2017 4295 suavitas,
2103 4228 2188 4284 nit
2215 4229 2287 4284 ad
2321 4231 2529 4285 calcem
2553 4249 2566 4283 :
2599 4230 2732 4302 quia
2757 4231 3094 4303 cupiditates
3119 4231 3316 4289 adhuc
3343 4233 3406 4290 in
3436 4235 3579 4305 ejus,
3614 4227 3703 4304 qui

428 4315 562 4386 quia
577 4317 725 4388 apud
747 4317 969 4372 Graecos
988 4319 1291 4397 χρηστότης
1322 4321 1626 4388 utrumque
1646 4321 1828 4384 sonat,
1848 4317 2084 4385 virtusD
2105 4335 2166 4372 se
2192 4318 2462 4387 continet,
2493 4319 2834 4390 cogitatione
2861 4327 3188 4389 nascuntur,
3223 4329 3288 4377 et
3335 4308 3552 4378 mentis
3598 4320 3706 4393 pol-

425 4409 512 4459 est
528 4405 690 4473 lenis,
721 4405 944 4472 blanda,
978 4405 1304 4478 tranquilla,
1339 4412 1398 4460 et
1444 4406 1696 4461 omnium
1743 4405 2018 4460 bonorum

424 4499 559 4564 apta
569 4495 869 4562 consortio,
886 4494 1213 4550 invitansad
1242 4495 1684 4549 familiaritatem
1711 4495 1818 4558 sui,
1841 4494 2019 4549 dulcis

423 4582 689 4653 alloquio,
707 4583 955 4639 moribus
969 4589 1301 4656 temperata.
1326 4585 1580 4656 Denique
1605 4584 1817 4638 ethanc
1846 4582 2018 4638 Stoici

424 4669 505 4723 ita
533 4670 812 4726 deﬁniunt
842 4689 853 4725 :
889 4672 1212 4743 Benignitas
1241 4677 1328 4728 est
1345 4673 1524 4727 virtus
1538 4677 1736 4744 sponte
1762 4673 1834 4726 ad
1853 4671 2016 4727 bene-

424 4757 741 4811 faciendum
769 4760 1038 4830 exposita.
1055 4762 1182 4816 Non
1200 4762 1441 4817 multum
1459 4759 1678 4816 bonitas
1706 4777 1740 4814 a
1767 4760 2018 4832 benigni-

423 4849 542 4899 tate
560 4846 782 4901 diversa
797 4854 900 4916 est,
928 4849 1061 4919 quia
1087 4856 1146 4904 et
1170 4850 1294 4922 ipsa
1302 4851 1376 4904 ad
1391 4849 1850 4904 benefaciendum
1867 4850 2017 4904 vide-

422 4940 520 4988 tur
545 4936 812 5007 exposita.
848 4937 960 4990 Sed
997 4937 1057 4992 in
1097 4955 1163 4992 eo
1193 4938 1400 5005 differt,
1426 4939 1560 5010 quia
1589 4943 1774 5010 potest
1796 4938 2016 4992 bonitas

423 5040 544 5078 esse
555 5024 788 5092 tristior,
804 5030 862 5079 et
883 5025 1066 5080 fronte
1087 5027 1294 5082 severis
1315 5027 1565 5082 moribus
1581 5027 1848 5096 irrugata,
1874 5025 2016 5080 bene

423 5113 650 5182 quidem
671 5113 852 5169 facere
888 5119 946 5170 et
973 5121 1239 5186 praestare
1269 5117 1419 5188 quod
1446 5115 1714 5188 poscitur,
1758 5131 1872 5170 non
1923 5120 2014 5169 ta-

421 5216 550 5256 men
578 5203 762 5258 suavis
782 5220 904 5259 esse
949 5205 1246 5271 consortio,
1281 5211 1340 5258 et
1367 5220 1471 5259 sua
1498 5210 1728 5258 cunctos
1775 5203 2012 5258 invitare

419 5288 730 5346 dulcedine.
761 5293 920 5348 Hanc
947 5309 1169 5366 quoque
1196 5299 1500 5348 sectatores
1525 5292 1760 5347 Zenonis
1776 5292 1858 5348 ita
1877 5293 2012 5348 deﬁ-

419 5377 584 5433 niunt
615 5379 882 5436 :Bonitas
909 5387 995 5436 est
1019 5381 1195 5436 virtus
1225 5397 1348 5454 quae
1379 5381 1556 5454 prosit
1587 5399 1599 5436 :
1633 5397 1702 5438 ex
1729 5397 1843 5453 qua
1868 5379 2010 5436 oria-

2099 4407 2266 4462 luunt
2291 4406 2617 4479 principale,
2634 4407 2765 4462 licet
2781 4425 2894 4463 non
2904 4416 3189 4480 superent,
3209 4412 3408 4466 necad
3430 4427 3574 4483 opus
3581 4424 3702 4480 per-

2098 4496 2330 4550 trahant
2349 4495 2706 4567 cogitantem.
2721 4497 2847 4552 Non
2869 4497 3052 4552 solum
3071 4505 3268 4554 autem
3298 4499 3365 4556 in
3393 4498 3701 4561 desideriis,

2099 4590 2158 4638 et
2183 4583 2488 4656 cupiditate
2523 4584 2870 4640 continentia
2906 4587 3225 4642 necessaria
3251 4593 3372 4655 est;
3407 4588 3510 4643 sed
3539 4587 3704 4643 etiam

2097 4673 2157 4728 in
2183 4672 2365 4728 tribus
2391 4672 2624 4744 reliquis
2656 4673 3190 4746 perturbationibus,
3223 4677 3430 4736 dolore
3478 4675 3704 4734 scilicet,

2097 4761 2294 4816 laetitia
2320 4767 2378 4816 et
2408 4761 2632 4816 timore.
2663 4762 2945 4818 Adversus
2974 4762 3306 4834 hujusmodi
3345 4765 3570 4820 fructus
3596 4763 3707 4836 spi-

2097 4849 2241 4906 ritus
2287 4867 2399 4905 non
2444 4855 2531 4904 est
2565 4850 2670 4904 lex.
2699 4853 2854 4905 Justo
2897 4851 3104 4923 quippe
3132 4855 3219 4907 lea
3246 4869 3370 4908 non
3405 4859 3482 4908 est
3508 4855 3705 4923 posita,

2098 4941 2311 5007 iniquis
2338 4943 2527 4993 autem
2551 4943 2600 4992 et
2621 4954 2734 4993 non
2751 4941 3022 5008 subjectis,
3049 4942 3241 5010 impiis
3253 4945 3308 4996 et
3324 4943 3710 5011 peccatoribus

2100 5028 2155 5095 (Ι
2185 5027 2324 5082 Tim.
2355 5029 2415 5096 ι).
2447 5026 2560 5081 Lex
2589 5026 2726 5082 mihi
2758 5027 2894 5081 dicit
2926 5045 2938 5080 :
2976 5045 3003 5079 «
3037 5027 3163 5082 Non
3192 5028 3578 5095 adulterabis,
3600 5029 3710 5084 non

2097 5114 2331 5181 occides,
2361 5131 2476 5169 non
2497 5114 2702 5169 falsum
2728 5115 3118 5170 testimonium
3140 5115 3314 5183 dices,
3341 5135 3466 5173 non
3485 5118 3710 5173 frauda-

2095 5201 2200 5272 bis,
2216 5219 2328 5258 non
2350 5201 2693 5258 desiderabis
2719 5203 2922 5269 aliena,
2934 5219 3051 5260 non
3066 5205 3377 5276 pejerabis,
3403 5223 3526 5263 non
3551 5207 3706 5262 fura-

2093 5290 2261 5347 beris.
2289 5311 2315 5344 »
2341 5291 2400 5348 Si
2417 5293 2534 5348 haec
2553 5290 2743 5346 omnia
2765 5291 2950 5347 fructu
2965 5293 3027 5348 in
3045 5309 3136 5348 me
3154 5293 3404 5365 spiritus
3423 5296 3708 5350 charitate

2091 5386 2363 5452 regnante
2379 5395 2494 5437 non
2506 5379 2668 5448 facio,
2679 5380 2966 5453 superﬂua
2982 5381 3122 5437 mihi
3151 5387 3286 5438 sunt
3311 5390 3612 5456 praecepta
3629 5383 3705 5437 le-

421 5471 516 5522 tur
561 5467 777 5525 utilitas
810 5475 950 5539 ;aut
1001 5471 1180 5550 virtus
1225 5475 1455 5542 propter
1491 5469 1851 5543 semetipsam
1884 5489 1895 5525 :
1922 5471 2009 5524 vel
2087 5471 2196 5542 gis.
2211 5469 2465 5543 Denique
2484 5474 2543 5526 et
2563 5467 2847 5541 sapientes
2877 5470 3076 5552 mundi
3094 5469 3166 5526 de
3194 5469 3596 5555 philqsophia,
3626 5472 3708 5528 sic
