3880 6146
255 250 336 308 361

641 247 1223 304 ENARRATIONUM
1259 247 1340 303 IN
1377 247 1531 302 EPP.
1573 247 1788 303 PAULI
1825 247 1963 303 LIB.
2004 248 2149 303 XVI.
2185 279 2250 288 —
2290 249 2369 303 IN
2406 249 2627 305 EPIST.
2667 251 2766 306 AD
2805 252 3061 307 GALAT.

3384 253 3491 314 362

248 373 426 449 opinati
450 379 598 438 sunt,
628 380 694 430 ut
717 374 868 445 quod
895 371 1049 444 leges
1088 372 1308 444 publice
1344 373 1526 428 facere
1557 375 1814 429 homines
1828 373 2102 440 Atimore
2159 373 2325 429 timet
2377 375 2652 442 adultera,
2719 392 2790 430 ne
2855 376 3202 432 custodiatur
3264 395 3300 432 a
3370 382 3488 436 viro

243 463 536 520 necessitate
565 463 929 534 compellunt,
961 463 1068 517 hoc
1093 463 1191 517 illa
1219 463 1558 534 persuadeat
1571 463 1694 517 fieri
1708 480 1806 518 vo-

242 554 442 608 luntate.
465 553 650 620 (Aug.)
685 553 946 622 Regnant
981 567 1115 622 ergo
1143 551 1425 622 spiritales
1462 551 1556 606 isti
1593 552 1808 607 fructus

239 642 286 696 in
310 640 539 704 homine,
579 641 641 694 in
680 657 791 712 quo
827 644 1059 711 peccata
1100 657 1214 694 non
1249 647 1492 711 regnant
1523 659 1534 694 :
1568 646 1809 711 regnant

239 739 399 786 autem
441 729 551 783 ista
594 728 761 795 bona,
807 729 857 783 si
897 735 1126 783 tantum
1165 729 1446 784 delectant
1474 735 1540 785 ut
1565 729 1689 802 ipsa
1727 736 1810 784 te-

238 824 382 874 neant
405 818 661 872 animum
679 818 739 872 in
753 817 1178 884 tentationibus,
1194 835 1266 872 ne
1281 818 1340 872 in
1357 818 1568 888 peccati
1581 835 1809 873 consen-

237 909 422 962 sionem
440 911 591 960 ruat.
608 907 770 970 Quod
781 907 935 960 enim
955 907 1198 978 amplius
1219 923 1322 961 nos
1341 907 1602 973 delectat,
1615 925 1810 962 secun-

237 997 349 1051 dum
359 996 411 1050 id
431 1011 974 1066 operemurnecesse
991 1001 1095 1061 est,
1109 1000 1193 1060 ut,
1222 995 1376 1049 verbi
1395 995 1599 1066 gratia,
1624 1013 1812 1050 occur-

235 1085 299 1140 rit
307 1085 476 1138 forma
491 1085 758 1156 speciosae
773 1083 1016 1150 femina},
1029 1090 1087 1138 et
1098 1089 1285 1138 movet
1298 1084 1368 1138 ad
1382 1085 1810 1140 delectationem

233 1173 593 1228 fornicationis
627 1193 638 1226 :
675 1173 774 1228 sed
813 1173 861 1227 si
899 1173 1026 1245 plus
1051 1173 1293 1228 delectat
1333 1173 1688 1244 pulchritudo
1714 1174 1813 1228 illa

231 1263 407 1318 intima
423 1267 482 1316 et
504 1262 730 1316 sincera
747 1262 961 1332 species
988 1262 1263 1316 castitatis
1291 1279 1394 1334 per
1415 1262 1658 1334 gratiam
1689 1279 1811 1334 quas

232 1358 304 1406 est
326 1351 380 1404 in
407 1351 521 1406 ﬁde
553 1351 786 1416 Christi,
819 1351 1126 1405 secundum
1174 1351 1320 1405 hanc
1355 1351 1612 1417 vivimus,
1645 1357 1703 1405 et
1729 1369 1812 1406 se-

229 1439 451 1496 cundum
483 1439 634 1493 hanc
659 1455 994 1511 operamur;
1039 1445 1121 1506 ut,
1168 1456 1284 1494 non
1313 1444 1585 1509 regnante
1614 1440 1674 1494 in
1706 1456 1808 1494 no-

228 1526 300 1582 bis
341 1531 570 1599 peocato
615 1527 688 1582 ad
735 1527 1112 1582 obediendum
1163 1527 1456 1582 desideriis
1511 1530 1652 1598 ejus,
1711 1529 1810 1582 sed

225 1621 474 1688 regnante
513 1616 744 1687 justitia
789 1633 893 1688 per
937 1617 1269 1672 charitatem
1317 1633 1446 1671 cum
1483 1634 1692 1688 magna
1718 1617 1811 1671 de-

1891 479 2001 533 quo
2019 463 2185 517 timet
2211 469 2366 518 casta
2393 481 2464 518 ne
2493 465 2788 520 deseratur
2817 483 2830 532 ;
2885 465 2968 518 illi
2997 465 3174 520 tristis
3218 472 3305 522 est
3344 485 3489 539 prae-

1891 551 2073 606 sentia
2117 551 2240 618 viri,
2279 552 2408 607 huic
2444 552 2717 608 absentia.
2762 555 2833 608 Et
2870 553 2996 608 ideo
3037 555 3209 609 timor
3249 555 3344 611 ille
3375 575 3492 612 cor-

1891 646 2090 711 ruptus
2143 646 2247 708 est,
2291 647 2348 695 et
2403 643 2644 696 transire
2701 659 2812 697 non
2859 643 2978 697 vult
3020 643 3125 697 hoc
3176 646 3486 701 smculum:

1889 729 1996 784 iste
2049 735 2236 784 autem
2292 735 2478 785 castus
2517 737 2812 803 permanet
2853 731 2912 785 in
2958 732 3224 788 saeculum
3279 735 3487 789 saeculi.

1889 819 1970 872 De
1999 835 2108 890 quo
2138 818 2342 874 timore
2373 821 2625 891 cruciﬁgi
2655 826 2814 892 optat
2843 821 3120 892 pr0pheta
3147 839 3275 876 cum
3307 823 3445 878 dicit
3475 842 3489 879 :

1891 908 2104 974 Conﬁge
2132 911 2300 962 clavis
2327 926 2362 962 a
2387 912 2582 963 timore
2605 915 2697 963 tuo
2717 926 2912 964 carnes
2935 927 3080 964 meas
3099 912 3264 979 (Psat.
3288 915 3490 981 cxvm).

1895 995 2011 1050 Ista
2037 1013 2172 1050 crux
2199 1002 2304 1063 est,
2338 997 2408 1050 de
2437 1014 2549 1068 qua
2576 997 2851 1052 Dominus
2871 999 3010 1053 dicit
3051 1017 3062 1052 ε
3108 1001 3250 1054 Tolle
3277 1017 3494 1056 crucem

1897 1090 2056 1138 tuam
2090 1091 2139 1138 et
2185 1102 2403 1154 sequere
2447 1103 2530 1140 me
2575 1085 2772 1156 (Marc.
2826 1087 2962 1159 vin).
3005 1087 3284 1159 [Hieron.]
3315 1090 3496 1160 Igitur

1895 1173 1944 1227 si
1990 1189 2224 1244 corpora
2268 1180 2460 1228 nostra
2515 1174 2770 1229 membra
2825 1175 3034 1230 Christi
3078 1183 3230 1246 sunt,
3297 1195 3494 1234 conse-

1896 1267 2134 1332 quenter
2191 1267 2248 1316 et
2293 1279 2422 1317 caro
2479 1268 2676 1318 nostra
2719 1281 2849 1318 caro
2907 1264 3116 1320 Christi
3161 1272 3264 1333 est,
3323 1281 3492 1338 quam

1894 1351 2292 1421 cruciﬁgimus,
2325 1351 2729 1407 mortificantes
2768 1369 2870 1424 per
2913 1370 3038 1408 eam
3072 1370 3242 1424 super
3281 1361 3492 1410 terram

1892 1439 2338 1506 fornicationem,
2391 1439 2832 1507 immunditiam,
2884 1443 3221 1513 passionem,
3277 1444 3495 1499 deside-

1892 1528 2042 1582 rium
2087 1529 2302 1583 malum
2342 1535 2401 1582 et
2443 1529 2740 1584 avaritiam
2773 1549 2784 1598 ;
2820 1537 2878 1584 et
2913 1531 2983 1585 de
3023 1531 3182 1586 nobis
3225 1531 3284 1586 in
3327 1533 3494 1588 laude

1891 1633 2041 1671 nunc
2085 1617 2330 1689 ponitur,
2378 1617 2474 1688 qui
2515 1619 2725 1673 Christi
2769 1620 2902 1674 Jesu
2948 1636 3176 1674 carnem
3210 1622 3494 1676 crucifixe-

221 1705 495 1760 lectatione
539 1705 812 1760 faciamus
864 1705 1138 1777 quidquid
1184 1705 1246 1760 in
1300 1722 1368 1760 ea
1411 1706 1528 1760 Deo
1596 1705 1879 1777 placereB
1897 1712 2031 1760 runt
2060 1723 2188 1760 cum
2219 1707 2368 1761 vitiis
2396 1713 2454 1761 et
2480 1707 2962 1778 concupiscentiis,
2997 1715 3056 1763 et
3089 1725 3315 1781 semper
3349 1727 3498 1766 mor-

221 1795 616 1865 cognoscimus.
652 1793 814 1858 Quod
845 1800 1036 1850 autem
1076 1795 1145 1848 de
1184 1794 1442 1849 castitate
1493 1800 1551 1849 et
1591 1795 1661 1848 de
1695 1795 1809 1850 for-

221 1883 480 1939 nicatione
523 1883 662 1946 dixi,
706 1883 814 1938 hoc
857 1883 926 1938 de
968 1883 1184 1938 casteris
1225 1883 1466 1954 intelligi
1508 1884 1676 1938 volui.
1705 1884 1812 1938 Re-

219 1977 293 2026 cte
325 1972 500 2042 igitur
550 1971 910 2028 fornicationi
952 1972 1256 2044 opponitur
1301 1971 1566 2038 Charitas,
1608 1973 1668 2026 in
1700 1989 1813 2044 qua

220 2061 325 2116 sola
361 2067 448 2116 est
517 2061 779 2116 custodia
830 2061 1125 2116 castitatis.
1184 2061 1563 2116 Immunditiae
1619 2066 1811 2116 autem

220 2157 338 2204 sunt
377 2164 587 2205 omnes
639 2149 1110 2222 perturbationes,
1171 2150 1241 2204 de
1295 2151 1394 2204 illa
1444 2150 1811 2205 fornicatione

215 2245 498 2310 conceptae,
554 2239 759 2310 quibus
801 2239 1074 2310 gaudium
1119 2239 1546 2310 tranquillitatis
1581 2239 1812 2311 opponi—

213 2334 312 2382 tur.
331 2329 627 2383 Idolorum
651 2333 844 2383 autem
873 2328 1131 2394 servitus,
1161 2327 1362 2383 ultima
1387 2328 1682 2383 fornicatio
1725 2334 1813 2384 est

213 2418 416 2484 animas,
441 2421 687 2490 propter
713 2434 884 2488 quam
913 2417 1085 2472 etiam
1117 2417 1324 2472 bellum
1355 2417 1621 2472 adversus
1637 2418 1812 2472 Evan-

213 2506 407 2576 gelium
437 2523 579 2561 cum
609 2505 986 2560 reconciliatis
1015 2505 1116 2560 Dei
1137 2505 1570 2560 furiosissimum
1587 2512 1809 2576 gestum

213 2602 303 2660 est,
335 2597 503 2667 cujus
537 2595 809 2666 reliquiae,
843 2595 1096 2666 quamvis
1123 2583 1376 2649 contritae
1419 2594 1534 2648 sint
1559 2594 1674 2660 diu,
1708 2595 1811 2649 ad-

212 2684 309 2739 huc
334 2691 539 2740 tamen
569 2685 839 2740 recalent.
873 2684 1016 2738 Huic
1045 2683 1236 2756 itaque
1265 2700 1372 2755 pax
1403 2683 1686 2738 contraria
1705 2689 1808 2750 est,

209 2790 308 2844 qua
333 2773 778 2829 reconciliamur
804 2773 939 2840 Deo,
989 2773 1298 2845 eademque
1326 2789 1461 2844 pace
1483 2772 1656 2827 etiam
1682 2789 1811 2827 cum

209 2862 526 2919 hominibus
558 2863 859 2929 custodita,
892 2863 1308 2928 veneficiorum,
1361 2861 1806 2928 inimicitiarum,

205 2953 654 3018 contentionum,
707 2951 1150 3016 aemulationum,
1208 2951 1636 3006 animositatum
1693 2951 1810 3006 dis-

1891 1795 2257 1850 tificationem
2285 1797 2315 1850 J
2320 1813 2419 1851 esu
2457 1796 2902 1851 circumferimus
2932 1797 2992 1851 in
3019 1815 3252 1870 corpore
3279 1805 3491 1866 nostro,

1891 1889 1957 1938 ut
2013 1891 2071 1939 et
2114 1885 2232 1939 vita
2286 1886 2408 1955 ejus
2461 1885 2854 1940 manifestetur
2925 1887 2984 1940 in
3049 1903 3216 1942 carne
3278 1895 3490 1944 nostra.

1892 1973 2018 2027 Non
2068 1973 2271 2028 modici
2326 1979 2517 2028 autem
2570 1974 2778 2029 laboris
2833 1979 2938 2041 est,
2998 1975 3080 2029 sic
3120 1976 3180 2030 in
3230 1978 3493 2047 praesenti

1892 2063 2094 2116 saeculo
2131 2062 2335 2129 vivere,
2372 2069 2438 2118 ut
2477 2063 2598 2133 jam
2642 2081 2792 2118 nunc
2833 2063 2950 2118 vita
2989 2065 3120 2119 Jesu
3175 2067 3496 2122 manifeste-

1891 2155 1987 2204 tur
2027 2150 2086 2204 in
2131 2167 2301 2206 carne
2367 2157 2580 2206 nostra.
2627 2153 2714 2206 Ita
2767 2152 2918 2206 enim
2955 2153 3384 2209 vivificabuntur
3439 2162 3497 2210 et

1893 2239 2158 2292 mortalia
2186 2256 2421 2310 corpora
2449 2245 2640 2294 nostra
2680 2257 2782 2310 per
2815 2240 3225 2295 inhabitantem
3253 2241 3310 2296 in
3336 2243 3496 2298 nobis

1893 2327 2175 2398 spiritum.
2208 2329 2357 2382 Pene
2389 2327 2596 2383 oblitus
2645 2345 2770 2384 sum
2793 2329 3274 2400 interpretationis
3300 2348 3495 2386 secun-

1893 2415 1997 2469 dae.
2029 2417 2406 2471 Praedixeram
2449 2417 2601 2471 enim
2652 2417 2860 2483 omnia,
2895 2435 3017 2488 qua:
3058 2425 3391 2490 sequuntur,
3425 2422 3498 2475 ad
3543 2491 3560 2495 _

1892 2504 2076 2575 legem
2107 2511 2165 2559 et
2189 2506 2258 2559 ad
2298 2506 2784 2566 circumcisionem
2836 2524 2958 2561 esse
3003 2507 3314 2563 referenda.
3361 2511 3496 2565 Sen-

1894 2611 1990 2648 sus
2038 2595 2230 2666 itaque
2274 2595 2382 2649 iste
2427 2601 2513 2650 est
2547 2613 2558 2648 :
2609 2597 2674 2651 In
2723 2595 2924 2666 quibus
2967 2601 3053 2651 est
3093 2597 3309 2652 fructus
3336 2598 3522 2670 spiri»

1893 2687 2006 2749 tus,
2061 2683 2323 2751 Charitas,
2371 2684 2645 2754 gaudium
2691 2689 2750 2738 et
2789 2685 3027 2756 reliqua,
3074 2687 3134 2740 hi
3167 2703 3493 2758 corpoream

1895 2771 2196 2842 Scriptum
2235 2771 2688 2843 intelligentiam,
2739 2789 2861 2844 qua:
2905 2789 3054 2828 nunc
3097 2790 3228 2829 caro
3287 2775 3492 2830 Christi

1893 2860 2227 2930 appellatur,
2263 2861 2660 2916 cruciﬁxerunt
2702 2878 2831 2916 cum
2877 2861 3232 2933 passionibus
3271 2864 3394 2934 ejus
3437 2871 3494 2918 et

1892 2948 2205 3014 desideriis,
2241 2967 2363 3021 quas
2387 2956 2666 3020 generant
2692 2951 2938 3021 parvulis
2970 2956 3141 3022 atque
3157 2951 3494 3016 lactantibus

204 3043 647 3113 sensionumque
683 3041 822 3095 vitia
864 3046 1138 3096 sanantur
1173 3041 1232 3094 in
1260 3039 1420 3094 nobis
1469 3058 1481 3092 :
1512 3046 1579 3094 ut
1619 3044 1812 3094 autem
1831 3027 1874 3087 C
1892 3036 2142 3092 fomenta
2169 3038 2453 3093 vitiorum.
2487 3039 2775 3094 Crucifixit
2801 3041 2974 3094 talem
3002 3040 3212 3095 Christi
3242 3058 3489 3102 carnem,

203 3129 258 3184 in
303 3131 449 3197 aliis,
513 3131 670 3184 inter
727 3147 866 3201 quos
909 3129 1167 3195 vivimus,
1214 3129 1373 3200 justa
1425 3128 1812 3183 moderatione

1895 3126 1991 3197 qui
2010 3143 2122 3181 non
2137 3128 2301 3198 juxta
2314 3144 2542 3182 carnem
2563 3128 2811 3182 historiae
2831 3128 3055 3196 militat,
3097 3129 3191 3184 sed
3232 3129 3492 3201 spiritum

203 3226 540 3285 tractentur,
575 3225 634 3273 et
663 3219 736 3272 ad
764 3217 1156 3273 sustinendum
1197 3217 1618 3288 longanimitas,
1656 3223 1714 3272 et
1740 3218 1813 3272 ad
1893 3215 2174 3286 allegoria:
2217 3217 2474 3287 sequitur
2525 3216 2906 3288 praeviantem.
2961 3219 3147 3287 (Aug.)
3221 3218 3495 3288 Congruit

205 3309 516 3363 curandum
549 3306 886 3377 benignitas,
929 3312 987 3361 et
1029 3307 1100 3361 ad
1137 3306 1541 3377 ignoscendum
1590 3305 1812 3360 bonitas
1898 3309 2102 3359 nostra
2127 3305 2429 3371 devotioni,
2459 3309 2525 3359 ut
2551 3305 2646 3376 qui
2659 3305 2886 3360 Domini
2902 3307 3152 3360 cruciﬁxi
3172 3309 3490 3378 passionem

204 3396 420 3452 militat.
477 3397 514 3452 J
519 3413 618 3450 am
666 3412 799 3450 vero
849 3394 1154 3450 haeresibus
1202 3394 1359 3461 fides,
1391 3394 1614 3448 invidia:
1661 3411 1817 3448 man-
1892 3392 2013 3462 jam
2043 3393 2513 3464 prOpinquantem
2530 3393 2864 3448 celebraturi
2875 3411 3090 3462 sumus,
3116 3379 3496 3466 reprinienda-

204 3487 456 3550 suetudo,
533 3483 904 3539 ebrietatibus
960 3488 1018 3538 et
1077 3483 1576 3538 comessationibus
1637 3483 1816 3538 conti-
1898 3497 2025 3534 rum
2040 3481 2348 3541 carnalium
2369 3483 2721 3554 voluptatum
2749 3500 2972 3537 crucem
3001 3483 3162 3538 nobis
3192 3485 3299 3555 ipsi
3318 3485 3492 3539 facia-

201 3576 382 3630 nentia
437 3575 782 3630 reluctatur.
844 3574 929 3628 Ne
987 3573 1111 3644 quis
1165 3589 1302 3627 sane
1356 3571 1664 3627 arbitretur
1709 3573 1814 3626 hoc
1896 3586 2042 3636 mus,
2075 3571 2220 3625 sicut
2247 3570 2386 3624 dicit
2412 3571 2744 3641 Apostolus:
2769 3573 2876 3638 Qui
2893 3577 3085 3626 autem
3111 3573 3320 3628 Christi
3335 3579 3484 3638 sunt,

205 3679 314 3718 esse
355 3664 666 3729 invidiam,
727 3662 876 3734 quod
927 3667 1014 3716 est
1057 3661 1372 3728 aemulatio;
1430 3661 1614 3715 vicina
1660 3661 1811 3716 enim
1893 3675 2118 3713 carnem
2148 3662 2549 3726 cruciﬁzrerunt
2597 3676 2722 3713 cum
2757 3661 3108 3728 passionibus
3148 3666 3196 3714 et
3233 3665 3490 3731 concupi-

203 3759 343 3817 sunt,
404 3760 470 3809 et
529 3756 764 3824 propter
833 3751 1014 3823 ipsam
1071 3749 1416 3804 vicinitatem
1479 3750 1811 3822 plerumque
1892 3750 2130 3802 scentiis.
2166 3748 2231 3802 In
2259 3747 2365 3801 hac
2389 3747 2616 3818 quidem
2661 3764 2822 3801 cruce
2851 3765 2952 3818 per
2995 3753 3174 3802 totam
3220 3747 3388 3803 istam
3417 3750 3493 3803 vi-

203 3842 546 3897 utrumlibet
598 3843 804 3908 horum
859 3856 960 3911 pro
1002 3839 1200 3905 altero,
1241 3839 1329 3893 vel
1374 3839 1656 3894 aemulatio
1712 3857 1812 3910 pro
1894 3841 2032 3904 tam,
2069 3853 2192 3907 qua:
2220 3836 2280 3890 in
2320 3835 2520 3890 mediis
2548 3835 2956 3890 tentationibus
3000 3836 3242 3902 ducitur,
3291 3853 3490 3908 perpe-

200 3929 424 3998 invidia,
485 3931 583 3984 vel
623 3929 838 3984 invidia
881 3945 983 4000 pro
1025 3928 1383 3984 aemulatione
1423 3927 1670 3999 ponitur.
1704 3928 1814 3982 Sed
1894 3931 1992 3980 tuo
2040 3926 2207 3982 debet
2249 3925 2494 3998 pendere
2537 3924 2912 3980 Christianus.
2956 3925 3082 3979 Non
3131 3925 3282 3979 enim
3321 3932 3407 3981 est
3435 3927 3491 3981 in

203 4020 329 4089 quia
376 4026 704 4090 utrumque
749 4017 837 4072 his
875 4017 1012 4072 locis
1059 4017 1174 4072 suis
1221 4017 1436 4072 dictum
1478 4021 1582 4082 est,
1617 4017 1813 4088 utique
1895 4014 2000 4068 hac
2042 4020 2196 4068 terra
2240 4019 2466 4086 tempus
2514 4012 2785 4070 evellendi
2823 4013 3026 4080 clavos,
3077 4013 3148 4066 de
3193 4013 3395 4085 quibus
3434 4015 3493 4070 in

198 4107 639 4164 distinctionem
683 4107 754 4162 de
799 4106 960 4161 nobis
1005 4106 1283 4178 ﬂagitant.
1336 4107 1484 4160 Nam
1531 4104 1814 4160 aemulatio
1897 4105 2113 4174 psalmo
2141 4103 2389 4158 dicitur:
2426 4105 2639 4172 Gonﬁge
2659 4105 2828 4157 clavis
2865 4119 2901 4156 α
2931 4105 3127 4158 timore
3163 4107 3254 4157 tuo
3302 4120 3494 4159 carnes

201 4204 283 4252 est
308 4199 478 4253 dolor
508 4197 709 4263 animi,
741 4213 870 4250 cum
899 4195 1042 4250 alius
1073 4195 1331 4266 pervenit
1363 4195 1434 4249 ad
1476 4211 1598 4250 rem
1645 4211 1816 4266 quam
1896 4210 2045 4248 meas
2094 4195 2260 4262 (Psal.
2313 4195 2494 4263 cxvm)
2534 4210 2545 4244 :
2578 4209 2776 4247 carnes
2821 4197 2956 4247 sunt
2999 4193 3252 4246 carnales
3299 4210 3496 4248 concu-

201 4285 321 4354 duo,
380 4287 655 4358 pluresve
693 4283 1052 4356 appetebant,
1103 4289 1161 4338 et
1203 4283 1311 4337 nisi
1358 4282 1428 4337 ab
1467 4299 1582 4338 uno
1619 4282 1812 4337 haberi
1831 4345 1874 4358 _
1897 4282 2200 4352 piscentiae,
2257 4283 2396 4336 clavi
2444 4288 2580 4337 sunt
2621 4287 2900 4353 praecepta
2921 4281 3192 4351 justitiae;
3235 4281 3325 4334 his
3370 4283 3496 4336 illas

200 4345 320 4430 non,
349 4345 554 4446 pbtest
585 4393 597 4426 :
847 4379 1011 4428 sanat
1043 4345 1179 4444 pax,
1231 4389 1343 4443 qua
1383 4372 1442 4426 id
1493 4345 2071 4444 appetimusDtimor
2117 4345 2220 4426 Dei
2257 4359 2503 4442 contigit,
2555 4345 2652 4442 qui
2683 4345 2940 4424 nos-illi-
2961 4345 3360 4439 acceptabilem
3391 4370 3494 4423 ho-

201 4464 343 4534 quod
386 4481 598 4519 omnes
647 4463 744 4534 qui
785 4468 1076 4534 appetunt,
1116 4461 1165 4516 si
1207 4467 1599 4532 assequuntur,
1633 4477 1812 4516 unum
1896 4460 2064 4515 stiam
2092 4461 2387 4530 crucifigit.
2440 4459 2600 4514 Unde
2639 4459 2772 4512 item
2821 4457 2956 4511 dicit
3008 4457 3308 4528 Apostolus
3339 4477 3350 4510 :
3391 4459 3494 4512 0b-

203 4551 254 4606 in
298 4571 366 4608 eo
423 4555 601 4608 ﬁunt.
651 4551 871 4606 Invidia
912 4568 1045 4606 vero
1095 4551 1254 4606 dolor
1309 4549 1486 4604 animi
1530 4555 1634 4615 est,
1683 4567 1810 4604 cum
1893 4565 2040 4604 δεονο
2069 4552 2253 4618 itaque
2281 4565 2371 4602 vos
2385 4564 2486 4617 per
2508 4547 2949 4600 misericordiam
2977 4547 3092 4610 Dei,
3115 4550 3180 4598 ut
3199 4546 3492 4600 exhibeatis

203 4639 470 4716 indignus
521 4641 747 4695 videtur
782 4640 996 4712 aliquid
1039 4639 1282 4711 assequi,
1333 4639 1506 4694 etiam
1553 4639 1702 4710 quod
1745 4644 1810 4693 tu
1893 4654 2121 4707 corpora
2157 4643 2336 4692 vestra
2365 4637 2599 4690 hostiam
2636 4638 2838 4698 vivam,
2881 4639 3152 4698 sanctam,
3211 4636 3315 4689 Deo
3365 4639 3494 4704 pla-

203 4747 304 4785 non
350 4729 674 4803 appetebas
733 4749 745 4784 :
803 4729 951 4784 hanc
1003 4734 1168 4784 sanat
1228 4729 1622 4794 mansuetudo,
1683 4745 1813 4782 cum
1898 4733 2103 4781 centem
2143 4729 2313 4794 (Rom.
2363 4733 2475 4793 xu).
2534 4755 2599 4764 ——
2665 4723 2883 4793 [Greg.]
2934 4724 3041 4789 Qui
3088 4729 3274 4778 autem
3337 4731 3489 4789 sunt,

204 4819 436 4891 quisque
479 4819 556 4874 ad
603 4819 880 4889 judicium
928 4818 1032 4872 Dei
1061 4835 1123 4873 se
1151 4834 1434 4884 revocans,
1465 4834 1579 4872 non
1603 4817 1816 4871 resistit

203 4909 478 4964 voluntati
510 4910 637 4979 ejus
667 4913 726 4962 et
750 4907 933 4978 magis
959 4907 1011 4962 ei
1036 4907 1215 4962 credit
1241 4912 1391 4962 recte
1425 4907 1636 4960 factum
1665 4923 1806 4973 esse,

206 5011 367 5065 quam
407 4997 548 5064 sibi,
580 4997 729 5068 quod
778 4995 1014 5068 putabat
1056 4996 1371 5067 indignum.
1403 4996 1815 5052 Cruciﬁxerunt

205 5093 387 5141 autem
440 5101 680 5141 carnem
721 5101 884 5140 suam
932 5101 1061 5140 cum
1110 5084 1460 5156 passionibus
1505 5089 1563 5139 et
1607 5101 1811 5139 concu-

205 5173 518 5242 piscentiis,
565 5175 714 5230 sicut
749 5175 812 5228 in
842 5173 1312 5245 consequentibus
1341 5173 1493 5239 dicit,
1538 5173 1634 5244 qui
1680 5178 1814 5228 sunt

207 5259 260 5316 in
309 5263 554 5319 Christo
592 5264 746 5319 Jesu.
797 5263 958 5318 Unde
1004 5269 1195 5318 autem
1241 5263 1657 5328 crucifixerunt,
1705 5261 1815 5316 nisi

209 5349 406 5407 timore
449 5352 556 5406 illo
605 5357 758 5407 casto
808 5357 1175 5424 permanente
1203 5352 1262 5406 in
1291 5353 1557 5406 saeculum
1607 5351 1812 5416 saeculi,

210 5457 314 5512 quo
359 5457 637 5496 cavemus
683 5441 966 5496 oﬂ‘endere
1022 5440 1202 5509 illum,
1253 5458 1423 5513 quem
1459 5446 1580 5496 toto
1627 5441 1810 5508 corde,

209 5535 324 5594 tota
341 5530 571 5596 anima,
599 5535 724 5584 tota
749 5535 942 5585 mente
967 5529 1257 5602 diligimus
1278 5528 1304 5583 ?
1349 5531 1480 5586 Non
1524 5529 1677 5584 enim
1714 5529 1819 5584 hoc

455 5629 726 5692 ΡΑτιοι..
754 5627 946 5692 CXII.

1898 4815 2100 4886 inquit,
2116 4816 2340 4878 Christi,
2355 4829 2582 4868 carnem
2603 4829 2763 4865 suam
2777 4815 3174 4879 m‘uciﬁxerunt
3193 4830 3316 4867 cum
3340 4817 3493 4868 vitiis

1895 4911 1944 4960 et
1985 4905 2454 4972 concupiscentiis.
2490 4903 2634 4956 Cum
2683 4899 2832 4955 vitiis
2883 4900 3088 4972 quippe
3115 4906 3174 4956 et
3201 4903 3494 4973 concupis-

1895 4993 2093 5048 centiis
2121 5007 2346 5047 carnem
2385 4991 2783 5062 crucifigimus,
2835 4990 2882 5044 si
2921 4990 3000 5044 sic
3026 4991 3222 5061 gulam
3257 4991 3492 5045 restrin-

1891 5084 2098 5154 gimus,
2139 5087 2204 5136 ut
2233 5083 2354 5152 jam
2391 5081 2462 5134 de
2500 5080 2696 5134 mundi
2731 5079 2914 5150 gloria
2964 5079 3102 5134 nihil
3155 5096 3490 5150 quaeramus.

1895 5173 2042 5226 Nam
2071 5170 2166 5242 qui
2195 5186 2396 5242 corpus
2433 5174 2700 5234 macerat,
2741 5169 2840 5222 sed
2894 5167 3197 5222 honoribus
3243 5169 3488 5237 anhelat,

1897 5275 2120 5316 crucem
2143 5259 2298 5313 carni
2335 5259 2542 5324 intulit,
2578 5258 2677 5312 sed
2707 5257 2918 5312 mundo
2957 5273 3056 5328 per
3105 5258 3496 5330 concupiscen-

1897 5349 2038 5403 tiam
2085 5348 2246 5419 pejus
2301 5347 2454 5412 vivit,
2517 5346 2651 5417 quia
2686 5363 2830 5416 saape
2874 5361 2972 5416 pcr
3000 5344 3314 5401 sanctitatis
3359 5348 3497 5404 ima-

1896 5438 2087 5510 ginem
2124 5437 2310 5491 locum
2339 5435 2632 5507 regiminis
2655 5435 2921 5504 indignus
2955 5435 3295 5506 assequitur,
3327 5453 3494 5508 quem

1899 5527 2008 5583 nisi
2031 5525 2246 5598 aliquid
2268 5525 2328 5581 in
2355 5543 2416 5581 se
2444 5524 2668 5580 virtutis
2687 5523 3015 5592 ostenderit,
3033 5525 3188 5580 nullo
3209 5527 3495 5598 percipere

3179 5625 3256 5683 12
