3892 6158
421 298 525 380 315,3

861 361 866 368 .
935 385 943 393 ἱ
1012 307 1072 368 Β.
1117 303 1389 366 RABANI
1427 304 1657 364 MAUBI
1695 304 2032 359 ARCHIER.
2075 303 2400 359 MDGUNT.
2445 303 2748 359 OPERUI
2780 299 2970 358 PARS
3001 301 3096 358 In.
3145 383 3155 393 ‘

3553 306 3651 362 364

415 429 604 502 labore
658 434 988 494 mereretur,
1039 431 1140 488 sed
1177 429 1400 494 transit,
1433 429 1580 500 quod
1609 428 2076 512 delectabiliterA
2091 428 2282 499 aliqua
2328 432 2715 482 retractemus.
2768 426 3100 499 Opinionem
3141 427 3306 498 vulgi,
3342 433 3400 482 et
3447 430 3648 492 laudem

415 519 649 588 obtinet,
683 523 741 574 et
763 518 1074 590 pmnaliter,
1107 519 1259 588 quod
1277 517 1550 588 sequitur,
1583 524 1793 576 manet.

1030 697 1263 757 CAPUT
1299 696 1395 756 Vl.

417 842 596 898 Monet
615 840 900 908 Apostolus
926 838 1149 912 Galatas
1160 840 1234 892 ad
1254 844 1509 912 mutuam
1521 842 2008 912 supportationem,

581 917 631 964 et
657 906 948 976 bonﬁrmat
967 911 1113 964 dicta
1142 912 1204 963 de
1234 911 1524 964 cessatione
1554 906 1836 978 legalium.

487 1053 551 1118 Si
573 1055 778 1122 spiritu
837 1055 1096 1116 vivimus,
1136 1055 1340 1121 spiritu
1397 1057 1447 1108 et
1497 1053 1862 1110 ambulemus.
1896 1053 2019 1108 Non

417 1144 732 1212 efﬁgiamur
759 1144 951 1203 inanis
979 1144 1170 1209 gloria
1213 1143 1420 1210 cupidi,
1455 1143 1689 1196 invicem
1713 1127 2018 1210 provocan-

420 1237 511 1299 ωδ,
546 1233 780 1292 invicem
829 1231 1152 1289 invidentes.
1185 1229 1398 1298 (Amb.)
1442 1231 1560 1286 Hoc
1597 1229 1749 1295 dicit,
1808 1231 1942 1302 quia
1969 1230 2025 1284 si.

415 1319 559 1387 bene
610 1325 666 1372 et
702 1319 936 1378 honeste
983 1317 1236 1380 vivimus,
1270 1318 1463 1377 ‘bonos
1501 1318 1770 1374 debemus
1809 1319 2018 1376 habere

419 1414 480 1468 et
513 1423 734 1473 mores;
787 1407 890 1466 hoc
945 1413 1031 1460 est
1076 1407 1227 1464 enim
1283 1407 1484 1477 spiritu
1515 1407 1718 1474 vivere,
1762 1408 2018 1464 inconta—

417 1497 692 1566 minatam
719 1495 894 1558 vitam
918 1494 1156 1561 habere;
1189 1500 1248 1554 et
1275 1495 1353 1552 sic
1401 1495 1603 1566 spiritu
1643 1496 2015 1560 ambulamus,

2093 517 2382 573 hominum
2430 517 2618 571 favore
2657 516 2968 588 quazsitam,
3026 517 3214 587 gloria:
3248 533 3442 571 nomen
3483 524 3645 585 sonat,

2092 606 2190 661 ubi
2217 606 2446 660 dicitur:
2476 607 2680 661 Omnia
2706 611 2894 671 autem
2919 607 3155 673 faciunt,
3183 611 3244 658 ut
3269 607 3336 662 ab
3363 607 3660 661 hominibus-

2091 698 2475 763 gtoriﬁcentw'
2503 695 2720 766 (Matth.
2746 697 2896 764 xxm)
2921 713 2936 758 ;
2979 699 3038 748 et
3059 694 3227 755 alibi:
3255 696 3510 762 Quomodo
3525 701 3654 764 pote-

2094 788 2192 838 stis
2211 787 2444 850 credere,
2461 787 2702 851 gloriam
2716 785 2785 837 ab
2798 786 3031 837 invicem
3062 789 3350 852 quarentes
3365 790 3388 836 2
3408 786 3569 850 (Joan.
3590 787 3653 848 ν.)

2096 874 2271 928 Porro
2302 873 2360 927 in
2381 873 2588 930 bonam
2614 879 2832 945 partem
2863 873 2922 926 in
2952 873 3145 927 eodem
3171 873 3308 936 loco,
3357 878 3404 926 et
3439 875 3659 940 gloriam

2099 965 2168 1016 ab
2215 980 2273 1016 eo
2309 965 2409 1031 qui
2443 966 2590 1017 solus
2645 967 2738 1027 est,
2793 978 2906 1026 non
2953 965 3266 1030 quaerentes,
3325 977 3387 1015 ex
3431 977 3532 1032 quo
3580 961 3657 1014 in-

2099 1051 2410 1121 telligimus
2435 1051 2584 1110 idem
2615 1050 2844 1108 verbum
2875 1066 3024 1104 nunc
3052 1050 3320 1104 virtutem
3351 1048 3654 1119 signiﬁcem,

2101 1157 2249 1194 nunc
2296 1139 2512 1194 vitium.
2559 1141 2617 1194 Si
2677 1139 2746 1194 ab
2812 1137 3134 1196 horninibus
3199 1155 3384 1209 quaero,
3427 1137 3657 1208 gloriam,

2099 1229 2300 1283 vitium
2347 1235 2474 1282 est:
2509 1228 2554 1282 si
2603 1245 2642 1282 a
2692 1229 2826 1293 Deo,
2869 1228 3046 1291 virtus
3093 1233 3196 1293 est,
3243 1227 3337 1298 qui
3381 1232 3436 1280 et
3478 1225 3543 1280 ad
3586 1241 3662 1279 ve-

2099 1334 2222 1381 ram
2259 1334 2361 1372 nos
2396 1316 2635 1388 gloriam
2681 1317 3009 1371 cohortatur
3049 1316 3238 1372 dicens
3290 1333 3301 1367 :
3357 1315 3454 1368 Eos
3498 1319 3662 1368 autem

2101 1409 2200 1475 qui
2259 1424 2344 1461 me
2401 1409 2740 1474 gloriﬁcant,
2805 1407 3122 1473 gloriﬁcabo
3187 1405 3238 1470 (Ι
3317 1405 3435 1470 Reg.
3481 1401 3551 1464 li).
3605 1431 3660 1442 —

2105 1497 2289 1565 (Aug)
2343 1495 2468 1549 Non
2519 1497 2854 1562 efﬁciamur,
2898 1493 3100 1564 inquit,
3153 1483 3350 1555 inanis
3376 1493 3553 1559 gloria:
3585 1507 3666 1544 ou-

357 1599 363 1604 τ
419 1586 466 1653 si
507 1585 628 1656 paci
685 1584 1053 1650 studeamus;
1111 1585 1229 1640 haec
1271 1584 1422 1643 enim
1467 1585 1620 1654 parit
1663 1585 2015 1640 charitatem.
2095 1585 2240 1652 picti,
2291 1585 2528 1644 inuicem
2579 1585 2902 1649 invidentes,
2949 1587 3000 1636 et
3039 1584 3276 1636 invicem
3322 1583 3661 1650 provocantes.

421 1674 613 1742 Inanis
650 1671 841 1740 autem
887 1672 1072 1742 gloria
1114 1679 1200 1729 est
1244 1673 1386 1731 velle
1439 1673 1677 1739 vincere,
1738 1673 1836 1745 ubi
1883 1691 2021 1746 pnas-
2102 1673 2338 1729 Prorsus
2367 1671 2662 1741 magniﬁce
2682 1677 2741 1725 et
2758 1670 2986 1725 omnino
3012 1671 3198 1734 divino
3228 1669 3438 1734 ordine,
3467 1672 3666 1739 postea-

423 1763 601 1829 mium
631 1778 742 1829 non
781 1766 902 1827 est;
955 1766 1020 1818 ut
1055 1761 1180 1832 quis
1225 1762 1476 1820 studium
1525 1761 1873 1818 nonhabeat
1896 1748 2274 1832 con-Equam
2315 1778 2412 1815 eos
2453 1759 2720 1814 instruxit
2764 1760 3029 1824 advqrsus
3070 1759 3214 1826 illos,
3285 1776 3320 1812 a
3379 1756 3565 1828 quibus
3615 1755 3667 1809 in

422 1849 710 1918 tentionis,
759 1849 941 1904 sciens
990 1850 1128 1920 quia.
1184 1850 1303 1906 haec
1374 1855 1650 1920 generant
1715 1851 2030 1907 discordias

423 1946 483 2008 et
551 1939 678 1994 lites
736 1957 747 1992 :
817 1937 1051 1997 Servum
1122 1945 1328 2002 autem,
1374 1937 1574 2009 inquit,
1631 1941 1858 1994 Domini
1912 1957 2029 1994 non.

431 2033 635 2098 Oportet
696 2031 916 2094 litigare
961 2029 1046 2099 (Η
1106 2029 1245 2082 Tim.
1305 2028 1385 2098 Il).
1444 2029 1611 2086 Bonae
1685 2029 1836 2084 enim
1900 2029 2024 2084 vitae

329 2133 334 2139 '
426 2116 640 2186 fructus
678 2115 866 2182 aridos
912 2115 1062 2180 facit,
1096 2116 1335 2186 perdens
1367 2133 1524 2186 spem
1565 2117 1902 2188 promissam
1930 2135 2025 2172 ca-

427 2211 527 2262 stae
575 2203 1012 2270 conversationis
1057 2223 1068 2258 :
1125 2204 1272 2263 bona
1300 2205 1451 2264 enim
1489 2212 1546 2262 et
1573 2213 1727 2262 casta
1762 2207 1879 2261 vita
1912 2223 2028 2260 rno-

427 2293 584 2364 ribus
631 2293 885 2351 ornanda
939 2299 1042 2359 est,
1088 2299 1145 2351 et
1184 2293 1572 2352 benevolentia
1617 2295 2024 2366 lpcupletanda.

426 2382 708 2454 (Ιίιρνοη.)
746 2382 804 2439 Si
839 2381 1074 2438 vivimus
1128 2382 1350 2454 spiritu,
1403 2383 1626 2454 spiritui
1684 2384 2031 2456 obtempera.

433 2489 578 2528 mus.
615 2491 641 2522 »
674 2471 914 2536 Utamur
933 2471 1036 2530 hoc
1066 2471 1388 2531 testimonio
1410 2472 1678 2529 adversus
1695 2490 1790 2527 eos
1813 2472 1908 2544 qui
1936 2490 2042 2527 no-.

435 2561 562 2626 lunt
590 2559 909 2630 Scripturas
937 2559 1268 2630 spiritaliter
1295 2561 1628 2630 intelligere.
1655 2561 1791 2626 Quis
1827 2567 1913 2616 est
1939 2546 2044 2617 au—h

434 2655 550 2718 tem
600 2648 700 2718 qui
739 2647 875 2710 vivit
913 2648 1132 2718 spiritu,
1167 2649 1274 2706 nisi
1323 2649 1680 2708 absconditus
1729 2651 1898 2706 homo
1940 2668 2036 2705 no-

435 2743 570 2804 ster,
613 2736 710 2806 qui
748 2742 808 2790 et
836 2737 997 2806 juxta
1033 2754 1261 2796 carnem
1299 2738 1584 2798 interdum
1623 2739 1766 2794 solet
1793 2739 1974 2794 vivere
2012 2739 2037 2792 ?

437 2825 547 2890 Sed
583 2815 712 2882 cum
748 2824 949 2894 spiritu
987 2825 1202 2891 vixerit,
1241 2825 1443 2896 spiritu
1482 2826 1734 2883 ambulat
1767 2845 1779 2880 :
1811 2844 1937 2890 cum
1977 2827 2036 2883 in

436 2930 605 2982 carne
642 2913 883 2979 VOluel‘it
914 2913 1220 2980 ambulare,
1265 2914 1452 2974 vivens
1491 2921 1750 2972 mortuus
1794 2922 1895 2970 est.
1936 2917 2038 2974 V-ir

437 3002 715 3075 perfectus
743 3002 804 3068 in
833 3002 1074 3069 Christo,
1118 3020 1342 3074 semper
1388 3004 1525 3062 vivit.
1553 3004 1612 3060 in
1639 3005 1841 3079 spiritu
1873 3024 1884 3058 :
1919 3006 2035 3077 spi-

2106 1851 2435 1904 servitutem
2495 1850 2635 1920 legis
2681 1849 3110 1914 seducebantur,
3167 1848 3271 1902 hoc
3313 1847 3370 1901 in
3407 1845 3483 1900 eis
3509 1849 3664 1907 cavet,

2106 1956 2178 1993 ne
2215 1939 2602 2002 instructiores
2647 1937 2779 1992 facti
2835 1943 2894 1992 et
2937 1939 3187 1992 volentes
3231 1937 3348 2008 jam
3405 1933 3670 1989 calumniis

2107 2027 2418 2084 carnalium
2444 2023 2804 2098 respondere,
2844 2023 3294 2092 contentionibus
3332 2023 3596 2086 studeant,
3626 2025 3678 2074 et

2109 2117 2361 2188 appetitu
2409 2117 2594 2171 inanis
2637 2115 2850 2186 gloriae,
2905 2115 3044 2186 legis
3099 2114 3363 2169 oneribus
3415 2129 3520 2167 non
3568 2126 3672 2164 ser-

2110 2205 2341 2272 vientes,
2374 2206 2532 2260 vanis
2577 2204 2980 2276 cupiditatibus
3025 2205 3288 2261 serviant.
3320 2201 3466 2257 Nihil
3508 2205 3674 2254 autem

2111 2295 2191 2348 sic
2227 2294 2430 2366 probat
2472 2294 2785 2366 spiritalem
2821 2293 3023 2360 virum,
3063 2309 3234 2365 quam
3283 2289 3486 2363 peccati
3527 2287 3683 2343 alieni

2111 2383 2394 2450 tractatio,
2435 2399 2561 2436 cum
2597 2382 2987 2437 liberationem
3029 2383 3152 2452 ejus
3199 2380 3384 2452 potius
3422 2394 3578 2450 quam
3608 2375 3679 2430 in-

2115 2471 2496 2537 sultationem,
2532 2471 2828 2542 potiusque
2875 2469 3087 2524 auxilia
3111 2486 3282 2540 quam
3317 2467 3550 2528 convicia
3582 2479 3681 2518 me-

2117 2561 2350 2626 ditatur,
2394 2567 2454 2615 et
2489 2566 2764 2631 quantum
2800 2559 3036 2614 facultas
3063 2559 3336 2613 tribuitur
3360 2554 3606 2626 suscipit;
3633 2558 3686 2606 et

2118 2650 2242 2704 ideo
2272 2650 2410 2704 dicit
2443 2668 2454 2702 :
2492 2651 2727 2713 Fratres,
2765 2651 2864 2702 etsi
2906 2652 3315 2717 praeoccupatus
3351 2647 3522 2714 fuerit
3545 2644 3684 2696 homo

2120 2741 2182 2794 in
2201 2742 2392 2807 aliquo
2403 2741 2619 2803 delicto,
2635 2754 2742 2804 uos,
2756 2739 3145 2806 quispiritales
3167 2739 3309 2800 estis,
3333 2735 3580 2788 instruite
3599 2732 3684 2783 hu-

2113 2829 2359 2896 iusmodi
2371 2830 2432 2882 in
2447 2830 2652 2896 spiritu
2665 2829 2930 2893 lenitatis,
2945 2827 3302 2880 considerans
3313 2831 3361 2878 te
3371 2825 3558 2893 ipsum,
3574 2823 3684 2875 neat

2120 2921 2179 2970 tu
2198 2919 2452 2970 tenteris:
2465 2918 3035 2970 atteratterius-onera
3051 2918 3288 2983 portate.
3309 2909 3604 2968 Nihilenim
3623 2907 3690 2960 ad

2119 3004 2561 3060 misericordiam
2583 3003 2662 3059 sic
2681 3003 2934 3068 inclinat,
2951 3020 3122 3074 quam
3141 3002 3351 3075 proprii
3371 2997 3590 3073 periculi
3603 3013 3684 3052 co-

438 3069 574 3161 ritui
598 3069 812 3159 Vobodit,
848 3109 1136 3162 nunquam
1167 3069 1301 3152 vivit
1329 3093 1401 3151 in.
1419 3111 1605 3150 carne.
1665 3069 1894 3160 eontra,
1937 3069 2096 3166 quiC
2117 3094 2317 3164 gitatio
2352 3111 2362 3146 :
2404 3093 2484 3148 ita
2529 3110 2626 3147 eos
2671 3110 2773 3146 nec
2823 3069 3017 3147 deesse
3055 3069 3492 3154 voluit-fratrum
3521 3101 3685 3142 corre-

438 3198 499 3236 se
527 3186 707 3248 totum
751 3181 906 3247 carni
939 3181 1175 3247 dederit,
1237 3187 1296 3238 et
1341 3182 1693 3253 passionibus
1727 3185 2032 3256 deputarit,

440 3256 730 3340 nunquam
761 3269 896 3328 vivit
939 3270 997 3324 in
1034 3269 1255 3341 spiritu.
1307 3273 1462 3329 Inter
1508 3271 1616 3326 hos
1653 3273 1824 3327 medii
1883 3276 2032 3336 sunt,

442 3376 581 3430 quos
630 3376 732 3412 nec
770 3358 1050 3429 spiritales
1086 3377 1384 3430 possumus
1419 3361 1722 3432 appellare,
1762 3378 1864 3416 nec
1910 3379 2036 3415 car-

442 3447 634 3516 nales;
669 3447 768 3505 sed
796 3447 913 3517 qui,
954 3447 1103 3502 inter
1139 3448 1374 3506 virtutes
1411 3453 1472 3504 et
1515 3449 1649 3506 vitia
1679 3450 2034 3518 fluctuantes,

317 3599 331 3610 _
439 3553 589 3602 nunc
616 3537 689 3591 ad
716 3535 952 3596 meliora
971 3537 1339 3596 retrahuntur.
1366 3543 1423 3594 et
1442 3537 1858 3608 spiritussunt;
1891 3556 2040 3593 nunc

442 3625 626 3684 carnis
655 3624 866 3690 lubrico
892 3626 1346 3696 supplantantur,
1382 3633 1440 3682 et
1466 3643 1596 3682 caro
1615 3633 1764 3682 sunt.
1791 3629 1913 3682 Non
1929 3631 2043 3696 efﬁ-

444 3718 668 3773 ciamur
699 3717 888 3770 inanis
913 3717 1104 3783 gloriae
1150 3716 1358 3783 cupidi,
1396 3717 1631 3770 inuicem
1667 3723 2039 3784 provocantes,

447 3807 684 3866 invicem
707 3805 1030 3867 invidentes.
1059 3803 1246 3862 Unum
1273 3803 1502 3862 verbum
1530 3805 1681 3875 apud
1708 3805 1930 3861 Graecos
1961 3829 2043 3864 κε-

443 3893 664 3969 νόδοξος,
701 3893 873 3956 trium
904 3891 1200 3950 verborum
1229 3892 1466 3951 circuitu
1497 3893 1730 3950 Latinus
1769 3894 2046 3965 interpres

446 3981 734 4052 expressit.
779 3982 1029 4044 Quantas
1083 3987 1274 4042 autem
1328 3981 1534 4038 habeat
1577 3983 1932 4040 definitiones
1990 3988 2047 4036 et

446 4068 850 4140 signiﬁcantius
892 4069 1092 4139 gloria,
1133 4075 1192 4123 et
1231 4070 1692 4142 philosophorum
1729 4071 2048 4126 innumera-

449 4158 590 4214 biles
632 4156 780 4223 libri,
833 4163 890 4211 et
935 4157 1218 4212 Ciceronis
1280 4159 1392 4216 duo
1459 4159 1760 4224 volumina,
1808 4177 1930 4230 quae
1976 4160 2046 4230 de

448 4245 628 4316 gloria
685 4245 926 4316 scripsit.
977 4244 1184 4305 indicio
1249 4251 1400 4306 sunt.
1469 4247 1694 4302 Verum.
1735 4265 1855 4314 nos,
1915 4249 2048 4320 quia

452 4351 564 4400 non
585 4333 881 4396 verborum
911 4333 1296 4404 etymologias,
1336 4335 1448 4393 sed.
1478 4335 1778 4406 Scriptura
1820 4354 2046 4406 sensum

2120 3183 2316 3254 ptioni,
2359 3199 2461 3236 nec
2509 3182 2734 3236 studere
2780 3181 3092 3236 certamini.
3143 3182 3311 3246 Multi
3359 3179 3502 3234 enim
3535 3173 3690 3230 homi-

2120 3290 2220 3326 nes
2249 3289 2376 3328 cum
2414 3289 2449 3325 a
2493 3289 2690 3334 somno
2727 3271 3060 3334 excitantur,
3093 3269 3328 3340 litigare
3360 3269 3576 3332 volunt;
3605 3267 3696 3316 aut

2121 3378 2318 3416 rursus
2342 3361 2607 3426 dormire,
2630 3377 2757 3416 cum
2787 3359 3009 3431 litigare
3036 3359 3424 3431 prohibentur.
3455 3357 3560 3410 Pax
3599 3351 3690 3423 igi-

2121 3457 2218 3505 tur.
2270 3455 2330 3503 et
2372 3449 2596 3510 dilectio
2638 3454 2696 3502 et
2739 3449 3053 3502 communis
3095 3448 3335 3520 periculi
3369 3443 3615 3517 cogitatio
3641 3439 3692 3492 in

2123 3539 2289 3593 corde
2319 3544 2650 3594 reservetur.
2671 3538 2868 3592 Modus
2891 3542 3080 3592 autem
3091 3537 3391 3600 sermonis,
3409 3536 3517 3589 sive
3531 3529 3695 3586 acrius

2124 3629 2238 3682 sive
2273 3627 2532 3682 blandius
2567 3627 2902 3698 proferatur,
2965 3627 3110 3681 sicut
3157 3627 3320 3681 salus
3360 3627 3496 3696 ejus,
3547 3633 3694 3692 quem

2125 3717 2374 3786 corrigis,
2422 3715 2644 3770 videtur
2684 3716 2971 3788 postulare
3017 3715 3398 3779 moderandus
3443 3717 3540 3767 est.
3572 3709 3696 3764 Nam

2129 3812 2186 3861 et
2227 3806 2337 3860 alio
2386 3805 2504 3865 loco
2551 3805 2696 3859 dicit
2737 3807 2820 3872 (ΙΙ
2871 3807 3008 3859 Tim.
3064 3805 3124 3872 n)
3171 3823 3204 3858 τι
3251 3804 3481 3868 Servum
3535 3802 3701 3854 autem

2129 3897 2338 3952 Christi
2361 3898 2586 3962 litigare
2600 3911 2710 3948 non
2728 3898 2950 3962 oportet,
2975 3895 3077 3946 sed.
3099 3895 3293 3946 mitem
3316 3908 3420 3948 esse
3432 3891 3508 3944 ad
3520 3900 3700 3948 omnes,

2127 3985 2434 4046 docibilem,
2467 3985 2787 4051 patientem.
2829 3982 2902 4036 Et
2939 3998 3010 4034 ne
3052 3980 3352 4052 quisquam
3383 3997 3447 4034 ex
3469 3994 3532 4032 eo
3565 3975 3706 4046 putet

2129 4071 2459 4129 cessandum
2488 4071 2594 4125 sibi
2621 4088 2743 4125 esse
2773 4087 2810 4124 a
2834 4069 3188 4141 correptione
3229 4069 3440 4134 errpris
3475 4063 3700 4122 alterius,

2129 4161 2261 4216 inde
2299 4159 2663 4231 adiungitur:
2699 4163 2769 4214 In
2798 4161 3059 4222 modestia
3082 4161 3475 4228 corripientem
3510 4156 3703 4208 diuersa

2129 4253 2434 4314 sentientes.
2470 4248 2760 4313 Quomodo
2788 4245 3201 4313 inmodestia?
3230 4245 3520 4312 Quomodo
3547 4238 3703 4296 corni-

2131 4338 2420 4411 pientem?
2468 4337 2589 4391 nisi.
2615 4354 2742 4391 cum
2774 4336 3065 4394 lenitatem
3113 4336 3281 4400 conde
3329 4333 3625 4397 retinemus
3655 4331 3704 4380 et

450 4424 726 4488 disserere
770 4439 1057 4489 conamur,
1097 4422 1177 4478 ita
1229 4423 1377 4500 hunc
1403 4423 1584 4484 locum
1627 4441 1755 4482 cum
1801 4426 2112 4497 superio-D
2130 4428 2377 4500 aliquam
2409 4425 2802 4494 medicamenti
2837 4425 3400 4490 acrimoniamverbo
3429 4417 3704 4490 correptio-

453 4513 607 4574 ribus
636 4512 1020 4585 copulabimus
1053 4530 1064 4564 :
1099 4511 1157 4570 Si
1185 4511 1385 4582 spiritu
1411 4513 1664 4582 vivimus,
1707 4513 1928 4586 spiritui
1956 4514 2050 4570 ob-

454 4610 851 4674 temperemus,
884 4618 1241 4674 nequaquam
1270 4618 1371 4673 per
1405 4602 1605 4671 legem,
1647 4603 1746 4658 sed
1778 4621 1880 4675 per
1916 4605 2049 4658 cha-

457 4693 682 4753 ritatem
700 4691 858 4748 nobis
885 4691 1123 4750 invicem
1151 4691 1456 4749 servientes
1488 4709 1499 4744 :
1536 4708 1648 4748 non
1679 4692 1947 4747 debemus
1981 4693 2052 4748 de

459 4781 876 4850 scripturarum
932 4779 1394 4850 interpretatione
1447 4781 1802 4849 contendere,
1853 4788 1911 4836 et
1964 4782 2052 4837 di-

460 4885 586 4925 cere
616 4886 626 4920 :
661 4867 1019 4924 Circumcisio
1041 4869 1238 4926 melior
1268 4875 1370 4925 est.
1397 4871 1541 4936 Non,
1565 4870 1664 4925 sed
1695 4871 2050 4942 prmputium.

463 4957 886 5038 Contemnenda
936 4957 1188 5034 historia,
1258 4959 1527 5030 allegoria
1587 4961 1890 5030 sequenda,
1943 4961 2055 5016 imo

463 5047 734 5119 allegoria
778 5063 920 5110 vana
963 5052 1066 5111 est,
1109 5053 1168 5100 et
1215 5047 1544 5113 umbratica,
1605 5052 1662 5103 et
1697 5049 1868 5104 nullis
1914 5050 2058 5104 veri-

465 5138 598 5202 tatis
631 5137 775 5197 fulta
813 5135 1108 5192 radicibus.
1141 5136 1299 5193 Unde
1338 5137 1524 5194 evenit
1561 5143 1624 5193 ut
1669 5137 1905 5197 invicem
1955 5155 2056 5193 na-

465 5233 694 5286 scantur
719 5225 956 5285 invidiae.
995 5244 1019 5274 ί(
1045 5225 1348 5283 Excludere
1377 5227 1547 5292 enim,
1580 5226 1677 5291 ait,
1711 5244 1807 5281 vos
1841 5228 2054 5295 volunt,

467 5325 533 5377 ut
577 5317 701 5374 illos
744 5314 1101 5380 aemulemini,
1131 5336 1154 5368 »
1194 5331 1305 5370 non
1333 5321 1450 5370 tam
1479 5314 1772 5370 veritatem
1810 5316 1950 5386 legis
1969 5335 2059 5370 vo-

467 5408 648 5465 lentes
685 5405 904 5468 docere,
952 5420 1122 5474 quam
1179 5403 1418 5460 vincere.
1466 5404 1547 5458 Ne
1601 5409 1795 5474 autem
1837 5405 2059 5476 penitus

468 5493 700 5570 verbum
759 5491 952 5562 gloria:
1012 5490 1508 5562 praetermittamus
1574 5491 1865 5558 intactum,
1927 5511 2059 5560 suas

465 5581 815 5660 philosophis.
858 5580 1098 5652 ineptias
1170 5579 1566 5649 relinquentes.
1623 5580 1693 5637 de
1754 5582 2059 5652 Scripturie

2133 4518 2218 4572 nis
2238 4515 2607 4588 aspergimus.
2642 4516 2760 4570 Nec
2787 4515 2955 4570 aliter
2974 4513 3554 4586 accipiendumvideo,
3573 4503 3707 4578 quot}

2133 4607 2192 4660 in
2239 4605 2487 4678 Epistola
2530 4604 2776 4675 positum
2818 4611 2912 4658 est.
2953 4621 2965 4656 :
2997 4605 3246 4658 Pradica
3301 4604 3541 4662 verbum,
3575 4599 3705 4649 insta

2134 4699 2452 4764 opportune,
2495 4696 2830 4762 importune,
2863 4708 3055 4760 argue,
3105 4692 3350 4756 hortare,
3385 4693 3608 4756 increpa,
3652 4684 3706 4734 in

2135 4785 2291 4838 omni
2323 4784 2749 4851 longanimitate
2776 4786 2825 4835 et
2848 4782 3104 4835 doctrina
3125 4779 3216 4852 (Il.
3229 4781 3370 4834 Tim.
3396 4781 3488 4845 Iv).
3521 4777 3711 4844 lmpon

2135 4871 2348 4932 tunitas
2367 4871 2516 4925 enim
2533 4869 2939 4942 Opportunitati
2957 4869 3156 4940 utique
3191 4867 3476 4932 contraria
3503 4869 3599 4928 est,
3631 4875 3714 4921 nit-

2140 4979 2248 5033 que
2277 4959 2504 5014 omnino
2526 4960 2706 5014 ullum
2733 4958 3205 5022 medicamentum
3241 4960 3428 5021 sanat,
3457 4952 3562 5009 nisi
3583 4945 3715 5022 quod

2139 5054 2454 5122 opportune
2480 5047 2822 5112 adhibueris.
2855 5047 3190 5118 Quanquam
3219 5051 3283 5100 et.
3326 5045 3406 5112 sic
3444 5040 3614 5115 possit
3645 5034 3716 5098 di-

2139 5139 2368 5209 stingui,
2403 5141 2552 5193 insta
2583 5142 2902 5206 opimrtune,
2936 5141 3004 5190 ut
3038 5135 3185 5190 alius
3228 5151 3430 5190 sensus
3458 5131 3532 5186 sit
3579 5146 3592 5182 :
3626 5128 3718 5181 im-

2136 5234 2374 5297 portune
2400 5243 2602 5296 argue,
2625 5225 2830 5280 deinde
2845 5228 3430 5284 cmteracontexantur
3453 5240 3464 5276 :
3487 5222 3711 5276 hortare.

2141 5318 2365 5385 increpa
2391 5332 2518 5369 cum
2549 5318 2706 5368 ouuii
2727 5315 3154 5382 longanimitate
3169 5317 3219 5366 et
3231 5314 3505 5373 doctrina,
3523 5311 3714 5362 uttunc

2142 5411 2491 5476 opportunus
2515 5403 2794 5465 sentiaris,
2837 5419 2966 5457 cum
3005 5401 3183 5468 instas
3226 5397 3566 5458 aediﬁcando,
3596 5405 3709 5446 cum

2141 5500 2329 5549 autem
2356 5490 2618 5554 destruis,
2651 5492 2956 5561 arguendo,
3007 5507 3138 5544 non.
3158 5505 3327 5544 cures
3360 5481 3577 5540 etiamsi
3621 5479 3712 5540 ἰηι-

2141 5589 2414 5654 portunus
2429 5579 2688 5644 videaris,
2717 5579 2783 5634 si.
2803 5581 2911 5646 hoc
2937 5585 3032 5634 est
3048 5577 3264 5633 talibus
3295 5578 3667 5648 importunum
3696 5584 3710 5620 :
