3880 6146
221 314 301 373 365

464 280 480 295 “
575 304 1155 367 ENARRATIONUM
1189 306 1270 365 IN
1306 306 1458 364 EPP.
1502 306 1715 366 PAULI
1755 306 1891 366 LIB‘.
1934 313 2077 367 XVI.
2119 344 2183 353 -
2227 314 2303 367 IN
2344 314 2563 369 EPIST.
2607 315 2703 368 AD
2742 302 2996 371 GALAT.

3323 316 3425 373 366

217 443 281 495 ita
315 440 407 491 duo
444 452 559 506 qua
595 439 926 505 sequuntur,
977 433 1051 486 ad
1106 433 1218 487 duo
1275 435 1564 505 superiora
1620 440 1801 506 pos-A
1827 436 2009 490 cordis
2039 436 2336 491 dilectione
2372 438 2605 501 accedis,
2653 439 2751 491 sed
2793 439 2941 493 inter
2979 444 3257 512 agendum
3293 444 3426 498 sub-

128 586 134 592 ,
209 534 311 583 sunt
332 525 633 596 singillatim
674 522 913 577 referri:
960 523 1199 588 hortare,
1247 539 1375 576 cum
1424 523 1745 594 importune
1826 526 2065 595 repserit
2093 526 2323 596 aliquid,
2374 527 2507 579 dum
2552 527 2654 580 tibi
2704 528 3003 593 resistitur,
3039 533 3191 601 quod
3231 540 3287 586 te
3332 548 3427 587 au-
3511 534 3521 547 “

208 618 380 670 instas:
427 617 657 681 increpa,
708 628 837 666 cum
884 611 1215 682 importune
1249 612 1439 681 arguis
1474 632 1484 679 ;
1540 613 1742 667 deinde
1825 613 1969 668 ferat
2002 614 2071 667 ab
2101 615 2345 668 hominis
2376 616 2508 668 vitio
2554 618 2940 687 persequendo
2985 624 3041 672 et
3072 620 3179 690 ipsi
3214 622 3433 675 homini

211 712 368 759 cetera
418 703 519 756 duo
566 698 842 766 similiter,
904 701 1005 754 sed
1053 716 1317 754 converso
1366 701 1559 755 ordine
1606 702 1744 756 refe—
1826 702 1992 757 faciat
2032 704 2302 757 infestum
2350 710 2543 775 postea
2580 712 2636 757 te
2684 706 2945 775 lacrymis
2990 708 3269 762 lavantem
3318 710 3426 763 hu-

210 798 384 857 matur,
406 807 529 845 cum
549 794 703 844 omni
733 793 1155 857 longanimitate
1174 790 1245 844 ad
1276 790 1632 844 sustinendas
1662 791 1745 844 in~
1820 792 2068 861 jusmodi
2092 794 2397 862 pulverem,
2422 794 2599 846 multo
2622 793 2901 847 salubrius
2924 797 3249 851 meminisse
3271 815 3436 869 opor-

203 880 501 952 dignationes
542 892 755 945 eorum,
792 894 931 949 quos
971 878 1234 941 destruis,
1279 885 1325 931 cl
1378 881 1633 933 doctrina
1673 880 1743 933 ad
1824 880 1983 944 tebit,
2021 882 2151 952 quia
2180 897 2289 935 non
2321 881 2625 935 debeamus
2654 898 2823 953 super
2868 884 3108 939 alierum
3138 886 3429 956 superbire

202 969 476 1024 instruenda
509 983 704 1023 eorum
749 967 957 1031 studia,
1010 983 1151 1038 quos
1197 962 1436 1021 zediﬁcas
1488 987 1498 1020 :
1555 975 1744 1023 tamen

204 1058 380 1114 etiamsi
405 1058 495 1110 illo
520 1056 815 1115 usitatiore
846 1055 1012 1111 modo
1048 1056 1447 1127 distinguatur,
1486 1061 1633 1111 insta
1661 1073 1749 1126 op-

199 1154 406 1217 portune,
453 1146 598 1216 quod
638 1146 685 1199 si
744 1145 849 1198 hoc
890 1145 1056 1199 modo
1094 1160 1205 1200 non
1254 1146 1494 1216 proﬁcis,
1540 1150 1748 1215 impor-

205 1242 320 1301 tune,
361 1236 435 1288 ita
468 1234 894 1304 intelligendixm
930 1239 1032 1297 est,
1066 1239 1132 1287 ut
1171 1239 1232 1287 tu
1271 1236 1751 1305 opportunitatem

202 1324 390 1378 omnino
416 1339 523 1377 non
571 1324 816 1388 deseras,
852 1328 925 1375 et-
951 1323 1030 1375 sic
1070 1323 1327 1393 accipias,
1361 1325 1508 1394 quod
1538 1324 1748 1377 dictum

201 1420 280 1475 est,
325 1417 643 1481 importune,
690 1419 755 1467 ut
799 1411 879 1465 illi
927 1412 1165 1465 videaris
1216 1413 1590 1483 importunus,
1655 1414 1750 1483 qui

198 1518 284 1555 non
323 1500 561 1555 libenter
590 1501 751 1555 audit
795 1517 917 1571 qua:
962 1500 1225 1555 dicuntur
1269 1501 1326 1554 in
1358 1518 1505 1556 eum.
1539 1503 1623 1556 Tu
1662 1506 1749 1554 ta-

195 1606 295 1643 men
321 1590 450 1644 scias
468 1591 574 1644 hoc
604 1590 690 1643 illi
721 1606 841 1643 esse
870 1596 1268 1660 opportunum,
1305 1596 1361 1644 et
1389 1591 1750 1645 dilectionem

1830 976 2071 1039 peccata,
2120 970 2343 1039 quando
2386 971 2439 1023 in
2486 971 2611 1041 ipsa
2655 987 2849 1025 eorum
2880 972 3270 1044 objurgatione
3311 993 3434 1046 pec-

1832 1072 2042 1123 camus,
2080 1074 2208 1111 cum
2237 1058 2454 1113 facilius
2486 1075 2586 1112 nos
2610 1060 2696 1112 ira
2726 1062 3006 1130 peccantis
3044 1063 3236 1129 iratos,
3265 1080 3443 1134 quam
3544 1132 3549 1137 Δ

1834 1147 2060 1200 miseria
2114 1147 2503 1201 misericordes
2544 1148 2695 1201 facit.
2742 1150 2957 1219 {Greg.)
3014 1154 3185 1217 Alter,
3230 1153 3434 1223 inquit,

1833 1239 2066 1289 alterius
2078 1251 2245 1289 onera
2264 1242 2491 1303 portate.
2510 1237 2653 1300 Quia
2667 1238 2884 1292 Veteris
2899 1240 3243 1294 Testamenti
3254 1248 3437 1295 custo-

1834 1323 1928 1377 dia
1953 1324 2214 1377 timorem
2247 1324 2467 1389 habeat,
2500 1340 2613 1379 non
2638 1327 2821 1396 potuit
2849 1329 3098 1397 apertius
3125 1329 3431 1399 signiﬁcari

1836 1414 1973 1466 Novi
2004 1414 2346 1467 Testamenti
2370 1415 2580 1468 donum
2603 1432 2724 1468 esse
2752 1417 3103 1482 charitatem,
3130 1432 3299 1488 quam
3330 1420 3435 1473 hoc

1836 1503 1971 1567 loco,
1998 1502 2091 1555 ubi
2120 1504 2419 1573 Apostolus
2441 1504 2577 1557 dicit
2602 1524 2611 1556 :
2642 1506 2881 1559 Invicem
2903 1522 3071 1560 onera
3100 1514 3277 1561 vestra
3300 1492 3433 1577 ῥον-

1838 1597 1961 1656 εαιρ,
1985 1598 2032 1644 et
2062 1595 2139 1644 sic
2158 1594 2532 1659 azl-implcbitis
2557 1598 2723 1659 legem
2745 1595 2969 1648 Christi.
3005 1596 3163 1649 Hanc
3190 1596 3343 1650 enim
3360 1598 3435 1650 le-

190 1695 450 1750 curamque
478 1679 741 1733 sanitatis
776 1681 899 1749 ejus
928 1679 1116 1732 animo
1145 1685 1340 1733 teneas
1370 1686 1663 1734 mansueto
1697 1685 1753 1733 et
1833 1696 1962 1749 gem
1994 1680 2200 1733 Christi
2243 1680 2425 1734 dicere
2466 1681 2818 1751 intelligitur,
2864 1698 2975 1753 qua
3016 1684 3134 1754 ipse
3166 1686 3443 1740 Dominus

190 1768 401 1822 modesto
445 1774 503 1822 et
541 1768 815 1822 fraterno.
861 1768 1021 1821 Multi
1070 1769 1220 1822 enim
1271 1775 1461 1839 postea
1500 1762 2115 1840 cogitan-Bprzecepit,
2152 1775 2214 1823 ut
2240 1770 2475 1823 invicem
2499 1771 2837 1841 diligamus;
2869 1777 3092 1827 tantum
3123 1773 3189 1827 in
3212 1791 3279 1827 ea
3308 1791 3436 1828 sen-

193 1864 273 1918 tes,
301 1874 414 1927 quae
459 1856 767 1921 audierint,
801 1862 860 1910 et
892 1873 1060 1927 quam
1098 1858 1254 1927 justa
1304 1858 1604 1923 audierint,
1648 1858 1763 1928 ipsi
1836 1859 2015 1912 tentia
2044 1859 2303 1929 praecepti
2334 1859 2552 1929 pondus
2584 1861 2951 1926 constituens,
2976 1868 3041 1915 ut
3080 1862 3293 1917 diceret
3324 1882 3334 1915 :
3368 1865 3437 1917 In

194 1962 240 1999 se
261 1946 461 2015 gravius
504 1952 565 2000 et
593 1946 843 2000 severius
876 1954 1201 2016 arguerunt.
1240 1947 1310 2000 Et
1352 1948 1604 2017 quamvis
1632 1963 1755 2017 per—
1837 1948 1932 2003 hoc
1964 1952 2324 2015 cognoscitur,
2368 1952 2634 2016 quoniam.
2665 1951 2930 2017 discipuli
2964 1955 3072 2003 mei
3097 1956 3241 2015 estis,
3274 1956 3443 2005 siros

193 2033 489 2091 turbatiores
519 2054 554 2089 a
608 2035 838 2089 medico
855 2035 1179 2089 viderentur
1216 2035 1533 2101 abscedere,
1568 2037 1757 2106 paula-
1838 2038 2086 2102 diligatis
2106 2039 2286 2106 (Joan.
2326 2042 2459 2104 xm).
2494 2038 2679 2106 Hujus
2720 2044 2911 2091 autem
2950 2039 3266 2093 dilectionis
3316 2028 3440 2094 otii-

190 2124 271 2176 tim
308 2124 448 2178 verbi
489 2124 689 2195 vigore
733 2124 794 2177 in
848 2124 1121 2179 medullas
1173 2130 1531 2196 penetrante,
1573 2126 1755 2179 sanati
1841 2124 1992 2178 cium
2023 2129 2125 2189 est,
2148 2128 2383 2178 invicem
2405 2141 2573 2178 onera
2602 2132 2780 2179 restem
2798 2132 3027 2193 portate.
3057 2128 3162 2181 Sed
3194 2129 3299 2181 hoc
3325 2129 3445 2182 ofﬁ-

191 2216 298 2265 sunt
338 2232 349 2265 :
382 2214 531 2284 quod
579 2228 694 2267 non
735 2214 912 2279 ﬂeret,
952 2214 999 2266 si
1041 2230 1264 2284 semper
1308 2220 1758 2285 exspectaremus
1841 2214 1989 2267 cium
2012 2230 2121 2266 non
2147 2221 2233 2266 est
2262 2214 2668 2283 sempiternum
2699 2233 2709 2265 :
2746 2212 3012 2284 perducet
3041 2232 3177 2269 sane
3208 2218 3279 2269 ad
3308 2216 3441 2270 bea-

192 2298 1347 2373 periClitantemIputrescentibusmembris,
1374 2303 1598 2374 quando
1629 2319 1758 2357 eum
1840 2302 2141 2355 titudinem
2173 2302 2593 2372 sempiternam,
2628 2303 2685 2355 in
2726 2318 2835 2372 qua
2873 2304 3029 2356 nulla
3066 2311 3238 2357 erunt
3276 2318 3447 2359 onera

191 2388 357 2443 liberet
374 2396 470 2445 aut
487 2391 583 2445 uri
605 2397 705 2445 aut
725 2390 899 2445 secari
920 2410 931 2457 ;
956 2391 1102 2461 quod
1127 2408 1228 2444 nec
1249 2392 1355 2462 ipsi
1378 2392 1625 2462 corporis
1650 2409 1761 2446 me-
1843 2396 2052 2457 nostra,
2094 2406 2215 2460 quae
2243 2391 2479 2444 invicem
2519 2398 2742 2461 portare
2766 2391 3050 2461 jubemur.
3090 2394 3203 2448 Lex
3233 2394 3442 2447 etenim

189 2477 611 2545 diciattendunt,
636 2479 734 2551 qui
752 2486 990 2533 terrente
1010 2481 1281 2534 mercedis
1308 2481 1515 2534 intuitu
1537 2486 1755 2534 curant.
1845 2480 2071 2546 Christi,
2108 2480 2241 2549 quid
2271 2480 2671 2548 congruentius
2720 2480 2957 2549 intelligi
2991 2497 3156 2550 quam
3199 2482 3455 2536 Charitas-

189 2566 372 2628 Quotus
397 2569 551 2623 enim
583 2569 825 2639 quisque
861 2558 1160 2639 reperitur,
1203 2569 1298 2640 qui
1325 2570 1537 2623 ferrum
1566 2586 1760 2623 eorum
1848 2574 2050 2638 potest,
2087 2582 2256 2639 quam
2297 2574 2431 2622 tunc
2477 2586 2606 2622 vere
2650 2569 2989 2639 perﬁcimus,
3024 2586 3150 2623 cum
3197 2571 3447 2626 fraterna

186 2662 269 2709 aut
280 2657 457 2726 ignem
477 2674 600 2714 non
620 2658 827 2728 ligatus
847 2664 1108 2729 expertus
1130 2657 1241 2711 sit?
1264 2675 1390 2712 cum
1412 2666 1470 2712 et
1489 2658 1569 2711 illi
1591 2658 1763 2715 rario—
1846 2673 2017 2710 onera
2037 2674 2102 2709 ex
2122 2672 2312 2711 amore
2334 2658 2679 2711 toleramus?
2702 2658 2809 2712 Sed
2834 2659 2947 2712 hac
2968 2660 3163 2711 eadem
3188 2660 3277 2712 lex
3296 2662 3443 2713 mul-

185 2761 257 2797 res
290 2746 411 2808 sint,
454 2747 551 2818 qui
598 2748 855 2800 volentes
887 2747 1045 2817 ligati
1082 2746 1307 2801 fuerint.
1364 2747 1559 2801 Plures
1610 2747 1761 2800 enim
1844 2746 2014 2817 tiplex
2037 2746 2412 2816 dicitur,qnia
2429 2747 2682 2800 studiosa
2708 2747 3083 2801 sollicitudine
3103 2749 3352 2802 Charitas
3374 2750 3443 2803 ad

186 2835 495 2899 resistentes,
548 2841 613 2888 et
670 2836 813 2889 mori
867 2852 926 2889 se
982 2836 1149 2889 malle
1205 2836 1530 2902 clamantes,
1589 2852 1759 2906 quam
1843 2841 2043 2889 cuncta
2064 2835 2333 2890 virtutum
2355 2835 2501 2888 facta
2531 2836 2833 2890 dilatatur:
2861 2853 2983 2906 quae
3014 2853 3048 2889 a
3079 2837 3301 2891 duobus
3326 2839 3446 2908 qui-

188 2922 264 2975 ille
298 2925 473 2977 curari
514 2924 710 2989 modo,
744 2924 831 2977 vix
864 2924 1206 2995 linguaipsa
1233 2940 1430 2978 eorum
1458 2925 1651 2978 relicta
1688 2925 1757 2977 li-
1841 2923 1969 2977 dem
2000 2924 2291 2994 praeceptis
2310 2924 2525 2994 incipit,
2551 2924 2648 2977 sed
2680 2942 2803 2978 sese
2828 2925 2899 2979 ad
2934 2926 3446 2983 innumera-exten-

186 3009 295 3066 hera
318 3010 581 3067 omnibus
616 3012 884 3069 membris
919 3018 1355 3067 construxerunt
1393 3014 1757 3082 [constrinxe-
1840 3012 1940 3065 dit.
1976 3013 2157 3082 Hujus
2186 3029 2429 3083 namque
2458 3013 2596 3082 legis
2626 3014 2851 3067 initium
2882 3014 3105 3071 dilectio
3132 3016 3243 3069 Dei»
3265 3022 3351 3069 est
3379 3033 3449 3070 ac

184 3101 309 3170 runt]
338 3122 349 3165 ς
382 3119 573 3173 neque
608 3102 679 3155 ad
708 3116 894 3167 suum,
927 3114 1123 3172 neqUe‘
1151 3102 1220 3155 ad
1267 3102 1613 3167 reluctantis,
1657 3103 1755 3155 sed
1774 3090 1818 3149 C
1837 3100 2058 3155 dilectio
2088 3102 2345 3172 proximi.
2373 3102 2481 3155 Sed
2511 3103 2611 3155 Dei
2642 3103 2864 3156 dilectio
2885 3120 2986 3173 per
3006 3105 3118 3157 tria
3147 3105 3442 3174 distingui-

176 3189 233 3242 ad
254 3190 419 3261 ipsius
446 3191 597 3245 artis
637 3190 933 3245 arbitrium
970 3209 980 3242 :
1027 3206 1268 3262 quorum
1305 3197 1495 3244 tamen
1530 3190 1757 3244 vocibus
1836 3196 1932 3244 tur
1964 3208 1974 3241 :
2000 3207 2114 3261 qua
2139 3207 2206 3245 ex
2234 3196 2353 3245 toto
2379 3192 2547 3244 corde
2574 3196 2637 3246 et‘
2656 3208 2721 3245 ex
2749 3198 2869 3245 tota
2901 3193 3109 3259 anima,
3143 3200 3199 3247 et
3229 3210 3293 3247 ex
3322 3200 3443 3248 tota

175 3279 518 3351 conviciisque
569 3279 886 3333 dolentium
930 3294 1049 3333 nec
1076 3285 1462 3333 commovetur
1508 3281 1758 3333 curantis
1838 3278 2167 3333 fortitudine
2188 3280 2346 3349 diligi
2375 3279 2630 3333 conditor
2653 3279 2903 3349 jubetur.
2932 3281 3054 3345 Qua
3074 3282 3129 3335 in
3161 3298 3223 3335 re
3246 3288 3443 3337 notan-

176 3368 387 3434 animus,
420 3385 526 3423 nec
571 3368 817 3439 quiescit
847 3384 1064 3422 manus.
1096 3368 1386 3424 Medicinae
1425 3374 1614 3422 autem
1646 3385 1757 3422 cce-

177 3456 309 3510 lestis
353 3458 630 3519 ministri,
684 3463 787 3511 aut
831 3473 931 3527 per
971 3458 1227 3511 odiorum
1275 3457 1493 3511 trabem
1534 3474 1763 3511 cernere

182 3544 413 3616 m’pulam
457 3548 515 3601 in
570 3546 735 3600 oculo
784 3546 971 3600 fratris
1014 3547 1224 3610 volunt,
1266 3553 1365 3600 aut
1417 3546 1766 3601 tolerabilius

182 3642 393 3690 mortem
422 3637 626 3690 videre
656 3635 954 3705 peccantis,
980 3651 1149 3705 quam
1170 3635 1399 3689 verbum
1422 3636 1767 3706 indignantis

183 3724 350 3777 audire
392 3744 403 3776 :
448 3725 611 3795 quod
654 3741 767 3778 non
810 3724 891 3777 ita
934 3724 1246 3787 accidisset,
1291 3725 1338 3778 si
1398 3731 1516 3778 tam
1565 3741 1766 3778 sanum

181 3813 406 3868 animum
427 3813 690 3868 curando
709 3813 938 3867 alterius
951 3814 1142 3866 animo
1161 3813 1573 3880 adhiberemus,
1596 3830 1781 3885 quam

183 3902 311 3955 sanis
341 3904 617 3957 manibus
646 3902 727 3956 illi
769 3903 968 3956 medici
1014 3902 1198 3956 aliena
1240 3903 1492 3956 membra
1546 3908 1765 3973 pertra-

180 3998 327 4045 ctant.
375 3994 694 4064 Nunquam
740 3992 930 4062 itaque
974 3992 1142 4045 alieni
1182 3993 1408 4063 peccati
1433 3990 1765 4063 objurgandi

180 4080 582 4151 suscipiendum
605 4084 694 4133 est
718 4076 1027 4150 negotium,
1052 4081 1161 4134 nisi
1179 4097 1307 4134 cum
1329 4080 1566 4137 internis
1593 4081 1766 4135 inter-

178 4171 544 4237 rogationibus
572 4169 961 4224 examinantes
989 4176 1240 4223 nostram
1261 4171 1680 4235 conscientiam,
1703 4169 1766 4223 li-

180 4257 324 4324 quido
352 4259 518 4313 nobis
560 4273 755 4312 coram
797 4258 911 4312 Deo
948 4259 1421 4329 responderimus,
1468 4258 1765 4312 dilectione

179 4359 263 4398 nos
284 4347 483 4401 facere.
526 4346 697 4411 Quod
724 4346 1239 4401 si‘convicium-vell
1258 4348 1441 4409 minae,
1476 4348 1559 4401 vel
1591 4348 1765 4400 etiam

181 4438 582 4501 persecutiones
604 4437 746 4506 ejus,
760 4450 935 4505 quem
956 4436 1229 4505 argueris,
1242 4437 1631 4490 laceraverunt
1647 4436 1766 4489 ani-
1778 4414 1826 4472 D

179 4538 311 4589 nam,
343 4526 391 4579 si
428 4526 629 4579 adhuc
654 4525 749 4578 ille
790 4540 892 4594 per
926 4530 983 4577 te
1029 4525 1216 4578 sanari
1254 4541 1416 4595 posse
1461 4524 1760 4587 videbitur,

181 4612 297 4666 nihil
312 4615 669 4686 mpondeas
707 4614 884 4667 donec
910 4614 1126 4667 saneris
1164 4613 1334 4684 prior,
1369 4630 1440 4668 ne
1468 4614 1612 4668 forte
1642 4630 1764 4666 car-

181 4702 375 4758 nalibus
418 4703 680 4758 motibus
718 4703 833 4757 tuis
873 4702 944 4755 ad
983 4702 1296 4757 nocendum
1343 4703 1678 4767 consentias,
1712 4708 1769 4755 et

182 4792 415 4847 exhibeas
461 4794 726 4863 linguam
765 4798 924 4846 tuam
966 4808 1125 4846 arma
1168 4791 1486 4863 iniquitatis
1516 4797 1761 4862 peccato,

185 4880 239 4933 ad
265 4882 623 4941 reddendum
671 4881 885 4936 malum
914 4897 1035 4952 prov
1059 4881 1227 4947 malo,
1262 4888 1360 4935 aut
1404 4881 1766 4934 maledictum

185 4984 264 5036 pm
304 4972 634 5026 maledicto.
671 4970 957 5041 Quidquid
1003 4970 1153 5025 enim
1194 4970 1657 5024 laceratoanimo
1687 4970 1768 5022 di-

186 5060 321 5127 xeris,
364 5060 669 5132 punientis
710 5065 797 5113 est
831 5060 1096 5130 impetus,
1148 5075 1276 5113 non]
1301 5059 1548 5112 Charitas
1594 5058 1767 5111 corri-

184 5151 355 5214 gentis.
390 5149 593 5219 Dilige
630 5154 699 5202 et‘
726 5147 818 5202 dic
845 5149 1175 5219 quodtvoles
1208 5167 1218 5201 :
1262 5146 1417 5202 nullo
1450 5147 1615 5201 modo
1655 5164 1770 5203 ma-

186 5232 425 5291 ledictum
472 5238 593 5292 erit
639 5237 787 5308 quod
839 5238 1022 5308 specie
1075 5237 1355 5291 maledicti
1402 5237 1672 5296 sonuerit,
1722 5236 1770 5289 si

186 5328 488 5381 memineris
543 5326 902 5395 senserisque
945 5332 1000 5379 te
1039 5327 1096 5380 in
1142 5326 1330 5396 gladio
1372 5325 1525 5379 verbi
1564 5325 1663 5378 Dei
1704 5325 1770 5378 lis

189 5410 478 5469 beratorem
532 5415 786 5468 hominis
822 5430 943 5469 esse
980 5415 1119 5469 velle
1162 5415 1231 5469 ab
1275 5415 1564 5469 obsidione
1609 5414 1772 5467 vitios

1844 3369 1979 3423 dum
2000 3375 2103 3433 est,
2129 3370 2277 3439 quod
2298 3368 2516 3422 divinus
2539 3385 2742 3433 sermo,
2767 3386 2895 3423 cum
2920 3370 3101 3425 Deum
3119 3371 3276 3441 diligi
3298 3388 3440 3443 prm-

1846 3458 1999 3529 cipit,
2032 3474 2143 3511 non
2173 3458 2353 3511 solum
2385 3464 2581 3511 narrat
2609 3474 2675 3511 ex
2705 3475 2832 3528 quo,
2858 3460 2956 3512 sed
2977 3460 3149 3513 etiam
3178 3461 3446 3516 informat

1848 3563 1912 3599 ex
1931 3552 2161 3617 quanto,
2183 3546 2475 3616 subjungit
2495 3563 2559 3600 ex
2579 3552 2717 3607 toto,
2736 3554 2803 3600 ut
2816 3547 3073 3601 videlicet
3093 3549 3186 3618 qui
3200 3550 3459 3619 perfecte

1849 3636 1964 3689 Deo
1984 3636 2204 3705 placere
2224 3635 2523 3697 desiderat,
2545 3634 2770 3688 sibimet
2793 3636 2863 3688 de
2893 3653 2957 3689 se
2975 3636 3438 3707 nihil'relinquat.

1848 3723 2093 3777 Proximi
2125 3729 2313 3776 autem
2343 3724 2565 3776 dilectio
2595 3724 2664 3775 ad
2693 3724 2803 3776 duo
2834 3731 3111 3794 przecepta
3139 3725 3441 3791 derivatur,

1848 3826 1973 3866 cum
1985 3819 2045 3865 et
2059 3828 2158 3882 per
2175 3811 2473 3882 quemdam
2490 3812 2707 3879 justum
2727 3811 2955 3864 dicitur:
2976 3814 3204 3879 Quodab
3216 3818 3328 3867 alio
3344 3817 3447 3867 tibi

1848 3904 1962 3955 allis
1988 3904 2128 3968 ﬁeri,
2162 3902 2285 3957 vide
2317 3917 2379 3953 nc
2409 3907 2470 3952 tu
2493 3903 2661 3953 alteri
2677 3902 2852 3967 facias
2878 3902 3025 3965 (Tol).
3056 3904 3213 3969 iv),et
3242 3919 3342 3972 per
3359 3920 3442 3957 se-

1848 3989 2146 4061 metipsam
2167 3989 2387 4042 Veritas
2417 3988 2549 4042 dicit
2572 4007 2582 4041 :
2622 3990 2747 4055 Quae
2776 3993 2943 4043 vultis
2969 3996 3030 4042 ut
3056 3992 3269 4057 faciant
3304 3994 3445 4046 vobis

1849 4082 2114 4145 homines,
2145 4085 2191 4132 el
2222 4095 2309 4131 vos
2338 4080 2503 4145 facile
2534 4081 2649 4130 illis
2680 4079 2824 4145 (Luc.
2856 4082 2951 4137 vi).
2985 4078 3199 4142 Quibus
3228 4080 3459 4135 duobus

1848 4169 2058 4223 scilicet
2067 4168 2357 4238 utriusque
2368 4166 2713 4221 Testamenti
2736 4168 3016 4221 mandatis
3028 4184 3127 4238 per
3139 4185 3315 4223 unum
3332 4184 3448 4224 ma-

1848 4258 1971 4311 litia
1997 4257 2387 4328 compescitur,
2420 4273 2520 4326 per
2548 4256 2703 4309 aliud
2732 4256 3047 4324 benignitas
3076 4266 3442 4328 praerogatur,

1849 4352 1914 4399 ut
1966 4347 2197 4411 malum,
2243 4346 2389 4416 quod
2438 4345 2553 4416 pati
2600 4361 2711 4398 non
2760 4345 2879 4397 vult
2928 4346 3163 4415 quisque
3212 4363 3324 4400 non
3362 4349 3444 4401 fa-

1849 4435 2019 4499 ciens,
2052 4441 2232 4488 cesset
2274 4452 2306 4488 a
2339 4434 2572 4488 nocendi
2612 4450 2779 4503 opere
2806 4452 2818 4495 ;
2854 4439 2912 4486 et
2946 4448 3171 4486 rursum
3214 4434 3440 4501 bonum,

1851 4525 1998 4594 quod
2028 4524 2133 4578 sibi
2164 4524 2285 4577 ﬁeri
2327 4523 2542 4593 appetit
2582 4518 2929 4592 impendens,
2970 4538 3104 4591 erga
3144 4523 3445 4579 utilitatem

1850 4630 1910 4666 se
1952 4612 2203 4684 proximi‘
2235 4618 2490 4665 exerceat
2537 4627 2603 4663 ex
2645 4610 3006 4679 benignitate.
3052 4611 3160 4664 Sed
3196 4612 3314 4666 haec
3357 4615 3445 4668 ni-

1852 4702 2059 4755 mirum
2107 4702 2236 4763 duo,
2284 4701 2419 4754 dum
2468 4698 2709 4752 sollicita
2754 4698 3065 4752 intentione
3107 4701 3442 4771 cogitantur,

1851 4807 1949 4843 cor
1973 4792 2041 4843 ad
2075 4791 2373 4845 innumera
2405 4789 2679 4840 virtutum
2719 4786 3034 4842 ministeria
3074 4789 3345 4857 tenditur,
3377 4808 3447 4846 ne

1850 4881 1933 4933 vel
1982 4880 2051 4932 ad
2112 4878 2403 4932 inferenda
2448 4892 2570 4947 quae
2629 4892 2741 4929 non
2797 4876 2964 4931 debet
3020 4877 3311 4933 desideriis
3367 4881 3450 4934 in-

1852 4969 2043 5039 quieta
2102 4984 2260 5021 mens
2316 4967 2604 5031 inferveat,
2654 4966 2742 5018 vel
2790 4981 2924 5035 erga
2971 4967 3285 5022 exhibenda
3327 4987 3449 5039 quae

1851 5057 2017 5111 debet
2055 5058 2169 5110 otio
2200 5056 2779 5126 resolutatorpescat.
2826 5056 2969 5111 Nam
3008 5073 3137 5110 cum
3169 5064 3325 5111 cavet
3366 5060 3449 5112 al-

1850 5147 1956 5200 teri
2015 5146 2195 5199 facere
2245 5146 2395 5216 quod
2442 5160 2799 5215 nequaquam
2839 5146 2961 5197 vult
3005 5144 3075 5197 ab
3113 5146 3289 5199 altero
3325 5147 3453 5217 ipsa

1852 5237 2111 5299 tolerare,
2170 5235 2410 5288 sollicita
2453 5252 2511 5287 se
2562 5234 2874 5288 intentione
2931 5233 3321 5305 circumspicit,
3382 5254 3457 5291 ne

1854 5325 2119 5396 superbia
2136 5325 2317 5378 elevet
2340 5340 2517 5394 usque
2541 5324 2609 5376 ad
2632 5324 2955 5393 despectum
2984 5323 3221 5392 proximi
3251 5332 3307 5378 et
3326 5327 3450 5379 ani-

1856 5432 2011 5468 mum
2040 5413 2308 5483 dejiciens
2352 5414 2559 5466 exaltet
2603 5432 2613 5464 ε
2658 5428 2728 5465 ne
2772 5409 3004 5463 ambitio
3054 5413 3451 5482 cogitationem

186 5517 307 5557 mm.
354 5505 547 5570 Quod
584 5504 633 5559 si
670 5504 833 5569 forte,
883 5509 957 5557 ut
988 5503 1319 5576 plerumque
1361 5504 1582 5568 accidit,
1637 5504 1778 5556 dilexi
1862 5502 2054 5566 laniet,
2086 5516 2327 5571 aluique
2358 5501 2502 5569 hanc
2539 5501 2613 5553 ad
2656 5499 2975 5570 appetenda
3009 5500 3195 5555 aliena
3228 5502 3445 5567 dilatat.

186 5591 638 5667 ctione‘quid‘em'
663 5593 837 5648 talem
866 5593 1409 5665 suseipisactionem
1450 5598 1510 5647 et
1542 5593 1631 5646 ad.
1656 5608 1785 5646 eam
1864 5595 2137 5658 angustet:
2169 5606 2179 5641 :
2230 5604 2319 5643 ne'
2355 5605 2450 5642 cor
2485 5588 2713 5647 luxuria.
2758 5587 2986 5656 polluat,
3039 5596 3096 5641 et
3141 5589 3457 5657 subjectum
