3892 6158
371 211 473 270 367

963 214 1024 266 B.
1067 209 1341 266 RABANI
1379 207 1610 262 MAURI
1647 206 1984 261 ARCHIEP.
2027 206 2350 262 MOGUNT.
2389 207 2687 264 OPERUM
2724 209 2909 264 PARS
2951 210 3052 264 III.

3543 212 3643 270 368

367 337 660 392 desideriis
708 354 808 408 per
845 336 1040 390 illicita
1075 338 1400 406 corrumpat
1433 351 1444 385 :
1491 349 1562 386 ne
1603 332 1688 385 ira
1731 325 2030 403 exaspe-'A
2048 331 2417 403 caligantibus
2436 337 2600 387 aetate
2629 333 2824 401 oculis,
2843 335 2914 388 ad
2936 334 3176 389 videnda
3193 335 3358 407 longe
3376 343 3504 408 post
3525 355 3648 394 ven-

368 431 474 492 ret,
533 431 591 481 et
633 441 810 496 usque
857 425 945 479 ad.
974 424 1368 494 proferendam
1424 421 1822 478 contumeliam
1877 421 1966 474 in-

368 515 622 568 flammet
653 532 664 566 :
701 531 774 568 ne
809 513 1019 567 invidia
1059 513 1335 578 mordeat,
1386 515 1444 563 et
1485 510 1684 564 alienis
1731 510 1966 564 felicita-

365 603 516 658 tibus
534 604 753 670 zemula,
778 619 882 657 sua
909 619 968 656 se
1003 602 1120 656 face
1143 605 1468 656 consumat:
1494 616 1565 652 ne
1597 600 1967 654 immoderate

364 693 615 762 linguam
631 691 940 763 loquacitas
955 691 1266 762 protrahat,
1281 706 1518 760 eamque
1535 705 1713 759 usque
1731 689 1800 742 ad
1812 689 1968 742 lasci-

363 781 512 835 viam
528 781 952 836 obtrectationis
969 780 1234 834 extendat
1259 797 1270 830 :
1296 797 1365 833 ne
1386 779 1577 832 odium
1593 777 1812 830 malitia
1822 777 1968 832 exci-

364 876 465 936 tet,
482 876 540 924 et
555 888 616 924 os
629 887 808 941 usque
819 869 888 924 ad
905 870 1156 940 jaculum
1177 867 1588 922 maledictionis
1599 867 1808 920 irritet.
1826 866 1968 920 Rur-

364 976 490 1015 sum
511 977 638 1014 cum
657 960 885 1030 cogitat,
899 963 964 1012 ut
979 975 1048 1012 ea
1065 957 1228 1012 alteri
1238 957 1424 1023 faciat,
1441 973 1564 1027 quae
1577 956 1694 1026 ipse
1717 955 1820 1009 sibi
1844 954 1966 1008 ﬁeri

293 1051 297 1062 '
361 1047 434 1102 ab
447 1047 624 1102 altero
640 1053 942 1118 exspectat,
957 1052 1158 1118 pensat
1167 1045 1454 1110 nimirum,
1471 1049 1536 1098 ut
1549 1044 1712 1098 malis
1727 1043 1892 1109 bona,
1911 1049 1969 1097 et

361 1137 523 1192 bonis
543 1137 775 1192 meliora
795 1136 1149 1208 respondeat,
1171 1141 1236 1189 ut
1254 1151 1390 1204 erga
1416 1149 1680 1205 procaces
1697 1149 1962 1187 mansue-

263 1267 270 1278 .
363 1227 618 1281 tudinem
656 1225 1101 1296 longanimitatis
1132 1223 1424 1278 exhibeat:
1457 1228 1523 1276 ut
1551 1221 1777 1276 malitiae
1805 1227 1962 1292 peste

363 1315 760 1387 languentibus
779 1313 1023 1384 gratiam
1044 1312 1405 1382 benignitatis
1432 1311 1738 1382 impendat,
1763 1317 1828 1365 ut
1854 1311 1962 1365 dis-

362 1405 558 1459 cordes
588 1421 722 1476 pace
743 1403 920 1470 uniat,
945 1407 1011 1456 ut
1029 1401 1331 1456 concordes
1358 1401 1428 1454 ad
1459 1400 1964 1470 concupiscentiam

361 1511 504 1548 verae
532 1493 684 1564 pacis
715 1492 988 1562 accingat,
1019 1497 1086 1545 ut
1112 1489 1490 1560 indigentibus
1521 1488 1836 1544 necessaria
1863 1488 1961 1542 tri-

359 1581 514 1647 buat,
551 1587 616 1636 ut
642 1580 960 1635 errantibus
1000 1580 1147 1634 viam
1195 1579 1544 1632 rectitudinis
1588 1579 1863 1644 ostendat,
1897 1583 1962 1632 ut

2048 428 2178 474 tura
2207 419 2460 476 dilatavit
2489 423 2638 486 (Gen.
2687 426 2880 491 xxvn).
2915 425 3045 480 Haec
3075 424 3244 479 Jacob
3291 427 3563 497 compulit
3597 435 3654 482 et

2049 498 2331 564 amissum.
2353 510 2561 566 bonum
2590 511 2768 566 ﬁlium
2803 513 3127 568 medullitus
3168 531 3414 584 gemere,
3438 521 3495 570 et
3523 534 3654 588 pra-

2049 617 2245 653 vorum
2269 599 2513 654 ﬁliorum
2533 601 2889 672 praesentiam
2908 601 3030 673 subj
3039 608 3161 657 ecta
3175 603 3492 659 humilitate
3510 607 3654 660 tole-

2049 705 2176 743 rare
2209 687 2360 758 (Gen.
2401 694 2626 760 xxxvn).
2663 691 2795 744 Haec
2831 691 3037 762 Joseph
3073 691 3265 746 docuit
3301 710 3337 746 a
3381 693 3650 749 fratribus

2047 777 2448 840 venundatum,
2469 785 2526 832 et
2550 779 2809 834 libertate
2856 779 3030 834 animi
3079 780 3316 834 infracta
3366 783 3654 838 servitium

2049 867 2286 937 perpeti,
2329 873 2386 920 et
2415 867 2626 920 eisdem
2669 874 2797 938 post
2826 868 3096 922 fratribus
3137 874 3326 924 mente
3355 887 3466 925 non
3505 873 3654 926 elata

2049 955 2352 1026 principari
2379 956 2533 1024 (Gen.
2572 972 2684 1012 xm
2713 962 2762 1009 et
2801 959 2984 1028 seqq.).
3019 959 3149 1011 Haec
3190 959 3438 1030 Moysen,
3469 961 3654 1015 delin-

2049 1051 2256 1116 quente
2270 1045 2494 1116 populo,
2521 1051 2579 1099 et
2597 1061 2776 1116 usque
2794 1047 2866 1102 ad
2885 1046 3217 1116 petitionem
3237 1065 3351 1103 suae
3370 1049 3570 1104 mortis
3593 1049 3652 1104 in

2043 1133 2300 1204 precibus
2334 1134 2636 1204 prostravit
2669 1134 2756 1203 (In
2792 1134 2990 1204 Exod.)
3025 1153 3037 1188 :
3071 1135 3150 1189 sic
3199 1152 3421 1207 quoque
3459 1138 3530 1191 ad
3560 1139 3653 1193 in-

2042 1223 2430 1276 terfectionem
2463 1222 2654 1294 populi
2692 1240 2794 1294 per
2835 1223 2937 1278 zeli
2973 1225 3222 1278 studium
3256 1226 3450 1292 erexit,
3490 1233 3557 1281 ut
3595 1234 3656 1282 et

2047 1328 2149 1382 pro
2183 1317 2455 1382 pereunte
2491 1311 2651 1382 plebe
2679 1329 2800 1366 sese
2841 1313 3008 1367 morti
3050 1313 3333 1383 objiceret,
3369 1321 3424 1370 et
3451 1322 3657 1372 contra

2047 1407 2371 1472 peccantem
2419 1401 2676 1472 protinus
2733 1402 2848 1456 vice
2898 1401 3001 1456 Dei
3059 1402 3352 1458 irascentis
3406 1406 3649 1461 saeviret.

2043 1491 2174 1544 Haec
2199 1490 2439 1544 Phinees
2455 1489 2748 1544 brachium
2767 1490 2827 1544 in
2856 1489 3130 1545 ultionem
3149 1493 3498 1563 peccantium
3529 1511 3657 1550 ere-

2042 1579 2139 1645 xit,
2164 1583 2229 1632 ut
2255 1583 2480 1649 arrepto
2507 1578 2696 1648 gladio
2725 1586 2990 1634 coeuntes
3017 1583 3392 1652 transfigeret,
3427 1588 3484 1638 et
3501 1583 3652 1638 iram

359 1670 598 1725 afﬂictos
624 1669 792 1724 verbo
822 1675 879 1724 et
906 1669 1290 1740 compassione
1321 1668 1583 1734 mulceat,
1608 1673 1674 1721 ut
1699 1651 2023 1722 accensosB
2045 1667 2269 1723 Domini
2290 1667 2468 1721 iratus
2485 1668 2732 1739 placaret
2751 1669 2942 1738 (Num.
2958 1668 3110 1740 xxv).
3135 1651 3265 1726 Haec
3276 1672 3442 1726 Josue
3463 1673 3656 1744 explo-

359 1759 416 1814 in
448 1761 620 1831 hujus
649 1759 842 1814 mundi
881 1757 1172 1815 desideriis
1207 1757 1589 1828 increpatione
1635 1757 1957 1827 restringat,

360 1855 426 1903 ut
454 1850 637 1903 minas
675 1847 988 1920 potentium
1029 1847 1456 1902 ratiocinatione
1498 1845 1734 1915 mitiget,
1767 1851 1833 1900 ut
1859 1863 1962 1917 op-

360 1955 683 2009 pressorum
706 1937 1012 2008 angustias,
1050 1941 1325 2007 quantum
1354 1936 1633 2007 prwvalet,
1670 1935 1954 1989 sublevet:

360 2033 426 2082 ut
450 2028 584 2082 foris
613 2026 1003 2082 resistentibus
1031 2031 1278 2097 opponat
1311 2025 1639 2096 patientiam
1663 2043 1676 2092 ;
1719 2029 1783 2078 ut
1810 2023 1962 2078 intus

360 2116 811 2188 superbientibus
842 2116 1100 2170 exhibeat
1118 2132 1246 2169 cum
1276 2114 1547 2185 patientia
1575 2113 1958 2184 disciplinam;

363 2212 427 2260 ut
467 2223 603 2276 erga
637 2211 827 2259 errata
861 2204 1214 2258 subditorum
1248 2203 1327 2258 sic
1363 2203 1734 2257 mansuetudo
1783 2203 1962 2256 zelum

363 2301 657 2367 temperet,
690 2299 967 2366 quatenus
995 2311 1030 2347 a
1055 2293 1289 2363 justitiae
1321 2293 1504 2347 studio
1535 2309 1649 2346 non
1687 2298 1914 2346 enervet
1946 2311 1957 2346 :

363 2385 442 2439 sic
461 2385 534 2439 ad
553 2384 825 2438 ultionem
847 2384 997 2438 zelus
1017 2382 1247 2447 ferveat,
1267 2399 1338 2436 ne
1358 2389 1550 2436 tamen
1569 2381 1792 2452 pietatis
1813 2381 1962 2435 limi-

363 2478 478 2526 tem
506 2472 772 2526 fervendo
785 2471 1149 2526 transcendat
1169 2489 1182 2537 ;
1205 2477 1270 2524 ut
1297 2471 1550 2539 ingratos
1581 2470 1862 2524 beneficiis
1891 2470 1962 2524 ad

365 2577 616 2615 amorem
642 2565 921 2631 provocet,
953 2565 1017 2614 ut
1040 2565 1232 2630 gratos
1272 2575 1522 2630 quosque
1555 2559 1878 2612 ministeriis
1903 2559 1962 2614 in

365 2665 557 2704 amore
611 2655 810 2715 servet,
864 2654 928 2703 ut
968 2649 1349 2719 proximorum
1397 2648 1563 2714 mala,
1612 2665 1740 2701 cum
1786 2648 1961 2702 corri-

361 2755 498 2810 gere
527 2755 640 2793 non
666 2739 832 2805 valet,
865 2743 1067 2803 taceat,
1100 2743 1274 2808 utque
1312 2753 1440 2790 cum
1488 2737 1690 2806 corrigi
1727 2737 1961 2808 loquen-

365 2827 436 2882 do
466 2831 718 2898 possunt,
753 2825 1038 2880 silentium
1065 2842 1400 2880 consensum
1427 2843 1548 2879 esse
1569 2825 1959 2895 pertimescat;

2042 1763 2292 1812 ratorem
2323 1757 2532 1822 docuit,
2556 1761 2622 1811 ut
2650 1762 2708 1810 et
2733 1757 2891 1828 prius
2921 1763 3118 1812 contra
3148 1759 3471 1832 falsiloquos
3500 1762 3654 1817 cives

2042 1847 2355 1902 veritatem,
2382 1845 2549 1900 verbo
2606 1846 2950 1912 defenderet,
2997 1853 3055 1902 et
3100 1849 3245 1903 hanc
3284 1851 3653 1920 postmodum

2041 1936 2228 2006 gladio
2255 1942 2453 1990 contra
2469 1935 2658 1989 hostes
2676 1935 2969 2006 alllegaret
2990 1937 3168 2005 (Josue
3182 1955 3220 1992 II
3239 1942 3286 1991 ct
3301 1943 3490 2007 seqq.).
3515 1941 3656 1995 Haec

2045 2025 2270 2079 Samuel
2305 2030 2362 2078 et
2391 2024 2450 2078 in
2477 2024 2795 2096 principatu
2831 2025 3101 2079 humilem
3131 2025 3387 2097 praebuit,
3411 2033 3468 2082 et
3495 2027 3654 2083 inte-

2042 2131 2209 2183 grum
2229 2114 2288 2167 in
2308 2099 2619 2183 dejectione
2649 2113 2906 2180 servavit,
2939 2115 3036 2185 qui
3063 2131 3192 2168 cum
3213 2123 3654 2187 persequentem

2046 2221 2106 2257 se
2133 2203 2352 2274 plebem
2389 2202 2665 2272 diligeret,
2696 2203 2814 2280 ipse
2855 2202 2960 2257 sibi
2987 2203 3374 2259 testimonium
3409 2206 3650 2272 exstitit,
3722 2272 3736 2282 ~

2045 2291 2178 2363 quia
2194 2293 2434 2356 culmen,
2457 2308 2524 2345 ex
2554 2309 2664 2363 quo
2685 2292 2936 2362 dejectus
2955 2298 3058 2356 est,
3085 2310 3198 2346 non
3221 2294 3428 2348 amavit
3452 2296 3503 2364 (Ι
3519 2297 3651 2364 Reg.

2049 2382 2146 2435 ιιι).
2182 2382 2312 2436 Haec
2341 2381 2515 2435 David
2553 2386 2684 2434 ante
2712 2381 2969 2452 iniquum
3015 2399 3206 2452 regem
3243 2387 3302 2436 et
3327 2383 3656 2439 humilitate

2044 2470 2342 2524 commovit
2370 2470 2441 2524 ad
2469 2470 2680 2540 fugam,
2715 2475 2772 2524 et
2800 2469 3008 2541 pietate
3036 2471 3272 2542 replevit
3299 2472 3370 2526 ad
3399 2473 3649 2539 veniam,

2045 2559 2140 2628 qui
2171 2563 2586 2630 persecutorem
2624 2575 2791 2612 suum
2819 2564 2877 2614 et
2905 2559 3156 2614 timendo
3195 2560 3340 2631 fugit
3367 2566 3432 2615 ut
3457 2562 3652 2616 domi-

2043 2664 2201 2714 num,
2227 2653 2286 2702 et
2301 2654 2493 2702 tamen
2515 2664 2643 2702 cum
2663 2653 3004 2719 potestatem
3021 2648 3258 2703 feriendi
3278 2650 3505 2721 reperit,
3529 2667 3655 2706 non

2043 2737 2270 2807 agnovit
2292 2737 2582 2790 inimicum
2609 2737 2664 2807 (1
2682 2739 2804 2804 Reg.
2829 2753 2959 2791 xxxv
2978 2743 3028 2791 et
3056 2739 3234 2806 alibi].
3267 2739 3398 2793 Haec
3417 2740 3656 2795 Nathan

2046 2831 2104 2880 et
2121 2831 2317 2880 contra
2333 2831 2656 2896 peccantem
2667 2843 2860 2896 regem
2879 2825 2938 2880 in
2950 2826 3343 2880 auctoritatem
3362 2827 3550 2883 liberae
3561 2829 3660 2884 in-

364 2922 430 2970 ut
465 2915 542 2970 sic
581 2931 667 2982 ea,
711 2933 834 2987 quae
870 2919 1039 2982 tacet,
1080 2915 1302 2980 toleret,
1334 2931 1406 2968 ne
1446 2919 1636 2968 tamen
1675 2914 1734 2968 in
1775 2915 1962 2969 animo
1984 2970 2024 2987 η
2045 2915 2381 2986 crepationis
2417 2913 2664 2980 sustulit,
2700 2920 2758 2968 et
2784 2931 2913 2968 cum
2939 2915 3087 2985 regis
3115 2916 3282 2986 culpa
3309 2916 3549 2983 deesset,
3587 2919 3656 2972 in

365 3004 516 3060 virus
535 2970 746 3060 doloris
772 2970 1046 3058 occultet’:
1069 3008 1134 3058 ut
1165 3003 1243 3057 sic
1274 2970 1559 3058 malevolis
1590 3020 1794 3058 munus
1813 2970 2026 3057 beni-C
2044 2970 2314 3075 petitione
2356 2970 2664 3058 humiliter,
2687 3004 2886 3058 stravit
2922 2970 3157 3072 (IIUReg.
3199 2970 3277 3058 xu
3324 2970 3494 3075 scq.).l

361 3094 594 3165 gnitatis
621 3093 898 3159 exhibeat,
923 3109 994 3147 ne
1012 3098 1204 3150 tamen
1223 3109 1324 3164 per
1341 3093 1585 3162 gratiam
1605 3109 1640 3146 a
1655 3094 1784 3164 jure
1804 3092 1964 3146 recti-
2045 3110 2146 3164 per
2187 3093 2392 3147 Isaiam
2427 3093 2742 3147 nuditatem
2780 3091 2963 3146 carnis
2998 3093 3058 3146 in
3094 3093 3493 3164 praedicatione
3529 3113 3657 3150 non

361 3183 573 3238 tudinis
601 3183 850 3249 excedat,
880 3189 944 3236 ut
974 3188 1179 3236 cuncta
1209 3182 1495 3253 proximis,
1529 3199 1651 3252 qua:
1679 3183 1959 3253 praevalet,
2045 3181 2272 3236 erubuit
2303 3183 2427 3252 (Isa.
2469 3187 2587 3250 xx),
2621 3187 2678 3235 et
2704 3180 2976 3236 subducto
3015 3183 3226 3236 carnali
3253 3183 3530 3238 velamine
3571 3185 3656 3239 ad

363 3272 668 3344 impendat,
702 3272 798 3326 sed
828 3273 946 3326 haec
974 3272 1344 3343 impendendo
1382 3287 1496 3325 non
1525 3277 1760 3337 tumeat,
1793 3277 1858 3326 ut
1885 3273 1962 3325 sic
2045 3271 2316 3342 mysteria
2342 3287 2587 3342 superna
2614 3270 2946 3340 penetravit.
2981 3271 3112 3326 Haec
3141 3271 3338 3338 Eliam,
3373 3273 3506 3343 quia
3535 3273 3658 3328 fer-

363 3361 422 3414 in
448 3360 627 3428 bonis,
654 3377 778 3432 quae
805 3361 1046 3427 exhibet,
1077 3359 1315 3414 tumoris
1340 3359 1712 3431 praecipitium
1740 3367 1956 3431 paveat,
2043 3360 2190 3414 voris
2208 3360 2324 3414 zelo
2341 3360 2522 3414 vivere
2543 3359 2869 3430 spiritaliter
2894 3359 3103 3426 docuit,
3129 3361 3202 3414 ad
3221 3360 3393 3415 vitam
3417 3378 3654 3432 quoque

363 3467 434 3505 ne
463 3455 654 3505 tamen
681 3467 717 3504 a
753 3449 884 3504 boni
915 3449 1246 3504 exercitione
1274 3454 1587 3520 torpescat;
1622 3454 1687 3503 ut
1713 3449 1810 3515 sic,
1837 3467 1960 3521 qua-3

361 3540 626 3611 possidet,
647 3538 880 3604 tribuat,
900 3543 1176 3610 quatenus
1197 3543 1408 3609 quanta
1427 3539 1500 3592 sit
1521 3537 1750 3608 largitas
1769 3555 1960 3592 remu-

361 3629 610 3684 nerantis
627 3629 884 3682 attendat
899 3645 910 3678 :
923 3645 995 3682 ne
1007 3645 1135 3682 cum
1146 3633 1372 3681 terrena
1387 3627 1644 3698 largitur,
1659 3644 1820 3681 suam
1835 3629 1961 3698 plus

361 3735 531 3789 quam
559 3735 786 3772 necesse
827 3723 912 3772 est
951 3716 1201 3788 inOpiam
1247 3717 1472 3787 cogitet,
1505 3716 1649 3770 etin
1679 3716 1960 3771 oblatione

363 3808 611 3862 muneris
639 3806 938 3861 hilaritatis
987 3807 1180 3860 lumen
1216 3805 1449 3860 tristitia
1495 3805 1774 3860 obscuret.
1809 3807 1960 3861 Bene

361 3912 494 3966 ergo
506 3897 593 3950 lex
603 3895 706 3950 Dei
724 3894 1014 3964 multiplex
1023 3894 1245 3959 dicitur,
1261 3894 1394 3964 quia
1414 3893 1682 3947 nimirum
1701 3911 1830 3948 cum
1847 3911 1961 3949 una

2044 3455 2100 3503 et
2127 3449 2494 3520 corporaliter
2519 3448 2792 3502 abstraxit
2818 3450 2896 3504 IV
2923 3451 3066 3517 (Reg.
3098 3451 3172 3519 Π).
3197 3449 3327 3504 Haec
3357 3450 3652 3519 Elisaeum,

2043 3539 2176 3608 quia
2205 3537 2538 3608 magistrum
2577 3537 2810 3608 diligere
2848 3537 3178 3608 simpliciter
3209 3539 3474 3605 instituit,
3526 3557 3658 3594 ma-

2039 3627 2201 3697 gistri
2240 3626 2442 3698 spiritu
2479 3626 2776 3696 dupliciter
2819 3627 3072 3697 implevit
3107 3628 3320 3698 (Ibid).
3354 3629 3462 3681 Per
3496 3629 3658 3684 hanc

2042 3716 2331 3780 Jeremias,
2355 3733 2426 3770 ne
2455 3715 2514 3770 in
2532 3715 2838 3786 ngyptum
2867 3717 3106 3786 populus
3137 3716 3520 3782 descenderet,
3556 3735 3657 3773 re-

2043 3805 2212 3872 stitit;
2233 3805 2330 3859 sed
2346 3811 2538 3858 tamen
2555 3809 2612 3858 et
2625 3804 3009 3858 inobedientes
3023 3804 3278 3875 diligens,
3288 3823 3398 3876 quo
3413 3806 3660 3862 descen-

2041 3894 2174 3948 dere
2210 3893 2498 3965 prohibuit
2537 3899 2595 3948 et
2634 3893 2752 3965 ipse
2791 3893 3078 3948 descendit
3123 3895 3251 3957 (Jer.
3307 3896 3460 3962 xm).
3511 3896 3658 3951 Haec

361 3985 669 4054 eademque
715 3983 789 4036 sit
825 3981 1088 4049 charitas,
1132 3982 1178 4036 si
1223 3987 1472 4036 mentem
1517 3983 1679 4052 plene
1727 3983 1954 4054 ceperit,
2042 3983 2406 4050 Ezechielem,
2454 3983 2588 4054 quia
2636 3983 2792 4054 prius
2828 3999 2864 4036 a
2913 3982 3152 4037 terrenis
3211 3983 3472 4037 desiderii
3523 4002 3662 4040 sus-

363 4073 510 4127 hanc
542 4071 615 4125 ad
663 4071 962 4150 innumera
1006 4087 1178 4141 opera
1222 4070 1640 4124 multiformiter
1685 4071 1953 4127 accendit.
2040 4073 2189 4137 tulit,
2230 4079 2358 4144 post
2399 4089 2501 4144 per
2536 4071 2855 4126 cincinnum
2902 4072 3102 4142 capitis
3147 4071 3207 4126 in
3249 4089 3378 4126 aere
3418 4072 3662 4130 libravit

366 4161 541 4232 Cujus
577 4159 957 4214 diversitatem
985 4158 1228 4212 breviter
1265 4159 1648 4230 exprimimus,
1679 4160 1728 4213 si
1757 4161 1816 4214 in
1843 4161 1958 4215 ele-
2037 4161 2252 4234 (Ezech.
2278 4161 2410 4230 VIII).
2444 4161 2576 4216 Haec
2603 4161 2664 4214 in
2691 4161 2942 4226 Daniele,
2973 4161 3107 4232 quia
3137 4179 3172 4215 a
3197 4161 3370 4232 regiis
3401 4162 3659 4234 dapibus

363 4249 466 4305 ctis
493 4247 725 4320 singulis
751 4247 900 4302 bona
926 4247 1076 4302 illius
1117 4248 1546 4318 perstringendo
1574 4265 2019 4348 numeremus.D
2038 4250 2228 4320 gulam
2265 4250 2624 4321 compescuit,
2660 4249 2712 4304 ei
2759 4255 2818 4304 et
2865 4249 3235 4304 esurientium
3277 4251 3380 4304 ora
3411 4251 3659 4307 leonum

365 4340 494 4394 Haec
520 4355 762 4410 namque
782 4355 884 4409 per
910 4337 1049 4392 Abel
1067 4342 1124 4391 et
1146 4337 1323 4391 electa
1342 4337 1458 4392 Deo
1479 4355 1715 4392 munera
1733 4339 1954 4405 obtulit,
1972 4337 2016 4348 “”
2040 4339 2242 4392 clausit
2267 4341 2425 4408 (Dan.
2459 4339 2588 4407 xiv).
2625 4339 2754 4392 Haec
2780 4338 2962 4392 tribus
2997 4338 3206 4409 pueris,
3239 4339 3374 4409 quia
3400 4337 3457 4393 in
3478 4347 3660 4396 tran-

363 4433 421 4483 et
437 4428 628 4483 fratris
648 4427 776 4481 odia
793 4443 904 4480 non
935 4426 1262 4480 reluctando
1279 4427 1540 4481 toleravit
1554 4427 1699 4495 (Gen.
1717 4426 1958 4497 1v).Haec
2039 4428 2316 4498 quillitate
2339 4427 2534 4499 positis
2561 4427 2821 4482 incendia
2857 4427 3120 4482 vitiorum
3156 4425 3420 4488 subdidit,
3455 4429 3658 4485 tribu-

363 4518 553 4572 Enoch
583 4521 640 4571 et
674 4516 822 4570 inter
858 4515 1112 4570 homines
1159 4515 1342 4570 vivere
1379 4515 1707 4587 spiritaliter
1745 4516 1952 4584 docuit,
2039 4517 2262 4571 lationis
2298 4522 2552 4588 tempore
2586 4521 2644 4570 et
2681 4518 2938 4570 ﬂammas
2961 4515 3021 4570 in
3049 4515 3274 4572 fornace
3301 4519 3660 4587 temperavit

363 4611 420 4660 et
450 4606 522 4659 ad
552 4604 847 4659 sublimem
884 4605 1056 4659 vitam
1093 4603 1162 4658 ab
1193 4605 1514 4659 hominibus
1545 4605 1718 4659 etiam
1757 4621 1956 4676 corpo-
2041 4607 2200 4670 (Dan.
2243 4609 2336 4674 III).
2373 4606 2504 4660 Hzec
2533 4606 2592 4660 in
2621 4607 2789 4660 Petro
2818 4612 2874 4660 et
2911 4605 3080 4659 minis
3108 4606 3444 4660 terrentium
3487 4606 3658 4678 prin-

361 4694 556 4748 raliter
583 4692 852 4747 abstraxit
883 4679 1050 4761 (Gen:
1078 4698 1154 4762 v).
1191 4695 1319 4748 Haec
1355 4695 1494 4760 Noe,
1528 4694 1804 4765 despectis
1834 4711 1955 4749 om-
2037 4695 2224 4765 cipum
2250 4695 2470 4749 fortiter
2497 4695 2724 4762 restitit,
2759 4700 2817 4748 et
2857 4693 2916 4748 in
2947 4694 3368 4749 circumcisione
3397 4695 3650 4760 submo-

361 4781 544 4848 nibus,
577 4781 758 4841 solum
787 4781 903 4836 Deo
930 4781 1260 4853 placabilem
1289 4782 1550 4848 ostendit,
1583 4789 1754 4853 atque
1783 4783 1842 4838 in
1869 4801 1956 4838 ar-
2035 4784 2217 4838 venda
2258 4785 2542 4839 minorum
2571 4783 2740 4838 verba
2784 4783 3075 4838 humiliter
3115 4783 3328 4838 audivit
3367 4783 3514 4849 (Act.
3557 4787 3652 4854 v).

2037 4873 2168 4928 Hinc
2195 4873 2254 4927 in
2283 4873 2458 4928 Paulo
2496 4880 2554 4928 et
2596 4889 2796 4928 manus
2835 4871 3297 4944 persequentium
3345 4872 3662 4929 humiliter

2036 4962 2287 5033 pertulit,
2316 4967 2374 5016 et
2390 4969 2582 5017 tamen
2608 4962 2668 5016 in
2688 4956 3126 5016 circumcisionis
3146 4960 3371 5030 negotio
3393 4961 3562 5032 longe
3577 4980 3660 5018 se

2034 5050 2267 5122 imparis
2286 5051 2488 5122 prioris
2510 5068 2739 5106 sensum
2754 5051 3028 5105 audenter
3044 5049 3352 5120 increpavit
3367 5050 3502 5120 (Act.
3524 5063 3624 5120 xv)
3638 5095 3660 5108 .

359 4890 436 4927 cae
462 4869 731 4924 fabricam
748 4870 934 4925 studio
955 4871 1105 4941 longi
1131 4871 1339 4926 laboris
1368 4871 1632 4936 exercuit,
1668 4878 1726 4926 et
1745 4872 1954 4926 mundo

297 4967 300 4970 ’
359 4960 720 5032 superstitem
745 4959 837 5031 pio
866 4977 1034 5032 opere
1063 4960 1369 5014 exercendo
1401 4960 1642 5014 servavit
1675 4961 1825 5028 (Gen.
1854 4964 1950 5030 v1).

359 5051 490 5107 Haec
517 5067 618 5121 per
655 5050 784 5104 Sem
826 5055 884 5103 et
911 5049 1154 5120 Japheth
1182 5049 1471 5103 humiliter
1511 5050 1825 5104 verecunda
1853 5067 1953 5120 pa-

356 5141 460 5195 tris
490 5138 732 5206 erubuit,
763 5143 820 5192 et
848 5141 1162 5209 superjecto
1177 5138 1356 5193 dorsis
1373 5139 1560 5210 pallio,
1584 5155 1669 5204 ea,
1696 5155 1818 5210 qua:
1839 5155 1954 5205 non

362 5227 599 5294 videbat,
618 5227 909 5282 abscondit
931 5227 1080 5295 (Gen.
1103 5227 1202 5298 1x).
1226 5228 1357 5282 Haec
1385 5227 1624 5282 Abrahae
1643 5228 1949 5294 dexteram,

363 5318 496 5390 quia
515 5318 588 5372 ad
617 5321 859 5372 mortem
887 5316 986 5370 ﬁlii
1020 5315 1330 5371 obediendo
1355 5316 1571 5383 extulit,
1603 5317 1754 5372 hunc
1781 5317 1954 5389 prolis

355 5409 682 5474 innumerae,
713 5405 968 5477 gentium
1005 5410 1225 5476 patrem
1265 5405 1398 5460 fecit
1429 5406 1578 5476 (Gen.
1625 5409 1778 5478 xxn).
1821 5407 1954 5462 Haec

359 5499 517 5551 Isaac
553 5499 820 5562 mentem,
861 5495 993 5566 quia
1021 5511 1242 5566 semper
1275 5495 1348 5549 ad
1383 5495 1720 5550 munditiam
1745 5495 1946 5562 tenuit,

2036 5139 2322 5212 Multiplex
2342 5157 2474 5210 ergo
2494 5141 2604 5194 ista
2618 5141 2704 5194 lex
2717 5139 2818 5194 Dei
2831 5145 2935 5206 est,
2951 5155 3073 5210 qua:
3083 5137 3320 5208 singulis
3336 5154 3528 5192 rerum
3548 5155 3662 5194 ar-

2035 5228 2222 5282 ticulis
2232 5245 2345 5283 non
2353 5233 2671 5300 permutata
2683 5228 2942 5298 congruit
2951 5233 3009 5282 et
3019 5227 3205 5281 causis
3217 5243 3276 5280 se
3285 5226 3660 5283 variantibus

2036 5333 2148 5372 non
2165 5317 2381 5372 variata
2402 5317 2710 5388 conjungit.
2733 5319 2808 5385 (Η
2809 5319 2929 5387 fer.)
2951 5315 3142 5371 Sciens
3159 5315 3365 5370 Paulus
3389 5316 3515 5385 ejus
3529 5315 3660 5372 Dei

2036 5423 2156 5462 esse
2179 5424 2239 5461 se
2267 5407 2558 5472 cultorem,
2582 5406 2678 5477 qui
2703 5406 2879 5460 nollet
2909 5411 3152 5460 mortem
3186 5403 3515 5475 peccatoris,
3532 5408 3660 5462 sed

2033 5495 2437 5566 paenitentiam,
2445 5500 2740 5565 etexcepta
2750 5494 3277 5563 Trinitate,omnem
3287 5498 3654 5564 creaturam,
