3880 6146
253 301 340 357 369

653 297 1233 354 ENARRATIONUM
1270 299 1347 354 IN
1387 299 1541 354 EPP.
1584 299 1797 356 PAULI
1837 303 1953 357 LIB
1990 303 2135 357 XVI.
2173 333 2237 344 —
2269 302 2347 356 IN
2386 303 2608 358 EPIST.
2651 305 2748 359 AD
2787 305 3042 362 GALAT.

3271 366 3282 373 .
3382 311 3486 366 370

251 431 360 482 licet
376 443 478 480 non
500 433 704 498 peccet,
725 433 918 480 tamen
937 442 1100 496 posse
1129 441 1378 496 peccare,
1402 441 1534 479 eum
1561 442 1803 497 quoque,
1825 427 1867 487 Α
1887 431 1945 482 et
1965 431 2026 482 tu
2057 427 2255 495 cadas;
2289 428 2408 495 sed,
2444 445 2509 482 ne
2543 435 2590 483 et
2621 435 2680 484 tu
2705 434 2947 484 tenteris.
2972 432 3132 487 Vinci
3163 435 3374 507 quippe
3405 439 3490 492 vel

247 517 327 590 qui
340 515 591 587 spiritalis
623 521 732 580 est,
761 516 1089 570 cohortatur
1115 514 1202 569 sui
1231 513 1452 580 timore,
1495 532 1565 568 ne
1595 522 1804 585 peccet,

245 621 447 660 manum
462 605 750 676 porrigere
763 604 1067 659 corruenti.
1094 604 1163 657 Et
1202 604 1434 674 pulchre
1463 620 1810 676 praeoccupa-

243 693 409 749 tumin
419 693 616 748 delicto
629 693 918 747 hominem
930 699 1107 758 vocat,
1125 692 1220 763 qui
1245 693 1388 746 mori
1400 693 1594 764 possit,
1610 710 1676 746 ex
1687 694 1808 764 ipso

243 783 440 838 nomine
459 782 825 852 fragilitatem
839 781 1175 836 conditionis
1197 782 1517 848 ostendens,
1532 782 1808 852 utdignus

237 873 299 926 sit
314 873 482 938 venia,
507 871 620 943 qui,
644 872 800 926 velut
828 873 995 926 homo
1016 887 1206 925 errore
1225 871 1490 942 deceptus
1514 877 1572 924 et
1590 888 1806 926 mersus

239 963 285 1016 in
299 962 628 1032 voraginem,
662 961 914 1032 seipsum
946 961 1068 1015 sine
1097 961 1304 1015 auxilio
1326 966 1384 1013 et
1401 961 1661 1030 adjutore
1693 960 1805 1014 eri-

231 1067 346 1121 gere
363 1067 469 1104 non
497 1051 693 1122 possit.
719 1050 972 1121 Spiritali
991 1055 1183 1104 autem
1205 1066 1318 1103 non
1346 1049 1575 1104 additur
1595 1050 1764 1104 homo
1789 1069 1801 1103 :

233 1141 314 1193 sed
341 1139 492 1210 quasi
523 1140 642 1194 Deo
671 1139 1010 1210 praecipitur,
1035 1143 1100 1192 ut
1129 1139 1418 1192 hominem
1457 1156 1805 1210 praeoccupa-

233 1238 336 1282 tum
353 1229 407 1281 in
435 1228 641 1282 delicto
670 1229 938 1294 instruat,
971 1227 1106 1294 sive,
1139 1234 1203 1281 ut
1245 1228 1448 1282 melius
1476 1227 1717 1282 habetur
1743 1229 1805 1283 in

230 1321 414 1384 Graeco,
447 1319 709 1388 perﬁciat
737 1321 801 1372 in
825 1321 1032 1388 spiritu
1056 1320 1324 1372 lenitatis.
1345 1317 1452 1381 Qui
1471 1322 1662 1372 autem
1681 1335 1804 1388 per-

229 1408 388 1460 ﬁcitur
417 1423 528 1460 non
559 1407 614 1461 ei
637 1407 847 1462 desunt
865 1407 1144 1472 universa,
1177 1406 1276 1460 sed
1307 1407 1516 1476 aliqua.
1548 1407 1801 1477 Denique

226 1496 264 1549 si
289 1512 393 1550 non
423 1497 668 1566 peccatis
697 1495 970 1568 pluribus,
1003 1496 1102 1550 sed
1138 1496 1274 1550 vitio
1305 1495 1492 1566 aliquo
1528 1513 1801 1566 praeoccu-

223 1591 368 1655 patus
404 1585 636 1650 erravit,
672 1585 925 1639 lenitatis
955 1585 1219 1656 spiritum
1259 1591 1316 1638 et
1350 1585 1800 1640 mansuetudinis

223 1674 272 1728 in
303 1675 646 1728 correctione
687 1675 966 1744 peccantis
997 1674 1266 1744 spiritalis
1301 1673 1584 1739 adhibeat,
1629 1691 1698 1728 ne
1727 1674 1799 1728 ri-

1890 517 2132 584 vincere,
2163 534 2571 588 nonnunquam
2595 518 2654 571 in
2685 525 2880 574 nostra
2913 527 2999 575 est
3023 527 3304 592 potestate
3336 544 3348 578 :
3381 544 3489 582 caa-

1891 611 2077 659 terum
2114 607 2342 673 tentari,
2377 607 2436 661 in
2466 612 2742 678 potestate
2778 610 3052 671 tentantis
3081 618 3169 666 est
3202 630 3213 664 :
3243 613 3291 666 si
3336 615 3489 670 enim

1893 694 2148 775 Salvator
2171 699 2421 750 tentatus
2451 703 2553 763 est,
2597 697 2723 767 quis
2752 703 2939 768 potest
2986 715 3108 754 esse
3135 718 3365 758 securus
3402 705 3492 759 in-

1891 787 2170 837 tentatum
2193 801 2252 837 se
2284 784 2410 839 vitae
2438 785 2607 856 hujus
2639 787 2820 840 maria
2841 789 3125 844 transire?
3163 791 3269 855 Qui
3289 797 3493 864 putant

1889 872 2128 926 Paulum
2143 873 2306 942 juxta
2326 873 2708 930 humilitatem
2743 882 2799 930 et
2825 893 2939 930 non
2957 895 3086 932 vere
3107 879 3312 936 dixisse
3339 899 3350 934 :
3370 883 3490 937 Etsi

1888 963 2182 1029 imperitus
2220 979 2486 1030 sermone,
2522 971 2839 1020 nontamen
2869 970 3099 1022 scientia
3131 971 3209 1037 (II
3239 972 3360 1026 Cor.
3385 973 3484 1042 x1),

1887 1049 2191 1104 defendant
2219 1051 2388 1122 hujus
2416 1052 2522 1107 loci
2543 1055 3020 1126 consequentiam.
3050 1057 3258 1114 Debuit
3278 1061 3483 1132 quippe

1887 1139 2196 1193 secundum
2225 1141 2481 1195 ordinem
2501 1143 2686 1196 dicere
2714 1160 2725 1194 :
2760 1145 2869 1210 Vos,
2905 1149 3004 1214 qui
3037 1151 3315 1216 spiritales
3335 1153 3482 1217 estis,

1886 1227 2148 1283 instruite
2158 1230 2478 1298 hujusmodi
2489 1233 2550 1284 in
2560 1234 2767 1300 spiritu
2781 1236 3046 1300 lenitatis,
3064 1236 3484 1294 considerantes

1884 1318 2269 1388 vosmetipsos,
2298 1335 2368 1372 ne
2389 1325 2447 1373 et
2473 1337 2569 1373 vos
2596 1321 2914 1387 tentemini,
2947 1330 3005 1376 et
3033 1341 3144 1378 non
3170 1326 3378 1396 plurali
3403 1327 3486 1382 in-

1883 1405 2032 1460 ferre
2059 1424 2359 1462 numerum
2389 1409 2755 1478 singularem.
2781 1411 3050 1466 Hebraeus
3079 1412 3254 1484 igitur
3277 1432 3344 1469 ex
3375 1417 3484 1470 He-

1885 1494 2048 1549 braeis
2065 1502 2122 1549 et
2135 1497 2230 1568 qui
2252 1503 2398 1551 esset
2427 1498 2484 1551 in
2504 1500 2803 1553 vernaculo
2829 1517 3089 1556 sermone
3103 1503 3484 1571 doctissimus,

1881 1584 2186 1656 profundos
2223 1603 2422 1640 sensus
2453 1587 2639 1642 aliena
2665 1588 2860 1658 lingua
2889 1591 3204 1662 exprimere
3233 1609 3347 1648 non
3390 1611 3482 1648 va-

1880 1671 2048 1740 lebat,
2081 1690 2184 1728 nec
2211 1674 2442 1730 curabat
2482 1693 2824 1748 magnopere
2855 1679 2924 1732 de
2958 1678 3157 1747 verbis,
3193 1698 3324 1736 cum
3351 1699 3481 1737 sen-

217 1763 382 1832 gidus,
405 1780 476 1816 ne
495 1763 682 1818 iratus
711 1769 770 1818 et
786 1763 966 1818 tristis
985 1763 1266 1834 corrigere
1287 1763 1475 1834 cupiat
1493 1771 1798 1832 errantem,
1815 1754 1862 1814 B
1878 1778 2004 1816 sum
2031 1762 2266 1817 haberet
2296 1764 2355 1817 in
2382 1770 2527 1818 tuto.

217 1851 298 1905 sed
319 1858 578 1922 provocet
605 1868 737 1906 eum
761 1852 1042 1922 spondens
1073 1852 1332 1920 salutem,
1353 1853 1573 1906 veniam
1603 1870 1798 1924 repro-

215 1941 423 1994 mittens
448 1958 459 1992 :
494 1941 715 1994 Christi
741 1941 1131 1995 testimonium
1161 1941 1428 2012 proferat,
1465 1942 1613 2012 quod
1641 1943 1798 2011 gravi

215 2027 335 2096 legis
349 2035 404 2082 et
423 2034 792 2099 peccatorum
811 2045 979 2083 onere
994 2029 1309 2100 depressos,
1331 2031 1403 2083 ad
1415 2031 1619 2100 jugum
1630 2047 1797 2085 suum

213 2133 379 2180 suave,
407 2123 464 2170 et
501 2118 631 2171 leve
651 2118 850 2172 invitet
874 2135 1016 2172 onus
1038 2135 1049 2169 :
1073 2123 1139 2172 ut
1160 2117 1398 2183 discant,
1417 2118 1550 2188 quia
1564 2119 1798 2172 humilis

215 2206 276 2258 sit
291 2211 344 2258 et
357 2205 527 2270 mitis,
543 2214 610 2260 et
629 2213 957 2261 mansuetus
975 2207 1142 2260 corde
1162 2213 1220 2260 et
1237 2207 1528 2261 inveniant
1545 2209 1798 2278 requiem

213 2294 483 2349 animabus
500 2295 630 2350 suis
644 2296 862 2366 (Matth.
875 2301 972 2365 x1).
992 2297 1232 2350 Utamur
1242 2297 1346 2350 hoc
1367 2296 1692 2351 testimonio
1704 2297 1798 2351 ad-

211 2385 408 2438 versum
435 2385 758 2450 haereticos,
787 2385 900 2456 qui,
918 2385 1266 2440 diversarum
1286 2387 1564 2455 ﬁngentes
1583 2385 1798 2441 fabulas

216 2477 547 2540 naturarum,
566 2473 736 2528 aiunt
753 2473 1067 2544 spiritalem
1081 2473 1288 2528 bonam
1303 2491 1423 2529 esse
1439 2475 1716 2541 arborem,
1741 2481 1799 2530 et

219 2577 312 2615 non
337 2563 514 2617 malos
547 2563 758 2616 afferre
787 2563 1019 2618 fructus.
1043 2564 1180 2618 Ecce
1201 2565 1521 2635 Apostolus,
1551 2565 1712 2635 cujus
1743 2570 1802 2618 et

213 2651 306 2720 ipsi
331 2653 739 2706 auctoritatem
772 2658 1103 2724 sequuntur,
1136 2653 1274 2707 dicit
1305 2669 1401 2707 eos
1432 2653 1529 2724 qui
1571 2653 1798 2724 spirita-

215 2737 283 2792 les
306 2747 431 2794 sunt
451 2757 628 2812 posse
657 2758 908 2812 peccare,
935 2741 982 2796 si
1003 2758 1103 2812 per
1121 2741 1478 2796 altitudinem
1501 2742 1684 2796 cordis
1714 2742 1801 2796 sui

189 2829 456 2884 .inllentur
481 2835 542 2884 et
575 2837 851 2885 corruant
902 2849 912 2883 :
958 2832 1106 2902 quod
1149 2837 1207 2885 et
1243 2848 1346 2886 nos
1383 2848 1608 2902 quoque
1655 2831 1798 2886 fate-

205 2925 394 2984 mur.et
413 2917 644 2998 χοῖκοὺς
653 2920 936 2991 spiritales
948 2920 1143 2986 ﬁeri,si
1155 2921 1227 2974 ad
1241 2921 1476 2974 meliora
1483 2926 1794 2974 vertantur.

1953 1853 2098 1905 Nam
2124 1854 2176 1905 si
2201 1855 2324 1921 quis
2339 1855 2617 1906 existimat
2635 1870 2688 1906 se
2699 1857 2920 1922 aliquid
2939 1872 3063 1923 esse,
3078 1873 3204 1912 cum
3223 1861 3476 1926 nihitsit,

1880 1943 1990 2008 ipse
2005 1957 2056 1993 se
2075 1942 2300 1994 seducit.
2323 1943 2466 2010 Opus
2482 1948 2672 1996 autem
2688 1959 2855 1997 suum
2868 1947 3058 2012 probet
3077 1952 3477 2019 unusquisque,

1878 2034 1928 2082 et
1947 2032 2101 2083 sicin
2125 2033 2404 2098 semetipso
2429 2036 2650 2084 tantum
2670 2034 2913 2100 gloriam
2946 2033 3176 2101 habebit,
3203 2043 3252 2090 et
3272 2053 3385 2092 non
3416 2042 3482 2094 in

1877 2117 2508 2186 altero.(Amb.)Verum
2524 2125 2628 2187 est,
2648 2137 2750 2174 nec
2768 2121 2908 2174 latet
2921 2127 3424 2196 quemquam,quia
3435 2128 3482 2182 si

1881 2213 2040 2261 actus
2054 2213 2277 2262 nostros
2289 2213 2346 2262 et
2364 2214 2614 2262 mentem
2630 2209 3246 2276 consideremus,nullis
3268 2230 3370 2268 nos
3385 2232 3482 2269 an-

1881 2296 2224 2368 teponimus,
2259 2303 2316 2350 et
2341 2315 2445 2351 nec
2472 2297 2633 2351 facile
2656 2315 2997 2368 quemquam
3010 2300 3360 2370 judicamus:
3383 2305 3481 2374 qui

1881 2392 2072 2440 autem
2119 2386 2424 2463 extollitur,
2475 2386 2634 2457 quasi
2679 2386 2890 2457 aliquid
2927 2387 3020 2455 sit,
3074 2395 3227 2444 errat
3259 2408 3269 2442 :
3303 2393 3484 2448 nescit

1882 2475 2032 2528 enim
2064 2475 2198 2546 quia
2228 2476 2298 2528 de
2331 2475 2648 2530 humilitate
2688 2475 2975 2530 crescitur.
3021 2477 3209 2532 Verba
3235 2479 3386 2534 enim
3425 2487 3484 2537 et

1878 2569 2040 2635 gesta
2067 2564 2370 2618 Salvatoris
2397 2570 2528 2618 ante
2557 2564 2746 2618 oculos
2773 2581 2886 2619 non
2909 2565 3096 2634 habet,
3133 2567 3228 2638 qui
3259 2585 3387 2623 cum
3407 2571 3484 2625 sit

1881 2653 2136 2707 omnium
2162 2653 2456 2720 Dominus,
2490 2653 2806 2710 humiliavit
2842 2671 2921 2721 se,
2954 2661 3020 2710 ut
3048 2655 3210 2711 nobis
3238 2657 3478 2713 formam

1883 2741 2061 2808 daret,
2097 2743 2232 2813 quid
2270 2743 2430 2814 sequi
2460 2742 2809 2810 deberemus,
2851 2744 2897 2797 si
2939 2761 3190 2800 crescere
3221 2747 3476 2815 velimus,

1881 2835 1938 2885 et
1958 2831 2005 2884 si
2035 2848 2139 2885 nos
2163 2831 2527 2902 erigeremus,
2560 2833 2983 2902 inclinaremur,
3016 2835 3164 2906 quod
3208 2835 3344 2890 facit
3369 2838 3478 2892 im-

1880 2921 2081 2992 peritia
2091 2921 2488 2986 cordisinﬂati,
2503 2927 2568 2976 ut
2588 2923 2738 2994 apud
2755 2923 3014 2977 homines
3035 2925 3479 2981 commendatior

213 3007 412 3078 Opponi
430 3007 608 3063 nobis
637 3013 824 3079 potest
850 3007 1006 3074 illud,
1043 3009 1191 3079 quod
1221 3009 1292 3064 ad
1313 3009 1634 3064 Corinthios
1666 3009 1800 3063 scri-
1824 3081 1853 3084 _
1871 3010 2151 3064 videatur.
2186 3011 2468 3082 Spemens
2515 3011 2668 3065 enim
2705 3017 2764 3065 et
2791 3011 3103 3082 despiciens
3131 3019 3473 3084 peccatores,

209 3087 342 3149 bitur
364 3115 374 3149 :
395 3098 546 3164 Quid
561 3100 740 3156 uultis
756 3097 781 3150 ?
799 3099 868 3152 In
887 3101 1046 3166 virga
1064 3112 1286 3152 veniam
1303 3100 1378 3152 ad
1395 3115 1584 3165 ros,an
1595 3102 1658 3153 in
1672 3101 1797 3154 cha-
1813 3081 1854 3140 C
1871 3100 2092 3170 justum
2121 3116 2181 3154 se
2211 3081 2386 3154 videri
2416 3101 2723 3166 contendit,
2747 3081 2909 3154 sicuti
2939 3107 2998 3154 et
3030 3081 3347 3158 Pharisaeus
3381 3081 3476 3158 ille

204 3187 348 3240 ritate
360 3191 643 3256 etspiritu
655 3188 1140 3240 mansuetudinis?
1160 3189 1212 3254 (Ι
1227 3187 1348 3242 Cor.
1365 3190 1462 3256 Iv.)
1481 3187 1540 3241 Si
1553 3187 1793 3242 enimibi

204 3274 264 3326 ad
273 3283 558 3345 pecatores
572 3276 762 3330 nonin
772 3275 974 3346 spiritu
985 3275 1448 3342 mansuetudinis,
1459 3276 1555 3330 sed
1567 3275 1624 3329 in
1636 3277 1795 3346 virga

205 3364 372 3418 venire
388 3383 450 3419 se
471 3365 641 3429 dicit,
659 3364 940 3435 quomodo
959 3380 1109 3418 nunc
1125 3364 1237 3417 illis
1251 3364 1344 3435 qui
1369 3365 1428 3418 in
1460 3365 1647 3434 aliquo
1671 3382 1793 3436 pec-

203 3457 310 3506 cato
329 3454 610 3524 praeventi
629 3453 858 3519 fuerint,
875 3469 987 3507 non
1002 3453 1218 3524 virgam
1235 3453 1480 3518 adhibet,
1506 3453 1602 3506 sed
1625 3454 1793 3524 spiri-

205 3547 309 3595 tum
329 3543 794 3597 mansuetudinis
815 3543 838 3594 ’ἲ
867 3542 1076 3596 Verum
1108 3541 1184 3595 ibi
1213 3542 1284 3595 ad
1325 3559 1420 3596 eos
1441 3541 1663 3610 dicitur,
1696 3543 1793 3613 qui

204 3637 313 3698 post
329 3637 635 3702 peccatum
655 3648 768 3686 non
797 3631 1106 3685 sentientes
1135 3647 1387 3684 errorem
1415 3648 1600 3696 suum,
1649 3631 1798 3685 nole-

203 3715 323 3772 bant
337 3720 661 3791 majoribus
673 3719 856 3788 subdi,
873 3725 930 3773 et
944 3719 1278 3790 poenitentia
1295 3720 1520 3791 corrigi.
1536 3719 1643 3774 Ubi
1667 3736 1798 3774 vero

202 3815 442 3876 peccator
460 3809 799 3879 intelligens
831 3809 1034 3862 vulnus
1067 3825 1256 3874 suum,
1289 3809 1464 3862 tradit
1495 3809 1713 3862 medico
1737 3826 1798 3862 se

205 3899 620 3964 curandum,ibi
642 3915 755 3952 non
777 3904 864 3952 est
891 3898 1051 3968 virga
1078 3898 1412 3963 necessaria,
1447 3899 1546 3952 sed
1568 3898 1802 3968 spiritus

210 3986 460 4042 lenitatis.
488 3989 612 4043 Sed
627 3993 684 4042 et
705 3987 844 4041 illud
857 3987 998 4041 forte
1020 3994 1323 4057 quaeratur,
1352 3987 1500 4057 quod
1517 3987 1563 4040 si
1581 3991 1804 4058 propte-

211 4090 292 4128 rea
320 4077 610 4132 instruere
631 4077 756 4148 quis
785 4076 989 4130 debeat
1017 4082 1368 4146 peccatorem
1397 4076 1455 4128 in
1497 4075 1700 4146 spiritu
1728 4075 1804 4129 le-

209 4165 406 4231 nitatis,
439 4167 588 4238 quia
615 4166 933 4220 consideret
947 4183 1026 4232 se,
1049 4183 1120 4220 ne
1141 4171 1198 4219 et
1221 4166 1341 4236 ipse
1360 4170 1640 4232 tentetur;
1667 4181 1801 4234 ergo

206 4254 394 4320 justus,
421 4257 522 4327 qui
545 4257 620 4310 de
631 4272 736 4310 sua
754 4261 939 4310 certus
951 4261 1038 4309 est
1055 4261 1264 4320 mente,
1285 4255 1382 4325 qui
1393 4254 1498 4308 scit
1513 4271 1626 4308 non
1638 4271 1802 4324 posse

1876 3205 2045 3258 quem
2081 3188 2356 3243 Dominus
2387 3189 2620 3244 denotat
2653 3191 2800 3256 (Luc.
2841 3193 3023 3258 xvm).
3059 3189 3329 3262 Nunquid
3360 3209 3474 3247 non

1873 3294 2002 3330 vere
2031 3277 2122 3330 hic
2142 3277 2440 3348 imperitus
2461 3285 2564 3344 est,
2593 3277 2688 3350 qui
2709 3279 2999 3349 praesentis
3017 3279 3210 3349 gloriae
3231 3282 3470 3352 cupidus

1875 3373 1962 3421 est
2006 3367 2030 3419 ?
2073 3366 2339 3436 Nunquid
2381 3384 2492 3420 non
2521 3383 2649 3420 vere
2695 3367 2764 3420 de
2801 3367 3004 3422 futuris
3043 3369 3324 3440 desperat,
3375 3371 3470 3442 qui

1875 3455 2190 3508 mercedem
2198 3455 2432 3525 justitiaz
2443 3456 2502 3509 in
2523 3457 2785 3526 praisenti
2797 3457 2916 3510 vult
2935 3459 3200 3529 consequi
3219 3459 3244 3512 Ἰ
3255 3459 3440 3524 Quare
3451 3460 3476 3512 'l

1875 3543 2019 3608 Quia
2042 3560 2156 3597 non
2180 3549 2266 3597 est
2289 3545 2548 3614 justusin
2569 3561 2755 3614 opere,
2783 3545 2881 3598 sed
2891 3562 2994 3616 per
3005 3545 3288 3601 fallaciam
3317 3547 3481 3617 ﬁngit

1874 3631 2292 3702 justitiam.Qui
2309 3632 2460 3686 enim
2475 3633 2593 3686 vult
2603 3634 2792 3702 justus
2804 3635 3198 3700 esse,alterum
3215 3635 3322 3690 sibi
3341 3651 3481 3707 pm-

1881 3720 2056 3790 ponit,
2089 3726 2154 3773 ut
2191 3737 2319 3773 vere
2343 3721 2533 3789 justus
2582 3719 2674 3772 sit.
2724 3721 3121 3791 Unusquisque
3151 3721 3303 3776 enim
3349 3723 3480 3794 plus

1884 3809 2034 3862 mala
2054 3825 2158 3862 sua
2183 3808 2304 3874 scit,
2341 3825 2512 3879 quam
2531 3808 2786 3862 alterius.
2824 3827 2850 3860 «
2888 3809 3285 3881 Unusquisque
3315 3827 3477 3865 suam

1883 3897 2163 3951 sarcinam
2193 3897 2456 3968 portabit.
2484 3917 2510 3950 »
2530 3897 2616 3951 Ad
2628 3901 2978 3968 postremum
2993 3898 3099 3952 hoc
3117 3899 3293 3953 voluit
3321 3899 3480 3954 inno-
3522 3959 3529 3964 ,

1883 3991 2096 4040 tescere
2125 3985 2400 4056 superbis,
2430 3986 2562 4058 quia
2593 4003 2706 4041 non
2736 3986 3133 4058 coinquinatur
3151 3989 3276 4059 quis
3299 3989 3481 4044 alieno

1886 4080 2132 4146 peccato,
2153 4075 2458 4130 dummodo
2485 4075 2878 4142 dissentiat,ut
2889 4093 3054 4130 nemo
3079 4084 3339 4132 vereatur
3352 4081 3483 4148 jun-

1881 4181 2015 4234 gere
2030 4181 2090 4218 se
2109 4165 2406 4236 peccaturi,
2429 4166 2901 4227 autaccedentem
2923 4167 2994 4220 ad
3009 4183 3070 4220 se
3089 4167 3392 4238 suscipere,
3417 4174 3481 4222 ut

1883 4270 2014 4307 eum
2034 4254 2300 4308 lucretur.
2335 4255 2480 4308 Nam
2497 4257 2561 4307 .si
2588 4258 2710 4324 quis
2731 4259 3020 4329 existimat
3038 4273 3090 4310 se
3115 4270 3222 4310 esse
3239 4259 3480 4326 aliquid,

1883 4359 2009 4396 cum
2039 4344 2182 4397 nihil
2209 4346 2299 4408 sit,
2315 4360 2368 4396 se
2389 4347 2570 4412 ipsum
2591 4347 2818 4398 seducit.
2847 4344 3122 4410 (Hieron.)
3147 4344 3205 4398 Si
3228 4345 3353 4414 quis
3367 4361 3480 4398 non

210 4344 395 4408 selabi,
422 4362 542 4399 non
565 4345 850 4398 instruere
860 4344 1027 4398 debet
1043 4343 1464 4415 peccatoremin
1485 4343 1687 4414 spiritu
1717 4343 1802 4397 le-

211 4431 388 4486 nitatis
407 4435 432 4486 ?
452 4435 542 4488 Ad
562 4434 715 4504 quod
734 4433 1003 4488 dicimus:
1029 4434 1098 4487 Et
1112 4433 1159 4487 si
1183 4432 1377 4486 vicerit
1388 4433 1598 4502 justus,
1620 4401 1864 4486 sciensD
1881 4433 2002 4486 vult
2027 4449 2199 4486 onera
2233 4431 2419 4486 aliena
2444 4438 2688 4504 portare,
2715 4438 2774 4486 et
2792 4431 3190 4485 immisericors
3215 4448 3317 4486 suo
3351 4437 3481 4487 tau-

210 4527 403 4590 quanto
431 4522 634 4577 labore
681 4522 1048 4593 superaverit,
1089 4521 1269 4592 magis
1301 4521 1552 4592 peccanti
1579 4521 1800 4576 veniam
1880 4527 2004 4574 tum
2033 4538 2199 4592 opere
2246 4527 2304 4575 et
2346 4521 2554 4574 virtute
2598 4526 2892 4574 contentus
2935 4524 3038 4584 est,
3073 4535 3185 4573 non
3228 4537 3484 4607 quaerens

212 4607 485 4680 largietur.
523 4613 677 4666 Nam
707 4615 766 4664 et
795 4611 1050 4666 Salvator
1085 4615 1384 4682 propterea
1413 4615 1664 4665 tentatus
1693 4615 1796 4678 est,
1883 4627 2005 4680 quae
2036 4611 2222 4664 aliena
2250 4615 2400 4675 sunt,
2433 4609 2532 4663 sed
2555 4626 2678 4680 quin
2713 4625 2833 4673 sua,
2863 4608 2970 4661 hoc
3001 4614 3106 4675 est,
3142 4609 3230 4662 sui
3259 4615 3480 4665 tantum

204 4698 349 4766 juxta
374 4702 580 4755 omnia
603 4699 767 4754 nobis
787 4699 988 4754 similis
1017 4699 1228 4771 absque
1257 4705 1484 4771 peccato
1506 4701 1796 4770 (Hebr.1v),
1881 4704 2118 4766 amator,
2143 4704 2200 4752 et
2219 4715 2334 4752 non
2353 4699 2525 4752 etiam
2542 4696 2662 4762 Dei,
2679 4697 2799 4768 ipse
2822 4713 2882 4750 se
2903 4697 3138 4752 seducit.
3165 4698 3479 4769 Dupliciter

210 4793 264 4840 ut
280 4789 454 4858 possit
471 4789 726 4860 compati
744 4794 802 4843 et
819 4789 1115 4843 condolere
1130 4788 1552 4842 inﬁrmitatibus
1567 4790 1795 4856 nostris,
1881 4793 2072 4842 autem
2100 4788 2211 4858 legi
2233 4793 2418 4858 potest
2445 4792 2613 4858 atque
2633 4785 2907 4856 distingui
2942 4804 2953 4839 :
2987 4786 3108 4854 Vel,
3140 4790 3191 4840 si
3209 4791 3334 4856 quis
3360 4791 3476 4842 exi-

210 4891 297 4930 suo
321 4878 524 4934 doctus
541 4879 819 4950 exemplo,
855 4895 1025 4949 quam
1055 4878 1296 4932 difﬁcilis
1325 4878 1400 4932 sit
1421 4878 1482 4931 in
1504 4893 1673 4931 carne
1692 4878 1800 4932 vic-
1880 4880 2070 4930 stimat
2093 4894 2146 4930 se
2175 4893 2279 4930 esse
2307 4877 2545 4945 aliquid,
2579 4891 2704 4930 cum
2737 4876 2882 4930 nihil
2911 4879 3004 4943 sit,
3037 4875 3123 4930 vel
3151 4876 3251 4943 ita,
3283 4879 3334 4930 si
3354 4881 3481 4946 quis

211 4968 356 5020 toria.
383 4969 442 5023 Si
465 4968 597 5040 quis
625 4969 785 5038 virgo
807 4969 877 5022 ad
899 4973 1184 5022 senectam
1212 4984 1391 5038 usque
1404 4967 1798 5038 permanserit,
1885 4968 2161 5020 existimat
2182 4982 2235 5018 se
2261 4981 2366 5019 esse
2392 4966 2633 5033 aliquid,
2667 4969 2732 5018 ut
2759 4969 2956 5035 postea
2991 4963 3318 5030 inferamus,
3353 4982 3480 5020 cum

214 5052 448 5124 ignoscat
478 5059 557 5124 ei,
582 5057 684 5128 qui
712 5057 1102 5112 adolescentiae
1127 5057 1411 5127 quondam
1441 5057 1626 5110 calore
1647 5056 1804 5109 dece-
1886 5056 2035 5109 nihil
2071 5057 2162 5121 sit,
2199 5057 2308 5123 ipse
2336 5071 2388 5107 se
2415 5056 2641 5108 seducit.
2679 5055 2748 5108 Et
2774 5053 2954 5124 magis
2982 5054 3042 5107 in
3077 5053 3270 5107 Graeco
3310 5069 3480 5124 quam

216 5149 324 5211 ptus
339 5154 444 5214 est,
459 5147 650 5200 sciens
662 5147 890 5217 quantis
908 5145 1497 5200 difﬁcultatibusillam
1511 5145 1804 5199 transierit
1887 5143 1946 5196 in
1973 5144 2172 5198 Latino
2195 5148 2421 5196 resonat
2446 5143 2557 5197 ista
2584 5144 2873 5198 distantia.
2907 5141 3119 5196 Prioris
3161 5141 3478 5198 distinctio-

215 5240 439 5289 amiem.
478 5235 542 5289 Si
572 5235 697 5306 quis
719 5252 820 5306 pro
849 5236 1092 5290 nominis
1119 5235 1466 5289 confessione
1497 5235 1798 5300 cruciatus,
1884 5232 1972 5286 nis
2003 5233 2093 5286 hic
2123 5249 2321 5286 sensus
2351 5236 2437 5285 est
2478 5250 2488 5284 :
2535 5233 2643 5296 Qui
2671 5251 2730 5286 se
2771 5232 2984 5303 aliquid
3022 5230 3306 5286 existimat
3336 5249 3477 5302 esse,

215 5321 368 5377 alium
395 5325 454 5378 in
485 5325 788 5378 tormentis
819 5325 1020 5378 viderit
1049 5325 1219 5378 ﬁdem
1247 5324 1547 5394 denegare,
1572 5341 1801 5394 compa-
1887 5327 1942 5376 et
1961 5321 2101 5376 nihil
2124 5327 2227 5387 est,
2247 5322 2364 5392 ipse
2392 5338 2452 5374 se
2482 5321 2705 5393 decipit.
2750 5316 3040 5376 Secundus
3077 5337 3278 5375 sensus
3312 5322 3480 5376 altior

217 5408 372 5464 tiatur
397 5413 730 5468 vulneribus
743 5414 1048 5484 negatoris,
1073 5419 1130 5468 et
1151 5430 1263 5467 non
1282 5418 1402 5467 tam
1417 5413 1577 5467 illum
1596 5413 1802 5468 victum
1887 5417 1990 5479 est,
2022 5417 2080 5464 et
2107 5410 2203 5481 qui
2232 5410 2392 5464 nobis
2420 5411 2597 5481 magis
2627 5412 2836 5482 placet:
2859 5410 2916 5464 Si
2946 5409 3074 5480 quis
3101 5409 3394 5465 existimat
3418 5429 3479 5466 se

217 5514 367 5566 quam
400 5519 464 5555 se
495 5503 695 5556 vicisse
715 5503 971 5557 miretur.
992 5503 1286 5558 Cautelam
1308 5519 1532 5574 quoque
1562 5502 1805 5557 scriben-
1887 5517 2010 5555 esse
2039 5500 2270 5571 aliquid,
2312 5500 2371 5554 in
2423 5517 2488 5554 eo
2519 5501 2666 5572 quod
2708 5516 2768 5555 se
2794 5504 2958 5570 putat
2989 5517 3110 5554 esse
3149 5499 3380 5570 aliquid,
3425 5506 3483 5554 et

219 5587 280 5638 tis
307 5590 606 5658 attendite,
631 5592 764 5663 quia
791 5607 904 5648 non
931 5592 1138 5650 dixerit
1169 5613 1180 5646 :
1221 5592 1597 5647 Considerans
1627 5597 1704 5656 te,
1733 5609 1803 5646 ne
1887 5607 2000 5650 non
2029 5607 2096 5646 ex
2132 5589 2431 5644 clementia
2467 5589 2526 5644 in
2570 5589 2907 5662 proximum,
2941 5590 3062 5650 sed,
3085 5606 3152 5642 ex
3180 5604 3282 5642 suo
3313 5593 3478 5658 opere
