3892 6158
401 284 500 343 371

991 287 1054 340 Β.
1096 286 1370 346 ΒΑΒΑΞΝἱ
1409 285 1642 346 MAURI
1688 287 2005 348 ΑΒΟΗΗῬ

2089 285 2392 346 ΕΟΩΠΝΤ.
2431 286 2734 346 ΘΡΕΒῙῘΜ
2767 287 2956 345 PARS
2989 291 3094 348 ω.

3570 287 3674 346 372

407 417 465 466 et
484 411 673 468 labore
697 428 756 464 se
783 411 1020 481 liudicat,
1051 428 1153 466 sua
1181 415 1402 465 tantum
1446 412 1653 468 virtute
1681 417 2001 480 contentus,
2028 413 2067 472 A
2088 411 2228 467 rami
2250 412 2524 470 bonorum
2553 429 2788 484 operum
2805 395 3106 485 pullulent.
3142 416 3286 485 Opus
3311 419 3495 470 esttam
3517 429 3677 470 suum

406 502 514 558 iste
537 519 601 556 ex
633 501 734 555 hac
767 501 889 570 ipsa.
920 501 1246 571 arrogantia
1289 501 1428 556 nihil
1455 502 1539 567 ﬁt,
1581 507 1637 554 et
1663 501 1784 572 ipse
1814 519 1874 556 se
1901 503 2002 555 de-

403 591 558 661 cipit,
594 591 739 660 quod
770 590 972 644 melius
991 591 1050 644 in
1082 591 1272 646 Graeco
1303 591 1508 646 dicitur
1541 591 1877 662 φρεναπατᾷ,
1899 591 2006 646 hoc

408 686 513 746 est,
553 689 800 732 mentem
832 696 991 732 suam
1021 680 1231 750 decipit
1257 698 1268 732 :
1303 697 1404 751 pro
1421 696 1531 750 quo
1546 681 1779 736 Latinus
1800 680 2004 750 posuit,

408 787 461 821 se
485 771 597 836 ipse
623 769 850 820 seducit.
885 769 1133 824 Mentem
1163 776 1354 824 autem
1373 784 1534 824 suam
1565 769 1793 839 decipit,
1831 770 2007 839 quise

407 863 572 928 putat
591 874 711 910 esse
743 858 1080 928 sapientem,
1105 865 1161 912 et
1183 859 1492 912 secundum
1516 857 1721 914 Isaiam
1745 857 2007 926 :Sapie-ns

407 950 468 1000 in
499 963 551 1000 se
580 952 674 1012 est,
699 952 746 999 et
766 951 828 1000 in
849 953 1128 1016 conspectu
1151 964 1248 1000 suo
1268 940 1602 1014 z'ntclligc'ns.
1627 947 1710 1000 Ad
1723 947 2007 1003 circumci-

409 1035 647 1102 sionem,
674 1041 730 1089 et
760 1035 830 1089 ad
860 1036 1042 1106 legem
1075 1036 1156 1090 ita
1201 1037 1304 1092 loci
1341 1037 1510 1106 hujus
1547 1037 1898 1093 connectitur
1923 1037 2006 1092 in-

2083 504 2268 570 probet
2300 505 2700 572 unusquisque,
2722 503 2822 567 ait,
2846 509 2894 558 et
2915 510 3049 560 tunc
3067 509 3129 559 in
3147 508 3425 573 semetipsa
3439 507 3680 572 gloriam

2087 592 2320 656 habebit,
2352 596 2401 644 et
2441 606 2555 645 non
2585 595 2648 645 in
2679 594 2854 646 altera
2875 611 2894 658 ;
2923 609 3039 648 non
3057 593 3282 665 qundo
3309 593 3391 648 illi
3427 592 3682 664 perhibet

2092 678 2482 734 testimonium
2527 679 2723 748 lingua
2775 680 2978 748 aliena,
3021 681 3121 736 sed
3165 681 3388 753 quando
3428 680 3683 752 perhibet

2089 767 2432 825 conscientia
2455 767 2700 839 propria.
2757 769 3054 841 Interroga
3093 787 3192 826 cor
3218 776 3401 836 tuum,
3437 770 3571 840 quid
3611 769 3684 824 fe-

2088 856 2213 910 cisti
2243 863 2299 912 et
2329 856 2462 928 quid
2489 855 2569 913 ibi
2601 857 2862 928 appetisti
2891 859 3131 915 salutem
3162 865 3323 916 tuam
3359 859 3429 916 ad
3457 859 3680 914 laudem

2087 945 2379 1002 hominum
2411 952 2720 1004 ventosum.
2745 948 2906 1005 Intus
2925 947 3052 1004 vide
3070 967 3080 1000 :
3107 964 3240 1004 nam
3253 949 3421 1004 homo
3429 947 3682 1019 judicue

2087 1051 2198 1092 non
2222 1040 2406 1106 potest
2433 1045 2601 1105 Quem
2631 1035 2819 1092 videre
2851 1053 2964 1091 non
2993 1043 3176 1108 potest
3203 1056 3216 1104 ;
3249 1037 3358 1092 nisi
3383 1037 3571 1094 oneris
3586 1054 3683 1092 no-

2085 1140 2218 1181 men
2243 1123 2349 1178 sub
2377 1123 2610 1180 diversis
2629 1124 3133 1194 signiﬁcationibus
3163 1125 3544 1198 proculdubio
3581 1142 3682 1196 pu-

2083 1211 2248 1277 tabis,
2285 1213 2544 1270 eumdem
2593 1213 2698 1268 sibi
2741 1213 2800 1270 in
2843 1215 3124 1286 loquendo
3153 1231 3274 1270 esse
3313 1219 3680 1280 contmnam,

410 1125 665 1179 tellectus
689 1143 699 1176 :
728 1124 821 1194 qui
838 1125 1108 1195 spiritalis
1129 1132 1215 1180 est
1227 1131 1284 1179 et
1295 1124 1736 1180 misericordiam
1751 1125 1809 1180 in
1826 1125 2006 1196 proxi-

407 1230 564 1276 mum
587 1229 698 1268 non
713 1213 900 1278 habet,
917 1219 1282 1274 contemnens
1298 1214 1589 1277 humilem,
1612 1213 1745 1286 quia
1764 1214 1884 1285 ipse
1915 1232 2005 1268 su-

406 1301 632 1358 blimior
655 1308 757 1366 est,
793 1302 910 1372 ipse
951 1318 1010 1355 se
1052 1301 1276 1372 decipit,
1313 1302 1568 1356 nesciens
1597 1303 1741 1358 hanc
1773 1303 2004 1374 spiritus
2086 1309 2144 1355 et
2192 1302 2295 1356 hoc
2325 1301 2386 1356 in
2430 1318 2542 1356 una
2583 1303 2865 1357 sententia
2902 1310 3021 1360 tam
3049 1304 3228 1358 vicine
3249 1303 3444 1375 positis
3472 1303 3680 1369 verbis,

405 1408 527 1446 esse
547 1391 751 1460 legem,
789 1395 854 1444 ut
881 1407 982 1444 nos
1019 1391 1255 1445 invicem
1287 1390 1606 1462 diligamus.
1645 1392 1788 1460 Opus
1819 1398 2004 1446 autem
2087 1391 2182 1461 qui
2210 1407 2335 1446 cum
2359 1392 2524 1462 paulo
2555 1399 2685 1449 ante
2712 1392 2940 1458 diceret,
2966 1397 3113 1448 alter
3131 1397 3368 1448 alterius
3382 1409 3686 1462 oncrapor-

408 1497 576 1541 suum
593 1481 777 1548 probet
794 1483 1191 1549 unusquisque,
1207 1487 1255 1534 et
1286 1484 1364 1534 sic
1391 1484 1453 1534 in
1483 1485 1762 1549 semetipso
1784 1487 2004 1536 tantum
2089 1484 2212 1544 tale,
2249 1486 2444 1550 postea
2469 1480 2629 1544 dixit,
2650 1484 3330 1552 unusquisqueproprium
3341 1497 3480 1538 onus
3497 1487 3687 1550 porta-

403 1572 645 1637 gloriam
675 1569 906 1633 habebit,
949 1574 997 1621 et
1029 1585 1140 1622 non
1173 1573 1232 1624 in
1275 1573 1465 1624 alte-ro.
1507 1571 1716 1626 Sensus
1743 1571 1850 1624 iste
1879 1576 2000 1626 est:
2090 1569 2185 1621 bit.
2227 1567 2334 1622 Sed
2366 1568 2477 1628 alia
2519 1574 2653 1623 sunt
2680 1583 2853 1624 onera
2881 1569 3284 1640 participanda:
3313 1569 3683 1634 inﬁrmi-168,

409 1658 512 1722 Tu,
545 1657 644 1728 qui
673 1663 729 1710 te
759 1657 1003 1710 aestimas
1035 1658 1366 1728 spiritalem,
1401 1665 1458 1714 et
1493 1659 1563 1712 de
1593 1659 1827 1718 alterius
1855 1661 2008 1715 inﬁr-
2089 1655 2199 1708 alia
2219 1655 2517 1714 reddendae
2538 1656 2776 1713 rationis
2805 1658 2920 1712 Deo
2951 1658 3021 1712 de
3043 1657 3260 1713 actibus
3289 1659 3497 1714 nostris
3528 1677 3538 1710 :
3573 1659 3688 1712 alia

412 1746 608 1799 mitate
630 1745 914 1800 robustior
934 1764 1013 1812 es,
1043 1764 1155 1800 non
1177 1747 1346 1800 debes
1362 1746 1802 1807 imbecillitatem
1815 1749 2008 1819 jacen-
2023 1735 2069 1804 Β
2086 1761 2211 1799 cum
2226 1745 2494 1806 fratribus
2506 1747 2876 1804 sustentanda
2897 1748 3407 1813 communicantur,
3433 1748 3550 1804 hinc
3559 1763 3688 1818 pro-

407 1835 498 1900 tis,
517 1835 614 1889 sed
639 1841 796 1890 tuam
817 1835 1206 1890 fortitudinem
1230 1837 1604 1892 conside-rare.
1638 1837 1834 1908 Neque
1853 1838 2005 1892 enim

410 1925 458 1978 si
478 1924 622 1980 alius
653 1925 896 1995 perfecte
923 1941 1035 1980 non
1047 1930 1234 1996 potest
1257 1926 1326 1979 ad
1347 1926 1847 1982 Christianismum
1861 1929 2005 1982 aJu-

409 2013 625 2069 daismo
647 2013 909 2078 transire,
937 2013 1212 2069 idcircotu
1236 2015 1516 2086 perfectus
1537 2031 1596 2069 es
1613 2015 1966 2072 Christianus
1989 2035 2001 2084 ;

407 2101 506 2155 sed
534 2101 580 2158 si
602 2108 658 2156 te
679 2103 906 2174 propria
932 2103 1274 2159 conscientia
1297 2121 1410 2164 non
1431 2105 1734 2171 remordet,
1760 2105 1931 2159 habes
1949 2105 2010 2162 in

411 2191 708 2262 temetipso
727 2192 988 2261 gloriam,
1005 2199 1065 2246 et
1085 2206 1196 2246 non
1209 2193 1267 2252 in
1293 2194 1490 2249 altero.
1505 2195 1733 2250 Athleta
1751 2211 1864 2250 non
1883 2195 2008 2250 ideo

409 2279 573 2334 fortis
601 2286 685 2333 est
712 2281 847 2351 quia
887 2281 1058 2339 vincit
1087 2282 1396 2348 inﬁrmum,
1433 2289 1489 2339 et
1524 2283 1790 2354 languida
1817 2284 2010 2339 adver-

409 2369 548 2425 sarii
580 2369 833 2424 membra
863 2371 1165 2442 snperavit,
1199 2372 1296 2425 sed
1337 2372 1386 2424 si
1437 2371 1700 2430 rObustus
1729 2380 1835 2437 est,
1867 2379 1923 2426 et
1952 2373 2010 2427 in

419 2474 520 2512 sua
530 2457 878 2524 fortitudine,
902 2473 1014 2518 non
1037 2461 1094 2516 in
1118 2460 1445 2518 inﬁrmitate
1463 2461 1694 2520 alterius
1712 2462 2006 2532 gloriatur.

426 2547 670 2616 lntelligi
690 2553 874 2618 potest
887 2555 944 2602 et
955 2549 1119 2602 aliter
1141 2567 1150 2601 :
1169 2549 1278 2612 Qui
1292 2551 1690 2608 conscientiam
1705 2550 1876 2606 habet
1883 2568 2012 2622 ope-

423 2635 501 2688 ris
521 2634 650 2688 boni
673 2642 730 2689 et
749 2636 1004 2707 iseipsum
1026 2634 1388 2692 considerans
1415 2652 1554 2710 opus
1587 2655 1753 2695 suum
1788 2657 1898 2696 non
1921 2657 2010 2694 re-

421 2724 740 2794 prehendit,
765 2742 876 2780 non
907 2725 1074 2780 debet.
1090 2727 1158 2780 de
1187 2727 1291 2782 hoc
1313 2728 1462 2798 apud
1491 2729 1664 2783 alium
1689 2729 2014 2798 gloriari,et

2087 1833 2210 1904 pria
2241 1833 2312 1888 ab
2337 1850 2675 1905 unoquoque
2703 1841 3024 1906 portantur.

2159 1923 2531 1978 Communicet
2557 1929 2743 1978 autem
2793 1927 2860 1989 is,
2899 1928 3000 1994 qui
3031 1927 3403 1982 catechisatur
3427 1928 3608 1989 verba,
3645 1933 3690 1983 ct

2087 2015 2187 2081 qui
2204 2028 2256 2065 sc
2283 2013 2597 2078 catedn‘zat,
2622 2015 2685 2068 in
2705 2015 2962 2067 omnibus
2982 2015 3156 2068 bonis.
3173 2013 3378 2083 (Amb)
3399 2015 3688 2078 Hocdicit,

2093 2105 2158 2154 ut
2194 2099 2516 2157 doctoribus
2552 2101 2849 2162 audientes
2878 2102 3296 2160 communicent
3335 2103 3395 2158 in
3425 2103 3693 2160 omnibus

2091 2187 2270 2244 bonis.
2325 2189 2384 2246 Si
2415 2195 2604 2248 autem
2637 2190 2802 2245 aliter
2833 2197 3005 2261 agant
3055 2209 3226 2262 quam
3258 2192 3476 2258 docent,
3508 2193 3568 2248 in
3601 2193 3693 2246 his

2089 2277 2200 2340 illis
2246 2294 2358 2334 non
2397 2279 2946 2346 communicandum,
2979 2281 3080 2334 sed
3125 2281 3596 2347 dissentiendum,
3631 2289 3695 2336 ut

2091 2367 2271 2438 magis
2291 2368 2377 2424 lex
2397 2367 2498 2423 tibi
2519 2369 2630 2422 dux
2659 2369 2750 2434 sit,
2773 2381 2944 2440 quam
2967 2369 3134 2425 homo
3157 2369 3289 2424 :sibi
3308 2371 3460 2428 enim
3480 2371 3690 2438 oberit,

2092 2473 2204 2514 non
2242 2457 2382 2524 tibi;
2441 2458 2594 2528 quia,
2637 2475 2763 2528 quae
2808 2459 3043 2526 doceris,
3089 2459 3366 2515 observas.
3407 2462 3690 2530 (Hieron)

2094 2546 2342 2601 Marcion
2355 2547 2503 2605 hunc
2524 2547 2706 2602 locum
2730 2547 2810 2603 ita
2829 2547 3234 2619 interpretatus
3255 2556 3359 2614 est,
3377 2555 3442 2604 ut
3459 2557 3695 2620 putaret

2094 2635 2285 2695 fideles
2317 2641 2374 2689 et
2401 2637 2833 2694 catechumenos
2855 2637 3022 2692 simul
3042 2655 3203 2694 orare
3222 2638 3445 2704 debere,
3480 2646 3537 2693 et
3573 2657 3697 2694 ma-

2089 2725 2334 2794 gistrum
2356 2726 2770 2784 COlllmUhiCal‘e
2783 2726 2843 2782 in
2862 2727 3114 2782 oratione
3136 2727 3453 2798 discipulis;
3474 2728 3572 2784 illo
3605 2730 3696 2784 vel

426 2812 650 2868 laudem
681 2829 840 2868 suam
875 2814 1023 2875 foras
1052 2815 1306 2881 fundere,
1349 2822 1405 2869 et
1442 2818 1855 2875 communicare
1883 2835 2012 2873 cum
2095 2814 2338 2870 maxime
2365 2814 2564 2880 elatus,
2598 2815 2746 2885 quod
2782 2822 3074 2888 sequatur,
3112 2820 3175 2871 in
3201 2819 3459 2872 onmibus
3507 2819 3693 2874 bonis.

415 2901 650 2968 cunctis,
682 2909 740 2956 et
765 2920 834 2957 ex
855 2904 1149 2963 hominum
1186 2921 1435 2974 quaerere
1455 2905 1640 2964 favore
1657 2907 2008 2976 jactantiam,
2095 2903 2237 2960 Cum
2264 2903 2479 2974 utique,
2511 2903 2559 2958 si
2593 2904 2662 2958 de
2691 2905 2946 2963 oratione
2975 2905 3174 2962 fuisset
3201 2922 3408 2972 sermo,
3443 2920 3557 2963 non
3589 2907 3697 2962 de-

410 2991 512 3044 sed
535 2991 594 3045 in
621 2992 805 3067 seipso
838 2993 1043 3048 habeat
1070 2993 1311 3064 gloriam
1343 3000 1401 3048 et
1425 2995 1580 3055 dicat
1613 3013 1623 3047 :
1661 2997 1800 3051 Mihi
1825 3002 2011 3051 autem
2031 3054 2072 3067 ﬁ
2092 2989 2281 3050 buerit
2307 2992 2358 3046 ei
2384 2993 2630 3064 principi,
2673 2993 2768 3064 qui
2796 2994 3230 3061 cathechizatur,
3261 2995 3360 3050 sed
3383 2995 3437 3050 ei
3467 2996 3564 3066 qui
3592 3011 3696 3050 ca-

411 3079 552 3140 absit
581 3054 840 3148 gloriari,
867 3085 980 3136 nisi
1001 3054 1238 3139 inbrace
1266 3054 1492 3138 Domini
1509 3089 1690 3140 nostri
1702 3087 1827 3142 Jcsu.
1851 3054 2073 3142 Chri—C
2089 3081 2348 3149 techizat,
2380 3054 2439 3136 id
2469 3054 2573 3148 est,
2593 3054 2708 3136 non
2715 3082 3006 3155 discipulo,
3031 3084 3129 3138 sed
3161 3054 3449 3154 magistro.
3467 3054 3689 3140 {ininde

406 3170 600 3236 sti,per
611 3183 768 3238 quem
789 3172 932 3224 mihi
948 3173 1188 3226 mundus
1205 3175 1662 3240 cruciﬁwuscstet
1675 3176 2004 3241 egomundo.
2089 3170 2264 3227 etiam
2293 3177 2513 3236 caetera,
2541 3187 2664 3242 quae
2685 3178 3014 3243 sequuntur,
3047 3189 3176 3228 cum
3191 3174 3314 3243 ejus
3337 3174 3690 3244 expositione

416 3257 524 3321 Qui
551 3258 790 3327 gloriam
811 3260 1015 3332 quaerit
1041 3259 1112 3314 ab
1133 3261 1331 3326 altero,
1347 3261 1476 3316 huic
1495 3273 1598 3318 nec
1619 3263 1862 3320 mundus
1881 3279 2008 3317 cru-
2087 3273 2204 3315 non
2224 3264 2542 3330 congruunt
2560 3278 2572 3312 :
2599 3262 2726 3328 θυκ
2742 3264 3098 3319 seminaverit
3114 3263 3289 3327 homo,
3311 3263 3420 3317 hac
3429 3267 3480 3317 et
3499 3269 3686 3329 metet,

414 3345 609 3405 ciﬁxus
631 3354 734 3414 est,
761 3363 862 3404 nec
883 3350 1178 3406 crucifixus
1212 3357 1300 3404 est
1323 3351 1443 3420 ipse
1479 3368 1606 3405 cum
1627 3352 1850 3407 Christo
1882 3371 1893 3404 :
1918 3369 2008 3407 re-

414 3436 566 3506 cepit
591 3437 818 3508 quippe,
853 3439 1002 3509 quod
1035 3439 1322 3510 quaerebat
1350 3439 1420 3492 ab
1448 3439 1786 3506 hominibus,
1803 3457 2011 3499 merce-

416 3523 545 3588 dem
575 3541 758 3580 suam.
797 3528 1175 3608 Unusquisque
1205 3531 1355 3582 enim
1385 3545 1526 3583 onus
1549 3545 1716 3584 suum
1741 3532 2004 3598 portabit.

417 3612 654 3669 Videtur
663 3615 1050 3684 superioribus
1068 3617 1471 3680 contraire,ubi
1487 3617 1570 3676 ait
1588 3620 1764 3672 :Altcr
1775 3623 2011 3674 alterius

413 3717 583 3756 onera
601 3709 834 3770 portate.
851 3705 908 3758 Si
923 3705 1074 3760 enim
1095 3722 1237 3760 onus
1249 3721 1413 3762 suum
1427 3707 1814 3778 unusquisque
1827 3713 2014 3778 porta-

415 3788 514 3854 bit,
539 3791 683 3846 alter
700 3793 935 3852 alterius
955 3811 1129 3851 onera
1149 3802 1376 3866 portare
1399 3813 1510 3868 non
1532 3796 1757 3868 poterit.
1790 3797 1899 3852 Sed
1927 3798 2010 3852 vi-

416 3879 682 3946 dendum,
719 3883 866 3952 quod
897 3882 972 3938 ibi
1023 3885 1368 3956 praeceperit,
1404 3866 1469 3940 ut
1497 3866 1790 3956 peccantes
1818 3887 1877 3941 in
1907 3887 2012 3942 hac

2089 3355 2149 3404 et
2173 3366 2185 3400 :
2210 3351 2416 3404 Bonum
2433 3354 2619 3404 autem
2632 3351 2908 3416 facientes,
2933 3367 3046 3406 non
3072 3352 3390 3418 deﬁciamus
3413 3367 3430 3402 :
3449 3357 3696 3420 tempore

2091 3440 2241 3492 enim
2276 3454 2374 3491 suo
2420 3443 2700 3502 metemus,
2735 3451 2846 3496 non
2883 3441 3205 3506 deﬁcientes.
3242 3440 3451 3495 Sensus
3489 3441 3694 3512 itaque

2090 3524 2197 3582 iste
2209 3533 2293 3580 est
2309 3545 2318 3579 :
2333 3527 2419 3590 Qu
2427 3526 2481 3580 ia
2490 3526 2746 3598 superius
2757 3527 3105 3598 spiritalibus
3117 3535 3553 3600 praeceperatmt
3562 3547 3687 3597 eos,

2095 3616 2190 3685 qui
2224 3617 2593 3686 praeoccupati
2619 3617 2850 3674 fuerant
2881 3617 2940 3676 in
2963 3618 3152 3689 aliquo
3181 3619 3406 3684 delicto,
3437 3619 3698 3676 instrue-

2093 3711 2222 3758 rent
2259 3705 2318 3762 in
2371 3705 2572 3778 spiritu
2619 3705 2889 3773 lenitatis,
2939 3713 2998 3762 et
3035 3707 3180 3762 alter
3235 3708 3472 3764 alterius
3511 3725 3698 3764 onera

2091 3800 2402 3865 portarent,
2433 3794 2806 3866 adimplentes
2838 3796 3022 3866 legem
3051 3795 3281 3864 Christi,
3319 3814 3468 3853 nunc
3497 3815 3532 3852 e
3561 3815 3699 3856 con-

2091 3884 2268 3938 trario
2297 3883 2404 3950 his,
2443 3884 2540 3955 qui
2579 3885 2764 3942 adhuc
2793 3885 3189 3942 imbecilliores
3220 3893 3277 3941 et
3321 3886 3584 3958 discipuli
3635 3895 3697 3943 et

415 3967 530 4028 vita
556 3984 658 4024 nos
678 3970 919 4030 invicem
939 3977 1340 4035 sustentemus,
1363 3980 1421 4028 et
1439 3974 1496 4030 in
1519 3974 1780 4044 praesenti
1808 3976 2009 4030 saeculo
2091 3974 2342 4030 carnales
2367 3979 2548 4042 erant,
2575 3974 2835 4044 imperat,
2859 3979 2925 4030 ut
2951 3989 3063 4046 quo
3086 3975 3253 4030 modo
3282 3975 3389 4047 ipsi
3415 3993 3453 4030 a
3479 3978 3696 4048 magis-

414 4056 754 4118 alterutrum
795 4059 1002 4113 auxilio
1044 4061 1221 4117 simus
1256 4079 1266 4113 :
1300 4062 1389 4118 hic
1430 4068 1621 4116 autem
1667 4063 1736 4116 de
1783 4063 2008 4119 Domini
2089 4061 2194 4116 tris
2223 4061 2498 4132 spiritalia
2526 4068 2766 4129 metunt,
2801 4063 2880 4118 sic
2919 4063 3204 4134 magistris
3243 4065 3494 4120 carnalia
3545 4083 3692 4138 prae-

409 4143 564 4204 dicat
590 4145 650 4198 in
679 4162 782 4200 nos
805 4147 1038 4216 judicio,
1072 4150 1222 4219 quod
1269 4165 1379 4204 non
1419 4167 1485 4202 ex
1519 4151 1750 4206 alterius
1781 4159 2006 4222 peccato
2088 4148 2277 4216 beant,
2308 4151 2407 4221 qui
2427 4157 2576 4208 totos
2600 4167 2662 4218 se
2693 4151 2893 4207 divina;
2933 4151 3237 4208 eruditioni
3267 4159 3327 4208 et
3365 4155 3555 4210 studio
3574 4161 3696 4210 tu:-

413 4238 470 4286 et
498 4235 916 4304 comparatione
937 4236 1254 4303 deterioris,
1287 4238 1383 4291 sed
1395 4239 1556 4308 juxta
1578 4245 1832 4296 nostrum
1845 4258 2003 4312 opus,
2089 4238 2287 4294 dentes
2315 4239 2440 4294 vita:
2468 4239 2636 4310 hujus
2666 4240 2996 4296 necessariis
3013 4241 3289 4312 indigent,
3324 4249 3382 4298 et
3419 4244 3520 4298 flat
3546 4243 3694 4299 illud

415 4329 516 4378 aut
547 4329 866 4393 peccatores
895 4323 964 4378 ab
999 4341 1064 4378 eo
1107 4326 1445 4396 judicemur,
1489 4334 1590 4381 aut
1631 4331 1829 4390 sancti,
1863 4328 2239 4438 mei-unod
2273 4328 2344 4386 de
2388 4344 2597 4384 manna
2633 4329 2908 4400 scriptum
2937 4336 3025 4385 est
3057 4349 3070 4384 :
3117 4332 3228 4398 Qui
3258 4335 3522 4397 multum,
3573 4350 3694 4388 non

415 4411 598 4438 -ιεηνιιΑ
646 4427 983 4438 .-........,.....-,.
1025 4415 1326 4438 ...μη-...1.υ..
1369 4432 1500 4438 __--_
1543 4434 1696 4438 ,μη-μ
1761 4418 1861 4438 AL,
1885 4437 1934 4438 νηί
1963 4437 1992 4438 ,,
2097 4417 2393 4438 _L-_M_1---.u
2441 4423 2478 4438 ,ι
2499 4419 2865 4438 n-,_--___1.--_,__,
2907 4435 3006 4438 μ---
3030 4421 3419 4438 ,ηρμγηηγο-ιηκ
3489 4423 3506 4438 ς
3645 4427 3658 4438 ε

410 4411 600 4482 piente
646 4427 985 4485 unoquoque
1023 4415 1331 4471 secundum
1363 4432 1503 4491 opus
1538 4434 1723 4472 suum.
1759 4418 2005 4475 Obscure
2028 4411 3688 4490 "abundavit,etquimodicummonminoravitﬂirod.n1).

410 4500 542 4556 licet
559 4503 828 4558 docemur
846 4521 948 4575 per
960 4504 1106 4562 hanc
1124 4505 1522 4562 sententiolam
1553 4523 1758 4562 novum
1779 4508 2002 4579 dogma,
2088 4505 2245 4560 Bona
2271 4510 2461 4562 autem
2477 4505 2537 4560 in
2557 4506 2819 4576 praesenti
2838 4505 2960 4562 loco
2973 4507 3139 4576 juxta
3157 4508 3307 4578 vulgi
3327 4511 3695 4566 consuetudi-

411 4590 560 4658 quod
583 4590 786 4656 latitat,
809 4592 943 4646 dum
954 4592 1012 4650 in
1027 4594 1289 4665 praesenti
1305 4595 1505 4650 saeculo
1517 4612 1730 4661 sumus,
1753 4597 1867 4651 sive
1884 4615 2006 4653 ora-
2087 4609 2238 4660 nem,
2254 4611 2580 4666 moremque
2591 4595 3179 4662 communem,victum
3189 4597 3662 4664 stvestitum,ete.
3674 4641 3689 4666 ,

411 4676 679 4742 tionibus,
705 4679 819 4734 sive
845 4681 1092 4738 consiliis
1119 4682 1356 4740 invicem
1380 4699 1542 4754 posse
1571 4701 1673 4740 nos
1701 4685 1955 4756 adjuvari
1989 4705 2001 4740 :
2088 4700 2212 4755 quae
2251 4684 2506 4740 homines
2553 4685 2702 4739 inter
2751 4683 2898 4742 bona
2946 4692 3269 4752 numerant,
3333 4687 3640 4759 appellavit
3679 4709 3690 4742 :

407 4781 539 4820 cum
581 4772 771 4822 autem
813 4775 945 4822 ante
982 4771 1230 4828 tribunal
1275 4773 1486 4828 Christi
1531 4775 1868 4842 venerimus,
1902 4793 2005 4831 nec
2085 4775 2348 4831 Habentes
2363 4777 2732 4831 enimvictmn
2747 4780 2796 4827 et
2814 4777 3086 4839 wstitmn,
3108 4775 3194 4830 his
3210 4780 3452 4832 contenti
3464 4793 3687 4833 sumus.

405 4853 528 4919 Job,
558 4870 660 4908 nec
688 4855 904 4922 Daniel,
921 4875 1022 4913 nec
1038 4861 1157 4914 Noe
1180 4877 1380 4932 rogare
1399 4879 1560 4932 posse
1573 4880 1674 4934 pro
1696 4879 1998 4934 quoquam,
2083 4862 2200 4918 Nec
2227 4862 2453 4928 mirum,
2487 4863 2534 4918 si
2559 4862 2766 4918 Paulus
2794 4879 2863 4916 ea
2889 4879 3012 4934 quae
3041 4869 3205 4920 erant
3239 4866 3460 4936 corpori
3494 4881 3692 4922 neces-

401 4943 501 5000 sed
531 4959 991 5018 unumquemque
1033 4956 1257 5018 portare
1281 4967 1421 5004 onus
1451 4969 1634 5007 suum.
1671 4954 1856 5020 (Aug.)
1890 4953 2000 5009 Re-

405 5045 667 5092 vocemur
700 5035 770 5095 8d
802 5036 1218 5104 conscientiam,
1251 5040 1320 5093 de
1353 5057 1464 5112 qua
1493 5041 1630 5096 dicit
1654 5043 1994 5114 Apostolus:

405 5121 550 5178 Nam
578 5126 761 5190 gloria
793 5130 982 5180 nostra
1005 5127 1114 5181 haec
1132 5135 1223 5192 est,
1252 5131 1630 5187 testimonium
1659 5127 1999 5186 conscientia

404 5216 600 5266 nostra
629 5213 712 5278 (ΙΙ
737 5213 858 5267 σον.
893 5219 949 5274 ι).
991 5215 1336 5272 Revocemur
1371 5219 1441 5274 ad
1472 5219 1890 5286 conscientiam,
1925 5221 1994 5274 de

401 5298 536 5371 quia
555 5299 691 5354 dicit
714 5320 724 5352 :
751 5303 894 5370 Opus
917 5310 1100 5358 autem
1120 5323 1286 5360 suum
1311 5310 1496 5375 probet
1515 5312 1912 5378 unusquisque,
1944 5315 1996 5364 et

401 5393 535 5450 tunc
563 5391 625 5440 in
655 5394 935 5458 semetipso
963 5394 1176 5447 habebit
1199 5398 1459 5460 gloriam,
1493 5401 1542 5448 et
1574 5413 1684 5450 non
1703 5401 1764 5449 in
1793 5401 1987 5452 altera.

398 5474 552 5544 Opus
582 5491 715 5546 ergo
745 5494 908 5533 suum
928 5481 1125 5550 probet
1144 5481 1379 5550 quisque
1408 5489 1886 5545 nostrum,utrum
1920 5485 1991 5540 de

2081 4952 2232 5008 saria
2250 4950 2380 5006 boni
2409 4952 2784 5023 appellatione
2809 4952 3068 5022 signavit,
3085 4969 3213 5011 cum
3233 4953 3404 5010 etiam
3426 4955 3694 5012 Salvator

2080 5046 2274 5095 noster
2291 5040 2362 5094 ad
2384 5057 2497 5105 eos,
2513 5039 2609 5110 qui
2622 5040 2861 5096 necdum
2877 5040 2948 5095 ad
2960 5041 3234 5098 virtutum
3246 5043 3471 5100 culmen
3482 5059 3689 5101 ascen-

2081 5129 2298 5195 derant,
2323 5129 2419 5184 sed
2451 5129 2633 5186 adhuc
2651 5129 2920 5188 humilius
2948 5129 3299 5198 incedebant,
3320 5139 3379 5186 et
3404 5131 3511 5188 sibi
3541 5134 3682 5189 addi

2077 5217 2380 5290 poscebant
2423 5219 2610 5282 fidem,
2656 5218 2861 5274 dixerit
2911 5235 2926 5269 :
2965 5219 3031 5276 Si
3063 5236 3190 5289 ergo
3221 5237 3327 5287 vos,
3375 5238 3501 5276 cum
3533 5227 3687 5278 mali

2076 5311 2216 5372 sitis,
2237 5311 2386 5361 scitis
2405 5309 2546 5362 bona
2563 5309 2696 5362 data
2713 5309 2847 5361 dare
2860 5309 2995 5374 ﬁliis
3016 5312 3227 5374 vestris,
3259 5324 3406 5377 quan
3415 5316 3465 5364 to
3492 5316 3680 5380 magis

2079 5399 2237 5455 Pater
2263 5400 2483 5451 cazlestis
2511 5397 2662 5450 dabit
2683 5397 2823 5452 bona
2847 5399 3154 5464 petentibus
3169 5415 3223 5451 se
3253 5404 3277 5450 Ρ
3303 5399 3515 5464 (Matth.
3550 5407 3673 5469 vn).

2075 5487 2188 5555 Ego
2209 5492 2344 5556 puto
2370 5493 2427 5540 et
2444 5484 2567 5547 Job,
2584 5501 2711 5542 cum
2740 5485 2810 5539 ad
2841 5501 3094 5551 uxorem,
3117 5486 3276 5557 quasi
3301 5502 3473 5543 unam
3485 5488 3557 5543 de
3583 5490 3680 5546 in-

392 5579 532 5626 vene
561 5564 853 5628 charitstis
881 5575 1123 5634 emanet,
1149 5575 1339 5624 utrum
1371 5570 1440 5625 de
1461 5572 1646 5629 radice
1666 5573 1983 5630 dilectionis
2069 5574 2401 5646 sipientibus
2453 5573 2779 5636 mulieribus
2817 5575 3162 5646 loqueretur,
3209 5583 3470 5646 respectu
3515 5580 3668 5649 ejus,
