3892 6158
369 287 472 347 375

956 293 1017 346 B.
1060 290 1330 347 RABANI
1369 289 1599 346 MAURI
1637 289 1973 346 ARCHIEP.
2013 288 2338 344 MOGUNT.
2381 288 2680 346 OPERUM
2715 289 2899 344 PARS
2936 290 3035 345 III.

3527 288 3630 346 376

366 417 576 472 idcirco
597 417 924 473 conceditur
949 417 1094 482 vite,
1119 421 1183 470 ut
1203 416 1324 486 jam
1348 415 1501 484 juste
1530 432 1834 482 versemur,
1869 432 1960 469 ex—
1974 415 2182 485 Alege,
2205 415 2327 470 sine
2344 414 2660 486 Evangelio,
2685 414 2804 468 sine
2838 413 3142 469 Salvatoris
3172 419 3230 468 et
3249 415 3630 486 apostolorum

367 507 615 578 emplum
627 508 826 562 dantes
833 505 1552 576 gentibus.;lla.-rimcautem
1565 507 1638 558 ad
1647 507 1960 558 domesticos

367 598 512 663 ﬁdei.
523 595 866 666 (Aug.)Qu0s
886 611 1015 649 eum
1026 594 1368 647 credendum
1378 593 1598 660 est,nisi
1613 593 1962 648 Christianos

365 683 708 754 signiﬁcare?
729 683 1003 738 Omnibus
1013 683 1164 738 enim
1175 682 1298 753 pari
1313 682 1612 737 dilectione
1625 683 1742 736 vita
1753 687 1965 737 eterna

367 773 611 844 optanda
635 778 721 828 est
744 791 755 826 :
790 773 889 827 sed
909 789 1024 827 non
1043 771 1305 826 omnibus
1323 772 1521 826 eadem
1549 777 1786 842 possunt
1811 773 1962 825 exhi-

364 860 483 916 beri
498 862 813 916 dilectionis
843 862 1044 916 ofﬁcia.
1072 863 1130 930 (Α
1141 863 1312 931 mbr.)
1326 862 1537 916 Verum
1554 867 1660 928 est,
1683 861 1816 932 quia
1831 861 1963 915 faci-

363 951 533 1005 liores
561 957 619 1005 et
645 951 1035 1023 propensiores
1051 951 1110 1005 in
1131 950 1276 1005 bono
1292 951 1441 1004 circa
1452 951 1654 1005 fratres
1667 967 1787 1004 esse
1799 949 1964 1004 debe-

364 1057 490 1095 mus
508 1059 518 1094 :
540 1041 675 1111 quia
685 1041 922 1096 invicem
936 1057 1132 1096 sumus
1143 1039 1414 1094 membra.
1431 1040 1698 1110 (Hieron.)
1717 1041 1961 1110 Tempus

364 1129 651 1196 sementis,
674 1135 740 1185 ut
782 1130 1042 1193 diximus,
1081 1136 1302 1200 tempus
1341 1135 1427 1182 est
1465 1144 1726 1200 presens,
1762 1133 1821 1182 et
1846 1128 1962 1182 vita

365 1236 535 1290 quam
565 1221 861 1274 currimus.
911 1221 976 1274 In
1006 1220 1110 1272 hac
1138 1219 1270 1272 licet
1317 1217 1478 1273 nobis
1526 1218 1675 1290 quod
1704 1218 1960 1272 volumus

367 1309 680 1376 seminare;
707 1325 836 1364 cum
859 1309 971 1363 ista
987 1308 1100 1362 vita
1119 1307 1428 1374 transierit,
1450 1307 1720 1379 operandi
1739 1312 1962 1377 tempus

364 1397 670 1452 auferetur.
723 1397 883 1452 Unde
914 1401 971 1450 et
1000 1397 1257 1451 Salvator
1276 1395 1356 1448 ait
1381 1413 1392 1448 :
1448 1395 1792 1464 Operamini,
1824 1397 1961 1448 dum

360 1488 474 1540 dies
485 1491 560 1540 est
577 1506 594 1541 :
613 1489 788 1540 veniet
811 1503 937 1551 nom,
957 1487 1179 1553 quando
1184 1488 1312 1554 jam
1325 1487 1518 1539 nullus
1525 1487 1729 1553 poterit
1739 1486 1962 1552 operari

365 1577 546 1644 (Joan.
583 1578 680 1644 ιιι).
707 1575 878 1629 Ortus
908 1580 994 1629 est
1020 1573 1182 1628 nobis
1207 1573 1307 1628 Dei
1341 1589 1546 1640 sermo,
1572 1574 1655 1626 sol
1691 1589 1872 1639 verus,
1905 1577 1962 1626 et

359 1667 712 1734 congregate
741 1668 874 1718 sunt
894 1662 1086 1718 bestiae
1103 1663 1164 1717 in
1184 1661 1392 1716 cubilia
1421 1679 1557 1716 sua:
1591 1661 1960 1733 procedamus

2042 503 2314 570 doctrina,
2343 503 2676 558 naturaliter
2702 503 2842 558 dixit
2860 509 2918 557 et
2944 503 3092 569 fecit,
3128 503 3262 574 quid
3283 520 3384 557 nos
3413 511 3635 576 oportet

2041 593 2244 660 facere,
2276 593 2334 646 in
2377 609 2617 664 quorum
2651 591 3177 648 condemnationem
3205 591 3373 647 habet
3404 598 3461 647 et
3487 594 3636 649 Juno

2042 681 2288 736 univiras
2334 687 2391 735 et
2447 683 2621 736 Vesta
2682 681 2944 752 virgines,
3009 687 3066 735 et
3103 681 3216 736 alia
3263 681 3414 736 idola
3463 683 3642 738 conti-

2042 771 2276 844 nentes?
2330 771 2536 826 Beatus
2591 772 2836 825 Joannes
2871 771 3244 841 Evangelista,
3272 787 3399 826 cum
3433 771 3638 844 Ephesi

2042 865 2362 914 moraretur
2388 876 2566 931 usque
2606 860 2678 913 ad
2732 859 2990 912 ultimam
3045 865 3412 926 senectutem,
3465 865 3524 914 et
3549 861 3641 916 vix

2042 949 2191 1003 inter
2217 948 2618 1020 discipulorum
2654 963 2856 1002 manus
2877 948 2950 1002 ad
2981 949 3274 1002 ecclesiam
3302 949 3637 1018 deferretur,

2041 1055 2144 1092 nec
2175 1043 2364 1110 posset
2387 1038 2446 1092 in
2482 1038 2647 1110 plura
2699 1053 2891 1092 vocem
2939 1037 3110 1092 verba
3156 1043 3468 1105 contexere,
3497 1039 3642 1094 nihil

2042 1127 2193 1182 aliud
2221 1145 2323 1199 per
2362 1127 2611 1198 singulas
2654 1126 2871 1181 solebat
2921 1127 3172 1198 proferre
3226 1127 3504 1194 collectas,
3528 1127 3642 1182 nisi

2042 1217 2147 1270 hoc
2171 1218 2402 1281 :Filioli,
2423 1218 2640 1284 diligite
2659 1215 3279 1270 alterutrum.Tandem
3301 1216 3560 1288 discipuli
3581 1223 3644 1272 et

2042 1305 2264 1371 fratres,
2297 1304 2392 1376 qui
2422 1305 2678 1370 aderant,
2700 1305 2866 1360 tedio
2881 1305 3086 1372 aﬂ'ecti,
3103 1305 3252 1376 quod
3277 1306 3472 1360 eadem
3492 1323 3646 1360 sem-

2043 1411 2144 1466 per
2160 1394 2440 1461 audirent,
2465 1394 2758 1448 dixerunt:
2787 1394 3074 1464 Magister,
3094 1410 3268 1466 quare
3295 1411 3519 1466 semper
3530 1395 3644 1450 hoc

2042 1483 2322 1554 loqueris?
2341 1483 2450 1547 Qui
2470 1483 2760 1554 respondit
2785 1482 3015 1554 dignam
3035 1485 3249 1538 Joanne
3272 1484 3637 1539 sententiam:

2043 1573 2185 1641 Quia
2199 1577 2532 1642 praeceptum
2555 1573 2786 1626 Domini
2801 1575 2896 1640 est,
2929 1578 2976 1626 et
3007 1575 3058 1626 si
3076 1576 3256 1627 solum
3275 1575 3392 1640 ﬁat,
3407 1575 3643 1641 sufﬁcit.

2043 1663 2162 1716 Hoc
2188 1667 2418 1733 propter
2470 1677 2716 1732 presens
2751 1661 3010 1732 Apostoli
3039 1661 3406 1716 mandatum:
3451 1663 3647 1732 Opere-

360 1759 424 1807 ut
451 1753 708 1807 homines
735 1753 806 1806 ad
837 1769 976 1824 opus
1004 1758 1280 1819 nostrum,
1313 1756 1372 1806 et
1389 1767 1566 1822 usque
1579 1751 1650 1804 ad
1669 1767 1960 1821 vesperam
1978 1739 2025 1800 Β
2049 1767 2180 1805 mur
2208 1752 2411 1805 bonum
2443 1752 2516 1805 ad
2531 1767 2736 1816 omnes,
2757 1753 3001 1804 maxime
3019 1755 3206 1804 autem
3233 1752 3308 1806 ad
3327 1752 3647 1806 domesticos

358 1841 697 1908 laboremus,
739 1841 886 1896 sicut
939 1840 1174 1912 mystice
1214 1841 1438 1894 canitur
1493 1841 1552 1894 in
1592 1840 1834 1911 psalmo:
1867 1842 1963 1894 Po-

269 1963 277 1972 -
359 1933 524 1984 suisti
555 1933 805 1985 tenebras
819 1935 866 1984 et
887 1931 1037 1998 facta
1057 1935 1131 1983 est
1160 1946 1287 1984 now.
1315 1932 1384 1984 In
1403 1933 1522 1998 ipsa
1532 1931 1960 1998 pertransibunt

363 2023 536 2074 bestia:
561 2023 726 2086 silvae,
759 2023 936 2074 catuli
980 2023 1203 2074 leonum
1234 2021 1533 2086 rugientes,
1561 2023 1623 2072 ut
1655 2021 1886 2086 rapiant
1912 2023 1960 2072 et

359 2113 612 2178 queram
637 2125 674 2162 a
700 2111 805 2163 Deo
833 2124 1008 2162 escam
1031 2110 1156 2162 sibi.
1186 2107 1350 2163 Ortus
1371 2111 1447 2160 est
1463 2110 1543 2161 sol
1575 2111 1623 2160 et
1643 2109 1962 2174 congregati

357 2203 509 2266 sunt,
543 2203 590 2253 et
616 2200 678 2251 in
713 2199 988 2251 cubilibus
1015 2199 1131 2250 suis
1151 2196 1962 2264 dormierunt.Egredieturho-

359 2303 449 2340 mo
479 2289 552 2341 ad
579 2303 714 2356 opus
740 2303 908 2340 suum
939 2290 987 2340 et
1007 2287 1082 2340 ad
1095 2301 1258 2354 ope-ra
1284 2301 1386 2338 sua
1407 2301 1577 2353 usque
1596 2287 1962 2354 advesperam

355 2376 526 2444 (Psal.
559 2379 686 2442 cm).
735 2375 860 2430 Sive
899 2374 1258 2444 aegrotamus,
1290 2373 1402 2428 sive
1440 2373 1563 2429 sani
1609 2391 1821 2441 sumus,
1853 2374 1960 2428 hu-

359 2465 542 2530 miles,
585 2465 672 2519 vel
705 2469 983 2536 potentcs,
1043 2480 1340 2535 pauperes,
1391 2463 1608 2528 divites,
1663 2462 1957 2534 ignobiles,

360 2554 644 2619 honorati,
715 2553 1026 2607 esurientes
1082 2557 1252 2623 atque
1307 2558 1614 2618 vescentes,
1664 2553 1855 2606 omnia
1899 2552 1959 2607 in

361 2643 589 2697 nomine
609 2641 833 2695 Domini
875 2658 1004 2695 cum
1035 2641 1309 2712 patientia
1329 2647 1385 2694 et
1422 2641 1840 2712 aequanimitate
1874 2641 1960 2695 fa-

357 2732 592 2797 ciamus,
626 2736 683 2784 et
711 2729 1038 2801 implebitur
1064 2731 1122 2783 in
1153 2729 1313 2783 nobis
1341 2729 1500 2796 illud,
1523 2729 1672 2800 quod
1687 2731 1958 2800 scriptum

358 2825 444 2874 est
463 2838 473 2872 :
487 2821 559 2874 Di
561 2823 579 2872 ι
583 2821 858 2887 igentibus
869 2825 1059 2874 autem
1071 2820 1374 2872 Dominum
1386 2821 1579 2872 omnia
1593 2824 1961 2888 cooperantur

359 2912 424 2962 in
448 2910 672 2964 bonum.
688 2907 916 2978 Iraipsa
929 2913 985 2962 et
996 2906 1186 2974 libido,
1202 2912 1260 2960 et
1277 2907 1504 2977 injuria,
1520 2923 1643 2978 que
1671 2907 1962 2964 desiderat

2044 1842 2190 1909 ﬁdei.

2124 1931 2299 1984 Videte
2347 1931 2607 1998 qualibus
2637 1931 2840 1982 litteris
2872 1931 3072 1998 scripsi
3101 1931 3248 1983 vobis
3285 1945 3406 1984 mea
3435 1945 3642 1984 manu.

2045 2017 2252 2087 (Amb.)
2266 2017 2493 2074 Obediri
2522 2019 2642 2072 vult
2666 2018 2872 2072 litteris
2895 2018 3001 2072 his.
3026 2017 3133 2073 Ubi
3152 2018 3303 2072 enim
3332 2019 3646 2091 olographa

2042 2123 2244 2162 manus
2273 2112 2376 2172 est,
2413 2107 2618 2160 falsum
2673 2107 2784 2161 dici
2824 2123 2938 2161 non
2980 2112 3202 2178 potest;
3260 2124 3332 2161 ne
3352 2107 3496 2162 forte
3525 2108 3648 2161 cir-

2043 2197 2324 2252 cumventi
2369 2201 2700 2251 excusarent
2737 2195 2806 2251 de
2858 2195 3126 2268 Epistola,
3155 2196 3314 2267 quasi
3372 2202 3471 2251 aut
3497 2197 3651 2252 falsa

2043 2290 2209 2352 esset,
2259 2291 2360 2340 aut
2395 2301 2509 2339 non
2554 2291 2703 2339 esset
2757 2284 3029 2356 Apostoli,
3061 2285 3315 2340 nolentes
3359 2302 3418 2339 se
3444 2302 3647 2356 repre-

2042 2373 2231 2428 hendi.
2261 2375 2534 2442 (Hie-ron.)
2567 2374 2639 2427 Hi
2660 2373 2756 2444 qui
2783 2372 3107 2427 circumcidi
3121 2373 3645 2440 Galatasvolebant,

2043 2462 2546 2518 disseminaverant
2592 2462 2706 2516 alia
2757 2462 2996 2516 Paulum
3038 2462 3242 2529 facere,
3295 2463 3408 2516 alia
3433 2464 3646 2534 predi-

2041 2568 2187 2618 care,
2212 2557 2272 2606 et
2289 2567 2455 2605 suum
2485 2567 2652 2622 opere
2681 2551 2972 2606 destruere
3003 2567 3339 2619 sermonem,
3371 2552 3523 2622 quod
3540 2553 3649 2624 qui

2039 2640 2222 2710 legem
2253 2645 2530 2694 assereret
2559 2639 2846 2706 abolitam,
2890 2640 3011 2712 ipse
3042 2640 3388 2694 inveniretur
3404 2641 3463 2694 in
3491 2641 3643 2710 lege.

2042 2731 2202 2784 Hanc
2230 2729 2570 2800 opinionem,
2593 2728 2727 2800 quia
2753 2744 2868 2782 non
2881 2733 3105 2800 poterat
3123 2729 3330 2783 Paulus
3347 2729 3498 2801 apud
3513 2745 3647 2783 om-

2039 2835 2140 2872 nes
2167 2834 2412 2890 presens
2451 2817 2792 2883 subvertere,
2828 2817 3232 2889 prohibebatur
3276 2818 3482 2890 quippe
3516 2818 3648 2872 vin-

2040 2907 2198 2974 culis,
2250 2924 2373 2978 que
2401 2906 2471 2961 ob
2510 2906 2718 2961 Christi
2757 2907 3094 2979 martyrium
3155 2906 3484 2974 sustinebat,
3545 2925 3646 2962 se-

358 2997 652 3064 ultionem,
697 2997 743 3050 si
775 3013 866 3050 me
923 2995 1232 3062 refrenem,
1279 2995 1324 3049 si
1365 3002 1594 3067 propter
1639 2996 1820 3050 Deum
1866 3003 1957 3050 ta-
1987 2997 2224 3069 _ipsum
2255 3013 2356 3068 per
2374 2997 2594 3050 litteras
2612 3003 2999 3067 representat.
3036 2997 3106 3050 Et
3124 3013 3194 3050 ne
3215 2996 3404 3067 aliqua
3428 3013 3647 3069 suppo-

357 3102 536 3153 ceam,
555 3086 602 3140 si
632 3101 734 3156 per
753 3085 1003 3155 singulos
1023 3077 1423 3140 commotionis'
1448 3085 1672 3140 aculeos
1695 3085 1955 3140 etincen-
1979 3061 2024 3122 θ
2041 3086 2160 3140 site
2193 3085 2451 3156 Epistole
2502 3085 2744 3158 suscipio
2774 3091 3118 3152 nasceretur,
3149 3084 3220 3139 ob
3258 3085 3362 3140 hoc
3391 3086 3514 3139 loco
3541 3101 3648 3140 us~

359 3176 474 3230 tiva
497 3174 780 3241 vitiorum,
831 3158 935 3228 Dei
986 3175 1228 3244 desuper
1255 3191 1346 3228 me
1391 3174 1632 3228 videntis
1673 3175 1954 3242 recorder,
2041 3191 2149 3246 que
2171 3175 2242 3228 ad
2283 3175 2456 3229 ﬁnem
2475 3191 2647 3230 manu
2674 3192 2778 3230 sua
2805 3175 2924 3246 ipse
2971 3174 3315 3246 prescripsit,
3338 3175 3648 3229 ostendens

360 3265 520 3318 ﬁunt-
543 3263 680 3317 mihi
741 3263 958 3318 occasio
1018 3263 1454 3334 triumphorum.
1505 3263 1590 3318 Ne
1627 3263 1878 3318 dicamus
1898 3264 1958 3318 in
2039 3264 2331 3334 superiora
2359 3263 2428 3318 ab
2457 3263 2566 3345 aljo
2589 3270 2835 3318 exarata.
2871 3263 3030 3328 Quod
3061 3269 3253 3318 autem
3279 3263 3382 3318 sub
3409 3264 3645 3318 nomine

355 3353 682 3423 largiendo:
716 3352 816 3407 Ille
837 3357 924 3406 est
943 3353 1175 3418 amicus,
1191 3353 1340 3407 hunc
1351 3352 1850 3407 nesciozhicdebet
1869 3370 1958 3408 ac-
2040 3353 2163 3422 ejus
2204 3369 2248 3406 a.
2265 3353 2422 3406 falsis
2468 3353 2790 3408 doctoribus
2839 3352 3100 3424 Epistole
3155 3353 3534 3418 mitterentur,
3565 3354 3645 3408 ad

356 3441 561 3512 cipere,
607 3441 714 3496 iste
756 3441 1058 3495 contemni.
1110 3441 1406 3496 Imitemur
1433 3442 1660 3496 Patrem
1699 3447 1954 3496 nostrum
2036 3441 2557 3496 Thessalonicenses
2588 3458 2810 3512 quoque
2831 3442 3184 3496 demonstrat
3212 3441 3460 3496 scribens
3491 3458 3509 3493 :
3537 3443 3644 3497 Ro-

355 3534 456 3600 qui
483 3535 649 3586 solem
668 3547 834 3584 suum
865 3533 1014 3584 ori-ri
1039 3532 1178 3598 facit
1214 3547 1382 3600 super
1411 3532 1572 3584 bonos
1602 3534 1651 3583 et
1681 3534 1873 3597 malos,
1906 3536 1954 3584 et
2034 3546 2232 3599 gamus
2259 3535 2446 3584 autem
2503 3547 2611 3597 vos,
2651 3533 2876 3599 fratres,
2917 3547 3018 3600 per
3050 3531 3349 3584 adventum
3403 3533 3644 3586 Domini

353 3623 502 3690 pluit
522 3636 689 3689 super
699 3623 880 3689 justas
896 3625 943 3673 et
956 3622 1192 3688 injustas
1205 3619 1418 3685 (Matth.
1436 3619 1670 3686 v).Fons
1687 3618 1956 3673 bonitatis
2039 3621 2218 3672 nostri
2240 3622 2368 3673 Jesu
2399 3619 2608 3674 Christi
2616 3625 2664 3673 et
2695 3625 2894 3674 nostrae
2921 3621 3363 3687 congregationis
3392 3622 3457 3672 in
3488 3621 3642 3689 idip-

356 3708 615 3763 omnibus
645 3714 806 3780 patet
832 3727 843 3761 :
868 3725 1062 3762 servus
1095 3713 1153 3761 et
1175 3707 1335 3774 liber,
1370 3707 1621 3779 plebeius
1637 3712 1694 3761 et
1718 3724 1834 3775 rex,
1867 3708 1954 3761 di-
2035 3723 2180 3775 sum,
2200 3712 2264 3761 ut
2285 3723 2398 3761 non
2417 3710 2524 3761 cito
2538 3711 2877 3762 moveamini
2893 3724 2928 3761 a
2945 3713 3118 3762 vestro
3128 3723 3415 3775 sensu,nec
3430 3713 3642 3762 terra»

354 3815 449 3853 ves
471 3804 528 3852 et
555 3813 790 3869 pauper,
825 3814 890 3852 ex
921 3814 987 3851 eo
1015 3796 1276 3851 similiter
1301 3795 1519 3850 bibunt.
1541 3797 1796 3850 Lucerna
1823 3813 1954 3850 cum
2034 3799 2202 3864 mini,
2229 3812 2506 3865 nequeper
2517 3799 2802 3866 spiritum,
2819 3813 2991 3866 neque
3003 3811 3443 3866 persermonem,
3461 3812 3640 3865 neque

354 3903 590 3942 accensa
619 3886 792 3942 fuerit
819 3886 880 3947 in
907 3887 1094 3953 domo,
1133 3885 1392 3940 omnibus
1431 3886 1583 3938 lucet
1625 3885 1946 3956 equaliter:
2026 3902 2131 3955 per
2159 3887 2444 3954 epistolam
2466 3889 2736 3954 tanquam
2759 3901 2864 3954 per
2890 3902 2988 3940 nos
3011 3888 3260 3952 missam,
3283 3887 3446 3954 quasi
3467 3887 3637 3939 instet

353 3977 504 4047 quod
558 3976 606 4028 si
645 3975 704 4028 in
753 3980 984 4028 cunctos
1003 3975 1390 4028 indifferenter
1409 3973 1765 4028 liberalitatis
1794 3974 1952 4028 frena
2032 3961 2146 4027 dies
2176 3975 2424 4041 Domini,
2461 3990 2528 4028 ne
2546 3977 2670 4043 quis
2691 3991 2782 4028 vos
2809 3975 3029 4028 seducat
3050 3977 3166 4028 ullo
3181 3975 3340 4028 modo
3363 3975 3440 4042 (ΙΙ
3455 3973 3632 4027 Thess.

351 4065 632 4129 laxantur,
683 4069 894 4134 quanto
928 4063 1109 4132 magis
1147 4063 1206 4116 in
1253 4062 1586 4116 domesticos
1632 4062 1782 4127 ﬁdei,
1807 4067 1865 4116 et
1891 4063 1952 4118 in
2032 4071 2116 4132 ιι).
2151 4063 2220 4116 Et
2247 4067 2312 4116 ut
2348 4069 2528 4117 totam
2575 4063 2880 4134 Epistolam
2921 4078 3092 4134 quam
3134 4062 3414 4128 mittebat,
3445 4061 3637 4133 suspi-

353 4151 722 4217 Christianos,
756 4151 852 4222 qui
885 4151 1145 4204 eumdem
1183 4149 1395 4203 habent
1422 4155 1662 4221 patrem,
1699 4151 1949 4220 ejusdem
2032 4151 2190 4205 cione
2220 4157 2444 4205 erueret
2462 4151 2744 4218 falsitatis,
2777 4167 2949 4206 manu
2975 4152 3157 4206 suain
3177 4153 3288 4206 fine
3307 4149 3633 4222 subcripsit,

352 4241 610 4311 magistri
638 4240 1016 4312 appellatione
1037 4239 1627 4293 censentur?Videtur
1641 4239 1779 4293 mihi
1796 4240 1951 4294 locus
2033 4239 2223 4294 dicens
2257 4257 2268 4292 :
2302 4241 2582 4296 Salutatio
2603 4256 2726 4294 mea
2754 4257 2940 4295 manu
2951 4243 3138 4306 Pauli,
3161 4241 3304 4309 quod
3313 4244 3388 4292 est
3402 4241 3635 4306 signium

351 4331 458 4386 iste
493 4347 656 4402 posse
683 4335 742 4384 et
779 4328 1164 4400 superioribus
1191 4328 1489 4394 coherere,
1522 4329 1599 4382 ut
1617 4329 2098 4402 domesticosnin
2126 4330 2285 4382 omni
2308 4329 2572 4396 Epistola,
2605 4331 2687 4382 ita
2714 4331 2891 4383 scribo
2921 4349 2937 4384 :
2970 4330 3166 4386 Gratia
3193 4329 3424 4382 Domini
3451 4331 3638 4382 nostri

351 4421 483 4475 fidei
513 4420 812 4491 magistros
842 4418 1114 4484 nominet,
1148 4417 1352 4488 quibus
1395 4433 1567 4489 supra
1595 4418 1801 4485 omnia,
1825 4434 1948 4489 que
1967 4381 2156 4472 1)Jesu
2211 4417 2419 4472 Christi
2467 4434 2594 4471 cum
2643 4420 2902 4472 omnibus
2941 4420 3107 4472 vobis.
3155 4417 3242 4471 Ad
3272 4415 3634 4470 Colossenses
3667 4415 3680 4421 ’

351 4516 624 4582 putantur
649 4509 816 4577 bona,
859 4507 930 4562 ab
959 4506 1310 4562 auditoribus
1357 4507 1476 4560 suis
1500 4507 1751 4577 jusserat
1777 4507 1948 4561 mini-
2031 4505 2220 4568 etiam,
2247 4522 2388 4576 quas
2417 4505 2730 4560 dictaverat
2763 4506 2998 4573 litteras,
3027 4522 3201 4561 manu
3239 4521 3342 4560 sua
3368 4504 3634 4560 similiter

350 4599 539 4653 strari.
574 4599 749 4652 Breve
779 4603 865 4652 est
892 4598 1018 4652 vite
1038 4597 1202 4651 istius
1231 4596 1594 4650 curriculum.
1615 4597 1733 4649 Hoc
1762 4595 1948 4666 ipsum
2029 4593 2350 4648 subnotavit
2382 4613 2394 4647 :
2427 4595 2706 4650 Salutatio
2745 4611 2866 4649 mea
2902 4611 3079 4650 manu
3114 4597 3279 4650 Pauli
3320 4613 3337 4648 :
3363 4610 3633 4648 memores

351 4685 500 4758 quod
566 4687 785 4757 loquor,
866 4687 1016 4756 quod
1081 4685 1251 4752 dicto,
1319 4685 1468 4756 quod
1534 4683 1736 4750 scribo,
1799 4685 1948 4755 quod
2031 4688 2188 4737 estote
2219 4685 2578 4738 vinculorum
2633 4701 2888 4742 meorum
2923 4683 3140 4756 (Coloss.
3165 4686 3266 4751 IV).
3291 4683 3360 4736 Et
3387 4681 3630 4737 ubicun-

351 4774 608 4841 emendo,
664 4775 813 4846 quod
855 4775 1064 4844 relego,
1097 4775 1168 4828 de
1225 4779 1477 4844 tempore
1522 4789 1649 4827 meo
1689 4773 1828 4826 mihi
1851 4779 1950 4828 aut
2031 4788 2140 4842 que
2160 4771 2374 4826 sciebat
2391 4772 2561 4826 falsos
2595 4773 2790 4827 adesse
2831 4773 3108 4838 doctores,
3142 4771 3238 4842 qui
3268 4777 3498 4842 possent
3527 4788 3633 4842 per

349 4864 570 4930 crescit,
603 4869 702 4918 aut
721 4863 957 4934 deperit.
990 4863 1166 4929 Titus,
1202 4862 1349 4917 ﬁlius
1382 4861 1731 4932 Vespasiani,
1765 4862 1860 4932 qui
1889 4863 1949 4917 in
2029 4861 2282 4932 Apostoli
2345 4861 2736 4916 auctoritatem
2793 4878 2938 4916 nova
3001 4862 3268 4931 dogmata
3324 4859 3628 4926 seminare,

348 4951 1512 5023 ultionemDominicisanguinis,subversis
1523 4951 1944 5018 Hierosolymis,
2032 4949 2338 5020 Epistolam
2373 4965 2548 5006 manu
2577 4951 2806 5022 propria
2847 4948 3246 5005 subscribebat.
3281 4948 3538 5020 Denique
3571 4957 3631 5005 et

349 5043 588 5098 Romam
618 5042 794 5096 victor
844 5043 1132 5112 ingressus
1182 5047 1285 5107 est,
1327 5045 1498 5094 tante
1541 5039 1750 5094 dicitur
1779 5039 1948 5094 fuisse
2029 5039 2098 5092 ad
2132 5038 2452 5092 Corinthios
2500 5039 2770 5107 scribens,
2791 5039 2850 5094 in
2881 5039 3084 5110 quibus
3120 5043 3284 5093 erant
3321 5037 3631 5092 schismata

346 5131 632 5198 bonitatis,
666 5137 732 5186 ut
765 5148 895 5186 cum
923 5131 1168 5202 quadam
1193 5136 1356 5184 nocte
1377 5145 1502 5183 sero
1534 5129 1942 5194 recordaretur,
2029 5131 2087 5180 et
2103 5127 2366 5195 hereses,
2385 5143 2724 5199 unoquoque
2761 5128 3012 5183 dicente:
3048 5129 3157 5196 Ego
3207 5143 3332 5180 sum
3352 5128 3542 5194 Pauli,
3576 5135 3628 5182 et

347 5222 407 5276 in
426 5237 603 5288 coena,
639 5221 787 5291 quod
817 5221 895 5274 nil
926 5219 1057 5274 boni
1081 5219 1172 5273 die
1190 5219 1286 5272 illa
1305 5218 1544 5284 fecisset,
1564 5217 1768 5272 dixerit
1801 5218 1944 5272 ami-
2026 5232 2118 5283 ego
2144 5216 2355 5286 Apollo,
2389 5233 2481 5286 ego
2508 5221 2696 5271 autem
2747 5218 2948 5286 Cephei,
2993 5216 3300 5288 Epistolam
3331 5231 3490 5269 suam
3522 5217 3626 5270 tali

347 5310 453 5364 cis:
489 5311 657 5364 Hodie
689 5311 836 5363 diem
863 5311 1103 5378 perdidi.
1149 5309 1264 5362 Nos
1311 5313 1576 5378 putamus
1618 5323 1730 5361 non
1759 5307 1944 5378 perire
2025 5307 2388 5360 annotatione
2433 5305 2711 5376 signavit:
2757 5305 3034 5360 Salutatio
3075 5321 3194 5360 mea
3232 5320 3410 5358 manu
3431 5305 3622 5360 Pauli.

348 5398 508 5454 nobis
565 5398 782 5464 horam,
831 5397 1002 5463 diem,
1068 5402 1372 5460 momenta,
1419 5402 1662 5467 tempus,
1722 5401 1936 5463 etates,
2024 5394 2344 5463 Siquisnon
2363 5400 2517 5448 amat
2536 5397 2841 5450 Dominum
2859 5395 3366 5459 JesumChristum,
3388 5395 3461 5446 sit
3481 5410 3626 5448 ana-

347 5503 476 5542 cum
505 5487 748 5540 otiosum
777 5485 1008 5540 verbum
1059 5485 1361 5556 loquimur,
1390 5501 1490 5555 pro
1525 5501 1635 5554 quo
1665 5484 1939 5539 reddituri
2025 5484 2224 5550 thema,
2258 5484 2619 5549 maranatha,
2668 5490 2774 5538 etc.
2821 5486 2868 5548 (1
2901 5485 3024 5539 Cor.
3062 5487 3196 5552 xvi).
3245 5483 3486 5552 Propter
3515 5482 3624 5538 hoc

346 5593 538 5632 sumus
569 5575 843 5630 rationem
875 5575 931 5628 in
953 5575 1043 5628 die
1059 5573 1274 5643 judicii.
1299 5573 1460 5641 Quod
1489 5573 1536 5626 si
1556 5573 1659 5627 hoc
1691 5573 1784 5626 ille
1814 5573 1935 5626 sine
2021 5573 2194 5643 igitur
2220 5572 2410 5626 volens
2439 5588 2662 5626 omnem
2683 5573 3031 5628 occasionem
3068 5572 3224 5627 falsis
3260 5570 3482 5626 auferre
3512 5572 3622 5626 do-
