3880 6146
209 270 290 331 377

569 267 1147 326 ENARRATIONUM
1181 269 1264 327 IN
1299 270 1455 326 EPP.
1496 271 1712 327 PAULI
1751 271 1888 328 LIB.
1931 272 2077 328 XVI.
2115 303 2180 314 —
2217 273 2299 329 IN
2336 273 2558 330 EPIST.
2597 273 2696 345 AD
2734 273 2990 330 GALAT.

3315 276 3418 334 378

205 391 424 458 oloribus,
450 391 541 462 qui
561 395 618 445 et
643 391 873 446 Galatas
901 408 937 446 a
962 393 1196 448 veritate
1225 393 1510 465 Evangelii
1537 395 1792 466 depra-A
1812 395 1893 450 sic
1931 395 2268 467 intelligant,
2297 397 2430 468 quia
2480 398 2819 453 ludebantur
2850 400 3005 454 velut
3028 401 3185 456 stulti
3215 409 3272 458 et
3325 403 3422 458 he-

205 488 378 546 varant,
405 482 563 535 ﬁnem
587 481 836 552 epistolae
852 498 1053 536 manus
1069 499 1182 538 suae
1202 484 1565 539 annotatione
1582 501 1730 538 com—
1811 484 1986 551 betes,
2007 486 2077 538 de
2107 503 2348 556 quorum
2402 487 2688 542 doloribus
2713 489 3110 558 gloriarentur.
3137 493 3278 546 Mihi
3313 508 3420 547 au-

203 571 335 643 plevit
352 571 524 624 dicens
554 589 566 622 :
603 571 774 625 Videte
803 573 1062 640 qualibus
1115 575 1317 626 litteris
1346 576 1544 641 scripsi
1561 575 1728 640 vobis,

201 677 286 716 non
309 659 644 730 quograndes
653 659 855 714 litterae
871 659 1102 726 fuerint,
1126 661 1230 714 hoc
1242 661 1449 732 quippe
1465 661 1523 716 in
1539 662 1732 716 Graeco

199 755 326 803 sonat
346 749 590 822 πηλίκοις,
610 749 709 803 sed
731 749 879 820 quod
908 766 1024 805 suae
1047 766 1250 805 manus
1273 755 1462 806 essent
1489 751 1570 805 eis
1597 757 1735 807 nota

199 839 401 910 vestigia,
433 843 511 903 ut,
541 839 676 892 dum
726 839 1044 894 litterarum
1085 840 1271 912 apices
1304 847 1730 912 recognoscunt,

197 930 342 999 ipsum
364 945 420 982 se
447 932 711 998 putarent
736 928 946 994 videre,
970 929 1066 1000 qui
1084 930 1734 1001 scripserat.0uicunque

195 1021 346 1071 mlunt
359 1020 562 1086 placere
573 1019 636 1071 in
652 1033 839 1085 carne,
864 1018 926 1071 hi
937 1024 1134 1087 cogunt
1145 1035 1234 1073 vos
1253 1021 1599 1086 circumcidi,
1615 1025 1736 1074 lan-

195 1113 286 1160 tum
313 1111 368 1158 ut
384 1109 556 1160 crucis
587 1106 796 1161 Christi
812 1110 1241 1175 persecutionem
1273 1125 1385 1162 non
1413 1112 1730 1178 patiantur.

195 1193 423 1262 (Hieron)
463 1193 734 1265 Superius
778 1195 1023 1249 ostendit
1050 1212 1117 1249 ex
1165 1212 1275 1267 quo
1316 1197 1436 1251 loco
1465 1213 1569 1252 sua
1596 1197 1734 1251 scri-

191 1283 329 1353 pserit
353 1299 530 1348 manu,
563 1299 716 1338 nunc
753 1284 889 1355 quid
917 1284 1203 1356 scripserit
1256 1286 1507 1356 replicat.
1567 1285 1737 1340 Caius

193 1372 343 1426 Caesar
357 1377 408 1426 et
426 1372 760 1427 Octavianus
773 1375 1081 1444 Augustus,
1114 1381 1172 1429 et
1184 1374 1442 1430 Tiberius
1453 1392 1740 1430 successor

191 1462 388 1530 Augusti
405 1462 550 1532 leges
588 1462 1104 1533 promulgaverant,
1136 1469 1202 1518 ut
1227 1463 1424 1529 Judaei,
1460 1465 1557 1535 qui
1577 1470 1740 1518 erant

191 1549 236 1603 in
258 1557 358 1603 toto
384 1550 622 1605 Romani
649 1551 875 1623 imperii
897 1551 1029 1606 orbe
1057 1551 1318 1623 dispersi,
1341 1553 1570 1624 proprio
1624 1554 1737 1608 ritu

187 1639 408 1702 viverent,
438 1644 494 1694 et
519 1640 725 1712 patriis
753 1641 1100 1696 caeremoniis
1117 1641 1736 1706 deservirent.Quicun-

1815 577 1920 627 tem
1949 576 2089 627 absit
2113 577 2374 642 gloriari,
2399 579 2514 629 nisi
2542 579 2606 630 in
2647 594 2806 630 cruce
2834 578 3064 632 Domini
3091 583 3271 633 nostri
3293 583 3422 635 Jesu

1815 662 2040 727 Christi,
2069 679 2339 732 perquem
2369 666 2513 719 mihi
2544 667 2791 720 mundus
2811 669 3109 734 cruciﬁxus
3136 672 3229 734 est,
3255 673 3303 722 et
3333 686 3425 736 ego

1815 753 2044 805 mundo.
2072 754 2260 822 (Aug.)
2291 753 2534 808 Mundus
2561 754 2700 808 mihi
2727 755 3024 809 cruciﬁxus
3053 763 3155 824 est,
3210 757 3309 824 ait,
3358 764 3426 812 ut

1816 856 1906 894 me
1917 857 2031 894 non
2061 845 2284 909 teneat;
2310 849 2368 896 et
2397 859 2500 913 ego
2529 843 2760 910 mundo,
2788 849 2853 898 ut
2879 860 3008 898 eum
3037 861 3150 899 non
3177 850 3420 912 teneam,

1815 928 1872 982 id
1885 937 1988 997 est,
2003 935 2069 984 ut
2095 947 2279 1002 neque
2291 932 2536 986 mundus
2547 932 2684 986 mihi
2696 949 2897 986 nocere
2908 933 3102 1004 possit,
3119 950 3302 1004 neque
3319 952 3423 1005 ego

1816 1019 1886 1072 de
1907 1019 2118 1073 mundo
2139 1020 2352 1092 aliquid
2371 1021 2595 1092 cupiam
2628 1040 2640 1076 :
2675 1021 2771 1092 qui
2798 1023 3059 1076 autemin
3078 1039 3242 1078 cruce
3265 1023 3424 1078 Chri-

1817 1108 1889 1161 sti
1915 1109 2210 1178 gloriatur,
2235 1127 2348 1164 non
2372 1110 2491 1164 vult
2518 1111 2738 1182 placere
2758 1110 2816 1165 in
2851 1127 3036 1179 carne,
3070 1112 3204 1182 quia
3231 1129 3422 1184 perse-

1815 1197 2069 1252 cutiones
2087 1199 2400 1253 carnalium
2429 1216 2540 1253 non
2576 1200 2758 1265 timet,
2794 1216 2932 1271 quas
2961 1200 3132 1271 prior,
3192 1207 3256 1256 ut
3292 1218 3422 1258 cru-

1818 1286 2157 1356 ciﬁgeretur,
2181 1287 2275 1340 ille
2294 1288 2580 1354 sustinuit,
2616 1295 2680 1343 ut
2705 1289 2941 1360 vestigia
2957 1306 3060 1344 sua
3079 1291 3422 1345 sectantibus

1820 1375 2097 1446 praeberet
2124 1377 2460 1447 exemplum.
2497 1377 2699 1445 (Amb.)
2726 1378 3015 1442 Quomodo
3072 1379 3422 1451 pseudoapo-

1820 1463 1948 1518 stoli
1985 1464 2376 1520 tribulationes
2414 1483 2514 1536 pro
2562 1467 2789 1520 nomine
2831 1466 3040 1520 Christi
3077 1468 3240 1538 quasi
3283 1469 3424 1522 nihil

1818 1552 2140 1623 profuturas
2160 1571 2262 1625 per
2289 1555 2610 1626 hypocrisin
2641 1555 3010 1624 redimebant,
3034 1556 3425 1612 erubescentes

1818 1641 1878 1695 in
1913 1642 2000 1697 his
2025 1661 2038 1709 ;
2070 1643 2152 1697 ita
2172 1650 2230 1697 et
2268 1645 2569 1714 Apostolus
2597 1643 2948 1714 gloriabatur
2975 1645 3044 1699 de
3073 1645 3180 1712 his,
3241 1646 3424 1700 sciens

187 1745 270 1798 que
286 1729 440 1798 igitur
463 1731 832 1786 circumcisus
861 1737 1000 1797 erat,
1039 1731 1172 1785 licet
1191 1731 1250 1785 in
1281 1731 1569 1786 Christum
1610 1719 1794 1786 ονε-Β
1813 1747 2077 1802 magnam
2102 1749 2204 1802 pro
2230 1732 2354 1786 istis
2382 1733 2500 1786 fore
2550 1735 2885 1800 mercedem,
2949 1735 3421 1804 quemadmodum

182 1817 324 1884 deret,
352 1819 502 1890 quasi
515 1819 546 1873 Ι
551 1819 749 1874 υάωιιε
763 1819 1075 1874 habebatur
1101 1837 1137 1874 a
1163 1820 1428 1891 gentibus
1451 1839 1462 1874 :
1490 1822 1586 1892 qui
1601 1839 1732 1876 vero

181 1906 349 1978 absque
377 1908 804 1963 circumcisione
850 1926 911 1964 se
953 1926 1066 1964 non
1115 1926 1236 1964 esse
1282 1910 1539 1964 Judaeum
1589 1927 1731 1982 prae-

179 1996 302 2067 putio
337 1997 683 2068 praeferebat,
720 1998 1202 2069 persecutionibus
1257 2006 1375 2054 tam
1431 1999 1731 2076 gentilium

179 2101 310 2156 quam
335 2087 656 2141 Iudaeorum
682 2087 854 2142 fiebat
882 2087 1169 2143 obnoxius.
1203 2089 1320 2142 Has
1351 2087 1526 2158 igitur
1548 2106 1734 2160 perse-

177 2175 403 2242 cutiones,
457 2175 536 2242 hi,
574 2177 676 2247 qui
724 2177 955 2232 Galatas
1000 2178 1393 2249 depravarant,
1451 2177 1732 2232 declinare

177 2265 435 2336 cupientes,
469 2266 959 2321 circumcisionem
979 2284 1080 2338 pro
1103 2267 1426 2321 defensione
1445 2266 1734 2338 discipulis

179 2354 560 2425 per-suadebant,
620 2371 792 2426 quam
827 2372 976 2410 nunc
1009 2356 1309 2426 Apostolus
1337 2355 1735 2410 conﬁdentiam

179 2443 222 2496 in
245 2460 386 2498 carne
414 2449 601 2511 vocat,
639 2445 788 2516 quod
828 2445 1054 2509 scilicet,
1090 2451 1208 2500 tam
1237 2444 1562 2515 gentilibus,
1595 2463 1736 2516 quos

179 2531 422 2596 timebant,
457 2550 636 2604 quam
685 2534 911 2599 Iudaeis,
947 2534 1149 2605 quibus
1176 2533 1436 2589 volebant
1492 2535 1731 2606 placere,

178 2621 620 2677 circumcisionem
649 2623 711 2677 in
743 2623 1128 2694 persecutione
1147 2629 1556 2694 praeponerent.
1587 2625 1734 2678 Nam

178 2723 255 2762 nec
277 2710 438 2766 Judaei
465 2712 738 2782 persequi
765 2728 861 2765 eos
882 2717 1160 2783 poterant,
1193 2729 1297 2766 nec
1313 2713 1572 2782 gentiles,
1595 2730 1736 2783 quos

175 2798 393 2854 videbant
418 2806 476 2854 et
501 2801 824 2872 proselytos
861 2801 1282 2867 circumcidere,
1321 2807 1380 2856 et
1403 2803 1553 2872 ipsos
1600 2801 1738 2871 legis

177 2896 412 2960 praecepta
429 2906 682 2944 servare.
719 2889 927 2962 (Amb.)
945 2891 1010 2945 In
1023 2906 1191 2944 carne
1222 2891 1460 2961 placere,
1494 2890 1740 2945 homini-

1814 1825 1873 1873 et
1903 1821 2235 1892 coaspostoli
2256 1823 2397 1892 ejus,
2414 1822 2559 1876 sicut
2575 1823 2846 1894 scriptum
2858 1829 2944 1876 est
2964 1823 3022 1876 in
3050 1823 3282 1878 Actibus
3294 1841 3426 1895 apo-

1813 1909 2085 1964 stolorum
2109 1929 2120 1963 :
2146 1911 2320 1977 Tunc,
2369 1911 2571 1982 inquit,
2613 1911 2738 1966 caesi
2795 1914 3051 1966 exierunt
3080 1913 3318 1984 apostoli
3361 1915 3426 1967 de

1813 2001 2066 2066 concilio,
2087 2000 2384 2066 gaudentes
2403 2002 2537 2068 quia
2557 2001 2720 2067 digni
2747 2001 2925 2054 habiti
2943 2006 3076 2053 sunt
3082 2017 3188 2069 pro
3200 2004 3426 2055 nomine

1816 2088 2026 2142 Christi
2053 2091 2450 2143 contumeliam
2465 2091 2590 2158 pati
2623 2089 2762 2155 (Act.
2794 2093 2868 2156 v).
2895 2090 3069 2159 Cujus
3089 2106 3223 2160 ergo
3242 2090 3425 2144 omnis

1815 2193 1943 2248 spes
1967 2177 2025 2230 in
2064 2177 2286 2231 Christo
2307 2183 2410 2244 est,
2438 2177 2529 2230 hic
2549 2177 2827 2247 gloriatur
2847 2169 3100 2231 in'cruce
3117 2179 3259 2248 ejus,
3294 2178 3425 2234 huic

1817 2273 1876 2320 et
1895 2266 2137 2320 mundus
2184 2266 2482 2320 cruciﬁxus
2538 2272 2642 2331 est,
2707 2271 2895 2320 certus
2937 2282 3187 2320 amorem
3245 2266 3424 2321 crucis

1817 2355 2027 2408 Christi
2082 2354 2254 2408 vitam
2303 2371 2424 2408 esse
2457 2373 2469 2408 :
2505 2354 2702 2408 mundi
2743 2370 2873 2408 vero
2915 2370 3168 2408 amorem
3225 2371 3424 2425 parere

1815 2450 2076 2498 mortem.
2142 2445 2412 2514 (Hieron.)
2458 2444 2620 2498 Solus
2677 2449 2862 2513 potest
2899 2443 2960 2496 in
3035 2459 3200 2497 cruce
3260 2443 3422 2498 Chri-

1817 2533 1892 2587 sti
1943 2532 2193 2603 gloriari,
2253 2533 2348 2602 qui
2392 2533 2541 2586 tollit
2586 2549 2712 2586 eam
2761 2538 2819 2586 et
2875 2531 3131 2603 sequitur
3169 2532 3422 2588 Salvato-

1817 2638 1958 2688 rem,
2017 2622 2112 2693 qui
2166 2621 2441 2676 cruciﬁxit
2487 2638 2716 2676 carnem
2752 2637 2915 2675 suam
2961 2637 3089 2675 cum
3163 2621 3313 2676 vitiis
3366 2628 3425 2676 et

1817 2710 2299 2782 concupiscentiis,
2345 2710 2441 2782 qui
2480 2716 2738 2765 mortuus
2788 2716 2876 2764 est
2925 2710 3156 2776 mundo,
3213 2716 3272 2764 et
3311 2727 3424 2764 non

1821 2801 2237 2872 contemplatur
2293 2816 2362 2854 ea
2412 2817 2535 2872 quae
2591 2800 2852 2854 videntur
2881 2839 2895 2866 ,
2955 2799 3054 2854 sed
3120 2815 3243 2870 quae
3312 2815 3424 2853 non

1819 2889 2128 2956 videntur;
2169 2889 2363 2943 videns
2417 2889 2690 2943 mundum
2744 2888 3071 2943 cruciﬁxum
3125 2894 3183 2942 et
3245 2893 3428 2942 trans-

174 2975 252 3030 bus
269 2981 465 3046 placere
492 2979 804 3050 signiﬁcat.
837 2979 913 3034 Ut
931 2979 1082 3033 enim
1123 2979 1329 3034 Judaeis
1360 2979 1619 3052 propitiis
1639 2985 1740 3034 aut
1767 3048 1798 3052 ι
1821 2983 2050 3032 euntem
2107 2980 2349 3049 ﬁguram
2395 2979 2535 3048 ejus.
2596 2977 2956 3048 Crucifigitur
3017 2982 3208 3032 autem
3271 2979 3426 3048 justo

174 3081 259 3119 non
282 3066 502 3122 infensis
527 3048 808 3134 viverent,
863 3085 1002 3139 quos
1051 3048 1547 3140 pseudoapostolos
1575 3068 1730 3134 dicit,
1751 3048 1802 3112 Ο
1819 3067 2066 3122 mundus
2129 3048 2222 3120 ille
2291 3067 2360 3120 de
2427 3083 2537 3137 quo
2621 3067 2877 3121 Salvator
2947 3067 3030 3120 ait
3083 3085 3096 3120 :

171 3154 232 3208 sic
254 3155 522 3211 Christum
567 3155 969 3227 pmdicabant,
1003 3162 1068 3211 ut
1097 3164 1155 3212 et
1181 3157 1363 3228 legem
1401 3157 1733 3212 servandam

172 3243 427 3300 docerent:
458 3245 618 3317 quod
663 3246 966 3317 Apostolus
1010 3263 1302 3317 nunquam
1352 3247 1574 3311 metuit,
1635 3246 1733 3301 sed

171 3341 448 3390 constanter
467 3376 484 3401 ,
519 3335 678 3406 quod
705 3351 900 3389 verum
929 3342 1032 3402 est,
1065 3352 1177 3390 non
1205 3337 1400 3400 tacuit,
1433 3342 1492 3390 et
1520 3335 1648 3400 sibi,
1677 3343 1736 3390 et

170 3420 238 3474 his
259 3425 541 3493 providens
573 3440 719 3496 quos
745 3423 997 3478 docebat.
1029 3425 1285 3495 Denique
1318 3442 1330 3478 :
1365 3425 1494 3493 Ego,
1525 3425 1728 3496 inquit,

173 3525 260 3564 non
271 3516 436 3566 solum
459 3516 662 3581 ligari,
670 3514 763 3566 sed
783 3518 831 3566 et
853 3515 1000 3567 mori
1026 3516 1092 3567 in
1111 3515 1490 3581 Hierosolyma
1497 3518 1734 3583 paratus

173 3615 285 3664 min,
307 3618 404 3670 pro
442 3605 680 3657 nomine
706 3603 935 3656 Domini
955 3605 1081 3657 Jesu
1103 3603 1313 3657 Christi
1342 3603 1478 3669 (Act.
1512 3606 1648 3672 xxx).
1666 3631 1731 3642 —

174 3686 407 3760 (Hieron)
426 3692 621 3760 Neque
647 3693 800 3744 enim
829 3694 930 3760 qui
947 3693 1438 3746 circumciduntur
1452 3695 1620 3759 legem
1641 3708 1734 3745 cu-

169 3779 489 3846 stodiunt,sed
501 3783 706 3834 volunt
725 3795 816 3833 vos
825 3781 1176 3844 circumcidi,
1199 3785 1262 3834 ut
1293 3783 1356 3834 in
1371 3795 1540 3834 carne
1555 3785 1733 3834 vestra

170 3867 459 3930 glorientur.
491 3870 740 3940 Propter
765 3869 1174 3936 infirmitatem,
1190 3869 1392 3942 inquit,
1415 3869 1620 3935 carnis,
1644 3869 1730 3924 lex

171 3953 352 4025 impleri
369 3974 482 4012 non
511 3962 724 4030 potest.
757 3957 917 4013 Unde
947 3965 1004 4012 et
1030 3957 1208 4012 Judaei
1239 3943 1518 4029 praecepta
1552 3958 1731 4028 magis

172 4041 420 4100 hominum
440 4053 499 4102 et
517 4046 827 4110 doctrinas,
880 4064 1050 4119 quam
1103 4047 1207 4101 Dei
1251 4047 1519 4101 mandata
1552 4052 1733 4101 custo-

3151 3067 3261 3134 Ego
3315 3069 3425 3120 vici

1816 3159 2095 3232 mundum
2125 3174 2141 3220 ;
2173 3161 2231 3209 et
2262 3173 2273 3208 :
2300 3156 2479 3210 Nolite
2499 3157 2730 3222 diligere
2748 3157 3048 3220 mundum,
3072 3160 3159 3209 et:
3186 3155 3310 3210 Non
3334 3170 3422 3210 ao-

1814 3248 2027 3314 cepistis
2049 3247 2310 3314 spiritus:
2347 3245 2566 3298 mundi.
2585 3243 2898 3298 Cruciﬁxus
2919 3249 3007 3297 est
3033 3243 3278 3298 mundus
3320 3243 3420 3310 illi,

1815 3335 1904 3388 cui
1931 3333 2176 3388 mundus
2205 3339 2464 3387 mortuus
2474 3338 2560 3386 est
2583 3333 2875 3403 ;venitque
2897 3333 2949 3386 ei
2961 3333 3157 3387 mundi
3169 3349 3426 3388 consum-

1815 3423 2008 3489 matio,
2044 3429 2102 3477 et
2129 3421 2333 3492 dignus
2363 3421 2596 3475 effectus
2616 3437 2758 3475 novo
2797 3422 2956 3487 coelo,
2997 3437 3141 3475 nova
3164 3427 3335 3489 terra,
3369 3429 3426 3476 et

1817 3513 1970 3566 Novo
1989 3513 2367 3576 Testamento,
2386 3510 2539 3563 canit
2565 3509 2846 3564 canticum
2872 3526 3097 3575 novum,
3123 3517 3182 3564 et
3225 3511 3428 3580 accipit

1813 3617 2022 3655 nomen
2049 3616 2255 3654 novum
2276 3598 2547 3669 scriptum
2572 3599 2630 3651 in
2659 3598 2889 3664 calculo,
2919 3598 3068 3669 quod
3108 3614 3273 3652 nemo
3327 3614 3424 3652 no-

1814 3689 1911 3756 vit,
1934 3689 2044 3743 nisi
2073 3689 2170 3760 qui
2199 3687 2480 3757 acceperit
2507 3687 2646 3740 illud
2681 3689 2856 3754 (Apoc.
2892 3689 2974 3756 ir).
3008 3686 3243 3756 [Greg.]
3274 3687 3424 3740 Bene

1813 3794 1948 3848 ergo
1976 3777 2204 3843 Paulus,
2237 3792 2364 3830 cum
2413 3775 2678 3830 saeculum
2729 3773 2973 3844 perfecte
2995 3774 3324 3844 despiceret,
3365 3782 3424 3829 et

1812 3867 1986 3921 talem
2015 3883 2076 3920 se
2117 3865 2327 3920 factum
2358 3863 2592 3930 videret,
2628 3879 2795 3934 quem
2833 3864 2954 3933 jam
2998 3863 3103 3916 hoc
3158 3863 3423 3917 saeculum

1812 3955 2202 4027 concupiscere
2235 3953 2464 4009 omnino
2491 3969 2604 4007 non
2643 3957 2850 4024 posset,
2885 3952 3066 4023 ruptis
3094 3952 3263 4022 hujus
3298 3953 3424 4008 vitae

1812 4044 2045 4098 vinculis
2061 4044 2201 4098 liber
2219 4043 2356 4098 dicit
2378 4063 2390 4097 :
2411 4044 2550 4098 Mihi
2578 4043 2824 4096 mundus
2848 4043 3232 4108 cruci/iaruscst
3262 4046 3310 4095 et
3332 4058 3424 4110 ego

169 4132 314 4198 diunt,
335 4137 877 4207 nequecorporalem
896 4136 1371 4206 facienteslegem,
1392 4135 1734 4206 impossibile
1816 4136 2046 4188 mundo.
2079 4134 2323 4188 Mundus
2353 4132 2559 4204 quippe
2589 4131 2640 4185 ei
2693 4130 2988 4185 cruciﬁxus
3045 4131 3245 4196 fuerat,
3293 4131 3424 4202 quia

171 4221 337 4294 quippe
362 4231 446 4278 est
477 4245 490 4279 :
515 4241 704 4296 neque
723 4225 1050 4296 spiritalem,
1071 4242 1240 4296 quam
1263 4241 1376 4279 non
1392 4225 1730 4294 intelligunt.
1817 4224 1965 4278 hunc
1992 4222 2145 4277 cordi
2183 4239 2284 4277 suo
2299 4223 2420 4293 jam
2439 4226 2725 4275 mortuum
2754 4237 2869 4275 non
2895 4219 3146 4290 amabat:
3175 4221 3274 4274 sed
3289 4225 3347 4274 et
3364 4237 3423 4274 se

171 4308 294 4366 Unde
343 4315 443 4368 hoc
480 4320 592 4380 est,
633 4331 800 4368 omne
829 4315 976 4385 quod
1015 4314 1244 4368 student
1273 4354 1286 4380 ,
1331 4315 1480 4385 quod
1537 4319 1732 4384 agunt,
1755 4373 1794 4385 ﬁ
1817 4312 2002 4384 ipsum
2022 4312 2234 4366 mundo
2282 4311 2653 4376 cruciﬁxerat,
2687 4310 2819 4380 quia
2845 4309 3017 4362 talem
3069 4326 3128 4362 se
3174 4309 3226 4363 ei
3264 4309 3422 4362 exhi-

172 4401 288 4467 quod
299 4373 590 4470 nituntur,
616 4410 684 4458 ut
712 4373 865 4474 apud
888 4403 1110 4458 Judaeos
1137 4404 1206 4457 de
1245 4373 1442 4458 vestrae
1453 4373 1638 4456 carnis
1655 4373 1798 4456 in;D
1819 4373 1950 4456 bere
1973 4401 2211 4466 studuit,
2244 4406 2308 4454 ut
2327 4399 2397 4454 ab
2419 4416 2484 4453 eo
2515 4373 2675 4469 quasi
2698 4373 2953 4452 mortuus
2973 4396 3286 4466 concupisci
3307 4413 3421 4450 non

167 4487 287 4555 jar-ia
308 4492 641 4561 glorientur,
675 4497 734 4546 et
754 4492 1015 4562 jactitent
1041 4509 1143 4547 suo
1181 4498 1378 4563 gentes
1412 4491 1734 4563 magisterio
1818 4496 2026 4562 posset.
2059 4490 2117 4544 Si
2148 4489 2299 4544 enim
2321 4488 2381 4542 in
2410 4503 2523 4542 uno
2541 4487 2662 4541 loco
2693 4486 2808 4540 sint
2827 4490 3082 4538 mortuus
3124 4489 3181 4537 et
3207 4484 3414 4551 vivens,

174 4577 505 4636 timumcisas.
549 4583 671 4636 Hoc
699 4588 889 4636 autem
931 4587 1115 4636 totum
1145 4581 1376 4648 faciunt,
1408 4586 1474 4635 ut
1525 4581 1734 4636 Judaeis
1818 4585 1875 4634 et
1910 4579 1958 4633 si
1983 4584 2240 4632 mortuus
2274 4577 2458 4630 vivum
2511 4591 2622 4629 non
2651 4574 2818 4638 videt,
2863 4572 3018 4626 vivus
3038 4577 3230 4626 tamen
3273 4589 3420 4626 mor-

174 4664 406 4736 placeant,
451 4678 512 4724 et
559 4677 890 4742 expugnatae
920 4671 1058 4742 legis
1112 4670 1322 4724 invidia
1356 4669 1727 4741 conquiescat.

177 4757 332 4822 Hmb.)
354 4760 486 4814 Tale
511 4765 601 4815 est
637 4760 762 4825 hoc,
786 4760 950 4830 quale
977 4766 1034 4814 et
1062 4760 1200 4814 illud
1232 4760 1446 4814 dictum
1493 4759 1564 4813 ad
1594 4775 1731 4831 apo-

175 4845 338 4902 stolum
373 4849 606 4904 Petrum
641 4867 654 4902 :
686 4848 751 4904 Si
787 4854 864 4914 tu,
901 4866 1026 4903 cum
1056 4853 1132 4902 sis
1154 4850 1394 4914 Judzus,
1447 4851 1733 4916 gentiliter

176 4935 295 4998 tiri},
322 4940 586 5005 quomodo
614 4941 892 5006 compellis
910 4943 1091 5005 gentes
1107 4939 1408 5007 judaizare
1440 4938 1575 5004 (Gal.
1599 4939 1678 5006 ir.)
1707 4937 1732 4990 Ἰ

179 5018 240 5074 Ita
260 5033 308 5078 et
334 5026 408 5093 hi,
438 5043 571 5081 cum
609 5027 719 5098 ipsi
757 5027 937 5097 legem
973 5041 1084 5081 non
1113 5025 1477 5092 custodirent,
1510 5041 1734 5080 conver-

176 5118 320 5166 santes
353 5116 582 5186 injuste,
613 5116 1092 5170 circumcisionem
1140 5115 1482 5181 zelabantur,
1515 5120 1582 5169 ut
1608 5131 1733 5186 pro-

177 5193 273 5252 inde
317 5203 559 5258 vindices
594 5211 654 5259 et
696 5210 976 5259 amatores
1018 5205 1158 5274 legis
1211 5204 1554 5270 viderentur,
1603 5219 1730 5257 cum

174 5296 346 5345 constet
399 5293 550 5348 hunc
608 5295 795 5365 legem
851 5293 1148 5348 defendere
1204 5300 1262 5348 et
1292 5293 1592 5360 custodire,
1633 5293 1730 5364 qui

172 5371 371 5437 inﬁtitias
396 5383 522 5453 ejus
543 5383 881 5454 exsequitur,
918 5389 975 5436 et
1004 5383 1334 5437 mandatum
1355 5383 1504 5453 quod
1534 5382 1606 5436 ad
1643 5381 1727 5434 vi-

175 5467 260 5516 lim
305 5471 586 5538 pertinens
612 5473 808 5527 datum
837 5478 940 5538 est,
974 5489 1089 5526 non
1126 5471 1523 5544 praetermittit.
1575 5471 1728 5526 Talis

1815 4675 1977 4723 tuum
2007 4668 2159 4721 videt
2191 4686 2202 4720 :
2235 4666 2284 4719 si
2315 4681 2444 4718 vero
2461 4663 2687 4733 utrique
2709 4661 2917 4715 mortui
2944 4667 3095 4728 sunt,
3121 4661 3265 4716 alter
3284 4662 3420 4716 alte-

1815 4774 1942 4812 rum
1969 4771 2325 4826 nequaquam
2355 4753 2523 4806 videt.
2557 4753 2645 4804 Ita
2677 4749 2774 4820 qui
2797 4751 2918 4820 jam
2975 4749 3249 4804 mundum
3305 4766 3417 4805 non

1814 4850 1987 4910 amat,
2019 4845 2118 4898 sed
2135 4850 2328 4897 tamen
2355 4839 2426 4895 ab
2454 4839 2549 4893 illo
2579 4839 2665 4892 vel
2703 4854 2815 4892 non
2843 4839 3034 4892 volens
3063 4844 3306 4906 amatur,
3361 4845 3420 4894 et

1814 4935 1862 4988 si
1881 4935 2000 5006 ipse
2039 4933 2192 4988 velut
2221 4935 2477 4986 mortuus
2513 4927 2786 4982 mundum
2813 4944 2928 4982 non
2949 4927 3117 4994 videt,
3139 4928 3288 4982 hunc
3317 4934 3420 4982 .ta-

1814 5039 1945 5078 men
1997 5022 2243 5076 mundus
2284 5019 2467 5074 adhuc
2515 5033 2628 5071 non
2665 5022 2924 5071 mortuus
2952 5016 3154 5088 svidet:
3217 5017 3264 5070 si
3284 5033 3415 5071 vero

1814 5129 1917 5166 nec
1938 5111 2057 5182 ipse
2088 5111 2146 5164 in
2175 5125 2367 5164 amore
2399 5106 2672 5160 mundum
2721 5105 2945 5170 retinet,
2997 5121 3099 5158 nec
3125 5120 3352 5159 rursum
3380 5123 3415 5160 a

1813 5201 2010 5256 mundi
2040 5216 2232 5254 amore
2261 5197 2556 5258 retinetur,
2583 5195 2823 5250 vicissim
2843 5193 2948 5248 sibi
2968 5193 3194 5264 utrique
3212 5195 3415 5248 exstin-

1813 5290 1887 5344 cti
1905 5297 2070 5356 sunt;
2095 5288 2227 5360 quia
2253 5287 2390 5342 dum
2417 5285 2568 5339 alter
2592 5285 2832 5338 alterum
2851 5298 2967 5336 non
2989 5283 3221 5354 appetit,
3253 5284 3412 5355 quasi

1812 5385 2098 5433 mortuum
2143 5382 2400 5432 mortuus
2419 5391 2535 5428 non
2581 5372 2839 5428 attendit.
2893 5371 3037 5435 Quia
3090 5371 3265 5441 igitur
3309 5389 3412 5428 nec

1809 5468 2018 5523 Paulus
2031 5466 2224 5522 mundi
2239 5465 2479 5536 gloriam
2495 5461 2798 5534 quaerebat,
2822 5477 2926 5515 nec
2951 5477 2988 5515 a
3013 5461 3208 5515 mundi
3230 5461 3412 5532 gloria

179 5565 276 5620 θἯο
297 5556 618 5615 Galatarum
661 5561 944 5616 excusatio
983 5566 1123 5616 erat.
1169 5561 1298 5615 Haec
1347 5560 1500 5624 dicit,
1544 5566 1610 5614 ut
1641 5559 1726 5613 vel
1807 5558 1928 5629 ipse
1954 5555 2327 5629 quaerebatur,
2359 5560 2493 5608 etse
2514 5551 2723 5606 mundo
2738 5556 2797 5604 et
2813 5549 3088 5605 mundum
3105 5549 3212 5604 sibi
3232 5552 3409 5613 cruci_
