3880 6146
214 308 298 367 an
593 298 1172 356 sums-10mm
1198 299 1288 355 es
1314 298 1479 356 app.
1510 298 1738 355 rem
1762 298 1913 384 Lm.
1950 299 2129 355 mi.
2152 272 2327 356 Lam
2360 300 2588 358 apter.
2628 300 2725 356 Aa
2763 301 3013 358 FPHES.
3334 303 3445 362 δη

212 432 393 486 ﬁmus:
416 426 620 495 Siquis
642 430 833 479 autem
863 427 1082 480 videtur
1107 428 1484 480 contentionis
1503 438 1636 491 esse,
1666 441 1762 479 nos
1780 424 2056 485 A'habere
2081 442 2140 479 se
2170 426 2231 479 in
2250 442 2511 498 conpare,
2542 436 2657 499 quo
2685 434 2799 481 non
2842 427 3029 484 minus
3074 429 3318 485 ﬁdeliter
3354 431 3444 486 «eis

215 524 349 574 talem
384 516 821 571 consuetudinem
854 531 964 569 non
1006 516 1285 581 habemus,
1326 531 1498 583 neque
1525 516 1761 569 Ecclesia
1845 514 2192 584 praedicaret,
2243 515 2388 569 sicut
2443 522 2499 570 et
2543 516 3014 588 pseudoapostoii,
3069 519 3166 589 qui
3214 520 3442 575 Galatas

213 610 290 663 Dei
307 608 352 672 (Ι
373 606 485 660 Cor.
518 608 618 671 x1):
640 604 749 657 hoc
780 610 884 667 est,
910 620 1012 658 nos
1042 603 1302 671 diximus,
1336 604 1459 675 quae
1478 603 1639 658 nobis
1660 605 1760 658 ho-
1844 603 2255 673 deceperant.N
2259 604 2501 658 eminem
2514 606 2705 675 itaque
2716 606 2839 659 vult
2856 606 2963 660 sibi
2984 608 3285 663 molestum
3298 616 3439 676 esse,

207 704 339 752 uesta
364 693 682 748 videbantur
708 700 765 747 et
788 694 944 762 justa
968 694 1054 747 z'si
1084 694 1210 764 quis
1228 699 1418 747 autem
1438 694 1636 747 nolens
1665 710 1759 746 ac—
1844 692 1939 762 qui
1962 693 2090 746 huic
2112 693 2195 746 rei
2215 693 2447 748 devotus
2464 706 2580 748 non
2603 701 2719 755 est;
2754 695 2864 748 ista
2885 695 3035 749 enim
3067 696 3352 766 stigmata,
3384 699 3441 752 id

211 787 450 857 quiescere
479 783 717 845 veritati,
751 783 954 854 quaerit
995 783 1128 853 quid
1159 783 1515 854 respondeat,
1551 788 1607 835 et
1635 782 1759 853 qui-
1842 788 1928 835 est
1946 781 2232 835 cicatrices
2250 784 2569 853 plagarum,
2588 784 2911 838 testimonia
2934 791 3067 839 sunt
3094 787 3442 843 credentium

208 874 289 929 bus
322 874 523 927 nitatur
558 888 589 925 e
628 882 843 938 contra,
878 872 1019 926 sciat
1047 887 1107 926 se
1139 872 1502 942 responsione
1533 887 1645 925 non
1673 871 1759 925 di-
1842 886 2057 935 eorum,
2083 871 2179 941 qui
2200 871 2667 942 patiuntur,quod
2679 873 2833 943 digni
2855 874 3443 946 etmtfuturapromis-

204 980 363 1034 gnum,
384 963 474 1033 qui
502 961 683 1031 magis
704 962 1051 1015 contendere
1067 960 1304 1032 paratus
1332 967 1437 1027 est,
1470 976 1639 1032 quam
1660 961 1760 1015 do-
1843 959 2019 1012 sione.
2036 960 2229 1015 Gratia
2246 962 2476 1015 Domini
2496 965 2674 1015 nostri
2690 965 2813 1015 Jesu
2847 964 3049 1017 Christi
3078 980 3201 1017 cum
3221 964 3439 1033 Spiritu

204 1052 309 1106 ceri.
339 1052 439 1119 Ego
465 1054 613 1104 em’m
644 1054 905 1119 stigmata
931 1053 1055 1105 Jesu
1101 1053 1161 1104 in
1190 1067 1409 1119 corpore
1442 1067 1556 1103 meo
1582 1056 1756 1118 porto.
1842 1053 2037 1111 rostro,
2070 1051 2293 1116 fratres.
2328 1051 2518 1103 Amen.
2554 1051 2679 1104 Non
2710 1050 2848 1119 legis
2887 1052 3128 1121 gratiam
3161 1053 3313 1121 dicit,
3344 1056 3441 1109 sed

205 1143 359 1211 (Aug)
381 1140 653 1209 Stigmata
671 1139 819 1193 enim
837 1139 1100 1193 dicuntur
1122 1145 1268 1192 noue
1282 1139 1535 1209 quaedam
1567 1155 1759 1209 pcena-
1842 1136 2065 1190 Domini
2088 1138 2265 1191 nostri
2288 1139 2313 1191 J
2321 1154 2418 1191 esu
2445 1138 2652 1192 Christi
2669 1156 2789 1193 esse
2810 1156 2938 1193 cum
2963 1141 3165 1211 spiritu
3190 1142 3436 1210 illorum,

202 1232 301 1283 rum
336 1229 607 1283 servilium
633 1247 643 1281 :
679 1235 743 1283 ut
771 1229 815 1282 si
866 1228 1008 1299 quis,
1063 1226 1215 1281 verbi
1244 1228 1448 1305 gratia,
1482 1244 1674 1281 servus
1702 1227 1758 1282 in
1842 1241 1980 1295 quos
2010 1226 2292 1296 spiritales
2311 1226 2513 1280 fratres
2532 1228 2815 1298 apponat;
2850 1231 3199 1299 neque-enim
3218 1232 3441 1301 penitus

199 1318 517 1389 compedibus
556 1318 727 1371 fuerit
768 1324 998 1388 propter
1040 1334 1262 1381 noxam,
1306 1316 1362 1369 id
1393 1324 1495 1379 est,
1531 1321 1759 1387 propter
1834 1313 2063 1368 fuerant
2092 1332 2287 1369 omnes
2315 1317 2510 1370 eversi.
2549 1318 2895 1385 (Hicr.)Non
2914 1318 3207 1386 dissensio,
3232 1322 3440 1375 uenie-

194 1407 400 1479 udpam,
443 1408 524 1460 vel
570 1407 896 1477 hujusmodi
937 1406 1147 1477 aliquid
1190 1422 1387 1477 passus
1436 1406 1622 1469 fuerit,
1664 1406 1757 1459 sti-
1840 1404 1927 1472 gis
1957 1405 2213 1469 servitus,
2242 1410 2356 1458 nan
2388 1406 2525 1469 rixa,
2556 1423 2669 1459 non
2695 1407 2970 1477 jurgimn,
2993 1409 3090 1462 sed
3115 1410 3303 1479 graia
3324 1411 3440 1465 Do-

189 1505 353 1567 gmata
374 1496 580 1551 habere
611 1496 852 1559 dicatur,
884 1494 941 1549 et
969 1495 1092 1549 ideo
1118 1495 1180 1549 in
1205 1496 1334 1565 jure
1362 1494 1761 1549 manumissio-
1842 1491 1984 1545 mini
2010 1494 2188 1547 nestri
2215 1496 2349 1548 Jesu
2376 1494 2587 1549 Christi
2616 1495 2689 1549 sit
2718 1511 2846 1549 cum
2867 1497 3069 1567 spiritu
3094 1503 3313 1563 vestro;
3338 1508 3439 1553 ne-

195 1588 264 1641 uis
289 1585 550 1640 inferioris
593 1593 652 1639 et
697 1585 928 1639 ordinis.
983 1586 1145 1638 Nunc
1172 1600 1308 1654 ergo
1337 1585 1637 1655 Apostolus
1665 1584 1762 1638 sti-
1843 1598 2126 1652 quaquam
2152 1600 2286 1636 cum
2310 1600 2502 1647 carne,
2532 1596 2892 1654 nequaquam
2914 1602 3047 1640 cum
3069 1587 3293 1654 anima;
3324 1589 3441 1642 sive

192 1682 351 1746 gmina
396 1676 571 1729 voluit
617 1675 923 1746 appellare,
958 1674 1118 1745 quasi
1162 1679 1326 1727 notas
1368 1688 1660 1743 pcenarum
1691 1674 1759 1727 de
1842 1670 1976 1739 quia
2002 1671 2284 1741 spiritales
2300 1672 2433 1727 facti
2451 1688 2580 1727 caro
2610 1680 2668 1726 et
2695 1674 2886 1728 anima
2908 1691 3033 1729 esse
3051 1676 3304 1742 desistis;
3325 1677 3441 1731 sive

190 1764 638 1836 {incentionibus
690 1779 831 1834 quas
874 1762 1214 1834 patiebatur.
1256 1763 1493 1832 Propter
1536 1748 1824 1833 culpamB
1843 1760 1990 1828 quod
2022 1760 2078 1813 in
2108 1761 2403 1832 principali
2434 1762 2605 1815 etiam
2638 1779 2703 1816 ea
2725 1780 2848 1833 quae
2875 1765 3096 1819 minora
3125 1772 3259 1819 sunt
3284 1781 3440 1820 com-

191 1856 311 1908 enim
355 1852 783 1925 persecutionis,
818 1869 928 1924 qua
958 1858 1285 1923 persecutus
1327 1858 1449 1905 erat
1486 1852 1760 1905 Ecclesias
1842 1848 2283 1917 prehendantur.
2317 1850 2525 1904 Anima
2552 1851 2700 1904 enim
2745 1858 2803 1905 et
2848 1868 2977 1905 caro
3018 1852 3271 1923 subjecta
3310 1859 3442 1909 sunt

188 1943 380 2009 Christi,
403 1941 517 1997 hac
552 1942 662 1996 sibi
694 1941 925 1996 retribui
953 1946 1292 2012 cognoverat
1317 1958 1327 1992 :
1377 1941 1524 1995 sicut
1550 1940 1620 1993 ab
1640 1940 1760 2011 ipso
1836 1936 2083 2006 spiritui,
2100 1938 2169 1991 de
2190 1955 2298 2008 quo
2322 1939 2679 1993 Ecclesiastes
2692 1941 2946 2011 loquitur
2967 1959 2978 1993 :
2996 1939 3245 2010 Spiritus
3265 1959 3442 1997 rever-

189 2032 391 2086 Domino
408 2032 628 2086 dictum
652 2040 739 2085 est
757 2030 1151 2095 Ananiae,ct1m
1163 2029 1486 2083 idemillnm
1510 2028 1758 2084 Amas
1843 2031 1988 2078 tetur
2014 2029 2089 2079 ad
2116 2043 2245 2079 cum
2275 2031 2374 2095 qui
2401 2029 2549 2081 dedit
2580 2031 2741 2082 illum
2774 2027 2972 2098 {Eccita
2994 2033 3113 2098 xu).
3135 2031 3202 2085 El
3231 2032 3441 2085 Paulus

185 2127 418 2191 tanquam
442 2127 869 2191 persecutorem
894 2115 1351 2174 Christianorum
1380 2118 1711 2172 formidaret
1740 2136 1750 2170 :
1840 2114 1898 2167 in
1929 2115 2039 2169 alio
2072 2116 2191 2169 loco
2222 2117 2398 2188 (Rom.
2432 2122 2544 2185 vni)
2582 2135 2593 2168 :
2626 2120 2734 2185 ipse
2779 2118 3025 2185 Spiritus
3063 2122 3435 2173 testimonium

186 2211 272 2277 Ego
290 2213 372 2264 illi
398 2212 687 2264 ostendam
720 2209 921 2280 inquit,
944 2224 1065 2277 qua:
1092 2213 1333 2277 oporteat
1354 2224 1483 2261 cum
1509 2210 1631 2276 pati
1653 2223 1756 2275 pro
1833 2204 2079 2271 perhibet
2107 2208 2341 2272 spiritui
2369 2210 2577 2258 nostra.
2610 2207 2739 2259 Haec
2768 2210 2958 2259 autem
2993 2207 3179 2276 gratia
3214 2208 3437 2262 Domini

186 2303 372 2352 mulae
394 2314 502 2353 meo
524 2302 670 2365 (Act.
688 2304 786 2365 ix).
807 2299 1209 2352 Verumtamen
1227 2301 1462 2368 propter
1477 2296 1758 2349 remissio-
1836 2291 1971 2345 Jesu
2000 2306 2112 2346 non
2142 2308 2274 2345 cum
2305 2293 2564 2347 omnibus
2580 2300 2689 2359 est,
2721 2295 2818 2348 sed
2840 2311 2967 2348 cum
2998 2295 3085 2348 his
3112 2296 3213 2366 qui
3236 2296 3437 2351 ﬁ‘atres

184 2401 287 2441 nem
310 2395 692 2459 peccatorum,
718 2388 775 2441 in
804 2385 916 2458 qua
938 2387 1255 2457 baptizatus
1275 2391 1415 2449 erat,
1432 2400 1627 2439 omnes
1646 2385 1755 2439 illae
1837 2379 1908 2433 ab
1956 2382 2224 2451 Apostalo
2268 2389 2560 2436 merentur
2605 2383 2808 2447 vocari,
2842 2383 3044 2437 fratres
3072 2384 3285 2449 ﬁdeles,
3318 2385 3434 2440 fra-

180 2476 536 2532 tribulatiornes
572 2492 689 2531 non
714 2478 769 2530 ei
798 2476 1058 2530 valebant
1087 2474 1157 2528 ad
1194 2474 1520 2546 perniciem,
1555 2473 1651 2527 sed
1678 2475 1753 2527 ad
1834 2474 2061 2540 tresque
2086 2470 2366 2539 germani,
2403 2473 2550 2541 quod
2570 2474 2752 2525 Amen
2781 2471 3009 2526 verbum
3030 2472 3313 2543 signiﬁcat
3329 2475 3436 2527 He-

182 2568 408 2620 corouﬁm
438 2567 691 2622 victoria
718 2562 1106 2637 proﬁciebant.
1142 2566 1336 2627 (Ηιέν.)
1366 2564 1475 2628 Qui
1500 2568 1631 2635 post
1659 2564 1755 2616 ad-
1838 2559 2067 2613 bramm.
2101 2562 2282 2613 Amen
2308 2560 2461 2613 enim
2492 2560 2863 2631 Septuaginta
2882 2561 3237 2632 interpretes,
3274 2564 3394 2617 Fiat
3418 2584 3431 2627 ,-

181 2664 373 2709 ventnm
412 2657 633 2711 Christi
658 2656 722 2709 in
752 2668 919 2709 carne
945 2650 1385 2719 circumciditur,
1418 2667 1530 2706 nou
1568 2658 1757 2723 portat
1836 2649 2058 2719 Aquila,
2084 2649 2453 2719 Symmachus
2470 2651 2870 2713 etTheodotio,
2902 2652 3161 2704 Fidclzt'er
3180 2652 3295 2705 sive
3315 2669 3435 2707 vere

182 2743 409 2813 stigmata
448 2746 684 2799 Domini
714 2746 866 2810 Jesu,
891 2744 987 2797 sed
1016 2742 1187 2797 habet
1204 2742 1442 2811 gloriam
1480 2742 1540 2795 in
1556 2741 1754 2795 corn‘u-
1837 2739 2195 2809 interpretati
2215 2742 2349 2792 sunt
2372 2758 2382 2791 :
2404 2746 2465 2792 et
2488 2740 2844 2809 quomodbin
2866 2740 3053 2793 Veteri
3075 2741 3435 2796 Testamento

181 2830 309 2887 sione
324 2850 437 2901 sua,
466 2854 479 2901 ;
505 2835 612 2907 qui
632 2850 763 2887 vero
793 2833 851 2888 in
870 2833 1054 2905 plagis
1072 2840 1244 2902 super
1266 2828 1514 2897 modum,
1548 2831 1607 2884 in
1628 2846 1751 2883 car-
1835 2828 2076 2898 quadam
2096 2828 2326 2898 jurandi
2350 2829 2755 2883 consuetudine
2778 2830 2929 2884 Deus
2975 2846 3079 2883 sua
3103 2830 3274 2885 verba
3299 2848 3431 2885 oon-

176 2921 363 2977 cen'bas
381 2925 735 2995 aequaliter,
777 2928 864 2977 ter
880 2923 1052 2993 virgis
1074 2936 1256 2975 caesus
1280 2925 1389 2985 est,
1415 2920 1589 2974 semel
1609 2919 1752 2990 lapi-
1835 2918 2023 2970 ﬁrmat
2046 2916 2241 2971 dicens
2266 2934 2277 2969 :
2318 2920 2446 2971 Vivo
2473 2934 2581 2986 ego,
2614 2918 2752 2971 dicit
2770 2920 3057 2985 Dominus,
3080 2937 3183 2989 per
3206 2924 3433 2974 sanctos

172 3011 313 3066 datus
347 3022 446 3079 est,
482 3008 810 3083 Maiaque
859 3024 982 3083 quae
1013 3012 1071 3064 in
1102 3010 1354 3080 catalogo
1383 3009 1595 3079 scripta
1621 3008 1811 3083 sunt“
1836 3022 2057 3077 quoque
2082 3007 2313 3076 juratur
2342 3025 2352 3059 :
2394 3008 2525 3060 Vicit
2557 3010 2752 3061 anima
2780 3012 2913 3071 tua;
2954 3008 3036 3061 ita
3071 3014 3131 3061 et
3173 3009 3429 3063 Salvator

607 3067 1117 3172 stiginatalDomini
1137 3101 1271 3154 Iesu
1282 3067 1351 3152 in
1367 3067 1599 3168 corpore
1620 3112 1750 3168 ροτ-
1766 3067 1812 3128 C'
1832 3067 2025 3149 noster
2044 3067 2103 3149 in
2126 3095 2424 3165 Evangelia
2442 3112 2544 3166 per
2556 3095 2787 3149 verbum
2806 3067 2981 3150 Anien
3001 3113 3132 3150 vera
3152 3113 3274 3151 esse
3304 3112 3428 3168 quae

176 3196 257 3243 lat.
282 3192 437 3247 Forte
461 3199 528 3246 et
560 3192 614 3245 is
640 3192 739 3262 qui
766 3183 1015 3245 macerat
1038 3200 1243 3260 corpus
1265 3201 1429 3241 suum
1451 3192 1509 3240 et
1525 3184 1754 3257 subjicit
1834 3184 2101 3255 loquitur,
2123 3184 2388 3238 ostendit.
2404 3184 2563 3248 Quod
2582 3190 2775 3239 autem
2795 3187 2969 3239 Amen
2991 3202 3325 3241 consensum
3351 3186 3429 3241 si-

177 3276 416 3347 servituti,
445 3298 517 3336 ne
544 3280 679 3334 aliis
696 3280 1027 3351 praedicans,
1044 3278 1173 3349 ipse
1196 3276 1465 3348 reprobus
1494 3275 1747 3330 invenia-
1831 3273 2061 3342 gniﬁcet
2074 3274 2377 3339 audientis,
2402 3279 2460 3327 et
2479 3274 2554 3327 sit
2572 3274 2923 3343 signaculum
2943 3275 3214 3341 veritatis,
3236 3276 3307 3329 ad
3326 3276 3430 3330 Co-

174 3374 251 3421 tur
288 3370 366 3436 (11
401 3372 528 3426 Cor.
582 3376 678 3437 rx),
718 3376 908 3440 portat
953 3369 1220 3437 stigmata
1266 3365 1491 3420 Domini
1530 3365 1661 3419 Jesu
1688 3365 1748 3418 in
1831 3362 2069 3416 rinthios
2089 3366 2310 3433 quoque
2332 3363 2628 3433 primanos
2655 3364 2835 3429 docet,
2858 3363 2918 3417 in
2932 3380 3047 3435 qua
3067 3365 3275 3419 Paulus
3297 3365 3380 3419 ait
3411 3385 3421 3418 :

173 3470 371 3529 corpore
405 3472 529 3515 suo.
578 3458 938 3513 laetabantur
978 3466 1037 3511 et
1070 3455 1308 3528 apostoli
1338 3456 1478 3522 (Act.
1512 3457 1565 3521 ν)
1599 3454 1746 3524 quod
1829 3453 2093 3506 Castorum
2122 3454 2174 3504 si
2202 3454 2538 3506 bcncdixeri’s
2566 3454 2793 3519 spiritu,
2825 3455 2949 3521 quis
2988 3458 3197 3522 supplet
3246 3458 3425 3508 locum

174 3545 303 3617 digni
326 3550 556 3604 ﬁxerant
604 3565 707 3620 pro
753 3548 980 3602 nomine
1008 3549 1139 3601 Jesu
1168 3543 1567 3599 contumeliam
1598 3557 1747 3596 com-
1828 3542 2029 3605 idiota,
2059 3542 2325 3609 quomodo
2350 3542 2487 3593 dicet
2522 3543 2695 3594 Amen
2722 3557 2888 3608 super
2918 3547 3074 3594 tuam
3105 3544 3425 3596 benedictio-

172 3638 284 3704 puti.
307 3638 546 3709 {Amata}
584 3639 703 3692 Hoc
723 3638 861 3691 dicit
880 3638 1075 3701 iratus,
1098 3635 1237 3705 quia
1267 3633 1572 3704 passiones,
1606 3647 1746 3702 quas
1829 3645 1972 3694 mm,
1990 3632 2255 3697 quoniam
2273 3631 2491 3697 quidem
2512 3632 2677 3682 nescit
2692 3630 2830 3697 quid
2840 3632 2991 3682 dicas
3008 3631 3105 3696 ?(1
3130 3632 3250 3683 Cor.
3287 3635 3420 3699 xrv).

172 3726 487 3782 cmd‘ehtitim
516 3738 700 3782 causa
739 3726 1075 3798 patiebatur,
1118 3724 1433 3777 inefﬁcaces
1463 3722 1521 3775 in
1549 3721 1637 3774 his
1664 3720 1748 3773 vi-
1830 3717 1907 3771 Ex
1935 3718 2045 3788 quo
2075 3717 2320 3770 ostendit
2345 3733 2458 3770 non
2488 3733 2650 3786 posse
2678 3717 2915 3770 idiotam
2951 3719 3295 3787 respondere
3334 3735 3424 3772 ve-

174 3812 332 3881 deliat,
387 3818 664 3889 quoniam
710 3815 1029 3871 constantia
1062 3820 1122 3867 et
1160 3812 1269 3866 ﬁde
1317 3809 1585 3865 doctrinae
1632 3823 1747 3863 suae
1828 3822 1957 3860 rum
1987 3822 2127 3870 esse,
2161 3805 2308 3876 quod
2337 3805 2563 3871 dicitur,
2580 3805 2690 3859 nisi
2708 3804 3064 3871 intellexerit,
3082 3806 3231 3877 quod
3262 3807 3423 3860 doce-

174 3906 505 3973 Promisti),
541 3907 740 3977 plagas
769 3912 829 3959 et
854 3904 1074 3958 vincula
1100 3902 1217 3974 pati
1254 3916 1370 3955 non
1389 3899 1615 3965 timuit;
1646 3914 1706 3951 se

643 3921 740 3977 gas
769 3912 829 3959 et
854 3904 1074 3958 vincula
1100 3902 1217 3974 pati
1254 3916 1370 3955 non
1389 3899 1615 3965 timuit;
1646 3898 1745 3951 sed
1828 3903 1941 3950 tur.
1976 3894 2175 3948 Amen.

172 4006 339 4061 passus
363 4003 450 4050 est
489 4010 689 4050 amore
726 3993 1078 4049 credentium
1123 3990 1409 4045 cicatrices
1449 3989 1747 4059 plagarum

516 4188 1054 4341 Lmen
1161 4188 2061 4422 marinis
2154 4180 3025 4336 DECIMUS.
3127 4163 3131 4166 ’

695 4472 1255 4568 EXPOSITIO
1304 4486 1423 4563 IN
1485 4480 2107 4560 EPISTOLAM
2157 4479 2309 4554 AD
2359 4470 2895 4553 EPHESIOS.

678 4694 1205 4762 ARGUMENTUM.
1742 4688 1792 4747 D
1814 4685 1982 4740 bebat
2009 4686 2079 4740 ad
2110 4684 2378 4756 Ephesios
2397 4684 2637 4739 Dianam
2660 4682 2924 4749 colentes,
2948 4698 3061 4736 non
3084 4682 3229 4736 hanc
3248 4698 3419 4737 vena-

223 4784 441 4851 (.4mbr.)
483 4784 755 4855 Ephesios
774 4785 1076 4855 Apostolus
1106 4801 1219 4838 non
1238 4783 1494 4838 fundavit
1519 4782 1580 4836 in
1602 4780 1730 4845 ﬁde,
1816 4775 2033 4840 tricem,
2074 4790 2195 4844 quae
2229 4788 2423 4827 arcum
2460 4777 2615 4827 tenet
2647 4776 2816 4842 atque
2845 4770 3127 4835 succincta
3173 4777 3278 4838 est,
3323 4773 3419 4827 sed

169 4869 241 4923 sed
266 4872 633 4938 conﬁrmavit,
676 4874 857 4928 multa
887 4874 1038 4931 mala
1064 4890 1165 4945 pro
1197 4874 1284 4927 his
1303 4890 1501 4944 passus
1519 4890 1553 4927 ξι
1573 4872 1737 4943 perﬁ-
1818 4864 1974 4918 illam
2002 4863 2262 4916 ultimam
2295 4860 2854 4931 [multimammiam],
2874 4876 3043 4932 quam
3060 4861 3239 4916 Graeci
3260 4862 3416 4921 πολύ·

170 4956 250 5021 dis,
268 4960 403 5015 sicut
420 4962 599 5016 dicit:
642 4963 708 5018 Si
735 4966 886 5017 enim
915 4964 1217 5017 secundum
1248 4964 1526 5016 hominem
1554 4964 1628 5016 ad
1658 4964 1737 5016 bo-
1819 4976 2021 5033 μαστον
2049 4965 2270 5025 vocant,
2288 4959 2575 5014 utscilicet
2593 4974 2657 5012 ex
2676 4958 2801 5029 ipsa
2819 4975 3041 5030 quoque
3063 4959 3248 5029 efﬁgie
3266 4974 3419 5014 men-

170 5049 273 5101 diai
291 5054 541 5119 pugnavi
571 5053 784 5120 Ephesi,
831 5055 967 5121 quid
995 5053 1139 5106 mihi
1160 5052 1393 5121 prodest,
1437 5055 1488 5105 si
1525 5058 1702 5106 mortu

1885 5064 2063 5112 *entur
2081 5057 2334 5111 omnium
2357 5064 2482 5111 eam
2512 5056 2819 5111 bestiarum
2865 5062 2922 5110 et
2954 5052 3261 5109 viventium
3297 5066 3417 5110 ease

172 5148 255 5187 ποη
289 5145 586 5208 resurgunt
615 5146 640 5193 ν
669 5142 723 5205 (Ι
748 5142 869 5197 Uor.
920 5145 1033 5209 xv.)
1075 5141 1143 5195 Et
1173 5140 1439 5212 quoniam
1481 5156 1728 5211 pugnam
1810 5147 2109 5201 nutricem.
2137 5143 2426 5200 Scribebat
2453 5146 2523 5199 ad
2554 5145 2910 5216 metropolim
2933 5145 3079 5199 Asia;
3101 5142 3406 5211 civitatem,

170 5235 293 5279 suam
312 5243 421 5283 non
442 5229 566 5283 sine
587 5229 792 5283 affectu
812 5229 1170 5301 profectionis
1190 5230 1415 5284 illorum
1439 5231 1721 5301 praevidet,
1811 5236 1870 5290 in
1900 5253 2013 5306 qua
2039 5236 2119 5289 ita
2149 5235 2484 5299 idololatria,
2519 5240 2577 5289 et
2605 5235 2753 5306 quod
2784 5244 3006 5303 semper
3031 5232 3407 5287 ldOIOIatrianl

168 5314 379 5376 gaudens
394 5318 454 5371 in
476 5318 577 5383 eis,
601 5318 674 5371 ad
696 5319 931 5373 meliora
956 5320 1180 5390 scriptis
1199 5320 1460 5373 hortatur
1480 5320 1548 5372 de
1572 5320 1724 5374 urbis
1807 5326 2079 5395 sequitur,
2097 5324 2306 5377 artium
2324 5322 2673 5393 magicorum
2693 5322 2989 5393 praestigiae
3005 5321 3320 5391 viguerant,
3343 5330 3409 5377 ut

173 5394 340 5467 Romae,
361 5407 615 5460 custodia
632 5426 645 5472 ;
666 5406 799 5477 quia
812 5408 1037 5464 veniens
1056 5408 1128 5462 ab
1143 5409 1543 5479 Hierosolymis
1558 5409 1617 5463 in
1630 5424 1726 5463 cu-
1810 5394 2421 5477 Demetriusdiceret,ct
2435 5406 2644 5481 magna
2655 5405 2762 5465 dea
2775 5408 3233 5478 templumDia'nz
3246 5414 3309 5465 in
3322 5415 3408 5466 ni-

170 5490 315 5544 ιίοάίει
331 5493 433 5547 sub
444 5495 772 5566 ﬁdejussore
785 5496 1116 5567 intelligitur
1130 5498 1368 5568 degisse,
1386 5513 1621 5553 manens
1640 5514 1728 5553 ex-
1808 5504 1987 5558 hilum
2002 5502 2914 5571 reputabiturﬂestrueturquoque
2928 5502 3252 5567 magnitudo
3266 5504 3399 5569 ejus,

174 5581 239 5629 ira
253 5590 422 5636 castra
441 5584 502 5638 in
523 5585 796 5640 conducta
821 5602 921 5643 suo
946 5586 1084 5655 (Act.
1112 5592 1315 5657 XXVIII).
1343 5588 1548 5663 [Hier.]
1574 5589 1723 5645 Scri-
1805 5608 1974 5664 quam
1994 5596 2191 5647 cuncta
2205 5590 2338 5649 Asia
2359 5598 2407 5646 et
2437 5595 2729 5647 universus
2749 5590 2895 5642 orbis
2913 5592 3043 5643 colit
3065 5590 3203 5656 (Act.
3221 5592 3398 5656 xxxx).
