3892 6158
478 254 584 312 383

1066 253 1133 309 B.
1172 251 1447 308 BABANI
1484 249 1718 306 MAURI
1754 248 2094 305 ARCHIEP.
2132 246 2460 304 MOGUNT.
2500 246 2800 304 OPERUM
2843 245 3029 302 PARS
3064 248 3165 304 ῙῙΙ.

3614 253 3701 311 384

480 380 736 453 Denique
763 378 1008 436 triennio
1040 377 1119 432 ibi
1145 376 1447 450 Apostolus
1474 380 1728 430 moratus
1763 378 1868 441 est,
1913 377 2077 428 nocte
2090 374 2140 434 A
2157 371 2449 444 probatur,
2472 372 2622 444 quod
2644 372 2791 427 sicut
2815 372 3058 428 Joannes
3085 373 3406 446 mysterium
3429 377 3706 435 nativitatis

482 477 540 526 et
582 469 675 525 die
710 467 1071 539 Evangelium
1111 465 1439 538 praedicans,
1468 469 1552 531 ut,
1584 462 1914 517 idololatria;
1952 478 2080 516 arce

481 560 784 625 destructa,
816 557 976 611 facile
1004 555 1293 610 minorum
1321 552 1550 609 urbium
1576 552 1792 623 templa
1817 567 2083 623 caperen-

479 654 594 704 tur.
606 647 726 702 Hoc
742 646 930 717 ipsum
951 643 1242 716 Scriptura
1267 642 1458 710 refert,
1475 640 1756 713 quomodo
1774 640 1984 696 Paulus
2009 639 2083 694 ad

479 735 750 808 Ephesios
777 732 1188 789 sermocinetur
1215 732 1442 787 dicens:
1466 733 1808 800 Quapropter
1834 731 2076 797 vigilate,

478 825 827 880 recordantes
845 825 982 892 quia
1003 825 1249 878 triennio
1265 826 1416 876 nocte
1433 836 1500 875 ac
1515 821 1602 874 die
1615 835 1730 874 non
1747 821 1947 874 cessavi
1955 833 2084 872 cum

481 915 753 982 lacrymis
763 927 986 967 monere
996 925 1448 980 unumquemque
1456 911 1775 975 vestrum,et
1785 922 2086 962 nunecom-

481 1004 677 1057 mendo
703 1018 794 1056 vos
817 1003 924 1057 Deo
954 1004 1004 1054 et
1041 1001 1200 1054 verba
1230 1000 1428 1068 gratia:
1463 1000 1597 1068 ejus,
1649 999 1750 1066 qui
1778 1001 1970 1066 potens
2011 1001 2088 1050 est

481 1093 754 1160 aediﬁcare
785 1095 834 1145 et
863 1091 999 1144 dare
1023 1090 1171 1143 vobis
1205 1088 1578 1143 hereditatem
1615 1089 1681 1140 in
1729 1087 2087 1153 sanctiﬁcatis

485 1181 744 1235 omnibus
777 1178 915 1250 (Act.
937 1180 1058 1248 xx).
1083 1175 1418 1248 Indigebant
1433 1175 1584 1230 enim
1599 1173 2086 1230 commendatione

478 1267 734 1341 Apostoli
775 1267 849 1322 ad
884 1267 1085 1332 Deum,
1119 1281 1259 1337 quos
1288 1269 1448 1320 tanto
1481 1270 1734 1336 tempore
1767 1263 2087 1318 daemonum

478 1374 640 1412 error
664 1362 946 1423 tenuerat,
981 1361 1040 1410 et
1065 1353 1318 1410 sciebant
1345 1370 1467 1409 esse
1516 1353 1800 1425 spiritales
1835 1352 1908 1406 ad
1947 1368 2088 1424 quas

481 1447 747 1518 [aliquas]
764 1449 1089 1519 potestatesI
1112 1449 1172 1498 et
1188 1443 1249 1498 in
1268 1443 1408 1499 extis
1427 1448 1600 1514 atque
1609 1441 1861 1513 auguriis
1871 1446 1930 1496 et
1945 1440 2087 1495 divi-

480 1534 806 1590 nationibus
817 1533 1122 1605 quamdam
1133 1531 1560 1588 similitudinem
1578 1530 1889 1585 divinitatis
1910 1545 2086 1600 agno-

481 1628 698 1678 verant.
727 1623 887 1679 Unde
906 1639 1134 1678 rursum
1158 1621 1229 1677 ad
1257 1638 1352 1676 eos
1380 1620 1668 1693 loquitur:
1694 1621 1922 1689 Propter
1943 1619 2090 1689 quod

2161 461 2406 533 antiquae
2434 460 2659 517 Domini
2687 461 2986 527 relaturus,
3017 461 3077 516 in
3103 467 3295 533 pectus
3322 465 3438 535 ejus
3462 467 3703 534 recubuit,

2161 556 2221 605 et
2247 550 2317 604 de
2344 546 2646 622 purissimo
2672 549 2828 604 fonte
2862 549 3052 605 hausit
3093 551 3332 606 rivulum
3368 553 3711 612 doctrinarum

2160 641 2338 709 (Joan.
2368 654 2482 706 xm,
2513 625 2654 708 xxi),
2671 638 2755 693 ita
2801 644 2861 693 et
2887 639 2947 692 hi
2976 638 3035 693 in
3080 639 3335 695 abeuntis
3360 641 3510 696 Pauli
3535 644 3714 700 collum

2162 732 2392 782 ruentes
2415 727 2549 799 (Act.
2580 734 2696 797 xx),
2719 727 2896 785 oculis
2923 732 3092 800 atque
3109 728 3448 801 amplexibus
3464 731 3572 786 suis
3587 732 3716 788 indi-

2165 821 2436 872 caverunt
2461 831 2641 871 unum
2670 832 2733 871 se
2756 832 2891 875 om
2914 833 2981 871 eo
3009 817 3254 874 scientiae
3292 818 3489 874 habere
3522 821 3716 876 thesau-

2165 911 2380 974 rum,et
2389 905 2647 977 magistri
2657 904 3000 962 desiderium
3018 905 3281 980 lacrymis
3292 909 3571 965 contestati
3586 915 3714 966 sunt.

2681 1048 2915 1104 CAPUT
2952 1047 3256 1104 PRIMUM.

2165 1157 2406 1213 Ponitur
2415 1159 2741 1225 aliquorum
2751 1156 2947 1211 divina
2950 1157 3429 1225 przdestinatio,“
3438 1159 3722 1213 recoluntur

2327 1228 2428 1282 Dei
2457 1228 2714 1296 beneﬁcia
2741 1229 2946 1282 collata
2972 1229 3230 1297 apostolis
3255 1232 3304 1282 et
3326 1228 3574 1299 Ephesiis.

2238 1353 2450 1406 Paulus
2474 1354 2749 1420 apostolus
2779 1351 2991 1408 Christi
3006 1353 3135 1406 Jesu
3152 1367 3250 1421 per
3278 1354 3598 1406 voluntatem
3620 1353 3722 1408 Dei.

2172 1438 2413 1512 (Ambr.)
2436 1439 2613 1495 Solito
2639 1456 2796 1494 more
2815 1438 3011 1494 scribit
3026 1459 3044 1494 :
3064 1440 3375 1512 apostolum
3393 1440 3535 1495 enim
3552 1456 3608 1495 se
3622 1456 3725 1495 esse

2170 1529 2379 1583 Christi
2408 1530 2542 1584 Jesu
2572 1529 2674 1584 Dei
2702 1528 2990 1584 voluntate
3026 1532 3286 1584 testatur.
3340 1530 3524 1596 (Πίον.)
3568 1528 3622 1584 Si
3641 1545 3727 1598 per

2167 1617 2488 1690 praepositio
2536 1617 2914 1673 ministerium
2943 1619 3086 1689 ejus,
3116 1635 3221 1690 per
3247 1634 3412 1690 quem
3440 1633 3526 1671 res
3548 1617 3724 1688 agitur,

481 1717 752 1768 contestor
777 1727 868 1766 vos
895 1715 960 1766 in
997 1713 1086 1766 die
1129 1713 1254 1780 hac,
1291 1714 1427 1780 quia
1468 1711 1712 1765 mundus
1746 1725 1873 1764 sum
1910 1724 2004 1777 ego
2047 1723 2083 1762 a
2100 1696 2150 1758 Β
2169 1707 2434 1774 ostendit,
2483 1705 2709 1761 videtur
2746 1705 2886 1761 mihi
2922 1705 2984 1761 in
3008 1704 3167 1761 illam
3202 1705 3529 1762 sententiam
3559 1721 3727 1760 sensus

482 1804 760 1870 sanguine
771 1800 1179 1855 omnium.Non
1200 1802 1354 1854 enim
1376 1801 1764 1868 subtraxi,quo
1780 1799 1974 1852 minus
1985 1812 2086 1851 an-

488 1893 819 1946 nuntiarem
847 1891 996 1944 vobis
1014 1905 1233 1944 omnem
1252 1891 1594 1944 voluntatem
1614 1888 1714 1942 Dei
1732 1887 1920 1956 (Ibid.)
1938 1886 2009 1940 Et
2024 1885 2085 1940 in

487 1979 687 2034 eodem
705 1979 853 2033 loco:
872 1979 1144 2047 Quomodo
1174 1977 1323 2032 nihil
1351 1978 1724 2031 subtraxerim
1751 1990 1944 2029 eorum
1964 1991 2085 2044 quae

482 2069 631 2123 vobis
642 2069 1113 2138 proderant,quin
1123 2067 1536 2120 annuntiarem
1546 2069 1595 2119 et
1604 2065 1850 2119 docerem
1864 2065 2086 2132 publice

483 2163 533 2212 et
577 2158 862 2212 domestice
909 2156 1126 2226 (Ibid,).
1170 2155 1412 2226 Legerat
1442 2154 1502 2208 in
1542 2152 1828 2208 Ezechiele
1869 2152 2082 2221 (Ezech.

484 2251 682 2315 xxxm)
731 2245 883 2317 quod
930 2245 1251 2316 speculator
1286 2244 1384 2316 qui
1424 2243 1633 2315 populo
1680 2241 1929 2297 hostium
1974 2257 2090 2296 non

485 2333 834 2406 praedixisset
854 2333 1176 2401 adventum,
1199 2331 1431 2403 sanguis
1461 2331 1666 2386 civium
1685 2331 2004 2401 exigeretur
2019 2330 2090 2384 de

485 2422 747 2478 manibus
776 2424 919 2494 ejus,
953 2428 1012 2476 et
1038 2427 1338 2495 propterea
1364 2437 1589 2476 omnem
1634 2438 1696 2475 se
1743 2420 2091 2475 voluntatem

487 2512 611 2578 Dei,
641 2517 700 2566 et
725 2511 987 2566 universa
1015 2528 1138 2583 quae
1179 2509 1291 2566 illis
1327 2509 1493 2565 utilia
1517 2508 1703 2564 forent
1725 2508 2092 2563 annuntiasse

494 2601 846 2667 memoravit,
869 2606 932 2655 ut
961 2599 1105 2655 liber
1132 2604 1283 2654 esset
1308 2614 1344 2653 a
1369 2598 1644 2668 sanguine
1667 2613 1883 2652 eorum.
1903 2597 1979 2652 Ut
1995 2613 2094 2652 au-

492 2693 612 2742 tem
622 2687 816 2742 sciatis
834 2704 930 2742 eos
945 2688 1043 2760 qui
1058 2688 1119 2742 in
1141 2688 1359 2760 Epheso
1387 2686 1762 2752 crediderant,
1786 2685 2093 2741 daemonia-

493 2778 575 2832 cis
621 2776 920 2848 praestigiis
959 2781 1019 2832 et
1063 2777 1294 2847 magicae
1330 2775 1504 2831 fuisse
1544 2775 1655 2829 arti
1693 2773 1990 2846 obligatos,
2032 2775 2094 2828 in

491 2865 699 2921 iisdem
732 2865 1118 2938 apostolorum
1141 2864 1376 2920 Actibus
1400 2864 1707 2936 replicatur
1745 2868 1804 2918 et
1840 2863 2048 2918 dicitur
2075 2883 2088 2919 :

2166 1796 2274 1851 iste
2321 1812 2668 1868 congruere:
2705 1796 2875 1852 Nemo
2911 1799 3061 1851 venit
3089 1797 3165 1850 ad
3188 1797 3427 1861 Patrem,
3458 1797 3564 1850 nisi
3587 1797 3726 1863 Pater

2166 1901 2319 1940 meus
2346 1888 2647 1940 attraxerit
2676 1901 2805 1940 eum
2830 1887 3012 1952 (Joan.
3041 1888 3138 1954 vx):
3165 1889 3334 1956 atque
3354 1884 3434 1939 ita
3460 1884 3568 1951 ﬁet,
3603 1888 3660 1938 ut
3681 1887 3730 1937 et

2166 1973 2327 2040 illud,
2351 1974 2501 2046 quod
2516 1974 2582 2028 in
2603 1973 2905 2045 Evangelia
2925 1973 3160 2028 Joannis
3178 1973 3386 2044 legitur
3407 1991 3422 2028 :
3446 1973 3631 2028 Omnia
3643 1987 3728 2042 per

2167 2065 2336 2119 illum
2363 2065 2514 2132 facta
2550 2068 2727 2118 sunt:
2761 2062 2913 2117 haud
2950 2061 3191 2118 dubium
3227 2062 3363 2133 quin
3396 2078 3494 2134 per
3529 2060 3724 2120 Filium.

2169 2169 2283 2208 non
2309 2151 2640 2224 praejudicet
2666 2151 2911 2207 Domino
2936 2156 3130 2206 nostro
3170 2152 3201 2207 J
3205 2168 3305 2206 esu
3334 2151 3566 2218 Christo,
3595 2149 3730 2222 quasi

2171 2257 2238 2296 ex
2267 2257 2335 2295 eo
2363 2240 2550 2296 minor
2574 2241 2668 2308 sit,
2695 2240 2845 2312 quod
2873 2240 3059 2296 Patris
3087 2239 3436 2313 obtemperet
3460 2238 3729 2294 voluntati:

2174 2329 2455 2404 quomodo
2483 2335 2542 2384 et
2566 2346 2718 2385 nunc
2761 2345 2876 2385 non
2918 2329 3253 2401 praijudicat
3290 2329 3461 2395 Patri,
3491 2327 3624 2400 quod
3648 2342 3732 2398 per

2171 2420 2520 2475 voluntatem
2545 2419 2699 2474 illius
2728 2418 2938 2474 Paulus
2965 2420 3257 2491 apostolus
3284 2420 3415 2474 Jesu
3442 2416 3634 2473 Christi
3654 2415 3730 2470 sit.

2170 2509 2285 2564 Alii
2314 2524 2444 2564 vero
2492 2508 2574 2563 ita
2605 2508 2791 2563 locum
2836 2506 3011 2563 istum
3038 2509 3387 2579 intelligunt,
3426 2512 3488 2562 ut
3527 2506 3734 2561 Paulum

2172 2598 2491 2670 apostolum
2511 2599 2540 2653 J
2544 2613 2643 2652 esu
2666 2596 2876 2652 Christi
2914 2613 3018 2668 per
3048 2597 3399 2653 voluntatem
3426 2596 3541 2662 Dei,
3567 2594 3652 2666 qui
3674 2593 3735 2647 sit

2177 2686 2452 2756 Christus,
2475 2686 2696 2741 ostendi
2725 2690 2928 2758 putent
2953 2704 2965 2740 :
2988 2692 3054 2741 ut
3070 2686 3220 2742 sicut
3237 2685 3526 2758 sapientia,
3547 2689 3601 2738 et
3615 2682 3734 2737 Ver-

2173 2773 2330 2842 bum,
2351 2781 2411 2830 et
2428 2775 2609 2830 virtus
2633 2774 2756 2843 Dei,
2778 2779 2838 2829 et
2854 2775 3081 2843 veritas,
3105 2780 3167 2830 et
3194 2774 3546 2841 resurrectio,
3567 2779 3620 2827 et
3639 2771 3737 2825 vita

2174 2864 2402 2933 dicitur,
2423 2864 2507 2920 ita
2526 2863 2699 2919 etiam
2719 2864 2978 2920 voluntas
3006 2864 3348 2936 appelletur.
3362 2861 3613 2919 Nonnulli
3622 2857 3740 2916 nihil

378 3022 385 3028 ,
490 2957 744 3011 Plurimi
757 2971 975 3025 quoque.
985 2970 1178 3009 eorum
1198 2955 1299 3023 qui
1315 2956 1537 3008 curiosa
1551 2957 2096 3023 gesserant,compor-
2174 2953 2402 3008 diﬁ'erre
2429 2953 2773 3020 existimant,
2812 2957 3007 3008 utrum
3032 2969 3137 3025 per
3175 2954 3524 3009 voluntatem
3549 2950 3658 3016 Dei,
3682 2964 3742 3003 an

492 3049 753 3099 taverunt
799 3045 988 3110 libros,
1021 3047 1071 3098 et
1115 3044 1530 3098 combusserunt
1575 3058 1660 3096 eos
1692 3057 1882 3095 coram
1918 3043 2098 3094 omni-
2111 3028 2156 3090 C
2177 3058 2244 3097 ex
2281 3041 2384 3097 Dei
2413 3041 2619 3096 dixerit
2645 3041 2952 3109 voluntate,
3002 3041 3136 3113 quia
3174 3042 3272 3097 his
3299 3035 3742 3115 praepositionibus

494 3133 613 3199 bus,
624 3137 675 3187 et
683 3136 993 3201 computata
1002 3133 1180 3201 pretio
1199 3133 1433 3186 illorum
1442 3174 1454 3196 ,
1467 3133 1806 3185 invenerunt
1818 3131 2096 3199 quinqua-

487 3223 650 3290 ginta
677 3224 867 3276 millia
902 3223 1125 3290 argenti
1154 3239 1171 3274 :
1197 3222 1278 3274 sic
1315 3223 1566 3289 potenter
1601 3220 1829 3274 verbum
1863 3220 2094 3274 Domini

484 3311 754 3365 crescebat
764 3314 815 3365 et
829 3310 1248 3379 confortabatur
1263 3310 1396 3380 (Act.
1421 3310 1561 3378 XIX).
1581 3308 1712 3362 Haec
1731 3307 1936 3362 idcirco
1960 3307 2089 3361 uni-

485 3415 650 3454 versa
673 3397 1086 3470 replicavimus,
1114 3403 1180 3452 ut
1205 3396 1633 3453 ostenderemus
1661 3412 1836 3468 quare
1853 3397 2091 3468 Aposto-

484 3488 575 3542 lus
602 3487 662 3542 in
691 3487 798 3542 hac
824 3487 912 3541 vel
962 3486 1319 3558 potissimum
1362 3485 1612 3558 Epistola
1648 3484 1915 3540 obscuros
1957 3501 2088 3540 sen-

483 3592 583 3632 sus
611 3582 671 3632 et
698 3575 894 3648 ignota
917 3575 1136 3631 saeculis
1163 3580 1518 3630 sacramenta
1539 3574 1902 3645 congesserit,
1934 3580 1992 3628 et
2017 3575 2088 3630 de

485 3670 812 3721 sanctarum
859 3664 1279 3737 Scripturarum
1325 3669 1522 3719 contra
1570 3679 1790 3718 morem
1833 3663 2087 3718 docuerit

484 3759 764 3827 potestate
783 3765 809 3793 ι
840 3773 854 3808 :
889 3753 987 3825 qui
1014 3754 1131 3809 sint
1158 3753 1458 3821 daemones,
1491 3752 1627 3824 quid
1662 3753 1908 3819 valeant,
1948 3751 2085 3823 quid

486 3847 619 3899 ante
646 3842 875 3910 fuerint,
899 3848 959 3898 et
977 3842 1256 3915 quomodo
1273 3847 1402 3914 post
1418 3841 1722 3896 adventum
1738 3839 1948 3896 Christi
1972 3840 2087 3895 sint

483 3931 659 3987 diruti
688 3935 860 4003 atque
888 3931 1178 3986 destructi.
1208 3932 1289 3986 De
1316 3929 1520 4002 quibus
1547 3930 1658 3985 ait:
1683 3931 1808 3986 Non
1834 3934 1909 3984 est
1933 3930 2087 3984 nobis

477 4034 673 4089 pugna
697 4021 955 4074 adversus
982 4035 1210 4074 carnem
1249 4025 1297 4074 et
1324 4022 1679 4088 sanguinem,
1707 4020 1799 4073 sed
1821 4020 2084 4073 adversus

478 4109 836 4177 principatus
855 4112 906 4160 et
908 4112 1209 4176 potestates,
1234 4112 1283 4160 et
1299 4109 1561 4161 adversus
1583 4112 1815 4162 rectores
1837 4109 2084 4161 tenebra-

2174 3130 2560 3187 indiﬁ'erenter
2576 3135 2790 3198 utatur,
2811 3134 2871 3185 et
2888 3129 3135 3202 idipsum
3154 3130 3473 3202 signiﬁcare
3480 3127 3746 3203 pervolun-

2172 3225 2353 3276 tatem
2375 3220 2499 3288 Dei,
2530 3219 2694 3292 quasi
2721 3219 2953 3275 dixisset
2978 3236 3047 3275 ex
3073 3220 3368 3277 voluntate
3394 3221 3523 3277 Dei:
3551 3217 3743 3276 Sanctis

2171 3310 2447 3378 omnibus,
2470 3311 2572 3378 qui
2589 3313 2724 3364 sunt
2743 3309 2962 3378 Ephesi,
2973 3313 3023 3363 et
3038 3311 3300 3377 ﬁdelibus
3322 3313 3385 3366 in
3396 3310 3598 3367 Christo
3611 3308 3741 3362 Jesu.

2171 3397 2414 3462 Quidam
2442 3396 2719 3452 curiosius
2748 3413 2919 3468 quam
2958 3414 3187 3455 necesse
3231 3404 3336 3465 est,
3381 3401 3576 3470 putant
3601 3411 3662 3449 ex
3683 3408 3738 3448 eo

2171 3487 2321 3558 quod
2345 3487 2526 3558 Moysi
2553 3485 2770 3540 dictum
2788 3487 2896 3540 sit:
2928 3488 3052 3542 Hac
3083 3489 3230 3542 dices
3265 3490 3401 3556 ﬁliis
3419 3489 3581 3543 Israel
3605 3503 3620 3539 :
3647 3483 3737 3551 Qui

2166 3580 2242 3631 est
2270 3578 2426 3631 misit
2443 3590 2530 3630 me
2545 3575 2742 3647 (Exod.
2765 3574 2864 3642 in),
2893 3575 3067 3630 etiam
3111 3591 3228 3645 eos,
3263 3577 3361 3649 qui
3379 3574 3574 3648 Ephesi
3591 3568 3742 3628 sancti

2167 3670 2302 3720 sunt
2340 3669 2400 3719 et
2447 3664 2641 3720 ﬁdeles
2683 3663 2951 3719 vocabulo
2994 3665 3254 3721 essentia;
3298 3667 3667 3737 nuncupatos:
3689 3662 3744 3715 ut

2168 3753 2449 3824 quomodo
2479 3769 2516 3808 a
2561 3757 2756 3808 sancto
2782 3752 2983 3821 sancti,
3014 3754 3229 3824 a_justo
3254 3755 3418 3826 justi,
3456 3771 3493 3810 a
3515 3751 3739 3824 sapiente

2167 3841 2480 3914 sapientes;
2514 3842 2598 3897 ita
2614 3840 2686 3897 ab
2715 3858 2802 3908 eo,
2822 3840 2920 3914 qui
2940 3847 3045 3909 est,
3080 3841 3159 3908 hi,
3194 3842 3297 3914 qui
3317 3848 3468 3910 sunt,
3490 3838 3741 3915 appellen-

2164 3936 2282 3999 tur,
2312 3937 2370 3986 et
2395 3931 2559 4003 juxta
2586 3931 2850 3986 eumdem
2880 3931 3214 4002 Apostolum
3235 3932 3475 4004 elegisse
3496 3932 3661 3986 Deum
3684 3942 3741 3981 ea

2167 4037 2292 4092 qua:
2318 4036 2431 4075 non
2459 4025 2640 4086 erant,
2674 4024 2740 4074 ut
2769 4019 3089 4075 destrueret
3116 4036 3185 4075 ea
3215 4038 3343 4092 qua:
3371 4026 3549 4076 erant.
3583 4019 3744 4089 Ipsam

2165 4109 2338 4164 etiam
2368 4108 2716 4180 Scripturam
2747 4125 2871 4180 quae
2897 4108 2958 4163 in
2989 4109 3382 4166 testimonium
3402 4111 3635 4166 adducta
3652 4109 3740 4169 est,

484 4211 619 4250 rum
638 4198 901 4259 istarum,
917 4196 1179 4250 adversus
1193 4198 1481 4264 spiritalia
1502 4197 1761 4264 nequitia:
1779 4198 1846 4249 in
1865 4197 2083 4250 calcsti-
2162 4198 2247 4252 ita
2262 4197 2598 4264 edisserunt,
2620 4203 2683 4252 ut
2702 4197 3143 4253 destructionem
3154 4215 3357 4254 eorum
3377 4216 3499 4272 quae
3518 4200 3741 4260 erant,”

485 4287 584 4339 bus
615 4285 824 4354 (Ephes.
855 4287 952 4354 v1).
985 4284 1055 4339 Et
1079 4284 1141 4339 in
1167 4283 1276 4338 alio
1324 4284 1447 4338 loco
1475 4301 1487 4337 :
1519 4285 1852 4339 Permanebo
1894 4287 2141 4360 autem_
2163 4286 2635 4359 consequentibus
2648 4286 3053 4357 intelligamus:
3073 4288 3133 4342 Ut
3152 4287 3748 4360 non,inquit,glorietur

481 4351 695 4444 Ephesii
723 4389 892 4444 usque
910 4351 918 4354 ⁷
935 4374 1010 4428 ad
1072 4375 1427 4428 Pentecosten.
1479 4373 1692 4429 Ostium
1740 4375 1891 4428 enim
1942 4351 2148 4428 mihiD
2164 4351 2492 4431 omnis-caro
2503 4379 2569 4430 in
2587 4351 2871 4446 conspectu
2892 4377 3007 4430 Dei.
3028 4375 3088 4431 Si
3106 4351 3741 4448 enim,aiunt,vquispiam

480 4467 739 4532 apertum
767 4468 845 4517 est
872 4466 1214 4532 magnumct
1241 4463 1452 4530 efﬁcax,
1476 4463 1570 4516 sed
1587 4463 1902 4519 adversarii
1916 4464 2085 4517 multi
2165 4481 2232 4519 ex
2269 4481 2336 4519 eo
2375 4464 2527 4536 quod
2572 4480 2687 4518 non
2734 4469 2876 4532 erat,
2916 4463 2977 4518 in
3024 4464 3084 4519 id
3116 4465 3267 4536 quod
3313 4472 3404 4522 est
3449 4482 3484 4521 a
3506 4465 3617 4522 Deo
3644 4474 3748 4516 esse

485 4552 540 4619 (Ι
554 4551 677 4607 σον.
706 4554 835 4621 xw).
855 4551 1176 4607 Permansit
1193 4556 1385 4606 autem
1409 4550 1615 4623 Ephesi
1638 4566 1818 4622 usque
1842 4550 1915 4605 ad
1934 4551 2083 4605 Pen-
2166 4553 2485 4624 proﬁciens,
2521 4569 2634 4608 non
2663 4553 2848 4608 datori
2873 4553 3121 4623 gratiam
3150 4554 3380 4623 referat,
3412 4554 3511 4611 sed
3538 4552 3621 4607 sui
3646 4563 3744 4604 me-

483 4644 754 4706 tecosten,
769 4646 995 4711 tempus
1023 4640 1233 4696 laetitia:
1261 4645 1430 4712 atque
1447 4639 1711 4707 victoriae,
1740 4638 1801 4693 in
1829 4655 1941 4711 quo
1970 4656 2086 4694 non

484 4726 764 4783 ﬂectimus
789 4744 994 4799 genua,
1025 4745 1130 4784 nec
1154 4745 1456 4784 curvamur
1482 4728 1542 4783 in
1572 4734 1805 4796 terram,
1829 4728 1928 4782 sed
1956 4744 2085 4783 cum

485 4815 726 4872 Domino
754 4823 1113 4888 resurgentes
1152 4817 1224 4872 ad
1254 4818 1524 4873 caelorum
1563 4817 1681 4872 alta
1714 4816 2082 4872 sustollimur.

485 4905 557 4960 Et
582 4905 895 4977 permansit
923 4924 935 4959 :
970 4906 1103 4977 quia
1133 4912 1394 4978 apertum
1423 4906 1477 4961 ei
1495 4912 1621 4960 erat
1642 4905 1871 4972 ostium,
1896 4910 1956 4960 et
1972 4921 2087 4961 non

482 4994 693 5052 ostium
723 4994 1027 5062 modicum,
1052 4995 1151 5051 sed
1169 5010 1461 5066 magnum,
1482 5000 1550 5050 ut
1560 4995 1746 5049 vincto
1759 4993 1892 5049 forti
1917 4998 2087 5066 atque

2165 4639 2262 4695 riti
2299 4641 2541 4696 aestimet
2579 4642 2728 4713 quod
2766 4640 3041 4708 subsistit,
3085 4642 3279 4697 statim
3324 4643 3473 4716 quod
3522 4646 3606 4696 est
3645 4650 3750 4692 esse

2167 4728 2496 4798 destruitur,
2529 4735 2589 4785 et
2614 4730 2815 4801 incipit
2833 4746 2948 4785 non
2967 4746 3089 4784 esse
3105 4730 3255 4800 quod
3274 4731 3481 4787 fuerat.
3511 4728 3619 4785 Alii
3636 4739 3750 4781 vero

2169 4817 2521 4892 simpliciter,
2561 4835 2677 4874 non
2714 4819 2787 4873 ad
2832 4834 2929 4873 eos
2973 4818 3071 4889 qui
3108 4817 3242 4885 sint,
3286 4820 3388 4874 sed
3434 4819 3530 4890 qui
3568 4811 3751 4889 Ephesi

2168 4908 2349 4962 sancti
2371 4914 2430 4963 et
2446 4909 2640 4962 ﬁdeles
2667 4906 2801 4974 sint,
2832 4906 3107 4978 scriptum
3136 4906 3506 4964 arbitrantur.
3536 4907 3606 4962 Et
3629 4903 3751 4960 ﬁde-

2169 4995 2317 5050 libus
2333 4996 2394 5051 in
2413 4997 2443 5051 J
2447 5012 2547 5052 esu
2574 4995 2818 5051 Christo.
2845 4995 3127 5060 Quoniam
3155 4997 3509 5053 sanctiﬁcata
3533 5000 3618 5050 est
3640 5007 3750 5047 mu-

481 5089 764 5157 superato,
789 5083 1023 5139 domum
1041 5084 1164 5154 ejus
1194 5083 1503 5150 invaderet,
1528 5083 1800 5155 spoliaret
1828 5088 1886 5136 et
1927 5099 2084 5137 ever-
2166 5083 2275 5139 lier
2292 5084 2536 5140 inﬁdelis
2556 5085 2617 5140 in
2632 5084 2754 5139 viro
2774 5084 2946 5151 ﬁdeli,
2964 5085 3372 5141 etvirinﬁdelis
3389 5085 3752 5141 sanctiﬁcatus

480 5178 646 5241 teret,
678 5178 738 5228 et
760 5173 1040 5245 captivam
1059 5170 1441 5243 captivitatem
1462 5160 1696 5226 duceret
1711 5171 1927 5238 (Matth.
1950 5173 2079 5239 xu):
2167 5178 2256 5228 est
2275 5172 2334 5227 in
2356 5174 2593 5229 muliere
2608 5173 2761 5228 ﬁdeli
2771 5175 2826 5243 (Ι
2840 5174 2969 5230 Gor.
2998 5176 3099 5245 vn)
3124 5193 3137 5228 :
3161 5180 3220 5229 et
3236 5180 3373 5230 sunt
3393 5189 3614 5247 quoque
3635 5183 3753 5224 vasa

483 5260 584 5332 qui
608 5261 916 5316 satellitum
942 5276 1176 5317 suorum
1206 5258 1528 5330 agminibus
1555 5259 1930 5332 congregatis,
1961 5264 2084 5315 tota
2163 5267 2377 5327 sancta,
2419 5268 2478 5317 et
2522 5267 2694 5318 muta:
2740 5262 2983 5334 pecudes
3031 5279 3153 5334 quae
3202 5264 3320 5318 Deo
3354 5267 3674 5319 mactantur
3701 5257 3752 5311 in

484 5352 684 5404 contra
708 5350 1042 5419 Apostolum
1075 5348 1195 5404 acie
1223 5348 1529 5404 dimicavit.
1563 5350 1634 5406 Et
1659 5349 1742 5421 [et
1766 5348 1946 5405 victus
1975 5353 2079 5404 est.
2165 5352 2408 5423 templo;
2428 5357 2730 5424 propterea
2750 5367 2868 5419 eos,
2891 5367 3033 5422 quos
3049 5358 3273 5408 sanctos
3295 5353 3534 5418 dixerat,
3551 5345 3753 5403 .vocavit

484 5437 594 5503 Qui
621 5435 738 5492 sint
764 5442 956 5492 autem
993 5437 1219 5510 Ephesii
1260 5442 1319 5492 et
1344 5437 1497 5510 hinc]
1524 5439 1611 5493 vel
1652 5438 1896 5494 maxime
1929 5453 2085 5494 com-
2168 5445 2229 5495 et
2261 5440 2473 5509 ﬁdeles,
2521 5439 2656 5512 quia
2682 5439 2824 5495 ﬁdes
2854 5456 2922 5494 ex
2949 5440 3158 5497 mentis
3205 5441 3447 5513 propriae
3484 5434 3755 5496 descendit

496 5576 505 5585 -
551 5564 577 5592 ι
605 5553 773 5627 Apud
803 5552 1034 5610 Hieron.
1059 5573 1072 5610 :
1105 5559 1157 5610 et
1183 5556 1248 5609 de
1274 5558 1601 5609 sanctarum
1627 5556 2160 5624 contrariarumque
2187 5558 2468 5612 virtutum
2499 5557 2750 5612 docuerit
2775 5563 3053 5628 potestate.
