  <div class='ocr_page' id='page_1' title='image "/cluster/home/n/w/nwhite01/storage/ocr_20150623/112/hvd.32044054759774/198.png"; bbox 0 0 3880 6146; ppageno 0'>
   <div class='ocr_carea' id='block_1_1' title="bbox 213 289 3428 350">
    <p class='ocr_par' dir='ltr' id='par_1_1' title="bbox 213 289 3428 350">
     <span class='ocr_line' id='line_1_1' title="bbox 213 289 3428 350; baseline -0.001 -2"><span class='ocrx_word' id='word_1_1' title='bbox 213 294 298 350; x_wconf 84' lang='grc'>385</span> <span class='ocrx_word' id='word_1_2' title='bbox 575 289 1150 346; x_wconf 82' lang='lat' dir='ltr'>ENARRATIONUM</span> <span class='ocrx_word' id='word_1_3' title='bbox 1186 291 1268 346; x_wconf 88' lang='lat' dir='ltr'>IN</span> <span class='ocrx_word' id='word_1_4' title='bbox 1306 291 1461 346; x_wconf 91' lang='lat' dir='ltr'>EPP.</span> <span class='ocrx_word' id='word_1_5' title='bbox 1501 289 1717 346; x_wconf 81' lang='lat' dir='ltr'>PAULI</span> <span class='ocrx_word' id='word_1_6' title='bbox 1757 289 1894 344; x_wconf 93' lang='lat' dir='ltr'>LIB.</span> <span class='ocrx_word' id='word_1_7' title='bbox 1935 290 2114 346; x_wconf 84' lang='lat' dir='ltr'><strong>XVII.</strong></span> <span class='ocrx_word' id='word_1_8' title='bbox 2147 291 2322 346; x_wconf 90' lang='grc' dir='ltr'>-ΙΝ</span> <span class='ocrx_word' id='word_1_9' title='bbox 2360 291 2582 346; x_wconf 88' lang='lat' dir='ltr'>EPIST.</span> <span class='ocrx_word' id='word_1_10' title='bbox 2621 290 2719 344; x_wconf 82' lang='lat' dir='ltr'>AD</span> <span class='ocrx_word' id='word_1_11' title='bbox 2759 289 3006 344; x_wconf 86' lang='lat' dir='ltr'>EPHES.</span> <span class='ocrx_word' id='word_1_12' title='bbox 3325 289 3428 348; x_wconf 80' lang='lat'>386</span> 
     </span>
    </p>
   </div>
   <div class='ocr_carea' id='block_1_2' title="bbox 195 411 3425 486">
    <p class='ocr_par' dir='ltr' id='par_1_2' title="bbox 195 411 3425 486">
     <span class='ocr_line' id='line_1_2' title="bbox 195 411 3425 486; baseline -0.002 -13"><span class='ocrx_word' id='word_1_13' title='bbox 195 414 410 479; x_wconf 74' lang='lat' dir='ltr'>arbitrio,</span> <span class='ocrx_word' id='word_1_14' title='bbox 429 413 786 468; x_wconf 85' lang='lat' dir='ltr'>sanctiﬁcatio</span> <span class='ocrx_word' id='word_1_15' title='bbox 805 430 936 468; x_wconf 86' lang='lat' dir='ltr'>vero</span> <span class='ocrx_word' id='word_1_16' title='bbox 953 430 1021 468; x_wconf 84' lang='lat' dir='ltr'>ex</span> <span class='ocrx_word' id='word_1_17' title='bbox 1034 414 1438 470; x_wconf 87' lang='lat' dir='ltr'>sanctiﬁcantis</span> <span class='ocrx_word' id='word_1_18' title='bbox 1456 413 1741 469; x_wconf 86' lang='lat' dir='ltr'>interdum</span> <span class='ocrx_word' id='word_1_19' title='bbox 1762 413 1874 473; x_wconf 84' lang='lat' dir='ltr'>Aet</span> <span class='ocrx_word' id='word_1_20' title='bbox 1893 415 2038 468; x_wconf 76' lang='lat' dir='ltr'>dia-it</span> <span class='ocrx_word' id='word_1_21' title='bbox 2067 433 2084 468; x_wconf 91' lang='lat'><strong><em>:</em></strong></span> <span class='ocrx_word' id='word_1_22' title='bbox 2116 415 2345 470; x_wconf 74' lang='lat' dir='ltr'>Crescite</span> <span class='ocrx_word' id='word_1_23' title='bbox 2367 419 2417 468; x_wconf 89' lang='lat' dir='ltr'>et</span> <span class='ocrx_word' id='word_1_24' title='bbox 2443 415 2913 482; x_wconf 75' lang='lat' dir='ltr'>multiplicamini</span> <span class='ocrx_word' id='word_1_25' title='bbox 2939 413 3096 483; x_wconf 86' lang='lat' dir='ltr'>(Gen.</span> <span class='ocrx_word' id='word_1_26' title='bbox 3131 411 3196 485; x_wconf 79' lang='grc' dir='ltr'>ι).</span> <span class='ocrx_word' id='word_1_27' title='bbox 3241 414 3425 486; x_wconf 77' lang='lat' dir='ltr'>Spiri-</span> 
     </span>
    </p>
   </div>
   <div class='ocr_carea' id='block_1_3' title="bbox 199 501 3427 575">
    <p class='ocr_par' dir='ltr' id='par_1_3' title="bbox 199 501 3427 575">
     <span class='ocr_line' id='line_1_3' title="bbox 199 501 3427 575; baseline 0 -18"><span class='ocrx_word' id='word_1_28' title='bbox 199 504 371 574; x_wconf 81' lang='lat' dir='ltr'>absque</span> <span class='ocrx_word' id='word_1_29' title='bbox 387 502 660 556; x_wconf 75' lang='lat' dir='ltr'>voluntate</span> <span class='ocrx_word' id='word_1_30' title='bbox 678 507 873 556; x_wconf 86' lang='lat' dir='ltr'>nostra</span> <span class='ocrx_word' id='word_1_31' title='bbox 890 503 1136 558; x_wconf 86' lang='lat' dir='ltr'>sumitur</span> <span class='ocrx_word' id='word_1_32' title='bbox 1151 504 1433 574; x_wconf 78' lang='lat' dir='ltr'>largitate.</span> <span class='ocrx_word' id='word_1_33' title='bbox 1467 503 1627 568; x_wconf 87' lang='lat' dir='ltr'>Quod</span> <span class='ocrx_word' id='word_1_34' title='bbox 1646 519 1744 558; x_wconf 88' lang='lat' dir='ltr'>au—</span> <span class='ocrx_word' id='word_1_35' title='bbox 1823 503 1965 556; x_wconf 87' lang='lat' dir='ltr'>tales</span> <span class='ocrx_word' id='word_1_36' title='bbox 2005 519 2134 558; x_wconf 91' lang='lat' dir='ltr'>vero</span> <span class='ocrx_word' id='word_1_37' title='bbox 2181 503 2597 557; x_wconf 89' lang='lat' dir='ltr'>benedictiones</span> <span class='ocrx_word' id='word_1_38' title='bbox 2635 501 2694 555; x_wconf 93' lang='lat' dir='ltr'>in</span> <span class='ocrx_word' id='word_1_39' title='bbox 2723 501 3040 556; x_wconf 68' lang='lat' dir='ltr'>coelestibus</span> <span class='ocrx_word' id='word_1_40' title='bbox 3080 509 3214 557; x_wconf 91' lang='lat' dir='ltr'>sunt</span> <span class='ocrx_word' id='word_1_41' title='bbox 3245 521 3256 556; x_wconf 90' lang='lat'>:</span> <span class='ocrx_word' id='word_1_42' title='bbox 3293 504 3427 575; x_wconf 90' lang='lat' dir='ltr'>quia</span> 
     </span>
    </p>
   </div>
   <div class='ocr_carea' id='block_1_4' title="bbox 198 584 3425 666">
    <p class='ocr_par' dir='ltr' id='par_1_4' title="bbox 198 584 3425 666">
     <span class='ocr_line' id='line_1_4' title="bbox 198 584 3425 666; baseline 0 -19"><span class='ocrx_word' id='word_1_43' title='bbox 198 592 372 666; x_wconf 71' lang='lat' dir='ltr'>temnit</span> <span class='ocrx_word' id='word_1_44' title='bbox 391 609 403 643; x_wconf 89' lang='lat'><strong>:</strong></span> <span class='ocrx_word' id='word_1_45' title='bbox 423 593 688 645; x_wconf 81' lang='lat' dir='ltr'>Fidelibus</span> <span class='ocrx_word' id='word_1_46' title='bbox 709 595 774 644; x_wconf 85' lang='lat' dir='ltr'>in</span> <span class='ocrx_word' id='word_1_47' title='bbox 794 593 1007 647; x_wconf 77' lang='lat' dir='ltr'>Christo</span> <span class='ocrx_word' id='word_1_48' title='bbox 1027 594 1172 658; x_wconf 88' lang='lat' dir='ltr'>Jesu,</span> <span class='ocrx_word' id='word_1_49' title='bbox 1195 593 1302 646; x_wconf 92' lang='lat' dir='ltr'>hoc</span> <span class='ocrx_word' id='word_1_50' title='bbox 1329 593 1400 647; x_wconf 88' lang='lat' dir='ltr'>ad</span> <span class='ocrx_word' id='word_1_51' title='bbox 1428 592 1740 646; x_wconf 85' lang='lat' dir='ltr'>distinctio—</span> <span class='ocrx_word' id='word_1_52' title='bbox 1822 597 1975 647; x_wconf 87' lang='lat' dir='ltr'>terra</span> <span class='ocrx_word' id='word_1_53' title='bbox 2015 591 2464 646; x_wconf 87' lang='lat' dir='ltr'>benedictionem</span> <span class='ocrx_word' id='word_1_54' title='bbox 2507 591 2820 662; x_wconf 77' lang='lat' dir='ltr'>spiritalem</span> <span class='ocrx_word' id='word_1_55' title='bbox 2879 607 2991 645; x_wconf 91' lang='lat' dir='ltr'>non</span> <span class='ocrx_word' id='word_1_56' title='bbox 3039 584 3206 664; x_wconf 79' lang='lat' dir='ltr'>capit,</span> <span class='ocrx_word' id='word_1_57' title='bbox 3255 593 3425 664; x_wconf 89' lang='lat' dir='ltr'>siqui-</span> 
     </span>
    </p>
   </div>
   <div class='ocr_carea' id='block_1_5' title="bbox 197 679 3422 752">
    <p class='ocr_par' dir='ltr' id='par_1_5' title="bbox 197 679 3422 752">
     <span class='ocr_line' id='line_1_5' title="bbox 197 679 3422 752; baseline 0 -17"><span class='ocrx_word' id='word_1_58' title='bbox 197 697 296 735; x_wconf 87' lang='lat' dir='ltr'>nem</span> <span class='ocrx_word' id='word_1_59' title='bbox 321 679 741 749; x_wconf 65' lang='lat' dir='ltr'>diligentissimae</span> <span class='ocrx_word' id='word_1_60' title='bbox 771 679 1172 735; x_wconf 82' lang='lat' dir='ltr'>observationis</span> <span class='ocrx_word' id='word_1_61' title='bbox 1193 687 1280 735; x_wconf 88' lang='lat' dir='ltr'>est</span> <span class='ocrx_word' id='word_1_62' title='bbox 1308 681 1582 752; x_wconf 86' lang='lat' dir='ltr'>positum;</span> <span class='ocrx_word' id='word_1_63' title='bbox 1609 685 1742 736; x_wconf 88' lang='lat' dir='ltr'>sunt</span> <span class='ocrx_word' id='word_1_64' title='bbox 1821 681 1950 735; x_wconf 88' lang='lat' dir='ltr'>dem</span> <span class='ocrx_word' id='word_1_65' title='bbox 1997 685 2056 734; x_wconf 85' lang='lat' dir='ltr'>et</span> <span class='ocrx_word' id='word_1_66' title='bbox 2097 679 2514 735; x_wconf 90' lang='lat' dir='ltr'>benedictiones</span> <span class='ocrx_word' id='word_1_67' title='bbox 2556 680 2684 744; x_wconf 68' lang='lat' dir='ltr'>illm,</span> <span class='ocrx_word' id='word_1_68' title='bbox 2721 696 2844 750; x_wconf 57' lang='lat' dir='ltr'>qua</span> <span class='ocrx_word' id='word_1_69' title='bbox 2876 679 2934 733; x_wconf 90' lang='lat' dir='ltr'>in</span> <span class='ocrx_word' id='word_1_70' title='bbox 2988 681 3422 736; x_wconf 89' lang='lat' dir='ltr'>Deuteronomio</span> 
     </span>
    </p>
   </div>
   <div class='ocr_carea' id='block_1_6' title="bbox 196 767 3416 841">
    <p class='ocr_par' dir='ltr' id='par_1_6' title="bbox 196 767 3416 841">
     <span class='ocr_line' id='line_1_6' title="bbox 196 767 3416 841; baseline 0.001 -19"><span class='ocrx_word' id='word_1_71' title='bbox 196 770 360 840; x_wconf 87' lang='lat' dir='ltr'>quippe</span> <span class='ocrx_word' id='word_1_72' title='bbox 378 768 558 838; x_wconf 84' lang='lat' dir='ltr'>plures</span> <span class='ocrx_word' id='word_1_73' title='bbox 577 769 788 832; x_wconf 89' lang='lat' dir='ltr'>ﬁdeles,</span> <span class='ocrx_word' id='word_1_74' title='bbox 807 769 904 823; x_wconf 89' lang='lat' dir='ltr'>sed</span> <span class='ocrx_word' id='word_1_75' title='bbox 925 786 1041 824; x_wconf 91' lang='lat' dir='ltr'>non</span> <span class='ocrx_word' id='word_1_76' title='bbox 1062 769 1122 823; x_wconf 90' lang='lat' dir='ltr'>in</span> <span class='ocrx_word' id='word_1_77' title='bbox 1139 770 1361 825; x_wconf 86' lang='lat' dir='ltr'>Christo</span> <span class='ocrx_word' id='word_1_78' title='bbox 1372 772 1401 824; x_wconf 92' lang='lat' dir='ltr'>J</span> <span class='ocrx_word' id='word_1_79' title='bbox 1406 787 1503 824; x_wconf 92' lang='lat' dir='ltr'>esu</span> <span class='ocrx_word' id='word_1_80' title='bbox 1519 789 1530 824; x_wconf 89' lang='lat'><strong>:</strong></span> <span class='ocrx_word' id='word_1_81' title='bbox 1547 771 1592 823; x_wconf 88' lang='lat' dir='ltr'>si</span> <span class='ocrx_word' id='word_1_82' title='bbox 1614 770 1739 841; x_wconf 91' lang='lat' dir='ltr'>quis</span> <span class='ocrx_word' id='word_1_83' title='bbox 1821 770 1923 824; x_wconf 85' lang='lat' dir='ltr'>Dei</span> <span class='ocrx_word' id='word_1_84' title='bbox 1967 776 2308 841; x_wconf 65' lang='lat' dir='ltr'>praeceptum</span> <span class='ocrx_word' id='word_1_85' title='bbox 2354 767 2705 823; x_wconf 80' lang='lat' dir='ltr'>servantibus</span> <span class='ocrx_word' id='word_1_86' title='bbox 2759 769 3183 838; x_wconf 87' lang='lat' dir='ltr'>promittuntur.</span> <span class='ocrx_word' id='word_1_87' title='bbox 3235 772 3416 840; x_wconf 88' lang='lat' dir='ltr'>(Deut.</span> 
     </span>
    </p>
   </div>
   <div class='ocr_carea' id='block_1_7' title="bbox 193 857 3424 929">
    <p class='ocr_par' dir='ltr' id='par_1_7' title="bbox 193 857 3424 929">
     <span class='ocr_line' id='line_1_7' title="bbox 193 857 3424 929; baseline 0 -17"><span class='ocrx_word' id='word_1_88' title='bbox 193 858 352 912; x_wconf 83' lang='lat' dir='ltr'>reddat</span> <span class='ocrx_word' id='word_1_89' title='bbox 367 857 696 928; x_wconf 88' lang='lat' dir='ltr'>depositum,</span> <span class='ocrx_word' id='word_1_90' title='bbox 724 857 771 910; x_wconf 93' lang='lat' dir='ltr'>si</span> <span class='ocrx_word' id='word_1_91' title='bbox 803 857 926 928; x_wconf 90' lang='lat' dir='ltr'>quis</span> <span class='ocrx_word' id='word_1_92' title='bbox 942 859 1334 913; x_wconf 88' lang='lat' dir='ltr'>commendata</span> <span class='ocrx_word' id='word_1_93' title='bbox 1347 877 1458 914; x_wconf 92' lang='lat' dir='ltr'>non</span> <span class='ocrx_word' id='word_1_94' title='bbox 1475 859 1733 929; x_wconf 85' lang='lat' dir='ltr'>abneget,</span> <span class='ocrx_word' id='word_1_95' title='bbox 1827 866 2004 924; x_wconf 84' lang='lat' dir='ltr'>xxvm)</span> <span class='ocrx_word' id='word_1_96' title='bbox 2035 858 2215 912; x_wconf 90' lang='lat' dir='ltr'>:verbi</span> <span class='ocrx_word' id='word_1_97' title='bbox 2235 875 2422 924; x_wconf 89' lang='lat' dir='ltr'>causa,</span> <span class='ocrx_word' id='word_1_98' title='bbox 2438 857 2650 912; x_wconf 83' lang='lat' dir='ltr'>exteris</span> <span class='ocrx_word' id='word_1_99' title='bbox 2667 857 2930 927; x_wconf 85' lang='lat' dir='ltr'>gentibus</span> <span class='ocrx_word' id='word_1_100' title='bbox 2960 857 3221 924; x_wconf 82' lang='lat' dir='ltr'>fenerari,</span> <span class='ocrx_word' id='word_1_101' title='bbox 3256 859 3424 929; x_wconf 89' lang='lat' dir='ltr'>plena</span> 
     </span>
    </p>
   </div>
   <div class='ocr_carea' id='block_1_8' title="bbox 191 945 3418 1019">
    <p class='ocr_par' dir='ltr' id='par_1_8' title="bbox 191 945 3418 1019">
     <span class='ocr_line' id='line_1_8' title="bbox 191 945 3418 1019; baseline 0.001 -20"><span class='ocrx_word' id='word_1_102' title='bbox 191 947 370 1000; x_wconf 83' lang='lat' dir='ltr'>ﬁdelem</span> <span class='ocrx_word' id='word_1_103' title='bbox 395 963 452 1000; x_wconf 90' lang='lat' dir='ltr'>se</span> <span class='ocrx_word' id='word_1_104' title='bbox 491 946 738 1000; x_wconf 89' lang='lat' dir='ltr'>amicum</span> <span class='ocrx_word' id='word_1_105' title='bbox 767 947 1046 1010; x_wconf 85' lang='lat' dir='ltr'>exhibeat,</span> <span class='ocrx_word' id='word_1_106' title='bbox 1079 947 1328 1002; x_wconf 90' lang='lat' dir='ltr'>animam</span> <span class='ocrx_word' id='word_1_107' title='bbox 1357 948 1540 1018; x_wconf 89' lang='lat' dir='ltr'>magis</span> <span class='ocrx_word' id='word_1_108' title='bbox 1569 965 1737 1019; x_wconf 90' lang='lat' dir='ltr'>quam</span> <span class='ocrx_word' id='word_1_109' title='bbox 1821 964 1940 1001; x_wconf 91' lang='lat' dir='ltr'>esse</span> <span class='ocrx_word' id='word_1_110' title='bbox 1969 948 2174 1002; x_wconf 89' lang='lat' dir='ltr'>horrea</span> <span class='ocrx_word' id='word_1_111' title='bbox 2205 946 2523 1011; x_wconf 84' lang='lat' dir='ltr'>frumentis,</span> <span class='ocrx_word' id='word_1_112' title='bbox 2557 945 2882 1000; x_wconf 82' lang='lat' dir='ltr'>benedictos</span> <span class='ocrx_word' id='word_1_113' title='bbox 2912 962 3032 1000; x_wconf 89' lang='lat' dir='ltr'>esse</span> <span class='ocrx_word' id='word_1_114' title='bbox 3079 945 3138 1000; x_wconf 90' lang='lat' dir='ltr'>in</span> <span class='ocrx_word' id='word_1_115' title='bbox 3167 946 3418 1013; x_wconf 88' lang='lat' dir='ltr'>urbibus,</span> 
     </span>
    </p>
   </div>
   <div class='ocr_carea' id='block_1_9' title="bbox 189 1033 3420 1108">
    <p class='ocr_par' dir='ltr' id='par_1_9' title="bbox 189 1033 3420 1108">
     <span class='ocr_line' id='line_1_9' title="bbox 189 1033 3420 1108; baseline 0.001 -21"><span class='ocrx_word' id='word_1_116' title='bbox 189 1035 323 1088; x_wconf 82' lang='lat' dir='ltr'>ﬁdem</span> <span class='ocrx_word' id='word_1_117' title='bbox 347 1039 569 1105; x_wconf 88' lang='lat' dir='ltr'>paratus</span> <span class='ocrx_word' id='word_1_118' title='bbox 599 1035 674 1088; x_wconf 89' lang='lat' dir='ltr'>sit</span> <span class='ocrx_word' id='word_1_119' title='bbox 703 1036 960 1106; x_wconf 87' lang='lat' dir='ltr'>prodere,</span> <span class='ocrx_word' id='word_1_120' title='bbox 995 1037 1144 1106; x_wconf 88' lang='lat' dir='ltr'>quod</span> <span class='ocrx_word' id='word_1_121' title='bbox 1173 1037 1244 1090; x_wconf 91' lang='lat' dir='ltr'>de</span> <span class='ocrx_word' id='word_1_122' title='bbox 1263 1037 1550 1092; x_wconf 88' lang='lat' dir='ltr'>nonnullis</span> <span class='ocrx_word' id='word_1_123' title='bbox 1563 1037 1740 1108; x_wconf 88' lang='lat' dir='ltr'>philo-</span> <span class='ocrx_word' id='word_1_124' title='bbox 1819 1036 2141 1091; x_wconf 90' lang='lat' dir='ltr'>benedictos</span> <span class='ocrx_word' id='word_1_125' title='bbox 2158 1036 2218 1090; x_wconf 90' lang='lat' dir='ltr'>in</span> <span class='ocrx_word' id='word_1_126' title='bbox 2241 1036 2410 1106; x_wconf 88' lang='lat' dir='ltr'>agris,</span> <span class='ocrx_word' id='word_1_127' title='bbox 2435 1041 2492 1089; x_wconf 92' lang='lat' dir='ltr'>et</span> <span class='ocrx_word' id='word_1_128' title='bbox 2505 1035 2804 1090; x_wconf 71' lang='lat' dir='ltr'>caaterahis</span> <span class='ocrx_word' id='word_1_129' title='bbox 2823 1033 3114 1101; x_wconf 85' lang='lat' dir='ltr'>similia,in</span> <span class='ocrx_word' id='word_1_130' title='bbox 3129 1037 3420 1107; x_wconf 86' lang='lat' dir='ltr'>prophetis</span> 
     </span>
    </p>
   </div>
   <div class='ocr_carea' id='block_1_10' title="bbox 185 1121 3420 1196">
    <p class='ocr_par' dir='ltr' id='par_1_10' title="bbox 185 1121 3420 1196">
     <span class='ocr_line' id='line_1_10' title="bbox 185 1121 3420 1196; baseline 0.001 -20"><span class='ocrx_word' id='word_1_131' title='bbox 185 1123 338 1194; x_wconf 86' lang='lat' dir='ltr'>sophis</span> <span class='ocrx_word' id='word_1_132' title='bbox 363 1123 611 1193; x_wconf 82' lang='lat' dir='ltr'>legimus,</span> <span class='ocrx_word' id='word_1_133' title='bbox 644 1124 751 1178; x_wconf 87' lang='lat' dir='ltr'>iste</span> <span class='ocrx_word' id='word_1_134' title='bbox 781 1129 840 1178; x_wconf 87' lang='lat' dir='ltr'>et</span> <span class='ocrx_word' id='word_1_135' title='bbox 865 1125 1045 1180; x_wconf 89' lang='lat' dir='ltr'>ﬁdelis</span> <span class='ocrx_word' id='word_1_136' title='bbox 1075 1125 1304 1196; x_wconf 89' lang='lat' dir='ltr'>quidem</span> <span class='ocrx_word' id='word_1_137' title='bbox 1341 1131 1445 1194; x_wconf 90' lang='lat' dir='ltr'>est,</span> <span class='ocrx_word' id='word_1_138' title='bbox 1480 1127 1578 1180; x_wconf 91' lang='lat' dir='ltr'>sed</span> <span class='ocrx_word' id='word_1_139' title='bbox 1625 1143 1738 1180; x_wconf 91' lang='lat' dir='ltr'>non</span> <span class='ocrx_word' id='word_1_140' title='bbox 1819 1141 1934 1180; x_wconf 90' lang='lat' dir='ltr'>non</span> <span class='ocrx_word' id='word_1_141' title='bbox 1950 1125 2204 1179; x_wconf 85' lang='lat' dir='ltr'>videmus</span> <span class='ocrx_word' id='word_1_142' title='bbox 2223 1125 2458 1195; x_wconf 85' lang='lat' dir='ltr'>impleta</span> <span class='ocrx_word' id='word_1_143' title='bbox 2475 1121 2818 1189; x_wconf 90' lang='lat' dir='ltr'>hominibus,</span> <span class='ocrx_word' id='word_1_144' title='bbox 2843 1123 2937 1194; x_wconf 87' lang='lat' dir='ltr'>qui</span> <span class='ocrx_word' id='word_1_145' title='bbox 2961 1123 3020 1178; x_wconf 90' lang='lat' dir='ltr'>in</span> <span class='ocrx_word' id='word_1_146' title='bbox 3035 1124 3257 1179; x_wconf 90' lang='lat' dir='ltr'>melotis</span> <span class='ocrx_word' id='word_1_147' title='bbox 3287 1125 3420 1179; x_wconf 89' lang='lat' dir='ltr'>etin</span> 
     </span>
    </p>
   </div>
   <div class='ocr_carea' id='block_1_11' title="bbox 185 1211 3416 1286">
    <p class='ocr_par' dir='ltr' id='par_1_11' title="bbox 185 1211 3416 1286">
     <span class='ocr_line' id='line_1_11' title="bbox 185 1211 3416 1286; baseline 0.001 -20"><span class='ocrx_word' id='word_1_148' title='bbox 185 1220 250 1266; x_wconf 85' lang='lat' dir='ltr'>est</span> <span class='ocrx_word' id='word_1_149' title='bbox 271 1211 431 1265; x_wconf 86' lang='lat' dir='ltr'>ﬁdelis</span> <span class='ocrx_word' id='word_1_150' title='bbox 463 1211 522 1266; x_wconf 91' lang='lat' dir='ltr'>in</span> <span class='ocrx_word' id='word_1_151' title='bbox 553 1213 778 1267; x_wconf 88' lang='lat' dir='ltr'>Christo</span> <span class='ocrx_word' id='word_1_152' title='bbox 818 1214 968 1267; x_wconf 90' lang='lat' dir='ltr'>Jesu.</span> <span class='ocrx_word' id='word_1_153' title='bbox 1002 1213 1220 1268; x_wconf 88' lang='lat' dir='ltr'>Fideles</span> <span class='ocrx_word' id='word_1_154' title='bbox 1269 1215 1441 1270; x_wconf 88' lang='lat' dir='ltr'>etiam</span> <span class='ocrx_word' id='word_1_155' title='bbox 1467 1215 1580 1269; x_wconf 90' lang='lat' dir='ltr'>dici</span> <span class='ocrx_word' id='word_1_156' title='bbox 1609 1231 1738 1286; x_wconf 90' lang='lat' dir='ltr'>pos-</span> <span class='ocrx_word' id='word_1_157' title='bbox 1820 1213 2062 1285; x_wconf 86' lang='lat' dir='ltr'>caprinis</span> <span class='ocrx_word' id='word_1_158' title='bbox 2083 1212 2321 1285; x_wconf 88' lang='lat' dir='ltr'>pellibus</span> <span class='ocrx_word' id='word_1_159' title='bbox 2337 1217 2694 1268; x_wconf 89' lang='lat' dir='ltr'>erraverunt:</span> <span class='ocrx_word' id='word_1_160' title='bbox 2716 1213 2776 1265; x_wconf 92' lang='lat' dir='ltr'>in</span> <span class='ocrx_word' id='word_1_161' title='bbox 2797 1218 3048 1282; x_wconf 83' lang='lat' dir='ltr'>egestate</span> <span class='ocrx_word' id='word_1_162' title='bbox 3067 1218 3125 1267; x_wconf 89' lang='lat' dir='ltr'>et</span> <span class='ocrx_word' id='word_1_163' title='bbox 3136 1214 3416 1284; x_wconf 85' lang='lat' dir='ltr'>angustia,</span> 
     </span>
    </p>
   </div>
   <div class='ocr_carea' id='block_1_12' title="bbox 181 1301 3421 1375">
    <p class='ocr_par' dir='ltr' id='par_1_12' title="bbox 181 1301 3421 1375">
     <span class='ocr_line' id='line_1_12' title="bbox 181 1301 3421 1375; baseline 0.001 -21"><span class='ocrx_word' id='word_1_164' title='bbox 181 1306 284 1354; x_wconf 89' lang='lat' dir='ltr'>sunt</span> <span class='ocrx_word' id='word_1_165' title='bbox 308 1305 359 1354; x_wconf 87' lang='lat' dir='ltr'>et</span> <span class='ocrx_word' id='word_1_166' title='bbox 375 1301 780 1368; x_wconf 87' lang='lat' dir='ltr'>catechumeni,</span> <span class='ocrx_word' id='word_1_167' title='bbox 803 1303 900 1356; x_wconf 90' lang='lat' dir='ltr'>sed</span> <span class='ocrx_word' id='word_1_168' title='bbox 919 1319 1034 1357; x_wconf 90' lang='lat' dir='ltr'>non</span> <span class='ocrx_word' id='word_1_169' title='bbox 1055 1304 1250 1358; x_wconf 90' lang='lat' dir='ltr'>ﬁdeles</span> <span class='ocrx_word' id='word_1_170' title='bbox 1269 1304 1329 1358; x_wconf 90' lang='lat' dir='ltr'>in</span> <span class='ocrx_word' id='word_1_171' title='bbox 1348 1304 1590 1370; x_wconf 90' lang='lat' dir='ltr'>Christo,</span> <span class='ocrx_word' id='word_1_172' title='bbox 1607 1303 1740 1375; x_wconf 88' lang='lat' dir='ltr'>quia</span> <span class='ocrx_word' id='word_1_173' title='bbox 1819 1303 1878 1357; x_wconf 91' lang='lat' dir='ltr'>in</span> <span class='ocrx_word' id='word_1_174' title='bbox 1907 1303 2145 1357; x_wconf 86' lang='lat' dir='ltr'>desertis</span> <span class='ocrx_word' id='word_1_175' title='bbox 2184 1301 2489 1368; x_wconf 88' lang='lat' dir='ltr'>montibus,</span> <span class='ocrx_word' id='word_1_176' title='bbox 2531 1301 2592 1356; x_wconf 91' lang='lat' dir='ltr'>in</span> <span class='ocrx_word' id='word_1_177' title='bbox 2620 1301 2917 1372; x_wconf 87' lang='lat' dir='ltr'>speluncis,</span> <span class='ocrx_word' id='word_1_178' title='bbox 2950 1301 3008 1355; x_wconf 90' lang='lat' dir='ltr'>in</span> <span class='ocrx_word' id='word_1_179' title='bbox 3039 1303 3292 1356; x_wconf 88' lang='lat' dir='ltr'>cavernis</span> <span class='ocrx_word' id='word_1_180' title='bbox 3327 1321 3421 1374; x_wconf 91' lang='lat' dir='ltr'>pe-</span> 
     </span>
    </p>
   </div>
   <div class='ocr_carea' id='block_1_13' title="bbox 180 1389 3415 1462">
    <p class='ocr_par' dir='ltr' id='par_1_13' title="bbox 180 1389 3415 1462">
     <span class='ocr_line' id='line_1_13' title="bbox 180 1389 3415 1462; baseline 0.001 -19"><span class='ocrx_word' id='word_1_181' title='bbox 180 1406 268 1443; x_wconf 89' lang='lat' dir='ltr'>non</span> <span class='ocrx_word' id='word_1_182' title='bbox 283 1395 400 1443; x_wconf 90' lang='lat' dir='ltr'>sunt</span> <span class='ocrx_word' id='word_1_183' title='bbox 413 1389 682 1461; x_wconf 89' lang='lat' dir='ltr'>baptizati</span> <span class='ocrx_word' id='word_1_184' title='bbox 695 1391 754 1445; x_wconf 92' lang='lat' dir='ltr'>in</span> <span class='ocrx_word' id='word_1_185' title='bbox 766 1391 990 1446; x_wconf 87' lang='lat' dir='ltr'>Christo</span> <span class='ocrx_word' id='word_1_186' title='bbox 1009 1411 1021 1445; x_wconf 88' lang='lat'><em>:</em></span> <span class='ocrx_word' id='word_1_187' title='bbox 1037 1392 1162 1446; x_wconf 84' lang='lat' dir='ltr'>Nisi</span> <span class='ocrx_word' id='word_1_188' title='bbox 1179 1395 1304 1461; x_wconf 89' lang='lat' dir='ltr'>quis</span> <span class='ocrx_word' id='word_1_189' title='bbox 1319 1399 1549 1448; x_wconf 86' lang='lat' dir='ltr'>renatus</span> <span class='ocrx_word' id='word_1_190' title='bbox 1563 1395 1740 1461; x_wconf 85' lang='lat' dir='ltr'>fuerit</span> <span class='ocrx_word' id='word_1_191' title='bbox 1817 1396 2056 1458; x_wconf 89' lang='lat' dir='ltr'>trarum,</span> <span class='ocrx_word' id='word_1_192' title='bbox 2073 1393 2318 1462; x_wconf 90' lang='lat' dir='ltr'>impetus</span> <span class='ocrx_word' id='word_1_193' title='bbox 2327 1394 2752 1462; x_wconf 89' lang='lat' dir='ltr'>persecutorum</span> <span class='ocrx_word' id='word_1_194' title='bbox 2765 1389 3110 1445; x_wconf 88' lang='lat' dir='ltr'>declinantes</span> <span class='ocrx_word' id='word_1_195' title='bbox 3125 1391 3307 1456; x_wconf 83' lang='lat' dir='ltr'>(Hebr.</span> <span class='ocrx_word' id='word_1_196' title='bbox 3323 1400 3392 1460; x_wconf 78' lang='lat' dir='ltr'>x1)</span> <span class='ocrx_word' id='word_1_197' title='bbox 3403 1433 3415 1446; x_wconf 92' lang='lat'>.</span> 
     </span>
    </p>
   </div>
   <div class='ocr_carea' id='block_1_14' title="bbox 179 1478 3416 1551">
    <p class='ocr_par' dir='ltr' id='par_1_14' title="bbox 179 1478 3416 1551">
     <span class='ocr_line' id='line_1_14' title="bbox 179 1478 3416 1551; baseline 0.002 -20"><span class='ocrx_word' id='word_1_198' title='bbox 179 1493 362 1546; x_wconf 54' lang='lat' dir='ltr'>«aqua</span> <span class='ocrx_word' id='word_1_199' title='bbox 379 1483 428 1530; x_wconf 86' lang='lat' dir='ltr'>et</span> <span class='ocrx_word' id='word_1_200' title='bbox 460 1478 687 1547; x_wconf 81' lang='lat' dir='ltr'>Spiritu</span> <span class='ocrx_word' id='word_1_201' title='bbox 726 1484 933 1545; x_wconf 89' lang='lat' dir='ltr'>sancto,</span> <span class='ocrx_word' id='word_1_202' title='bbox 957 1495 1070 1534; x_wconf 87' lang='lat' dir='ltr'>non</span> <span class='ocrx_word' id='word_1_203' title='bbox 1085 1485 1257 1550; x_wconf 84' lang='lat' dir='ltr'>potest</span> <span class='ocrx_word' id='word_1_204' title='bbox 1279 1483 1518 1535; x_wconf 78' lang='lat' dir='ltr'>introire</span> <span class='ocrx_word' id='word_1_205' title='bbox 1557 1483 1620 1535; x_wconf 87' lang='lat' dir='ltr'>in</span> <span class='ocrx_word' id='word_1_206' title='bbox 1658 1497 1739 1534; x_wconf 87' lang='lat' dir='ltr'>re-</span> <span class='ocrx_word' id='word_1_207' title='bbox 1821 1480 2164 1550; x_wconf 88' lang='lat' dir='ltr'>Spiritaliter</span> <span class='ocrx_word' id='word_1_208' title='bbox 2185 1497 2318 1551; x_wconf 88' lang='lat' dir='ltr'>ergo</span> <span class='ocrx_word' id='word_1_209' title='bbox 2335 1479 2526 1534; x_wconf 86' lang='lat' dir='ltr'>omnia</span> <span class='ocrx_word' id='word_1_210' title='bbox 2546 1478 2871 1548; x_wconf 89' lang='lat' dir='ltr'>accipienda</span> <span class='ocrx_word' id='word_1_211' title='bbox 2885 1483 3034 1544; x_wconf 91' lang='lat' dir='ltr'>sunt,</span> <span class='ocrx_word' id='word_1_212' title='bbox 3052 1485 3110 1532; x_wconf 91' lang='lat' dir='ltr'>et</span> <span class='ocrx_word' id='word_1_213' title='bbox 3120 1479 3416 1550; x_wconf 87' lang='lat' dir='ltr'>spiritalia,</span> 
     </span>
    </p>
   </div>
   <div class='ocr_carea' id='block_1_15' title="bbox 177 1566 3415 1638">
    <p class='ocr_par' dir='ltr' id='par_1_15' title="bbox 177 1566 3415 1638">
     <span class='ocr_line' id='line_1_15' title="bbox 177 1566 3415 1638; baseline 0.001 -18"><span class='ocrx_word' id='word_1_214' title='bbox 177 1583 318 1633; x_wconf 73' lang='lat' dir='ltr'>gnum</span> <span class='ocrx_word' id='word_1_215' title='bbox 334 1568 426 1620; x_wconf 87' lang='lat' dir='ltr'>Dei</span> <span class='ocrx_word' id='word_1_216' title='bbox 437 1566 622 1637; x_wconf 83' lang='lat' dir='ltr'>(Joan.</span> <span class='ocrx_word' id='word_1_217' title='bbox 643 1566 742 1638; x_wconf 81' lang='grc' dir='ltr'>ιη).</span> <span class='ocrx_word' id='word_1_218' title='bbox 1819 1585 1931 1623; x_wconf 92' lang='lat' dir='ltr'>non</span> <span class='ocrx_word' id='word_1_219' title='bbox 1946 1569 2006 1622; x_wconf 92' lang='lat' dir='ltr'>in</span> <span class='ocrx_word' id='word_1_220' title='bbox 2020 1569 2262 1623; x_wconf 89' lang='lat' dir='ltr'>terrenis</span> <span class='ocrx_word' id='word_1_221' title='bbox 2281 1567 2434 1634; x_wconf 89' lang='lat' dir='ltr'>locis,</span> <span class='ocrx_word' id='word_1_222' title='bbox 2459 1568 2557 1621; x_wconf 90' lang='lat' dir='ltr'>sed</span> <span class='ocrx_word' id='word_1_223' title='bbox 2589 1567 2648 1621; x_wconf 90' lang='lat' dir='ltr'>in</span> <span class='ocrx_word' id='word_1_224' title='bbox 2674 1567 2993 1622; x_wconf 72' lang='lat' dir='ltr'>ccelestibus</span> <span class='ocrx_word' id='word_1_225' title='bbox 3024 1570 3415 1638; x_wconf 87' lang='lat' dir='ltr'>exspectanda.</span> 
     </span>
    </p>
   </div>
   <div class='ocr_carea' id='block_1_16' title="bbox 229 1655 3421 1726">
    <p class='ocr_par' dir='ltr' id='par_1_16' title="bbox 229 1655 3421 1726">
     <span class='ocr_line' id='line_1_16' title="bbox 229 1655 3421 1726; baseline 0.001 -16"><span class='ocrx_word' id='word_1_226' title='bbox 229 1655 398 1710; x_wconf 78' lang='lat' dir='ltr'>Gratia</span> <span class='ocrx_word' id='word_1_227' title='bbox 427 1657 572 1710; x_wconf 75' lang='lat' dir='ltr'>t’obis</span> <span class='ocrx_word' id='word_1_228' title='bbox 610 1662 661 1711; x_wconf 83' lang='lat' dir='ltr'>et</span> <span class='ocrx_word' id='word_1_229' title='bbox 689 1673 803 1726; x_wconf 68' lang='lat' dir='ltr'>par</span> <span class='ocrx_word' id='word_1_230' title='bbox 827 1673 862 1710; x_wconf 89' lang='lat' dir='ltr'>a</span> <span class='ocrx_word' id='word_1_231' title='bbox 886 1659 988 1712; x_wconf 83' lang='lat' dir='ltr'>Deo</span> <span class='ocrx_word' id='word_1_232' title='bbox 1005 1660 1169 1711; x_wconf 81' lang='lat' dir='ltr'>Patre</span> <span class='ocrx_word' id='word_1_233' title='bbox 1195 1663 1381 1712; x_wconf 87' lang='lat' dir='ltr'>nostro</span> <span class='ocrx_word' id='word_1_234' title='bbox 1406 1663 1453 1712; x_wconf 89' lang='lat' dir='ltr'>et</span> <span class='ocrx_word' id='word_1_235' title='bbox 1497 1660 1738 1712; x_wconf 89' lang='lat' dir='ltr'>Domino</span> <span class='ocrx_word' id='word_1_236' title='bbox 1815 1657 1985 1722; x_wconf 84' lang='lat' dir='ltr'>Quod</span> <span class='ocrx_word' id='word_1_237' title='bbox 1998 1675 2128 1712; x_wconf 90' lang='lat' dir='ltr'>vero</span> <span class='ocrx_word' id='word_1_238' title='bbox 2163 1657 2244 1712; x_wconf 85' lang='lat' dir='ltr'>ait</span> <span class='ocrx_word' id='word_1_239' title='bbox 2283 1675 2294 1709; x_wconf 93' lang='lat'>:</span> <span class='ocrx_word' id='word_1_240' title='bbox 2329 1658 2611 1712; x_wconf 80' lang='lat' dir='ltr'>Benedth</span> <span class='ocrx_word' id='word_1_241' title='bbox 2644 1671 2741 1710; x_wconf 85' lang='lat' dir='ltr'>nos</span> <span class='ocrx_word' id='word_1_242' title='bbox 2773 1658 2837 1710; x_wconf 87' lang='lat' dir='ltr'>in</span> <span class='ocrx_word' id='word_1_243' title='bbox 2871 1659 3029 1710; x_wconf 87' lang='lat' dir='ltr'>omni</span> <span class='ocrx_word' id='word_1_244' title='bbox 3053 1659 3421 1713; x_wconf 83' lang='lat' dir='ltr'>benedictione</span> 
     </span>
    </p>
   </div>
   <div class='ocr_carea' id='block_1_17' title="bbox 174 1727 3420 1816">
    <p class='ocr_par' dir='ltr' id='par_1_17' title="bbox 174 1727 3420 1816">
     <span class='ocr_line' id='line_1_17' title="bbox 174 1727 3420 1816; baseline 0.002 -20"><span class='ocrx_word' id='word_1_245' title='bbox 174 1745 288 1796; x_wconf 72' lang='lat' dir='ltr'>Jesu.</span> <span class='ocrx_word' id='word_1_246' title='bbox 323 1743 552 1812; x_wconf 79' lang='lat' dir='ltr'>(Ambr.)</span> <span class='ocrx_word' id='word_1_247' title='bbox 595 1745 851 1799; x_wconf 87' lang='lat' dir='ltr'>Gratiam</span> <span class='ocrx_word' id='word_1_248' title='bbox 883 1745 985 1800; x_wconf 91' lang='lat' dir='ltr'>Dei</span> <span class='ocrx_word' id='word_1_249' title='bbox 1027 1762 1156 1800; x_wconf 90' lang='lat' dir='ltr'>cum</span> <span class='ocrx_word' id='word_1_250' title='bbox 1186 1746 1394 1800; x_wconf 89' lang='lat' dir='ltr'>sanctis</span> <span class='ocrx_word' id='word_1_251' title='bbox 1441 1746 1576 1800; x_wconf 91' lang='lat' dir='ltr'>dicit</span> <span class='ocrx_word' id='word_1_252' title='bbox 1613 1727 2068 1816; x_wconf 78' lang='lat' dir='ltr'>esseBspir-itali</span> <span class='ocrx_word' id='word_1_253' title='bbox 2084 1750 2146 1801; x_wconf 88' lang='lat' dir='ltr'>in</span> <span class='ocrx_word' id='word_1_254' title='bbox 2161 1747 2473 1812; x_wconf 67' lang='lat' dir='ltr'>calestibus,</span> <span class='ocrx_word' id='word_1_255' title='bbox 2497 1745 2656 1816; x_wconf 89' lang='lat' dir='ltr'>quasi</span> <span class='ocrx_word' id='word_1_256' title='bbox 2673 1746 2793 1815; x_wconf 89' lang='lat' dir='ltr'>jam</span> <span class='ocrx_word' id='word_1_257' title='bbox 2821 1745 2880 1799; x_wconf 91' lang='lat' dir='ltr'>in</span> <span class='ocrx_word' id='word_1_258' title='bbox 2908 1746 3193 1816; x_wconf 67' lang='lat' dir='ltr'>praeterito</span> <span class='ocrx_word' id='word_1_259' title='bbox 3209 1747 3420 1802; x_wconf 86' lang='lat' dir='ltr'>factum</span> 
     </span>
    </p>
   </div>
   <div class='ocr_carea' id='block_1_18' title="bbox 175 1832 3423 1915">
    <p class='ocr_par' dir='ltr' id='par_1_18' title="bbox 175 1832 3423 1915">
     <span class='ocr_line' id='line_1_18' title="bbox 175 1832 3423 1915; baseline 0.002 -29"><span class='ocrx_word' id='word_1_260' title='bbox 175 1839 219 1886; x_wconf 87' lang='lat' dir='ltr'>et</span> <span class='ocrx_word' id='word_1_261' title='bbox 236 1832 485 1900; x_wconf 86' lang='lat' dir='ltr'>ﬁdelibus,</span> <span class='ocrx_word' id='word_1_262' title='bbox 505 1850 680 1904; x_wconf 88' lang='lat' dir='ltr'>quem</span> <span class='ocrx_word' id='word_1_263' title='bbox 695 1839 912 1905; x_wconf 86' lang='lat' dir='ltr'>patrem</span> <span class='ocrx_word' id='word_1_264' title='bbox 933 1839 1188 1915; x_wconf 67' lang='lat' dir='ltr'>nostrum</span> <span class='ocrx_word' id='word_1_265' title='bbox 1208 1835 1488 1906; x_wconf 88' lang='lat' dir='ltr'>appellat:</span> <span class='ocrx_word' id='word_1_266' title='bbox 1515 1835 1650 1905; x_wconf 90' lang='lat' dir='ltr'>quia</span> <span class='ocrx_word' id='word_1_267' title='bbox 1666 1835 1737 1888; x_wconf 90' lang='lat' dir='ltr'>ab</span> <span class='ocrx_word' id='word_1_268' title='bbox 1817 1837 1908 1904; x_wconf 91' lang='lat' dir='ltr'>sit,</span> <span class='ocrx_word' id='word_1_269' title='bbox 1932 1841 1990 1890; x_wconf 89' lang='lat' dir='ltr'>et</span> <span class='ocrx_word' id='word_1_270' title='bbox 2011 1853 2124 1890; x_wconf 91' lang='lat' dir='ltr'>non</span> <span class='ocrx_word' id='word_1_271' title='bbox 2144 1835 2203 1889; x_wconf 90' lang='lat' dir='ltr'>in</span> <span class='ocrx_word' id='word_1_272' title='bbox 2221 1835 2410 1889; x_wconf 86' lang='lat' dir='ltr'>futuro</span> <span class='ocrx_word' id='word_1_273' title='bbox 2433 1835 2791 1905; x_wconf 90' lang='lat' dir='ltr'>promissum,</span> <span class='ocrx_word' id='word_1_274' title='bbox 2819 1835 2878 1888; x_wconf 93' lang='lat' dir='ltr'>id</span> <span class='ocrx_word' id='word_1_275' title='bbox 2901 1839 2987 1888; x_wconf 88' lang='lat' dir='ltr'>est</span> <span class='ocrx_word' id='word_1_276' title='bbox 3019 1834 3322 1903; x_wconf 84' lang='lat' dir='ltr'>benedixit,</span> <span class='ocrx_word' id='word_1_277' title='bbox 3364 1844 3423 1893; x_wconf 89' lang='lat' dir='ltr'>et</span> 
     </span>
    </p>
   </div>
   <div class='ocr_carea' id='block_1_19' title="bbox 173 1921 3420 1994">
    <p class='ocr_par' dir='ltr' id='par_1_19' title="bbox 173 1921 3420 1994">
     <span class='ocr_line' id='line_1_19' title="bbox 173 1921 3420 1994; baseline 0.002 -20"><span class='ocrx_word' id='word_1_278' title='bbox 173 1921 270 1991; x_wconf 84' lang='lat' dir='ltr'>ipso</span> <span class='ocrx_word' id='word_1_279' title='bbox 293 1928 414 1976; x_wconf 86' lang='lat' dir='ltr'>sunt</span> <span class='ocrx_word' id='word_1_280' title='bbox 441 1922 639 1976; x_wconf 85' lang='lat' dir='ltr'>omnia</span> <span class='ocrx_word' id='word_1_281' title='bbox 659 1928 718 1976; x_wconf 89' lang='lat' dir='ltr'>et</span> <span class='ocrx_word' id='word_1_282' title='bbox 738 1923 963 1978; x_wconf 88' lang='lat' dir='ltr'>condita</span> <span class='ocrx_word' id='word_1_283' title='bbox 982 1930 1040 1977; x_wconf 91' lang='lat' dir='ltr'>et</span> <span class='ocrx_word' id='word_1_284' title='bbox 1061 1929 1412 1991; x_wconf 85' lang='lat' dir='ltr'>restaurata;</span> <span class='ocrx_word' id='word_1_285' title='bbox 1447 1923 1736 1979; x_wconf 78' lang='lat' dir='ltr'>Christum</span> <span class='ocrx_word' id='word_1_286' title='bbox 1818 1942 1930 1980; x_wconf 92' lang='lat' dir='ltr'>non</span> <span class='ocrx_word' id='word_1_287' title='bbox 1969 1923 2366 1978; x_wconf 89' lang='lat' dir='ltr'>benedicturus</span> <span class='ocrx_word' id='word_1_288' title='bbox 2394 1928 2482 1977; x_wconf 89' lang='lat' dir='ltr'>est</span> <span class='ocrx_word' id='word_1_289' title='bbox 2509 1941 2522 1989; x_wconf 89' lang='lat'><strong>;</strong></span> <span class='ocrx_word' id='word_1_290' title='bbox 2557 1923 2831 1994; x_wconf 69' lang='lat' dir='ltr'>quaeritur</span> <span class='ocrx_word' id='word_1_291' title='bbox 2858 1925 3138 1994; x_wconf 89' lang='lat' dir='ltr'>quomodo</span> <span class='ocrx_word' id='word_1_292' title='bbox 3157 1926 3342 1980; x_wconf 90' lang='lat' dir='ltr'>adhuc</span> <span class='ocrx_word' id='word_1_293' title='bbox 3361 1926 3420 1980; x_wconf 91' lang='lat' dir='ltr'>in</span> 
     </span>
    </p>
   </div>
   <div class='ocr_carea' id='block_1_20' title="bbox 173 2010 3417 2084">
    <p class='ocr_par' dir='ltr' id='par_1_20' title="bbox 173 2010 3417 2084">
     <span class='ocr_line' id='line_1_20' title="bbox 173 2010 3417 2084; baseline 0.002 -21"><span class='ocrx_word' id='word_1_294' title='bbox 173 2013 326 2063; x_wconf 84' lang='lat' dir='ltr'>autem</span> <span class='ocrx_word' id='word_1_295' title='bbox 338 2010 642 2065; x_wconf 87' lang='lat' dir='ltr'>Dominum</span> <span class='ocrx_word' id='word_1_296' title='bbox 657 2017 932 2077; x_wconf 87' lang='lat' dir='ltr'>nostrum,</span> <span class='ocrx_word' id='word_1_297' title='bbox 957 2012 1092 2084; x_wconf 88' lang='lat' dir='ltr'>quia</span> <span class='ocrx_word' id='word_1_298' title='bbox 1109 2013 1351 2067; x_wconf 90' lang='lat' dir='ltr'>redemit</span> <span class='ocrx_word' id='word_1_299' title='bbox 1376 2029 1478 2067; x_wconf 91' lang='lat' dir='ltr'>nos</span> <span class='ocrx_word' id='word_1_300' title='bbox 1497 2013 1736 2068; x_wconf 74' lang='lat' dir='ltr'>offerens</span> <span class='ocrx_word' id='word_1_301' title='bbox 1817 2019 1971 2069; x_wconf 89' lang='lat' dir='ltr'>terra</span> <span class='ocrx_word' id='word_1_302' title='bbox 1999 2030 2102 2068; x_wconf 90' lang='lat' dir='ltr'>nos</span> <span class='ocrx_word' id='word_1_303' title='bbox 2139 2013 2351 2084; x_wconf 81' lang='lat' dir='ltr'>positos</span> <span class='ocrx_word' id='word_1_304' title='bbox 2383 2012 2595 2066; x_wconf 68' lang='lat' dir='ltr'>cmlesti</span> <span class='ocrx_word' id='word_1_305' title='bbox 2617 2011 3006 2067; x_wconf 89' lang='lat' dir='ltr'>benedictione</span> <span class='ocrx_word' id='word_1_306' title='bbox 3035 2012 3417 2068; x_wconf 81' lang='lat' dir='ltr'>benedixeiit:</span> 
     </span>
    </p>
   </div>
   <div class='ocr_carea' id='block_1_21' title="bbox 172 2099 3420 2173">
    <p class='ocr_par' dir='ltr' id='par_1_21' title="bbox 172 2099 3420 2173">
     <span class='ocr_line' id='line_1_21' title="bbox 172 2099 3420 2173; baseline 0.002 -21"><span class='ocrx_word' id='word_1_307' title='bbox 172 2116 317 2170; x_wconf 85' lang='lat' dir='ltr'>sepro</span> <span class='ocrx_word' id='word_1_308' title='bbox 333 2099 503 2154; x_wconf 89' lang='lat' dir='ltr'>nobis.</span> <span class='ocrx_word' id='word_1_309' title='bbox 544 2102 754 2168; x_wconf 74' lang='grc' dir='ltr'>(Ηὶεν.)</span> <span class='ocrx_word' id='word_1_310' title='bbox 793 2101 918 2156; x_wconf 89' lang='lat' dir='ltr'>Sive</span> <span class='ocrx_word' id='word_1_311' title='bbox 957 2100 1121 2155; x_wconf 91' lang='lat' dir='ltr'>ambo</span> <span class='ocrx_word' id='word_1_312' title='bbox 1161 2101 1234 2156; x_wconf 87' lang='lat' dir='ltr'>ad</span> <span class='ocrx_word' id='word_1_313' title='bbox 1275 2107 1598 2173; x_wconf 88' lang='lat' dir='ltr'>utrumque,</span> <span class='ocrx_word' id='word_1_314' title='bbox 1630 2103 1736 2158; x_wconf 91' lang='lat' dir='ltr'>hoc</span> <span class='ocrx_word' id='word_1_315' title='bbox 1814 2103 1931 2158; x_wconf 92' lang='lat' dir='ltr'>sive</span> <span class='ocrx_word' id='word_1_316' title='bbox 1983 2102 2176 2172; x_wconf 86' lang='lat' dir='ltr'>igitur,</span> <span class='ocrx_word' id='word_1_317' title='bbox 2235 2101 2384 2172; x_wconf 92' lang='lat' dir='ltr'>quod</span> <span class='ocrx_word' id='word_1_318' title='bbox 2440 2103 2775 2156; x_wconf 80' lang='lat' dir='ltr'>conversatio</span> <span class='ocrx_word' id='word_1_319' title='bbox 2824 2107 3016 2156; x_wconf 89' lang='lat' dir='ltr'>nostra</span> <span class='ocrx_word' id='word_1_320' title='bbox 3053 2105 3119 2156; x_wconf 87' lang='lat' dir='ltr'>in</span> <span class='ocrx_word' id='word_1_321' title='bbox 3155 2106 3299 2158; x_wconf 71' lang='lat' dir='ltr'>cretis</span> <span class='ocrx_word' id='word_1_322' title='bbox 3345 2109 3420 2158; x_wconf 89' lang='lat' dir='ltr'>est</span> 
     </span>
    </p>
   </div>
   <div class='ocr_carea' id='block_1_22' title="bbox 171 2190 3418 2263">
    <p class='ocr_par' dir='ltr' id='par_1_22' title="bbox 171 2190 3418 2263">
     <span class='ocr_line' id='line_1_22' title="bbox 171 2190 3418 2263; baseline 0.002 -22"><span class='ocrx_word' id='word_1_323' title='bbox 171 2194 250 2251; x_wconf 80' lang='lat' dir='ltr'>est,</span> <span class='ocrx_word' id='word_1_324' title='bbox 278 2195 328 2241; x_wconf 90' lang='lat' dir='ltr'>et</span> <span class='ocrx_word' id='word_1_325' title='bbox 356 2190 540 2260; x_wconf 81' lang='lat' dir='ltr'>gratia</span> <span class='ocrx_word' id='word_1_326' title='bbox 574 2195 638 2242; x_wconf 89' lang='lat' dir='ltr'>et</span> <span class='ocrx_word' id='word_1_327' title='bbox 665 2207 774 2261; x_wconf 77' lang='lat' dir='ltr'>pax</span> <span class='ocrx_word' id='word_1_328' title='bbox 801 2207 836 2244; x_wconf 89' lang='lat' dir='ltr'>a</span> <span class='ocrx_word' id='word_1_329' title='bbox 863 2191 998 2258; x_wconf 91' lang='lat' dir='ltr'>Deo,</span> <span class='ocrx_word' id='word_1_330' title='bbox 1033 2195 1148 2245; x_wconf 89' lang='lat' dir='ltr'>tam</span> <span class='ocrx_word' id='word_1_331' title='bbox 1173 2191 1245 2244; x_wconf 90' lang='lat' dir='ltr'>ad</span> <span class='ocrx_word' id='word_1_332' title='bbox 1275 2191 1455 2246; x_wconf 90' lang='lat' dir='ltr'>Deum</span> <span class='ocrx_word' id='word_1_333' title='bbox 1483 2191 1730 2259; x_wconf 87' lang='lat' dir='ltr'>Patrem,</span> <span class='ocrx_word' id='word_1_334' title='bbox 1812 2191 2040 2260; x_wconf 75' lang='lat' dir='ltr'>(Philip.</span> <span class='ocrx_word' id='word_1_335' title='bbox 2083 2193 2182 2257; x_wconf 74' lang='lat' dir='ltr'>in),</span> <span class='ocrx_word' id='word_1_336' title='bbox 2216 2196 2276 2244; x_wconf 89' lang='lat' dir='ltr'>et</span> <span class='ocrx_word' id='word_1_337' title='bbox 2301 2207 2412 2244; x_wconf 90' lang='lat' dir='ltr'>non</span> <span class='ocrx_word' id='word_1_338' title='bbox 2441 2207 2636 2244; x_wconf 91' lang='lat' dir='ltr'>sumus</span> <span class='ocrx_word' id='word_1_339' title='bbox 2650 2190 2720 2243; x_wconf 88' lang='lat' dir='ltr'>de</span> <span class='ocrx_word' id='word_1_340' title='bbox 2735 2191 2944 2244; x_wconf 90' lang='lat' dir='ltr'>mundo</span> <span class='ocrx_word' id='word_1_341' title='bbox 2964 2191 3092 2256; x_wconf 88' lang='lat' dir='ltr'>isto,</span> <span class='ocrx_word' id='word_1_342' title='bbox 3116 2192 3233 2258; x_wconf 89' lang='lat' dir='ltr'>sed,</span> <span class='ocrx_word' id='word_1_343' title='bbox 3251 2191 3418 2263; x_wconf 85' lang='lat' dir='ltr'>depo-</span> 
     </span>
    </p>
   </div>
   <div class='ocr_carea' id='block_1_23' title="bbox 171 2278 3417 2351">
    <p class='ocr_par' dir='ltr' id='par_1_23' title="bbox 171 2278 3417 2351">
     <span class='ocr_line' id='line_1_23' title="bbox 171 2278 3417 2351; baseline 0.001 -20"><span class='ocrx_word' id='word_1_344' title='bbox 171 2279 379 2346; x_wconf 87' lang='lat' dir='ltr'>quamad</span> <span class='ocrx_word' id='word_1_345' title='bbox 393 2279 706 2333; x_wconf 85' lang='lat' dir='ltr'>Dominum</span> <span class='ocrx_word' id='word_1_346' title='bbox 735 2280 766 2334; x_wconf 91' lang='lat' dir='ltr'><strong>J</strong></span> <span class='ocrx_word' id='word_1_347' title='bbox 769 2296 926 2335; x_wconf 90' lang='lat' dir='ltr'>esum</span> <span class='ocrx_word' id='word_1_348' title='bbox 951 2279 1257 2344; x_wconf 89' lang='lat' dir='ltr'>Christum,</span> <span class='ocrx_word' id='word_1_349' title='bbox 1273 2279 1468 2334; x_wconf 89' lang='lat' dir='ltr'>sivead</span> <span class='ocrx_word' id='word_1_350' title='bbox 1484 2280 1734 2351; x_wconf 86' lang='lat' dir='ltr'>singulos</span> <span class='ocrx_word' id='word_1_351' title='bbox 1814 2281 1924 2336; x_wconf 89' lang='lat' dir='ltr'>sita</span> <span class='ocrx_word' id='word_1_352' title='bbox 1943 2279 2188 2350; x_wconf 82' lang='lat' dir='ltr'>imagine</span> <span class='ocrx_word' id='word_1_353' title='bbox 2213 2279 2744 2350; x_wconf 86' lang='lat' dir='ltr'>terreni,portamus</span> <span class='ocrx_word' id='word_1_354' title='bbox 2760 2278 3068 2348; x_wconf 88' lang='lat' dir='ltr'>imaginem</span> <span class='ocrx_word' id='word_1_355' title='bbox 3078 2281 3417 2350; x_wconf 67' lang='lat' dir='ltr'>supercwle-</span> 
     </span>
    </p>
   </div>
   <div class='ocr_carea' id='block_1_24' title="bbox 171 2364 3409 2440">
    <p class='ocr_par' dir='ltr' id='par_1_24' title="bbox 171 2364 3409 2440">
     <span class='ocr_line' id='line_1_24' title="bbox 171 2364 3409 2440; baseline 0.002 -22"><span class='ocrx_word' id='word_1_356' title='bbox 171 2364 1735 2440; x_wconf 85' lang='lat' dir='ltr'>referendasuntsingula,utgratiaadDeumPatrem,pax</span> <span class='ocrx_word' id='word_1_357' title='bbox 1813 2370 1934 2435; x_wconf 86' lang='lat' dir='ltr'>stis,</span> <span class='ocrx_word' id='word_1_358' title='bbox 1968 2374 2026 2423; x_wconf 89' lang='lat' dir='ltr'>et</span> <span class='ocrx_word' id='word_1_359' title='bbox 2054 2369 2113 2422; x_wconf 93' lang='lat' dir='ltr'>in</span> <span class='ocrx_word' id='word_1_360' title='bbox 2133 2385 2300 2422; x_wconf 89' lang='lat' dir='ltr'>carne</span> <span class='ocrx_word' id='word_1_361' title='bbox 2319 2384 2432 2422; x_wconf 92' lang='lat' dir='ltr'>non</span> <span class='ocrx_word' id='word_1_362' title='bbox 2462 2367 2717 2432; x_wconf 86' lang='lat' dir='ltr'>vivimus,</span> <span class='ocrx_word' id='word_1_363' title='bbox 2746 2367 2843 2420; x_wconf 90' lang='lat' dir='ltr'>sed</span> <span class='ocrx_word' id='word_1_364' title='bbox 2885 2367 2944 2420; x_wconf 91' lang='lat' dir='ltr'>in</span> <span class='ocrx_word' id='word_1_365' title='bbox 2974 2367 3172 2438; x_wconf 89' lang='lat' dir='ltr'>spiritu</span> <span class='ocrx_word' id='word_1_366' title='bbox 3209 2371 3263 2436; x_wconf 88' lang='grc' dir='ltr'>(Ι</span> <span class='ocrx_word' id='word_1_367' title='bbox 3288 2371 3409 2424; x_wconf 87' lang='lat' dir='ltr'>Cor.</span> 
     </span>
    </p>
   </div>
   <div class='ocr_carea' id='block_1_25' title="bbox 167 2455 3416 2529">
    <p class='ocr_par' dir='ltr' id='par_1_25' title="bbox 167 2455 3416 2529">
     <span class='ocr_line' id='line_1_25' title="bbox 167 2455 3416 2529; baseline 0.002 -23"><span class='ocrx_word' id='word_1_368' title='bbox 167 2471 269 2508; x_wconf 79' lang='lat' dir='ltr'>vero</span> <span class='ocrx_word' id='word_1_369' title='bbox 288 2455 560 2510; x_wconf 82' lang='lat' dir='ltr'>referatur</span> <span class='ocrx_word' id='word_1_370' title='bbox 590 2457 664 2510; x_wconf 85' lang='lat' dir='ltr'>ad</span> <span class='ocrx_word' id='word_1_371' title='bbox 687 2457 993 2511; x_wconf 87' lang='lat' dir='ltr'>Christum.</span> <span class='ocrx_word' id='word_1_372' title='bbox 1021 2457 1308 2528; x_wconf 90' lang='lat' dir='ltr'>Siquidem</span> <span class='ocrx_word' id='word_1_373' title='bbox 1331 2457 1524 2512; x_wconf 88' lang='lat' dir='ltr'>statim</span> <span class='ocrx_word' id='word_1_374' title='bbox 1543 2458 1732 2528; x_wconf 87' lang='lat' dir='ltr'>sequi-</span> <span class='ocrx_word' id='word_1_375' title='bbox 1815 2459 1924 2529; x_wconf 45' lang='lat' dir='ltr'>xv),</span> <span class='ocrx_word' id='word_1_376' title='bbox 1963 2463 2020 2512; x_wconf 91' lang='lat' dir='ltr'>et</span> <span class='ocrx_word' id='word_1_377' title='bbox 2056 2457 2506 2512; x_wconf 87' lang='lat' dir='ltr'>thesaurizamus</span> <span class='ocrx_word' id='word_1_378' title='bbox 2534 2455 2695 2509; x_wconf 91' lang='lat' dir='ltr'>nobis</span> <span class='ocrx_word' id='word_1_379' title='bbox 2721 2455 2781 2508; x_wconf 91' lang='lat' dir='ltr'>in</span> <span class='ocrx_word' id='word_1_380' title='bbox 2809 2455 2982 2521; x_wconf 67' lang='lat' dir='ltr'>caelis,</span> <span class='ocrx_word' id='word_1_381' title='bbox 3007 2455 3102 2510; x_wconf 91' lang='lat' dir='ltr'>ubi</span> <span class='ocrx_word' id='word_1_382' title='bbox 3122 2462 3180 2510; x_wconf 91' lang='lat' dir='ltr'>et</span> <span class='ocrx_word' id='word_1_383' title='bbox 3197 2474 3294 2512; x_wconf 91' lang='lat' dir='ltr'>cor</span> <span class='ocrx_word' id='word_1_384' title='bbox 3311 2457 3416 2512; x_wconf 88' lang='lat' dir='ltr'>ha-</span> 
     </span>
    </p>
   </div>
   <div class='ocr_carea' id='block_1_26' title="bbox 171 2543 3410 2615">
    <p class='ocr_par' dir='ltr' id='par_1_26' title="bbox 171 2543 3410 2615">
     <span class='ocr_line' id='line_1_26' title="bbox 171 2543 3410 2615; baseline 0.002 -21"><span class='ocrx_word' id='word_1_385' title='bbox 171 2547 269 2596; x_wconf 86' lang='lat' dir='ltr'>tur:</span> <span class='ocrx_word' id='word_1_386' title='bbox 288 2545 346 2596; x_wconf 87' lang='lat' dir='ltr'>In</span> <span class='ocrx_word' id='word_1_387' title='bbox 367 2547 596 2599; x_wconf 87' lang='lat' dir='ltr'>laudem</span> <span class='ocrx_word' id='word_1_388' title='bbox 619 2548 812 2613; x_wconf 71' lang='lat' dir='ltr'>gloriae</span> <span class='ocrx_word' id='word_1_389' title='bbox 827 2549 1023 2613; x_wconf 61' lang='lat' dir='ltr'>gratia</span> <span class='ocrx_word' id='word_1_390' title='bbox 1039 2563 1168 2613; x_wconf 58' lang='lat' dir='ltr'>sua,</span> <span class='ocrx_word' id='word_1_391' title='bbox 1191 2549 1252 2600; x_wconf 89' lang='lat' dir='ltr'>in</span> <span class='ocrx_word' id='word_1_392' title='bbox 1273 2563 1378 2614; x_wconf 86' lang='lat' dir='ltr'>quo</span> <span class='ocrx_word' id='word_1_393' title='bbox 1395 2549 1732 2614; x_wconf 75' lang='lat' dir='ltr'>gratiﬁcavit</span> <span class='ocrx_word' id='word_1_394' title='bbox 1817 2547 2032 2613; x_wconf 87' lang='lat' dir='ltr'>bemus,</span> <span class='ocrx_word' id='word_1_395' title='bbox 2048 2546 2289 2600; x_wconf 91' lang='lat' dir='ltr'>dicimur</span> <span class='ocrx_word' id='word_1_396' title='bbox 2299 2562 2447 2599; x_wconf 91' lang='lat' dir='ltr'>nunc</span> <span class='ocrx_word' id='word_1_397' title='bbox 2457 2545 2668 2599; x_wconf 69' lang='lat' dir='ltr'>cmlesti</span> <span class='ocrx_word' id='word_1_398' title='bbox 2692 2543 3081 2599; x_wconf 89' lang='lat' dir='ltr'>benedictione</span> <span class='ocrx_word' id='word_1_399' title='bbox 3107 2545 3410 2615; x_wconf 88' lang='lat' dir='ltr'>benedicti,</span> 
     </span>
    </p>
   </div>
   <div class='ocr_carea' id='block_1_27' title="bbox 171 2633 3409 2706">
    <p class='ocr_par' dir='ltr' id='par_1_27' title="bbox 171 2633 3409 2706">
     <span class='ocr_line' id='line_1_27' title="bbox 171 2633 3409 2706; baseline 0.002 -22"><span class='ocrx_word' id='word_1_400' title='bbox 171 2635 307 2686; x_wconf 70' lang='grc' dir='ltr'>ποεπή</span> <span class='ocrx_word' id='word_1_401' title='bbox 321 2634 532 2699; x_wconf 85' lang='lat' dir='ltr'>dilecto,</span> <span class='ocrx_word' id='word_1_402' title='bbox 559 2639 630 2688; x_wconf 91' lang='lat' dir='ltr'>ut</span> <span class='ocrx_word' id='word_1_403' title='bbox 647 2635 836 2703; x_wconf 86' lang='lat' dir='ltr'>gratia</span> <span class='ocrx_word' id='word_1_404' title='bbox 853 2633 1038 2688; x_wconf 84' lang='lat' dir='ltr'>Patris</span> <span class='ocrx_word' id='word_1_405' title='bbox 1065 2635 1124 2688; x_wconf 89' lang='lat' dir='ltr'>in</span> <span class='ocrx_word' id='word_1_406' title='bbox 1155 2651 1220 2689; x_wconf 90' lang='lat' dir='ltr'>eo</span> <span class='ocrx_word' id='word_1_407' title='bbox 1247 2634 1338 2701; x_wconf 90' lang='lat' dir='ltr'>sit,</span> <span class='ocrx_word' id='word_1_408' title='bbox 1363 2635 1512 2705; x_wconf 90' lang='lat' dir='ltr'>quod</span> <span class='ocrx_word' id='word_1_409' title='bbox 1531 2635 1736 2689; x_wconf 89' lang='lat' dir='ltr'>Filium</span> <span class='ocrx_word' id='word_1_410' title='bbox 1817 2637 1931 2690; x_wconf 87' lang='lat' dir='ltr'>sive</span> <span class='ocrx_word' id='word_1_411' title='bbox 1941 2641 2092 2690; x_wconf 89' lang='lat' dir='ltr'>certe</span> <span class='ocrx_word' id='word_1_412' title='bbox 2103 2635 2251 2706; x_wconf 90' lang='lat' dir='ltr'>quod</span> <span class='ocrx_word' id='word_1_413' title='bbox 2265 2634 2449 2689; x_wconf 91' lang='lat' dir='ltr'>omnis</span> <span class='ocrx_word' id='word_1_414' title='bbox 2458 2633 2771 2688; x_wconf 87' lang='lat' dir='ltr'>benedictio</span> <span class='ocrx_word' id='word_1_415' title='bbox 2787 2633 3056 2705; x_wconf 79' lang='lat' dir='ltr'>spiritalis</span> <span class='ocrx_word' id='word_1_416' title='bbox 3086 2634 3146 2688; x_wconf 91' lang='lat' dir='ltr'>in</span> <span class='ocrx_word' id='word_1_417' title='bbox 3167 2636 3409 2692; x_wconf 89' lang='lat' dir='ltr'>Christo.</span> 
     </span>
    </p>
   </div>
   <div class='ocr_carea' id='block_1_28' title="bbox 169 2722 3408 2795">
    <p class='ocr_par' dir='ltr' id='par_1_28' title="bbox 169 2722 3408 2795">
     <span class='ocr_line' id='line_1_28' title="bbox 169 2722 3408 2795; baseline 0.002 -21"><span class='ocrx_word' id='word_1_418' title='bbox 169 2735 246 2788; x_wconf 78' lang='lat' dir='ltr'>pro</span> <span class='ocrx_word' id='word_1_419' title='bbox 261 2722 425 2776; x_wconf 88' lang='lat' dir='ltr'>salute</span> <span class='ocrx_word' id='word_1_420' title='bbox 443 2722 721 2793; x_wconf 86' lang='lat' dir='ltr'>dignatus</span> <span class='ocrx_word' id='word_1_421' title='bbox 735 2729 822 2777; x_wconf 89' lang='lat' dir='ltr'>est</span> <span class='ocrx_word' id='word_1_422' title='bbox 841 2723 1067 2778; x_wconf 90' lang='lat' dir='ltr'>mittere</span> <span class='ocrx_word' id='word_1_423' title='bbox 1091 2741 1102 2776; x_wconf 92' lang='lat'><strong>:</strong></span> <span class='ocrx_word' id='word_1_424' title='bbox 1127 2740 1234 2794; x_wconf 82' lang='lat' dir='ltr'>pax</span> <span class='ocrx_word' id='word_1_425' title='bbox 1253 2739 1384 2777; x_wconf 84' lang='lat' dir='ltr'>vero</span> <span class='ocrx_word' id='word_1_426' title='bbox 1404 2723 1531 2778; x_wconf 88' lang='lat' dir='ltr'>Filii</span> <span class='ocrx_word' id='word_1_427' title='bbox 1557 2725 1617 2780; x_wconf 90' lang='lat' dir='ltr'>in</span> <span class='ocrx_word' id='word_1_428' title='bbox 1645 2741 1730 2789; x_wconf 94' lang='lat' dir='ltr'>eo,</span> <span class='ocrx_word' id='word_1_429' title='bbox 1817 2726 1946 2780; x_wconf 83' lang='lat' dir='ltr'>licet</span> <span class='ocrx_word' id='word_1_430' title='bbox 1977 2725 2038 2779; x_wconf 92' lang='lat' dir='ltr'>in</span> <span class='ocrx_word' id='word_1_431' title='bbox 2075 2729 2229 2778; x_wconf 91' lang='lat' dir='ltr'>terra</span> <span class='ocrx_word' id='word_1_432' title='bbox 2247 2723 2340 2787; x_wconf 84' lang='lat' dir='ltr'>sit,</span> <span class='ocrx_word' id='word_1_433' title='bbox 2375 2729 2567 2777; x_wconf 89' lang='lat' dir='ltr'>tamen</span> <span class='ocrx_word' id='word_1_434' title='bbox 2603 2723 2673 2777; x_wconf 91' lang='lat' dir='ltr'>de</span> <span class='ocrx_word' id='word_1_435' title='bbox 2693 2722 3010 2777; x_wconf 77' lang='lat' dir='ltr'>coelestibus</span> <span class='ocrx_word' id='word_1_436' title='bbox 3033 2729 3408 2795; x_wconf 87' lang='lat' dir='ltr'>computetur.</span> 
     </span>
    </p>
   </div>
   <div class='ocr_carea' id='block_1_29' title="bbox 167 2809 3413 2883">
    <p class='ocr_par' dir='ltr' id='par_1_29' title="bbox 167 2809 3413 2883">
     <span class='ocr_line' id='line_1_29' title="bbox 167 2809 3413 2883; baseline 0.002 -21"><span class='ocrx_word' id='word_1_437' title='bbox 167 2809 282 2878; x_wconf 88' lang='lat' dir='ltr'>quod</span> <span class='ocrx_word' id='word_1_438' title='bbox 293 2811 588 2882; x_wconf 87' lang='lat' dir='ltr'>peripsum</span> <span class='ocrx_word' id='word_1_439' title='bbox 601 2811 760 2865; x_wconf 89' lang='lat' dir='ltr'>Patri</span> <span class='ocrx_word' id='word_1_440' title='bbox 770 2812 1112 2866; x_wconf 76' lang='lat' dir='ltr'>reconciliati</span> <span class='ocrx_word' id='word_1_441' title='bbox 1126 2829 1339 2878; x_wconf 89' lang='lat' dir='ltr'>sumus,</span> <span class='ocrx_word' id='word_1_442' title='bbox 1373 2817 1431 2866; x_wconf 93' lang='lat' dir='ltr'>et</span> <span class='ocrx_word' id='word_1_443' title='bbox 1448 2813 1731 2868; x_wconf 89' lang='lat' dir='ltr'>destructo</span> <span class='ocrx_word' id='word_1_444' title='bbox 1812 2815 2094 2868; x_wconf 67' lang='lat' dir='ltr'>Benedixit</span> <span class='ocrx_word' id='word_1_445' title='bbox 2115 2811 2511 2883; x_wconf 84' lang='lat' dir='ltr'>nos,inquit,in</span> <span class='ocrx_word' id='word_1_446' title='bbox 2536 2815 2693 2865; x_wconf 90' lang='lat' dir='ltr'>omni</span> <span class='ocrx_word' id='word_1_447' title='bbox 2708 2813 3076 2866; x_wconf 81' lang='lat' dir='ltr'>benedictione</span> <span class='ocrx_word' id='word_1_448' title='bbox 3088 2815 3340 2881; x_wconf 78' lang='lat' dir='ltr'>spiritali</span> <span class='ocrx_word' id='word_1_449' title='bbox 3352 2817 3413 2869; x_wconf 85' lang='lat' dir='ltr'>in</span> 
     </span>
    </p>
   </div>
   <div class='ocr_carea' id='block_1_30' title="bbox 165 2898 3416 2970">
    <p class='ocr_par' dir='ltr' id='par_1_30' title="bbox 165 2898 3416 2970">
     <span class='ocr_line' id='line_1_30' title="bbox 165 2898 3416 2970; baseline 0.002 -20"><span class='ocrx_word' id='word_1_450' title='bbox 165 2898 905 2970; x_wconf 83' lang='lat' dir='ltr'>mediOpariete,inimicitias</span> <span class='ocrx_word' id='word_1_451' title='bbox 916 2901 974 2954; x_wconf 93' lang='lat' dir='ltr'>in</span> <span class='ocrx_word' id='word_1_452' title='bbox 991 2917 1156 2955; x_wconf 89' lang='lat' dir='ltr'>carne</span> <span class='ocrx_word' id='word_1_453' title='bbox 1171 2917 1274 2955; x_wconf 88' lang='lat' dir='ltr'>sua</span> <span class='ocrx_word' id='word_1_454' title='bbox 1285 2901 1734 2968; x_wconf 86' lang='lat' dir='ltr'>evacuans,fece-</span> <span class='ocrx_word' id='word_1_455' title='bbox 1813 2905 2106 2957; x_wconf 74' lang='lat' dir='ltr'>calestibus</span> <span class='ocrx_word' id='word_1_456' title='bbox 2128 2905 2192 2955; x_wconf 90' lang='lat' dir='ltr'>in</span> <span class='ocrx_word' id='word_1_457' title='bbox 2203 2902 2436 2966; x_wconf 77' lang='lat' dir='ltr'>Christo,</span> <span class='ocrx_word' id='word_1_458' title='bbox 2459 2901 2518 2954; x_wconf 93' lang='lat' dir='ltr'>in</span> <span class='ocrx_word' id='word_1_459' title='bbox 2538 2917 2795 2955; x_wconf 88' lang='lat' dir='ltr'>sermone</span> <span class='ocrx_word' id='word_1_460' title='bbox 2826 2900 2948 2967; x_wconf 91' lang='lat' dir='ltr'>Dei,</span> <span class='ocrx_word' id='word_1_461' title='bbox 2980 2906 3038 2955; x_wconf 91' lang='lat' dir='ltr'>et</span> <span class='ocrx_word' id='word_1_462' title='bbox 3067 2900 3320 2970; x_wconf 89' lang='lat' dir='ltr'>scientia,</span> <span class='ocrx_word' id='word_1_463' title='bbox 3357 2909 3416 2957; x_wconf 89' lang='lat' dir='ltr'>et</span> 
     </span>
    </p>
   </div>
   <div class='ocr_carea' id='block_1_31' title="bbox 161 2985 3414 3060">
    <p class='ocr_par' dir='ltr' id='par_1_31' title="bbox 161 2985 3414 3060">
     <span class='ocr_line' id='line_1_31' title="bbox 161 2985 3414 3060; baseline 0.002 -20"><span class='ocrx_word' id='word_1_464' title='bbox 161 2985 441 3059; x_wconf 83' lang='lat' dir='ltr'>ritutraque</span> <span class='ocrx_word' id='word_1_465' title='bbox 453 2989 1196 3060; x_wconf 87' lang='lat' dir='ltr'>unum.Aliter,tuncgratia</span> <span class='ocrx_word' id='word_1_466' title='bbox 1208 2990 1312 3044; x_wconf 89' lang='lat' dir='ltr'>Dei</span> <span class='ocrx_word' id='word_1_467' title='bbox 1322 2991 1542 3060; x_wconf 88' lang='lat' dir='ltr'>proﬁcit</span> <span class='ocrx_word' id='word_1_468' title='bbox 1551 2990 1729 3058; x_wconf 91' lang='lat' dir='ltr'>nobis,</span> <span class='ocrx_word' id='word_1_469' title='bbox 1755 3044 1794 3060; x_wconf 48' lang='grc' dir='ltr'><strong>Α</strong></span> <span class='ocrx_word' id='word_1_470' title='bbox 1813 2991 2067 3057; x_wconf 81' lang='lat' dir='ltr'>veritate,</span> <span class='ocrx_word' id='word_1_471' title='bbox 2098 2989 2426 3060; x_wconf 61' lang='lat' dir='ltr'>ueterisque</span> <span class='ocrx_word' id='word_1_472' title='bbox 2451 2989 2769 3043; x_wconf 88' lang='lat' dir='ltr'>virtutibus.</span> <span class='ocrx_word' id='word_1_473' title='bbox 2793 2988 3105 3060; x_wconf 85' lang='lat' dir='ltr'>Dupliciter</span> <span class='ocrx_word' id='word_1_474' title='bbox 3121 2995 3312 3046; x_wconf 90' lang='lat' dir='ltr'>autem</span> <span class='ocrx_word' id='word_1_475' title='bbox 3339 2992 3414 3045; x_wconf 91' lang='lat' dir='ltr'>le-</span> 
     </span>
    </p>
   </div>
   <div class='ocr_carea' id='block_1_32' title="bbox 160 3073 3413 3151">
    <p class='ocr_par' dir='ltr' id='par_1_32' title="bbox 160 3073 3413 3151">
     <span class='ocr_line' id='line_1_32' title="bbox 160 3073 3413 3151; baseline 0.002 -23"><span class='ocrx_word' id='word_1_476' title='bbox 160 3073 196 3126; x_wconf 84' lang='lat' dir='ltr'>si</span> <span class='ocrx_word' id='word_1_477' title='bbox 216 3074 398 3146; x_wconf 86' lang='lat' dir='ltr'>ingrati</span> <span class='ocrx_word' id='word_1_478' title='bbox 431 3095 549 3132; x_wconf 90' lang='lat' dir='ltr'>non</span> <span class='ocrx_word' id='word_1_479' title='bbox 594 3078 810 3132; x_wconf 90' lang='lat' dir='ltr'>erimus</span> <span class='ocrx_word' id='word_1_480' title='bbox 841 3079 1070 3148; x_wconf 82' lang='lat' dir='ltr'>[Forsan</span> <span class='ocrx_word' id='word_1_481' title='bbox 1105 3080 1246 3132; x_wconf 83' lang='lat' dir='ltr'>deest</span> <span class='ocrx_word' id='word_1_482' title='bbox 1269 3079 1506 3149; x_wconf 77' lang='lat' dir='ltr'>auctori]</span> <span class='ocrx_word' id='word_1_483' title='bbox 1535 3080 1731 3134; x_wconf 89' lang='lat' dir='ltr'>salutis</span> <span class='ocrx_word' id='word_1_484' title='bbox 1751 3073 1796 3105; x_wconf 72' lang='grc' dir='ltr'>υ</span> <span class='ocrx_word' id='word_1_485' title='bbox 1812 3081 2061 3151; x_wconf 90' lang='lat' dir='ltr'>gendum</span> <span class='ocrx_word' id='word_1_486' title='bbox 2079 3097 2090 3132; x_wconf 89' lang='lat'>:</span> <span class='ocrx_word' id='word_1_487' title='bbox 2109 3080 2576 3134; x_wconf 87' lang='lat' dir='ltr'>BenedictusDeus</span> <span class='ocrx_word' id='word_1_488' title='bbox 2587 3083 2635 3131; x_wconf 89' lang='lat' dir='ltr'>et</span> <span class='ocrx_word' id='word_1_489' title='bbox 2655 3081 2820 3132; x_wconf 87' lang='lat' dir='ltr'>Pater</span> <span class='ocrx_word' id='word_1_490' title='bbox 2846 3079 3076 3132; x_wconf 87' lang='lat' dir='ltr'>Domini</span> <span class='ocrx_word' id='word_1_491' title='bbox 3092 3083 3270 3133; x_wconf 84' lang='lat' dir='ltr'>nostri</span> <span class='ocrx_word' id='word_1_492' title='bbox 3287 3082 3413 3134; x_wconf 87' lang='lat' dir='ltr'>Jesu</span> 
     </span>
    </p>
   </div>
   <div class='ocr_carea' id='block_1_33' title="bbox 160 3165 3413 3239">
    <p class='ocr_par' dir='ltr' id='par_1_33' title="bbox 160 3165 3413 3239">
     <span class='ocr_line' id='line_1_33' title="bbox 160 3165 3413 3239; baseline 0.002 -22"><span class='ocrx_word' id='word_1_493' title='bbox 160 3169 343 3230; x_wconf 63' lang='lat' dir='ltr'>nostris,</span> <span class='ocrx_word' id='word_1_494' title='bbox 356 3166 580 3220; x_wconf 90' lang='lat' dir='ltr'>meritis</span> <span class='ocrx_word' id='word_1_495' title='bbox 595 3166 805 3220; x_wconf 88' lang='lat' dir='ltr'>nostris</span> <span class='ocrx_word' id='word_1_496' title='bbox 815 3166 1150 3237; x_wconf 88' lang='lat' dir='ltr'>deputantes</span> <span class='ocrx_word' id='word_1_497' title='bbox 1159 3165 1308 3220; x_wconf 89' lang='lat' dir='ltr'>bona</span> <span class='ocrx_word' id='word_1_498' title='bbox 1319 3173 1730 3239; x_wconf 87' lang='lat' dir='ltr'>nostra;pacem</span> <span class='ocrx_word' id='word_1_499' title='bbox 1814 3169 2020 3224; x_wconf 79' lang='lat' dir='ltr'>Christi</span> <span class='ocrx_word' id='word_1_500' title='bbox 2034 3187 2047 3231; x_wconf 91' lang='lat'><em>;</em></span> <span class='ocrx_word' id='word_1_501' title='bbox 2071 3173 2137 3222; x_wconf 90' lang='lat' dir='ltr'>ut</span> <span class='ocrx_word' id='word_1_502' title='bbox 2152 3167 2226 3222; x_wconf 91' lang='lat' dir='ltr'>sit</span> <span class='ocrx_word' id='word_1_503' title='bbox 2240 3166 2568 3220; x_wconf 86' lang='lat' dir='ltr'>benedictus</span> <span class='ocrx_word' id='word_1_504' title='bbox 2584 3167 2752 3232; x_wconf 90' lang='lat' dir='ltr'>Deus,</span> <span class='ocrx_word' id='word_1_505' title='bbox 2777 3166 2872 3237; x_wconf 89' lang='lat' dir='ltr'>qui</span> <span class='ocrx_word' id='word_1_506' title='bbox 2885 3167 3273 3222; x_wconf 86' lang='lat' dir='ltr'>universorum</span> <span class='ocrx_word' id='word_1_507' title='bbox 3285 3185 3413 3222; x_wconf 90' lang='lat' dir='ltr'>con-</span> 
     </span>
    </p>
   </div>
   <div class='ocr_carea' id='block_1_34' title="bbox 160 3254 3410 3327">
    <p class='ocr_par' dir='ltr' id='par_1_34' title="bbox 160 3254 3410 3327">
     <span class='ocr_line' id='line_1_34' title="bbox 160 3254 3410 3327; baseline 0.003 -25"><span class='ocrx_word' id='word_1_508' title='bbox 160 3267 261 3306; x_wconf 73' lang='lat' dir='ltr'>sero</span> <span class='ocrx_word' id='word_1_509' title='bbox 283 3255 759 3310; x_wconf 82' lang='lat' dir='ltr'>reconciliationis</span> <span class='ocrx_word' id='word_1_510' title='bbox 778 3255 1208 3321; x_wconf 86' lang='lat' dir='ltr'>servabimus,si</span> <span class='ocrx_word' id='word_1_511' title='bbox 1229 3255 1370 3310; x_wconf 92' lang='lat' dir='ltr'>nihil</span> <span class='ocrx_word' id='word_1_512' title='bbox 1385 3257 1730 3310; x_wconf 88' lang='lat' dir='ltr'>contrarium</span> <span class='ocrx_word' id='word_1_513' title='bbox 1813 3257 1962 3310; x_wconf 90' lang='lat' dir='ltr'>ditor</span> <span class='ocrx_word' id='word_1_514' title='bbox 1989 3260 2075 3311; x_wconf 89' lang='lat' dir='ltr'>est</span> <span class='ocrx_word' id='word_1_515' title='bbox 2111 3262 2169 3310; x_wconf 92' lang='lat' dir='ltr'>et</span> <span class='ocrx_word' id='word_1_516' title='bbox 2205 3256 2494 3325; x_wconf 88' lang='lat' dir='ltr'>hucusque</span> <span class='ocrx_word' id='word_1_517' title='bbox 2537 3254 2862 3322; x_wconf 88' lang='lat' dir='ltr'>distinctio;</span> <span class='ocrx_word' id='word_1_518' title='bbox 2905 3255 3166 3327; x_wconf 90' lang='lat' dir='ltr'>deinceps</span> <span class='ocrx_word' id='word_1_519' title='bbox 3201 3257 3410 3312; x_wconf 88' lang='lat' dir='ltr'>infera-</span> 
     </span>
    </p>
   </div>
   <div class='ocr_carea' id='block_1_35' title="bbox 160 3339 3412 3416">
    <p class='ocr_par' dir='ltr' id='par_1_35' title="bbox 160 3339 3412 3416">
     <span class='ocr_line' id='line_1_35' title="bbox 160 3339 3412 3416; baseline 0.002 -24"><span class='ocrx_word' id='word_1_520' title='bbox 160 3339 487 3414; x_wconf 81' lang='lat' dir='ltr'>facimusejus</span> <span class='ocrx_word' id='word_1_521' title='bbox 501 3345 808 3410; x_wconf 88' lang='lat' dir='ltr'>voluntati,</span> <span class='ocrx_word' id='word_1_522' title='bbox 825 3344 922 3416; x_wconf 88' lang='lat' dir='ltr'>qui</span> <span class='ocrx_word' id='word_1_523' title='bbox 942 3361 1044 3399; x_wconf 90' lang='lat' dir='ltr'>nos</span> <span class='ocrx_word' id='word_1_524' title='bbox 1063 3345 1444 3416; x_wconf 86' lang='lat' dir='ltr'>paciﬁcavitin</span> <span class='ocrx_word' id='word_1_525' title='bbox 1458 3345 1730 3415; x_wconf 88' lang='lat' dir='ltr'>sanguine</span> <span class='ocrx_word' id='word_1_526' title='bbox 1811 3351 1905 3400; x_wconf 90' lang='lat' dir='ltr'>tur</span> <span class='ocrx_word' id='word_1_527' title='bbox 1963 3363 1974 3398; x_wconf 92' lang='lat'><strong>:</strong></span> <span class='ocrx_word' id='word_1_528' title='bbox 2029 3347 2135 3413; x_wconf 79' lang='lat' dir='ltr'>Qui</span> <span class='ocrx_word' id='word_1_529' title='bbox 2171 3349 2246 3400; x_wconf 89' lang='lat' dir='ltr'>est</span> <span class='ocrx_word' id='word_1_530' title='bbox 2295 3349 2342 3398; x_wconf 89' lang='lat' dir='ltr'>et</span> <span class='ocrx_word' id='word_1_531' title='bbox 2385 3346 2547 3398; x_wconf 89' lang='lat' dir='ltr'>Pater</span> <span class='ocrx_word' id='word_1_532' title='bbox 2582 3345 2812 3398; x_wconf 83' lang='lat' dir='ltr'>Domini</span> <span class='ocrx_word' id='word_1_533' title='bbox 2861 3347 3040 3400; x_wconf 86' lang='lat' dir='ltr'>nostri</span> <span class='ocrx_word' id='word_1_534' title='bbox 3090 3348 3217 3398; x_wconf 86' lang='lat' dir='ltr'>Jesu</span> <span class='ocrx_word' id='word_1_535' title='bbox 3257 3346 3412 3401; x_wconf 88' lang='lat' dir='ltr'>Chri-</span> 
     </span>
    </p>
   </div>
   <div class='ocr_carea' id='block_1_36' title="bbox 158 3432 3412 3500">
    <p class='ocr_par' dir='ltr' id='par_1_36' title="bbox 158 3432 3412 3500">
     <span class='ocr_line' id='line_1_36' title="bbox 158 3432 3412 3500; baseline 0.002 -19"><span class='ocrx_word' id='word_1_536' title='bbox 158 3435 738 3488; x_wconf 82' lang='lat' dir='ltr'>suo.BenedictusDeus</span> <span class='ocrx_word' id='word_1_537' title='bbox 755 3436 1217 3488; x_wconf 87' lang='lat' dir='ltr'>etPaterDomini</span> <span class='ocrx_word' id='word_1_538' title='bbox 1228 3437 1407 3488; x_wconf 89' lang='lat' dir='ltr'>nostri</span> <span class='ocrx_word' id='word_1_539' title='bbox 1421 3437 1548 3488; x_wconf 86' lang='lat' dir='ltr'>Jesu</span> <span class='ocrx_word' id='word_1_540' title='bbox 1573 3435 1730 3490; x_wconf 89' lang='lat' dir='ltr'>Chri-</span> <span class='ocrx_word' id='word_1_541' title='bbox 1810 3437 1914 3500; x_wconf 86' lang='lat' dir='ltr'>sti;</span> <span class='ocrx_word' id='word_1_542' title='bbox 1953 3435 2039 3488; x_wconf 91' lang='lat' dir='ltr'>vel</span> <span class='ocrx_word' id='word_1_543' title='bbox 2084 3434 2167 3488; x_wconf 90' lang='lat' dir='ltr'>ita</span> <span class='ocrx_word' id='word_1_544' title='bbox 2199 3451 2210 3485; x_wconf 89' lang='lat'><strong>:</strong></span> <span class='ocrx_word' id='word_1_545' title='bbox 2244 3438 2309 3486; x_wconf 92' lang='lat' dir='ltr'>ut</span> <span class='ocrx_word' id='word_1_546' title='bbox 2348 3432 2498 3486; x_wconf 90' lang='lat' dir='ltr'>Deus</span> <span class='ocrx_word' id='word_1_547' title='bbox 2547 3436 2606 3486; x_wconf 90' lang='lat' dir='ltr'>et</span> <span class='ocrx_word' id='word_1_548' title='bbox 2647 3433 2819 3485; x_wconf 83' lang='lat' dir='ltr'>Pater</span> <span class='ocrx_word' id='word_1_549' title='bbox 2842 3432 2914 3486; x_wconf 91' lang='lat' dir='ltr'>ad</span> <span class='ocrx_word' id='word_1_550' title='bbox 2957 3433 3260 3488; x_wconf 89' lang='lat' dir='ltr'>Dominum</span> <span class='ocrx_word' id='word_1_551' title='bbox 3307 3451 3412 3489; x_wconf 92' lang='lat' dir='ltr'>no-</span> 
     </span>
    </p>
   </div>
   <div class='ocr_carea' id='block_1_37' title="bbox 161 3520 3408 3594">
    <p class='ocr_par' dir='ltr' id='par_1_37' title="bbox 161 3520 3408 3594">
     <span class='ocr_line' id='line_1_37' title="bbox 161 3520 3408 3594; baseline 0.002 -24"><span class='ocrx_word' id='word_1_552' title='bbox 161 3522 328 3588; x_wconf 76' lang='lat' dir='ltr'>sti,qui</span> <span class='ocrx_word' id='word_1_553' title='bbox 339 3524 626 3576; x_wconf 61' lang='lat' dir='ltr'>benedixit</span> <span class='ocrx_word' id='word_1_554' title='bbox 639 3539 736 3576; x_wconf 90' lang='lat' dir='ltr'>nos</span> <span class='ocrx_word' id='word_1_555' title='bbox 749 3525 812 3576; x_wconf 88' lang='lat' dir='ltr'>in</span> <span class='ocrx_word' id='word_1_556' title='bbox 822 3525 979 3576; x_wconf 89' lang='lat' dir='ltr'>omni</span> <span class='ocrx_word' id='word_1_557' title='bbox 1005 3523 1372 3576; x_wconf 86' lang='lat' dir='ltr'>benedictione</span> <span class='ocrx_word' id='word_1_558' title='bbox 1387 3525 1639 3591; x_wconf 80' lang='lat' dir='ltr'>spiritali</span> <span class='ocrx_word' id='word_1_559' title='bbox 1665 3525 1729 3577; x_wconf 88' lang='lat' dir='ltr'>in</span> <span class='ocrx_word' id='word_1_560' title='bbox 1811 3528 1992 3577; x_wconf 89' lang='lat' dir='ltr'>strum</span> <span class='ocrx_word' id='word_1_561' title='bbox 2020 3523 2082 3576; x_wconf 90' lang='lat' dir='ltr'>in</span> <span class='ocrx_word' id='word_1_562' title='bbox 2107 3537 2402 3576; x_wconf 90' lang='lat' dir='ltr'>commune</span> <span class='ocrx_word' id='word_1_563' title='bbox 2420 3520 2716 3574; x_wconf 87' lang='lat' dir='ltr'>referatur.</span> <span class='ocrx_word' id='word_1_564' title='bbox 2743 3520 3080 3575; x_wconf 90' lang='lat' dir='ltr'>Benedictus</span> <span class='ocrx_word' id='word_1_565' title='bbox 3091 3522 3240 3576; x_wconf 89' lang='lat' dir='ltr'>Deus</span> <span class='ocrx_word' id='word_1_566' title='bbox 3266 3524 3408 3594; x_wconf 89' lang='lat' dir='ltr'>ejus,</span> 
     </span>
    </p>
   </div>
   <div class='ocr_carea' id='block_1_38' title="bbox 157 3608 3410 3683">
    <p class='ocr_par' dir='ltr' id='par_1_38' title="bbox 157 3608 3410 3683">
     <span class='ocr_line' id='line_1_38' title="bbox 157 3608 3410 3683; baseline 0.001 -22"><span class='ocrx_word' id='word_1_567' title='bbox 157 3611 426 3678; x_wconf 77' lang='lat' dir='ltr'>catestibus,</span> <span class='ocrx_word' id='word_1_568' title='bbox 451 3615 516 3666; x_wconf 88' lang='lat' dir='ltr'>in</span> <span class='ocrx_word' id='word_1_569' title='bbox 529 3612 755 3668; x_wconf 79' lang='lat' dir='ltr'>Christo</span> <span class='ocrx_word' id='word_1_570' title='bbox 778 3614 924 3665; x_wconf 77' lang='lat' dir='ltr'>Jesu.</span> <span class='ocrx_word' id='word_1_571' title='bbox 959 3611 1197 3680; x_wconf 84' lang='lat' dir='ltr'>(Ambr.)</span> <span class='ocrx_word' id='word_1_572' title='bbox 1229 3611 1526 3666; x_wconf 88' lang='lat' dir='ltr'>Benedixit</span> <span class='ocrx_word' id='word_1_573' title='bbox 1546 3629 1649 3667; x_wconf 90' lang='lat' dir='ltr'>nos</span> <span class='ocrx_word' id='word_1_574' title='bbox 1669 3613 1729 3666; x_wconf 91' lang='lat' dir='ltr'>in</span> <span class='ocrx_word' id='word_1_575' title='bbox 1813 3611 1909 3683; x_wconf 91' lang='lat' dir='ltr'>qui</span> <span class='ocrx_word' id='word_1_576' title='bbox 1939 3615 2260 3681; x_wconf 86' lang='lat' dir='ltr'>assumptus</span> <span class='ocrx_word' id='word_1_577' title='bbox 2289 3614 2376 3664; x_wconf 90' lang='lat' dir='ltr'>est</span> <span class='ocrx_word' id='word_1_578' title='bbox 2412 3608 2689 3674; x_wconf 60' lang='lat' dir='ltr'>hominis,</span> <span class='ocrx_word' id='word_1_579' title='bbox 2724 3615 2782 3662; x_wconf 86' lang='lat' dir='ltr'>et</span> <span class='ocrx_word' id='word_1_580' title='bbox 2827 3610 2997 3662; x_wconf 89' lang='lat' dir='ltr'>Pater</span> <span class='ocrx_word' id='word_1_581' title='bbox 3041 3611 3182 3680; x_wconf 86' lang='lat' dir='ltr'>ejus,</span> <span class='ocrx_word' id='word_1_582' title='bbox 3217 3611 3312 3681; x_wconf 91' lang='lat' dir='ltr'>qui</span> <span class='ocrx_word' id='word_1_583' title='bbox 3351 3612 3410 3666; x_wconf 90' lang='lat' dir='ltr'>in</span> 
     </span>
    </p>
   </div>
   <div class='ocr_carea' id='block_1_39' title="bbox 159 3696 3409 3772">
    <p class='ocr_par' dir='ltr' id='par_1_39' title="bbox 159 3696 3409 3772">
     <span class='ocr_line' id='line_1_39' title="bbox 159 3696 3409 3772; baseline 0.002 -24"><span class='ocrx_word' id='word_1_584' title='bbox 159 3699 278 3750; x_wconf 74' lang='lat' dir='ltr'>omni</span> <span class='ocrx_word' id='word_1_585' title='bbox 294 3698 688 3755; x_wconf 89' lang='lat' dir='ltr'>benedictione</span> <span class='ocrx_word' id='word_1_586' title='bbox 711 3699 970 3772; x_wconf 88' lang='lat' dir='ltr'>spiritali,</span> <span class='ocrx_word' id='word_1_587' title='bbox 989 3699 1046 3754; x_wconf 91' lang='lat' dir='ltr'>id</span> <span class='ocrx_word' id='word_1_588' title='bbox 1066 3705 1169 3767; x_wconf 89' lang='lat' dir='ltr'>est,</span> <span class='ocrx_word' id='word_1_589' title='bbox 1192 3717 1306 3754; x_wconf 92' lang='lat' dir='ltr'>non</span> <span class='ocrx_word' id='word_1_590' title='bbox 1331 3701 1618 3755; x_wconf 88' lang='lat' dir='ltr'>mundana</span> <span class='ocrx_word' id='word_1_591' title='bbox 1632 3701 1730 3756; x_wconf 87' lang='lat' dir='ltr'>sed</span> <span class='ocrx_word' id='word_1_592' title='bbox 1811 3699 2085 3772; x_wconf 89' lang='lat' dir='ltr'>principio</span> <span class='ocrx_word' id='word_1_593' title='bbox 2105 3698 2254 3769; x_wconf 87' lang='lat' dir='ltr'>apud</span> <span class='ocrx_word' id='word_1_594' title='bbox 2281 3699 2461 3752; x_wconf 89' lang='lat' dir='ltr'>Deum</span> <span class='ocrx_word' id='word_1_595' title='bbox 2491 3697 2598 3750; x_wconf 84' lang='lat' dir='ltr'>fuit</span> <span class='ocrx_word' id='word_1_596' title='bbox 2623 3697 2772 3750; x_wconf 91' lang='lat' dir='ltr'>Deus</span> <span class='ocrx_word' id='word_1_597' title='bbox 2801 3696 3033 3750; x_wconf 76' lang='lat' dir='ltr'>verbum</span> <span class='ocrx_word' id='word_1_598' title='bbox 3064 3716 3074 3750; x_wconf 94' lang='lat'>:</span> <span class='ocrx_word' id='word_1_599' title='bbox 3110 3715 3221 3752; x_wconf 91' lang='lat' dir='ltr'>non</span> <span class='ocrx_word' id='word_1_600' title='bbox 3261 3700 3409 3770; x_wconf 90' lang='lat' dir='ltr'>quod</span> 
     </span>
    </p>
   </div>
   <div class='ocr_carea' id='block_1_40' title="bbox 156 3785 3408 3860">
    <p class='ocr_par' dir='ltr' id='par_1_40' title="bbox 156 3785 3408 3860">
     <span class='ocr_line' id='line_1_40' title="bbox 156 3785 3408 3860; baseline 0.001 -22"><span class='ocrx_word' id='word_1_601' title='bbox 156 3785 330 3842; x_wconf 74' lang='lat' dir='ltr'>ctelesti</span> <span class='ocrx_word' id='word_1_602' title='bbox 347 3788 766 3854; x_wconf 87' lang='lat' dir='ltr'>benedictione,</span> <span class='ocrx_word' id='word_1_603' title='bbox 793 3805 976 3860; x_wconf 87' lang='lat' dir='ltr'>neque</span> <span class='ocrx_word' id='word_1_604' title='bbox 997 3788 1364 3860; x_wconf 87' lang='lat' dir='ltr'>corruptibili,</span> <span class='ocrx_word' id='word_1_605' title='bbox 1388 3789 1486 3844; x_wconf 89' lang='lat' dir='ltr'>sed</span> <span class='ocrx_word' id='word_1_606' title='bbox 1498 3794 1727 3857; x_wconf 72' lang='lat' dir='ltr'>aeterna,</span> <span class='ocrx_word' id='word_1_607' title='bbox 1813 3789 1956 3843; x_wconf 91' lang='lat' dir='ltr'>alius</span> <span class='ocrx_word' id='word_1_608' title='bbox 1983 3790 2304 3857; x_wconf 88' lang='lat' dir='ltr'>assumptus</span> <span class='ocrx_word' id='word_1_609' title='bbox 2333 3786 2519 3848; x_wconf 89' lang='lat' dir='ltr'>homo,</span> <span class='ocrx_word' id='word_1_610' title='bbox 2551 3790 2609 3838; x_wconf 89' lang='lat' dir='ltr'>et</span> <span class='ocrx_word' id='word_1_611' title='bbox 2638 3785 2782 3838; x_wconf 81' lang='lat' dir='ltr'>alius</span> <span class='ocrx_word' id='word_1_612' title='bbox 2813 3785 2889 3838; x_wconf 88' lang='lat' dir='ltr'>sit</span> <span class='ocrx_word' id='word_1_613' title='bbox 2925 3801 3129 3852; x_wconf 89' lang='lat' dir='ltr'>sermo,</span> <span class='ocrx_word' id='word_1_614' title='bbox 3180 3786 3276 3856; x_wconf 91' lang='lat' dir='ltr'>qui</span> <span class='ocrx_word' id='word_1_615' title='bbox 3316 3804 3408 3841; x_wconf 88' lang='lat' dir='ltr'>as-</span> 
     </span>
    </p>
   </div>
   <div class='ocr_carea' id='block_1_41' title="bbox 157 3873 3409 3948">
    <p class='ocr_par' dir='ltr' id='par_1_41' title="bbox 157 3873 3409 3948">
     <span class='ocr_line' id='line_1_41' title="bbox 157 3873 3409 3948; baseline 0 -19"><span class='ocrx_word' id='word_1_616' title='bbox 157 3875 262 3943; x_wconf 84' lang='lat' dir='ltr'>quia</span> <span class='ocrx_word' id='word_1_617' title='bbox 275 3877 448 3946; x_wconf 81' lang='lat' dir='ltr'>gloria</span> <span class='ocrx_word' id='word_1_618' title='bbox 479 3878 947 3934; x_wconf 86' lang='lat' dir='ltr'>Christianorum</span> <span class='ocrx_word' id='word_1_619' title='bbox 971 3895 1083 3932; x_wconf 91' lang='lat' dir='ltr'>non</span> <span class='ocrx_word' id='word_1_620' title='bbox 1104 3879 1163 3932; x_wconf 92' lang='lat' dir='ltr'>in</span> <span class='ocrx_word' id='word_1_621' title='bbox 1185 3884 1357 3945; x_wconf 90' lang='lat' dir='ltr'>terra,</span> <span class='ocrx_word' id='word_1_622' title='bbox 1381 3879 1477 3932; x_wconf 88' lang='lat' dir='ltr'>sed</span> <span class='ocrx_word' id='word_1_623' title='bbox 1503 3877 1560 3932; x_wconf 91' lang='lat' dir='ltr'>in</span> <span class='ocrx_word' id='word_1_624' title='bbox 1589 3879 1728 3933; x_wconf 68' lang='lat' dir='ltr'>coelo</span> <span class='ocrx_word' id='word_1_625' title='bbox 1809 3875 2142 3948; x_wconf 87' lang='lat' dir='ltr'>sumpserit;</span> <span class='ocrx_word' id='word_1_626' title='bbox 2175 3875 2272 3930; x_wconf 89' lang='lat' dir='ltr'>sed</span> <span class='ocrx_word' id='word_1_627' title='bbox 2290 3875 2438 3944; x_wconf 90' lang='lat' dir='ltr'>quod</span> <span class='ocrx_word' id='word_1_628' title='bbox 2457 3890 2606 3928; x_wconf 89' lang='lat' dir='ltr'>unus</span> <span class='ocrx_word' id='word_1_629' title='bbox 2625 3879 2794 3944; x_wconf 88' lang='lat' dir='ltr'>atque</span> <span class='ocrx_word' id='word_1_630' title='bbox 2829 3873 2979 3927; x_wconf 92' lang='lat' dir='ltr'>idem</span> <span class='ocrx_word' id='word_1_631' title='bbox 3009 3891 3112 3945; x_wconf 90' lang='lat' dir='ltr'>pro</span> <span class='ocrx_word' id='word_1_632' title='bbox 3139 3875 3409 3932; x_wconf 79' lang='lat' dir='ltr'>varietate</span> 
     </span>
    </p>
   </div>
   <div class='ocr_carea' id='block_1_42' title="bbox 157 3961 3405 4037">
    <p class='ocr_par' dir='ltr' id='par_1_42' title="bbox 157 3961 3405 4037">
     <span class='ocr_line' id='line_1_42' title="bbox 157 3961 3405 4037; baseline -0.001 -13"><span class='ocrx_word' id='word_1_633' title='bbox 157 3970 239 4024; x_wconf 68' lang='lat' dir='ltr'>est.</span> <span class='ocrx_word' id='word_1_634' title='bbox 265 3970 316 4020; x_wconf 83' lang='lat' dir='ltr'>et</span> <span class='ocrx_word' id='word_1_635' title='bbox 336 3974 422 4022; x_wconf 88' lang='lat' dir='ltr'>est</span> <span class='ocrx_word' id='word_1_636' title='bbox 438 3968 499 4022; x_wconf 92' lang='lat' dir='ltr'>in</span> <span class='ocrx_word' id='word_1_637' title='bbox 522 3967 775 4023; x_wconf 85' lang='lat' dir='ltr'>Christo.</span> <span class='ocrx_word' id='word_1_638' title='bbox 810 3969 988 4022; x_wconf 91' lang='lat' dir='ltr'>Omne</span> <span class='ocrx_word' id='word_1_639' title='bbox 1013 3967 1164 4022; x_wconf 91' lang='lat' dir='ltr'>enim</span> <span class='ocrx_word' id='word_1_640' title='bbox 1187 3968 1396 4022; x_wconf 90' lang='lat' dir='ltr'>donum</span> <span class='ocrx_word' id='word_1_641' title='bbox 1410 3968 1606 4037; x_wconf 82' lang='lat' dir='ltr'>gratiae</span> <span class='ocrx_word' id='word_1_642' title='bbox 1627 3968 1728 4022; x_wconf 90' lang='lat' dir='ltr'>Dei</span> <span class='ocrx_word' id='word_1_643' title='bbox 1810 3982 2128 4031; x_wconf 87' lang='lat' dir='ltr'>causarum,</span> <span class='ocrx_word' id='word_1_644' title='bbox 2145 3981 2295 4019; x_wconf 90' lang='lat' dir='ltr'>nunc</span> <span class='ocrx_word' id='word_1_645' title='bbox 2323 3961 2600 4030; x_wconf 87' lang='lat' dir='ltr'>sublimis,</span> <span class='ocrx_word' id='word_1_646' title='bbox 2617 3979 2767 4016; x_wconf 90' lang='lat' dir='ltr'>nunc</span> <span class='ocrx_word' id='word_1_647' title='bbox 2795 3961 3024 4016; x_wconf 90' lang='lat' dir='ltr'>humilis</span> <span class='ocrx_word' id='word_1_648' title='bbox 3053 3963 3405 4034; x_wconf 51' lang='lat' dir='ltr'>praedicetur.</span> 
     </span>
    </p>
   </div>
   <div class='ocr_carea' id='block_1_43' title="bbox 161 4049 3408 4126">
    <p class='ocr_par' dir='ltr' id='par_1_43' title="bbox 161 4049 3408 4126">
     <span class='ocr_line' id='line_1_43' title="bbox 161 4049 3408 4126; baseline 0 -19"><span class='ocrx_word' id='word_1_649' title='bbox 161 4049 548 4122; x_wconf 82' lang='lat' dir='ltr'>inChristoest,</span> <span class='ocrx_word' id='word_1_650' title='bbox 571 4062 640 4110; x_wconf 90' lang='lat' dir='ltr'>ut</span> <span class='ocrx_word' id='word_1_651' title='bbox 669 4055 716 4109; x_wconf 89' lang='lat' dir='ltr'>si</span> <span class='ocrx_word' id='word_1_652' title='bbox 751 4055 876 4126; x_wconf 89' lang='lat' dir='ltr'>quis</span> <span class='ocrx_word' id='word_1_653' title='bbox 916 4061 1102 4126; x_wconf 90' lang='lat' dir='ltr'>spreto</span> <span class='ocrx_word' id='word_1_654' title='bbox 1133 4055 1354 4110; x_wconf 87' lang='lat' dir='ltr'>Christo</span> <span class='ocrx_word' id='word_1_655' title='bbox 1392 4055 1643 4110; x_wconf 90' lang='lat' dir='ltr'>benedici</span> <span class='ocrx_word' id='word_1_656' title='bbox 1671 4073 1730 4111; x_wconf 90' lang='lat' dir='ltr'>se</span> <span class='ocrx_word' id='word_1_657' title='bbox 1811 4056 1966 4112; x_wconf 85' lang='lat' dir='ltr'>Sicut</span> <span class='ocrx_word' id='word_1_658' title='bbox 1981 4056 2136 4122; x_wconf 86' lang='lat' dir='ltr'>elegit</span> <span class='ocrx_word' id='word_1_659' title='bbox 2151 4069 2247 4107; x_wconf 89' lang='lat' dir='ltr'>nos</span> <span class='ocrx_word' id='word_1_660' title='bbox 2259 4055 2321 4106; x_wconf 90' lang='lat' dir='ltr'>in</span> <span class='ocrx_word' id='word_1_661' title='bbox 2341 4054 2454 4120; x_wconf 86' lang='lat' dir='ltr'>ipso</span> <span class='ocrx_word' id='word_1_662' title='bbox 2467 4056 2596 4106; x_wconf 85' lang='lat' dir='ltr'>ante</span> <span class='ocrx_word' id='word_1_663' title='bbox 2617 4054 3063 4106; x_wconf 83' lang='lat' dir='ltr'>constitutionem</span> <span class='ocrx_word' id='word_1_664' title='bbox 3101 4055 3324 4119; x_wconf 89' lang='lat' dir='ltr'>mundi,</span> <span class='ocrx_word' id='word_1_665' title='bbox 3345 4059 3408 4108; x_wconf 85' lang='lat' dir='ltr'>ut</span> 
     </span>
    </p>
   </div>
   <div class='ocr_carea' id='block_1_44' title="bbox 161 4140 3411 4215">
    <p class='ocr_par' dir='ltr' id='par_1_44' title="bbox 161 4140 3411 4215">
     <span class='ocr_line' id='line_1_44' title="bbox 161 4140 3411 4215; baseline 0.001 -20"><span class='ocrx_word' id='word_1_666' title='bbox 161 4155 186 4192; x_wconf 70' lang='grc' dir='ltr'>α</span> <span class='ocrx_word' id='word_1_667' title='bbox 201 4140 298 4197; x_wconf 88' lang='lat' dir='ltr'>Deo</span> <span class='ocrx_word' id='word_1_668' title='bbox 316 4151 493 4215; x_wconf 86' lang='lat' dir='ltr'>putet,</span> <span class='ocrx_word' id='word_1_669' title='bbox 517 4161 719 4200; x_wconf 87' lang='lat' dir='ltr'>errare</span> <span class='ocrx_word' id='word_1_670' title='bbox 738 4161 798 4200; x_wconf 90' lang='lat' dir='ltr'>se</span> <span class='ocrx_word' id='word_1_671' title='bbox 815 4145 972 4199; x_wconf 89' lang='lat' dir='ltr'>sciat.</span> <span class='ocrx_word' id='word_1_672' title='bbox 1001 4146 1192 4212; x_wconf 84' lang='lat' dir='ltr'>(Hier.)</span> <span class='ocrx_word' id='word_1_673' title='bbox 1211 4145 1502 4208; x_wconf 87' lang='lat' dir='ltr'>Quomodo</span> <span class='ocrx_word' id='word_1_674' title='bbox 1529 4161 1732 4199; x_wconf 90' lang='lat' dir='ltr'>secun-</span> <span class='ocrx_word' id='word_1_675' title='bbox 1814 4160 2042 4198; x_wconf 84' lang='lat' dir='ltr'>essemus</span> <span class='ocrx_word' id='word_1_676' title='bbox 2051 4144 2230 4196; x_wconf 85' lang='lat' dir='ltr'>sancti</span> <span class='ocrx_word' id='word_1_677' title='bbox 2249 4146 2297 4194; x_wconf 89' lang='lat' dir='ltr'>et</span> <span class='ocrx_word' id='word_1_678' title='bbox 2315 4143 2670 4195; x_wconf 87' lang='lat' dir='ltr'>immaculati</span> <span class='ocrx_word' id='word_1_679' title='bbox 2679 4157 2866 4195; x_wconf 85' lang='lat' dir='ltr'>coram</span> <span class='ocrx_word' id='word_1_680' title='bbox 2877 4143 3008 4210; x_wconf 85' lang='lat' dir='ltr'>ipso.</span> <span class='ocrx_word' id='word_1_681' title='bbox 3025 4142 3134 4196; x_wconf 87' lang='lat' dir='ltr'>Pro</span> <span class='ocrx_word' id='word_1_682' title='bbox 3144 4143 3411 4198; x_wconf 90' lang='lat' dir='ltr'>constitu-</span> 
     </span>
    </p>
   </div>
   <div class='ocr_carea' id='block_1_45' title="bbox 161 4229 3409 4310">
    <p class='ocr_par' dir='ltr' id='par_1_45' title="bbox 161 4229 3409 4310">
     <span class='ocr_line' id='line_1_45' title="bbox 161 4229 3409 4310; baseline 0.002 -25"><span class='ocrx_word' id='word_1_683' title='bbox 161 4229 270 4284; x_wconf 85' lang='lat' dir='ltr'>dum</span> <span class='ocrx_word' id='word_1_684' title='bbox 297 4233 679 4288; x_wconf 86' lang='lat' dir='ltr'>substantiam</span> <span class='ocrx_word' id='word_1_685' title='bbox 710 4239 880 4304; x_wconf 84' lang='lat' dir='ltr'>atque</span> <span class='ocrx_word' id='word_1_686' title='bbox 919 4237 1183 4288; x_wconf 86' lang='lat' dir='ltr'>naturam</span> <span class='ocrx_word' id='word_1_687' title='bbox 1229 4234 1380 4288; x_wconf 87' lang='lat' dir='ltr'>Deus</span> <span class='ocrx_word' id='word_1_688' title='bbox 1414 4233 1594 4288; x_wconf 91' lang='lat' dir='ltr'>bonus</span> <span class='ocrx_word' id='word_1_689' title='bbox 1631 4251 1733 4288; x_wconf 91' lang='lat' dir='ltr'>nos</span> <span class='ocrx_word' id='word_1_690' title='bbox 1813 4229 2194 4310; x_wconf 79' lang='lat' dir='ltr'>tionemundi,</span> <span class='ocrx_word' id='word_1_691' title='bbox 2216 4230 2276 4284; x_wconf 90' lang='lat' dir='ltr'>in</span> <span class='ocrx_word' id='word_1_692' title='bbox 2291 4229 2766 4302; x_wconf 71' lang='lat' dir='ltr'>Graecoscriptum</span> <span class='ocrx_word' id='word_1_693' title='bbox 2777 4230 2990 4308; x_wconf 71' lang='lat' dir='ltr'>est,1rpb</span> <span class='ocrx_word' id='word_1_694' title='bbox 3001 4232 3303 4304; x_wconf 78' lang='grc' dir='ltr'>καταϐολῆς</span> <span class='ocrx_word' id='word_1_695' title='bbox 3316 4238 3409 4292; x_wconf 80' lang='grc' dir='ltr'>τοῦ</span> 
     </span>
    </p>
   </div>
   <div class='ocr_carea' id='block_1_46' title="bbox 161 4319 3408 4421">
    <p class='ocr_par' dir='ltr' id='par_1_46' title="bbox 161 4319 3408 4421">
     <span class='ocr_line' id='line_1_46' title="bbox 161 4319 3408 4421; baseline 0.001 -50"><span class='ocrx_word' id='word_1_696' title='bbox 161 4322 520 4378; x_wconf 85' lang='lat' dir='ltr'>communione</span> <span class='ocrx_word' id='word_1_697' title='bbox 549 4323 645 4376; x_wconf 89' lang='lat' dir='ltr'>sui</span> <span class='ocrx_word' id='word_1_698' title='bbox 665 4323 850 4376; x_wconf 82' lang='lat' dir='ltr'>eﬁecit</span> <span class='ocrx_word' id='word_1_699' title='bbox 875 4322 1068 4389; x_wconf 91' lang='lat' dir='ltr'>bonos,</span> <span class='ocrx_word' id='word_1_700' title='bbox 1095 4328 1154 4376; x_wconf 88' lang='lat' dir='ltr'>et</span> <span class='ocrx_word' id='word_1_701' title='bbox 1166 4322 1418 4393; x_wconf 88' lang='lat' dir='ltr'>loquitur</span> <span class='ocrx_word' id='word_1_702' title='bbox 1437 4323 1509 4377; x_wconf 90' lang='lat' dir='ltr'>ad</span> <span class='ocrx_word' id='word_1_703' title='bbox 1528 4324 1727 4378; x_wconf 90' lang='lat' dir='ltr'>Israel:</span> <span class='ocrx_word' id='word_1_704' title='bbox 1747 4363 1797 4421; x_wconf 83' lang='lat' dir='ltr'>D</span> <span class='ocrx_word' id='word_1_705' title='bbox 1813 4325 2035 4397; x_wconf 71' lang='grc' dir='ltr'>κοσμῶ,</span> <span class='ocrx_word' id='word_1_706' title='bbox 2065 4337 2179 4376; x_wconf 89' lang='lat' dir='ltr'>non</span> <span class='ocrx_word' id='word_1_707' title='bbox 2200 4319 2385 4392; x_wconf 88' lang='lat' dir='ltr'>ipsum</span> <span class='ocrx_word' id='word_1_708' title='bbox 2404 4325 2594 4374; x_wconf 90' lang='lat' dir='ltr'>autem</span> <span class='ocrx_word' id='word_1_709' title='bbox 2606 4320 2903 4392; x_wconf 73' lang='grc' dir='ltr'>καταϐολή,</span> <span class='ocrx_word' id='word_1_710' title='bbox 2923 4320 3070 4390; x_wconf 88' lang='lat' dir='ltr'>quod</span> <span class='ocrx_word' id='word_1_711' title='bbox 3083 4321 3408 4376; x_wconf 88' lang='lat' dir='ltr'>constitutio</span> 
     </span>
    </p>
   </div>
   <div class='ocr_carea' id='block_1_47' title="bbox 161 4405 3410 4484">
    <p class='ocr_par' dir='ltr' id='par_1_47' title="bbox 161 4405 3410 4484">
     <span class='ocr_line' id='line_1_47' title="bbox 161 4405 3410 4484; baseline 0.001 -24"><span class='ocrx_word' id='word_1_712' title='bbox 161 4405 318 4462; x_wconf 78' lang='lat' dir='ltr'>Sancti</span> <span class='ocrx_word' id='word_1_713' title='bbox 333 4417 510 4474; x_wconf 84' lang='lat' dir='ltr'>estote,</span> <span class='ocrx_word' id='word_1_714' title='bbox 535 4414 812 4480; x_wconf 81' lang='lat' dir='ltr'>quoniam</span> <span class='ocrx_word' id='word_1_715' title='bbox 833 4416 880 4465; x_wconf 90' lang='lat' dir='ltr'>et</span> <span class='ocrx_word' id='word_1_716' title='bbox 903 4428 994 4479; x_wconf 84' lang='lat' dir='ltr'>ego</span> <span class='ocrx_word' id='word_1_717' title='bbox 1019 4417 1246 4466; x_wconf 89' lang='lat' dir='ltr'>sanctus</span> <span class='ocrx_word' id='word_1_718' title='bbox 1273 4412 1550 4484; x_wconf 83' lang='lat' dir='ltr'>sum(Lev.</span> <span class='ocrx_word' id='word_1_719' title='bbox 1586 4421 1678 4484; x_wconf 86' lang='lat' dir='ltr'>xx)</span> <span class='ocrx_word' id='word_1_720' title='bbox 1711 4431 1725 4481; x_wconf 91' lang='lat'><strong>;</strong></span> <span class='ocrx_word' id='word_1_721' title='bbox 1749 4405 1795 4421; x_wconf 69' lang='lat'><strong><em>&quot;</em></strong></span> <span class='ocrx_word' id='word_1_722' title='bbox 1811 4415 1994 4465; x_wconf 90' lang='lat' dir='ltr'>sonat.</span> <span class='ocrx_word' id='word_1_723' title='bbox 2015 4409 2174 4464; x_wconf 90' lang='lat' dir='ltr'>Unde</span> <span class='ocrx_word' id='word_1_724' title='bbox 2191 4415 2248 4464; x_wconf 90' lang='lat' dir='ltr'>et</span> <span class='ocrx_word' id='word_1_725' title='bbox 2276 4426 2378 4463; x_wconf 90' lang='lat' dir='ltr'>nos</span> <span class='ocrx_word' id='word_1_726' title='bbox 2404 4413 2635 4480; x_wconf 88' lang='lat' dir='ltr'>propter</span> <span class='ocrx_word' id='word_1_727' title='bbox 2661 4411 3052 4479; x_wconf 84' lang='lat' dir='ltr'>paupertatem</span> <span class='ocrx_word' id='word_1_728' title='bbox 3093 4409 3316 4478; x_wconf 81' lang='lat' dir='ltr'>linguae,</span> <span class='ocrx_word' id='word_1_729' title='bbox 3352 4415 3410 4463; x_wconf 90' lang='lat' dir='ltr'>et</span> 
     </span>
    </p>
   </div>
   <div class='ocr_carea' id='block_1_48' title="bbox 165 4492 3408 4570">
    <p class='ocr_par' dir='ltr' id='par_1_48' title="bbox 165 4492 3408 4570">
     <span class='ocr_line' id='line_1_48' title="bbox 165 4492 3408 4570; baseline 0.001 -22"><span class='ocrx_word' id='word_1_730' title='bbox 165 4492 224 4548; x_wconf 85' lang='lat' dir='ltr'>ita</span> <span class='ocrx_word' id='word_1_731' title='bbox 247 4503 299 4552; x_wconf 89' lang='lat' dir='ltr'>et</span> <span class='ocrx_word' id='word_1_732' title='bbox 322 4499 439 4570; x_wconf 89' lang='lat' dir='ltr'>ipse</span> <span class='ocrx_word' id='word_1_733' title='bbox 469 4500 805 4555; x_wconf 90' lang='lat' dir='ltr'>benedictus</span> <span class='ocrx_word' id='word_1_734' title='bbox 835 4516 948 4553; x_wconf 90' lang='lat' dir='ltr'>non</span> <span class='ocrx_word' id='word_1_735' title='bbox 975 4505 1206 4570; x_wconf 64' lang='lat' dir='ltr'>praestat</span> <span class='ocrx_word' id='word_1_736' title='bbox 1235 4517 1356 4562; x_wconf 83' lang='lat' dir='ltr'>esse</span> <span class='ocrx_word' id='word_1_737' title='bbox 1384 4499 1723 4556; x_wconf 88' lang='lat' dir='ltr'>benedictos.</span> <span class='ocrx_word' id='word_1_738' title='bbox 1811 4515 2003 4554; x_wconf 88' lang='lat' dir='ltr'>rerum</span> <span class='ocrx_word' id='word_1_739' title='bbox 2031 4499 2357 4563; x_wconf 89' lang='lat' dir='ltr'>novitatem,</span> <span class='ocrx_word' id='word_1_740' title='bbox 2391 4503 2449 4551; x_wconf 89' lang='lat' dir='ltr'>et</span> <span class='ocrx_word' id='word_1_741' title='bbox 2475 4497 2621 4551; x_wconf 91' lang='lat' dir='ltr'>sicut</span> <span class='ocrx_word' id='word_1_742' title='bbox 2635 4496 2865 4567; x_wconf 89' lang='lat' dir='ltr'>quidam</span> <span class='ocrx_word' id='word_1_743' title='bbox 2885 4495 2982 4558; x_wconf 86' lang='lat' dir='ltr'>ait.</span> <span class='ocrx_word' id='word_1_744' title='bbox 2997 4496 3144 4564; x_wconf 93' lang='lat' dir='ltr'>quod</span> <span class='ocrx_word' id='word_1_745' title='bbox 3160 4496 3234 4550; x_wconf 89' lang='lat' dir='ltr'>sit</span> <span class='ocrx_word' id='word_1_746' title='bbox 3252 4497 3408 4551; x_wconf 71' lang='lat' dir='ltr'>Grae-</span> 
     </span>
    </p>
   </div>
   <div class='ocr_carea' id='block_1_49' title="bbox 163 4581 3410 4660">
    <p class='ocr_par' dir='ltr' id='par_1_49' title="bbox 163 4581 3410 4660">
     <span class='ocr_line' id='line_1_49' title="bbox 163 4581 3410 4660; baseline 0 -22"><span class='ocrx_word' id='word_1_747' title='bbox 163 4581 456 4660; x_wconf 82' lang='lat' dir='ltr'>Datquippe</span> <span class='ocrx_word' id='word_1_748' title='bbox 472 4589 774 4659; x_wconf 75' lang='lat' dir='ltr'>legislator</span> <span class='ocrx_word' id='word_1_749' title='bbox 793 4587 1224 4656; x_wconf 89' lang='lat' dir='ltr'>benedictiones,</span> <span class='ocrx_word' id='word_1_750' title='bbox 1246 4595 1296 4644; x_wconf 87' lang='lat' dir='ltr'>et</span> <span class='ocrx_word' id='word_1_751' title='bbox 1324 4591 1619 4645; x_wconf 88' lang='lat' dir='ltr'>benedictio</span> <span class='ocrx_word' id='word_1_752' title='bbox 1629 4592 1731 4645; x_wconf 87' lang='lat' dir='ltr'>Do-</span> <span class='ocrx_word' id='word_1_753' title='bbox 1811 4605 2004 4643; x_wconf 92' lang='lat' dir='ltr'>corum</span> <span class='ocrx_word' id='word_1_754' title='bbox 2032 4593 2090 4642; x_wconf 87' lang='lat' dir='ltr'>et</span> <span class='ocrx_word' id='word_1_755' title='bbox 2115 4603 2300 4642; x_wconf 88' lang='lat' dir='ltr'>sermo</span> <span class='ocrx_word' id='word_1_756' title='bbox 2326 4585 2494 4640; x_wconf 87' lang='lat' dir='ltr'>latior</span> <span class='ocrx_word' id='word_1_757' title='bbox 2523 4591 2580 4638; x_wconf 90' lang='lat' dir='ltr'>et</span> <span class='ocrx_word' id='word_1_758' title='bbox 2607 4585 2803 4654; x_wconf 89' lang='lat' dir='ltr'>lingua</span> <span class='ocrx_word' id='word_1_759' title='bbox 2831 4582 3060 4648; x_wconf 88' lang='lat' dir='ltr'>felicior,</span> <span class='ocrx_word' id='word_1_760' title='bbox 3081 4583 3410 4638; x_wconf 85' lang='lat' dir='ltr'>conabimur</span> 
     </span>
    </p>
   </div>
   <div class='ocr_carea' id='block_1_50' title="bbox 165 4670 3410 4748">
    <p class='ocr_par' dir='ltr' id='par_1_50' title="bbox 165 4670 3410 4748">
     <span class='ocr_line' id='line_1_50' title="bbox 165 4670 3410 4748; baseline 0 -20"><span class='ocrx_word' id='word_1_761' title='bbox 165 4676 282 4728; x_wconf 78' lang='lat' dir='ltr'>mini</span> <span class='ocrx_word' id='word_1_762' title='bbox 287 4692 442 4745; x_wconf 84' lang='lat' dir='ltr'>super</span> <span class='ocrx_word' id='word_1_763' title='bbox 453 4679 797 4747; x_wconf 81' lang='lat' dir='ltr'>caputjusti,</span> <span class='ocrx_word' id='word_1_764' title='bbox 817 4678 978 4747; x_wconf 87' lang='lat' dir='ltr'>cujus</span> <span class='ocrx_word' id='word_1_765' title='bbox 989 4675 1392 4732; x_wconf 91' lang='lat' dir='ltr'>benedictionis</span> <span class='ocrx_word' id='word_1_766' title='bbox 1402 4695 1734 4748; x_wconf 91' lang='lat' dir='ltr'>cognomen-</span> <span class='ocrx_word' id='word_1_767' title='bbox 1813 4694 1928 4732; x_wconf 94' lang='lat' dir='ltr'>non</span> <span class='ocrx_word' id='word_1_768' title='bbox 1955 4683 2074 4732; x_wconf 90' lang='lat' dir='ltr'>tam</span> <span class='ocrx_word' id='word_1_769' title='bbox 2100 4675 2333 4730; x_wconf 88' lang='lat' dir='ltr'>verbum</span> <span class='ocrx_word' id='word_1_770' title='bbox 2358 4673 2663 4728; x_wconf 88' lang='lat' dir='ltr'>transferre</span> <span class='ocrx_word' id='word_1_771' title='bbox 2692 4672 2761 4726; x_wconf 92' lang='lat' dir='ltr'>de</span> <span class='ocrx_word' id='word_1_772' title='bbox 2787 4670 2976 4737; x_wconf 88' lang='lat' dir='ltr'>verbo,</span> <span class='ocrx_word' id='word_1_773' title='bbox 3019 4673 3170 4742; x_wconf 90' lang='lat' dir='ltr'>quod</span> <span class='ocrx_word' id='word_1_774' title='bbox 3205 4673 3410 4745; x_wconf 81' lang='lat' dir='ltr'>impos-</span> 
     </span>
    </p>
   </div>
   <div class='ocr_carea' id='block_1_51' title="bbox 165 4759 3406 4837">
    <p class='ocr_par' dir='ltr' id='par_1_51' title="bbox 165 4759 3406 4837">
     <span class='ocr_line' id='line_1_51' title="bbox 165 4759 3406 4837; baseline 0 -20"><span class='ocrx_word' id='word_1_775' title='bbox 165 4768 256 4817; x_wconf 78' lang='lat' dir='ltr'>tum</span> <span class='ocrx_word' id='word_1_776' title='bbox 273 4765 435 4820; x_wconf 88' lang='lat' dir='ltr'>habet</span> <span class='ocrx_word' id='word_1_777' title='bbox 453 4767 702 4826; x_wconf 86' lang='lat' dir='ltr'>Baruch,</span> <span class='ocrx_word' id='word_1_778' title='bbox 737 4766 833 4837; x_wconf 91' lang='lat' dir='ltr'>qui</span> <span class='ocrx_word' id='word_1_779' title='bbox 864 4765 922 4820; x_wconf 91' lang='lat' dir='ltr'>in</span> <span class='ocrx_word' id='word_1_780' title='bbox 948 4765 1142 4837; x_wconf 86' lang='lat' dir='ltr'>lingua</span> <span class='ocrx_word' id='word_1_781' title='bbox 1176 4772 1370 4821; x_wconf 88' lang='lat' dir='ltr'>nostra</span> <span class='ocrx_word' id='word_1_782' title='bbox 1393 4769 1733 4824; x_wconf 89' lang='lat' dir='ltr'>benedictum</span> <span class='ocrx_word' id='word_1_783' title='bbox 1813 4766 1974 4820; x_wconf 90' lang='lat' dir='ltr'>sibile</span> <span class='ocrx_word' id='word_1_784' title='bbox 1995 4770 2098 4830; x_wconf 92' lang='lat' dir='ltr'>est,</span> <span class='ocrx_word' id='word_1_785' title='bbox 2111 4764 2401 4835; x_wconf 90' lang='lat' dir='ltr'>quamvim</span> <span class='ocrx_word' id='word_1_786' title='bbox 2414 4761 2567 4815; x_wconf 89' lang='lat' dir='ltr'>verbi</span> <span class='ocrx_word' id='word_1_787' title='bbox 2589 4760 2831 4831; x_wconf 90' lang='lat' dir='ltr'>quodam</span> <span class='ocrx_word' id='word_1_788' title='bbox 2852 4759 3126 4830; x_wconf 83' lang='lat' dir='ltr'>explicare</span> <span class='ocrx_word' id='word_1_789' title='bbox 3147 4761 3406 4830; x_wconf 89' lang='lat' dir='ltr'>circuitu,</span> 
     </span>
    </p>
   </div>
   <div class='ocr_carea' id='block_1_52' title="bbox 169 4849 3411 4926">
    <p class='ocr_par' dir='ltr' id='par_1_52' title="bbox 169 4849 3411 4926">
     <span class='ocr_line' id='line_1_52' title="bbox 169 4849 3411 4926; baseline 0.001 -24"><span class='ocrx_word' id='word_1_790' title='bbox 169 4861 310 4907; x_wconf 80' lang='lat' dir='ltr'>sonat.</span> <span class='ocrx_word' id='word_1_791' title='bbox 323 4855 622 4910; x_wconf 81' lang='lat' dir='ltr'>Benedixit</span> <span class='ocrx_word' id='word_1_792' title='bbox 637 4871 761 4920; x_wconf 90' lang='lat' dir='ltr'>nos,</span> <span class='ocrx_word' id='word_1_793' title='bbox 778 4871 889 4909; x_wconf 91' lang='lat' dir='ltr'>non</span> <span class='ocrx_word' id='word_1_794' title='bbox 901 4855 960 4909; x_wconf 91' lang='lat' dir='ltr'>in</span> <span class='ocrx_word' id='word_1_795' title='bbox 970 4871 1084 4910; x_wconf 88' lang='lat' dir='ltr'>una</span> <span class='ocrx_word' id='word_1_796' title='bbox 1091 4855 1478 4910; x_wconf 89' lang='lat' dir='ltr'>benedictione</span> <span class='ocrx_word' id='word_1_797' title='bbox 1490 4857 1588 4910; x_wconf 88' lang='lat' dir='ltr'>sed</span> <span class='ocrx_word' id='word_1_798' title='bbox 1598 4874 1732 4912; x_wconf 88' lang='lat' dir='ltr'>cun-</span> <span class='ocrx_word' id='word_1_799' title='bbox 1816 4854 2102 4926; x_wconf 68' lang='grc' dir='ltr'>Καταδολή</span> <span class='ocrx_word' id='word_1_800' title='bbox 2116 4852 2339 4923; x_wconf 87' lang='lat' dir='ltr'>proprie</span> <span class='ocrx_word' id='word_1_801' title='bbox 2352 4849 2708 4916; x_wconf 89' lang='lat' dir='ltr'>dicitur,cum</span> <span class='ocrx_word' id='word_1_802' title='bbox 2722 4849 2856 4920; x_wconf 88' lang='lat' dir='ltr'>quid</span> <span class='ocrx_word' id='word_1_803' title='bbox 2866 4849 3128 4904; x_wconf 90' lang='lat' dir='ltr'>deorsum</span> <span class='ocrx_word' id='word_1_804' title='bbox 3134 4851 3345 4920; x_wconf 79' lang='lat' dir='ltr'>jacitur</span> <span class='ocrx_word' id='word_1_805' title='bbox 3353 4857 3411 4906; x_wconf 93' lang='lat' dir='ltr'>et</span> 
     </span>
    </p>
   </div>
   <div class='ocr_carea' id='block_1_53' title="bbox 167 4937 3410 5016">
    <p class='ocr_par' dir='ltr' id='par_1_53' title="bbox 167 4937 3410 5016">
     <span class='ocr_line' id='line_1_53' title="bbox 167 4937 3410 5016; baseline 0.001 -23"><span class='ocrx_word' id='word_1_806' title='bbox 167 4943 271 4995; x_wconf 71' lang='lat' dir='ltr'>dis:</span> <span class='ocrx_word' id='word_1_807' title='bbox 293 4961 404 4998; x_wconf 90' lang='lat' dir='ltr'>non</span> <span class='ocrx_word' id='word_1_808' title='bbox 433 4944 592 5016; x_wconf 89' lang='lat' dir='ltr'>quod</span> <span class='ocrx_word' id='word_1_809' title='bbox 613 4960 810 4998; x_wconf 89' lang='lat' dir='ltr'>omnes</span> <span class='ocrx_word' id='word_1_810' title='bbox 828 4943 1020 4998; x_wconf 87' lang='lat' dir='ltr'>omnia</span> <span class='ocrx_word' id='word_1_811' title='bbox 1037 4960 1465 5015; x_wconf 89' lang='lat' dir='ltr'>consequamur,</span> <span class='ocrx_word' id='word_1_812' title='bbox 1482 4945 1579 4998; x_wconf 91' lang='lat' dir='ltr'>sed</span> <span class='ocrx_word' id='word_1_813' title='bbox 1595 4945 1730 5000; x_wconf 91' lang='lat' dir='ltr'>dum</span> <span class='ocrx_word' id='word_1_814' title='bbox 1811 4944 1872 4998; x_wconf 92' lang='lat' dir='ltr'>in</span> <span class='ocrx_word' id='word_1_815' title='bbox 1893 4942 2215 4996; x_wconf 81' lang='lat' dir='ltr'>inferiorem</span> <span class='ocrx_word' id='word_1_816' title='bbox 2233 4941 2416 4995; x_wconf 91' lang='lat' dir='ltr'>locum</span> <span class='ocrx_word' id='word_1_817' title='bbox 2431 4937 2677 4992; x_wconf 88' lang='lat' dir='ltr'>mittitur</span> <span class='ocrx_word' id='word_1_818' title='bbox 2697 4937 2767 4992; x_wconf 91' lang='lat' dir='ltr'>de</span> <span class='ocrx_word' id='word_1_819' title='bbox 2787 4937 3032 5004; x_wconf 90' lang='lat' dir='ltr'>sublimi,</span> <span class='ocrx_word' id='word_1_820' title='bbox 3047 4939 3133 4992; x_wconf 89' lang='lat' dir='ltr'>vel</span> <span class='ocrx_word' id='word_1_821' title='bbox 3146 4957 3274 4994; x_wconf 91' lang='lat' dir='ltr'>cum</span> <span class='ocrx_word' id='word_1_822' title='bbox 3303 4941 3410 4995; x_wconf 86' lang='lat' dir='ltr'>ali-</span> 
     </span>
    </p>
   </div>
   <div class='ocr_carea' id='block_1_54' title="bbox 169 5026 3409 5104">
    <p class='ocr_par' dir='ltr' id='par_1_54' title="bbox 169 5026 3409 5104">
     <span class='ocr_line' id='line_1_54' title="bbox 169 5026 3409 5104; baseline 0 -20"><span class='ocrx_word' id='word_1_823' title='bbox 169 5026 349 5100; x_wconf 72' lang='lat' dir='ltr'>Singuh&#39;,</span> <span class='ocrx_word' id='word_1_824' title='bbox 364 5035 446 5087; x_wconf 87' lang='lat' dir='ltr'>vel</span> <span class='ocrx_word' id='word_1_825' title='bbox 461 5034 740 5104; x_wconf 88' lang='lat' dir='ltr'>singulas,</span> <span class='ocrx_word' id='word_1_826' title='bbox 765 5033 852 5087; x_wconf 87' lang='lat' dir='ltr'>vel</span> <span class='ocrx_word' id='word_1_827' title='bbox 873 5033 1062 5104; x_wconf 91' lang='lat' dir='ltr'>plures</span> <span class='ocrx_word' id='word_1_828' title='bbox 1083 5049 1149 5087; x_wconf 85' lang='lat' dir='ltr'>ex</span> <span class='ocrx_word' id='word_1_829' title='bbox 1165 5033 1424 5087; x_wconf 90' lang='lat' dir='ltr'>omnibus</span> <span class='ocrx_word' id='word_1_830' title='bbox 1438 5032 1730 5102; x_wconf 88' lang='lat' dir='ltr'>habemus,</span> <span class='ocrx_word' id='word_1_831' title='bbox 1816 5048 1928 5102; x_wconf 89' lang='lat' dir='ltr'>qua</span> <span class='ocrx_word' id='word_1_832' title='bbox 1945 5048 2036 5085; x_wconf 89' lang='lat' dir='ltr'>res</span> <span class='ocrx_word' id='word_1_833' title='bbox 2054 5030 2227 5084; x_wconf 89' lang='lat' dir='ltr'>sumit</span> <span class='ocrx_word' id='word_1_834' title='bbox 2242 5028 2550 5082; x_wconf 89' lang='lat' dir='ltr'>exordium.</span> <span class='ocrx_word' id='word_1_835' title='bbox 2580 5026 2740 5082; x_wconf 90' lang='lat' dir='ltr'>Unde</span> <span class='ocrx_word' id='word_1_836' title='bbox 2761 5032 2819 5081; x_wconf 90' lang='lat' dir='ltr'>et</span> <span class='ocrx_word' id='word_1_837' title='bbox 2832 5027 2890 5080; x_wconf 91' lang='lat' dir='ltr'>hi</span> <span class='ocrx_word' id='word_1_838' title='bbox 2914 5028 3011 5098; x_wconf 92' lang='lat' dir='ltr'>qui</span> <span class='ocrx_word' id='word_1_839' title='bbox 3032 5029 3237 5082; x_wconf 69' lang='lat' dir='ltr'>aedium</span> <span class='ocrx_word' id='word_1_840' title='bbox 3255 5029 3409 5085; x_wconf 85' lang='lat' dir='ltr'>futu-</span> 
     </span>
    </p>
   </div>
   <div class='ocr_carea' id='block_1_55' title="bbox 170 5115 3408 5192">
    <p class='ocr_par' dir='ltr' id='par_1_55' title="bbox 170 5115 3408 5192">
     <span class='ocr_line' id='line_1_55' title="bbox 170 5115 3408 5192; baseline 0.002 -21"><span class='ocrx_word' id='word_1_841' title='bbox 170 5129 324 5174; x_wconf 79' lang='lat' dir='ltr'>omnes</span> <span class='ocrx_word' id='word_1_842' title='bbox 356 5139 458 5192; x_wconf 85' lang='lat' dir='ltr'>per</span> <span class='ocrx_word' id='word_1_843' title='bbox 486 5122 745 5192; x_wconf 88' lang='lat' dir='ltr'>singulas</span> <span class='ocrx_word' id='word_1_844' title='bbox 772 5121 1141 5192; x_wconf 90' lang='lat' dir='ltr'>possidemus,</span> <span class='ocrx_word' id='word_1_845' title='bbox 1164 5127 1222 5176; x_wconf 91' lang='lat' dir='ltr'>et</span> <span class='ocrx_word' id='word_1_846' title='bbox 1256 5139 1370 5176; x_wconf 93' lang='lat' dir='ltr'>non</span> <span class='ocrx_word' id='word_1_847' title='bbox 1401 5121 1461 5175; x_wconf 91' lang='lat' dir='ltr'>in</span> <span class='ocrx_word' id='word_1_848' title='bbox 1491 5121 1732 5177; x_wconf 87' lang='lat' dir='ltr'>terrenis</span> <span class='ocrx_word' id='word_1_849' title='bbox 1815 5137 2008 5174; x_wconf 90' lang='lat' dir='ltr'>rarum</span> <span class='ocrx_word' id='word_1_850' title='bbox 2028 5119 2213 5190; x_wconf 90' lang='lat' dir='ltr'>prima</span> <span class='ocrx_word' id='word_1_851' title='bbox 2227 5117 2449 5188; x_wconf 90' lang='lat' dir='ltr'>jaciunt</span> <span class='ocrx_word' id='word_1_852' title='bbox 2464 5115 2834 5170; x_wconf 89' lang='lat' dir='ltr'>fundamenta</span> <span class='ocrx_word' id='word_1_853' title='bbox 2861 5117 3307 5192; x_wconf 75' lang='grc' dir='ltr'>καταϐοληκέναι,</span> <span class='ocrx_word' id='word_1_854' title='bbox 3349 5119 3408 5173; x_wconf 89' lang='lat' dir='ltr'>id</span> 
     </span>
    </p>
   </div>
   <div class='ocr_carea' id='block_1_56' title="bbox 171 5200 3403 5282">
    <p class='ocr_par' dir='ltr' id='par_1_56' title="bbox 171 5200 3403 5282">
     <span class='ocr_line' id='line_1_56' title="bbox 171 5200 3403 5282; baseline -0 -21"><span class='ocrx_word' id='word_1_855' title='bbox 171 5200 632 5278; x_wconf 50' lang='lat' dir='ltr'>haedictionibus,</span> <span class='ocrx_word' id='word_1_856' title='bbox 657 5211 758 5264; x_wconf 91' lang='lat' dir='ltr'>sed</span> <span class='ocrx_word' id='word_1_857' title='bbox 788 5210 846 5264; x_wconf 90' lang='lat' dir='ltr'>in</span> <span class='ocrx_word' id='word_1_858' title='bbox 866 5209 1231 5282; x_wconf 87' lang='lat' dir='ltr'>spiritalibus.</span> <span class='ocrx_word' id='word_1_859' title='bbox 1257 5211 1402 5264; x_wconf 92' lang='lat' dir='ltr'>Sunt</span> <span class='ocrx_word' id='word_1_860' title='bbox 1432 5209 1636 5281; x_wconf 91' lang='lat' dir='ltr'>quippe</span> <span class='ocrx_word' id='word_1_861' title='bbox 1676 5215 1734 5264; x_wconf 90' lang='lat' dir='ltr'>et</span> <span class='ocrx_word' id='word_1_862' title='bbox 1816 5215 1902 5263; x_wconf 89' lang='lat' dir='ltr'>est</span> <span class='ocrx_word' id='word_1_863' title='bbox 1928 5209 2190 5262; x_wconf 83' lang='lat' dir='ltr'>deorsum</span> <span class='ocrx_word' id='word_1_864' title='bbox 2210 5205 2374 5260; x_wconf 88' lang='lat' dir='ltr'>initia</span> <span class='ocrx_word' id='word_1_865' title='bbox 2393 5205 2886 5260; x_wconf 80' lang='lat' dir='ltr'>fundamentorum</span> <span class='ocrx_word' id='word_1_866' title='bbox 2902 5205 3102 5276; x_wconf 89' lang='lat' dir='ltr'>jecisse</span> <span class='ocrx_word' id='word_1_867' title='bbox 3120 5205 3403 5261; x_wconf 89' lang='lat' dir='ltr'>dicuntur.</span> 
     </span>
    </p>
   </div>
   <div class='ocr_carea' id='block_1_57' title="bbox 173 5295 3409 5370">
    <p class='ocr_par' dir='ltr' id='par_1_57' title="bbox 173 5295 3409 5370">
     <span class='ocr_line' id='line_1_57' title="bbox 173 5295 3409 5370; baseline 0.001 -21"><span class='ocrx_word' id='word_1_868' title='bbox 173 5296 368 5353; x_wconf 59' lang='lat' dir='ltr'>terrenas</span> <span class='ocrx_word' id='word_1_869' title='bbox 395 5299 840 5364; x_wconf 86' lang='lat' dir='ltr'>benedictiones,</span> <span class='ocrx_word' id='word_1_870' title='bbox 890 5299 1098 5359; x_wconf 87' lang='lat' dir='ltr'>habere</span> <span class='ocrx_word' id='word_1_871' title='bbox 1145 5299 1466 5370; x_wconf 88' lang='lat' dir='ltr'>quempiam</span> <span class='ocrx_word' id='word_1_872' title='bbox 1504 5299 1727 5366; x_wconf 90' lang='lat' dir='ltr'>liberos,</span> <span class='ocrx_word' id='word_1_873' title='bbox 1813 5297 2018 5352; x_wconf 88' lang='lat' dir='ltr'>Volens</span> <span class='ocrx_word' id='word_1_874' title='bbox 2037 5297 2228 5366; x_wconf 88' lang='lat' dir='ltr'>itaque</span> <span class='ocrx_word' id='word_1_875' title='bbox 2247 5295 2455 5349; x_wconf 90' lang='lat' dir='ltr'>Paulus</span> <span class='ocrx_word' id='word_1_876' title='bbox 2472 5295 2766 5349; x_wconf 88' lang='lat' dir='ltr'>ostendere</span> <span class='ocrx_word' id='word_1_877' title='bbox 2793 5295 2940 5366; x_wconf 92' lang='lat' dir='ltr'>quod</span> <span class='ocrx_word' id='word_1_878' title='bbox 2971 5295 3121 5348; x_wconf 92' lang='lat' dir='ltr'>Deus</span> <span class='ocrx_word' id='word_1_879' title='bbox 3147 5295 3409 5352; x_wconf 88' lang='lat' dir='ltr'>universa</span> 
     </span>
    </p>
   </div>
   <div class='ocr_carea' id='block_1_58' title="bbox 176 5379 3408 5458">
    <p class='ocr_par' dir='ltr' id='par_1_58' title="bbox 176 5379 3408 5458">
     <span class='ocr_line' id='line_1_58' title="bbox 176 5379 3408 5458; baseline 0.001 -21"><span class='ocrx_word' id='word_1_880' title='bbox 176 5379 364 5440; x_wconf 73' lang='lat' dir='ltr'>Iﬂluere</span> <span class='ocrx_word' id='word_1_881' title='bbox 391 5388 612 5458; x_wconf 86' lang='lat' dir='ltr'>opibus,</span> <span class='ocrx_word' id='word_1_882' title='bbox 631 5389 848 5442; x_wconf 87' lang='lat' dir='ltr'>honore</span> <span class='ocrx_word' id='word_1_883' title='bbox 861 5393 919 5442; x_wconf 90' lang='lat' dir='ltr'>et</span> <span class='ocrx_word' id='word_1_884' title='bbox 936 5388 1179 5444; x_wconf 86' lang='lat' dir='ltr'>sanitate</span> <span class='ocrx_word' id='word_1_885' title='bbox 1193 5388 1466 5458; x_wconf 84' lang='lat' dir='ltr'>gaudere:</span> <span class='ocrx_word' id='word_1_886' title='bbox 1487 5404 1610 5458; x_wconf 64' lang='lat' dir='ltr'>quae</span> <span class='ocrx_word' id='word_1_887' title='bbox 1622 5392 1734 5442; x_wconf 85' lang='lat' dir='ltr'>ter-</span> <span class='ocrx_word' id='word_1_888' title='bbox 1815 5387 1889 5442; x_wconf 88' lang='lat' dir='ltr'>sit</span> <span class='ocrx_word' id='word_1_889' title='bbox 1907 5385 2260 5440; x_wconf 87' lang='lat' dir='ltr'>machinatus</span> <span class='ocrx_word' id='word_1_890' title='bbox 2278 5401 2345 5438; x_wconf 83' lang='lat' dir='ltr'>ex</span> <span class='ocrx_word' id='word_1_891' title='bbox 2365 5383 2541 5437; x_wconf 93' lang='lat' dir='ltr'>nihilo</span> <span class='ocrx_word' id='word_1_892' title='bbox 2559 5400 2673 5438; x_wconf 91' lang='lat' dir='ltr'>non</span> <span class='ocrx_word' id='word_1_893' title='bbox 2687 5383 3083 5451; x_wconf 90' lang='lat' dir='ltr'>conditionem,</span> <span class='ocrx_word' id='word_1_894' title='bbox 3109 5401 3222 5439; x_wconf 92' lang='lat' dir='ltr'>non</span> <span class='ocrx_word' id='word_1_895' title='bbox 3249 5403 3408 5441; x_wconf 85' lang='lat' dir='ltr'>crea-</span> 
     </span>
    </p>
   </div>
   <div class='ocr_carea' id='block_1_59' title="bbox 177 5471 3408 5549">
    <p class='ocr_par' dir='ltr' id='par_1_59' title="bbox 177 5471 3408 5549">
     <span class='ocr_line' id='line_1_59' title="bbox 177 5471 3408 5549; baseline 0.002 -23"><span class='ocrx_word' id='word_1_896' title='bbox 177 5471 600 5531; x_wconf 75' lang='lat' dir='ltr'>renabenedictio</span> <span class='ocrx_word' id='word_1_897' title='bbox 624 5493 808 5549; x_wconf 90' lang='lat' dir='ltr'>usque</span> <span class='ocrx_word' id='word_1_898' title='bbox 827 5476 900 5536; x_wconf 79' lang='lat' dir='ltr'>ad</span> <span class='ocrx_word' id='word_1_899' title='bbox 920 5475 1329 5531; x_wconf 82' lang='lat' dir='ltr'>irrationabilia</span> <span class='ocrx_word' id='word_1_900' title='bbox 1347 5477 1608 5547; x_wconf 88' lang='lat' dir='ltr'>jumenta</span> <span class='ocrx_word' id='word_1_901' title='bbox 1634 5476 1734 5532; x_wconf 88' lang='lat' dir='ltr'>de-</span> <span class='ocrx_word' id='word_1_902' title='bbox 1813 5482 2002 5530; x_wconf 88' lang='lat' dir='ltr'>turam</span> <span class='ocrx_word' id='word_1_903' title='bbox 2013 5479 2182 5545; x_wconf 91' lang='lat' dir='ltr'>atque</span> <span class='ocrx_word' id='word_1_904' title='bbox 2194 5474 2491 5540; x_wconf 90' lang='lat' dir='ltr'>facturam,</span> <span class='ocrx_word' id='word_1_905' title='bbox 2505 5473 2604 5528; x_wconf 88' lang='lat' dir='ltr'>sed</span> <span class='ocrx_word' id='word_1_906' title='bbox 2623 5471 2952 5547; x_wconf 80' lang='grc' dir='ltr'>καταϐολήν,</span> <span class='ocrx_word' id='word_1_907' title='bbox 2981 5473 3040 5528; x_wconf 92' lang='lat' dir='ltr'>id</span> <span class='ocrx_word' id='word_1_908' title='bbox 3053 5478 3157 5542; x_wconf 89' lang='lat' dir='ltr'>est,</span> <span class='ocrx_word' id='word_1_909' title='bbox 3182 5475 3408 5531; x_wconf 90' lang='lat' dir='ltr'>initium</span> 
     </span>
    </p>
   </div>
   <div class='ocr_carea' id='block_1_60' title="bbox 181 5550 3406 5638">
    <p class='ocr_par' dir='ltr' id='par_1_60' title="bbox 181 5550 3406 5638">
     <span class='ocr_line' id='line_1_60' title="bbox 181 5550 3406 5638; baseline 0.002 -23"><span class='ocrx_word' id='word_1_910' title='bbox 181 5563 371 5620; x_wconf 62' lang='lat' dir='ltr'>scendit.</span> <span class='ocrx_word' id='word_1_911' title='bbox 385 5565 614 5621; x_wconf 88' lang='lat' dir='ltr'>Dictum</span> <span class='ocrx_word' id='word_1_912' title='bbox 633 5566 841 5638; x_wconf 88' lang='lat' dir='ltr'>quippe</span> <span class='ocrx_word' id='word_1_913' title='bbox 855 5565 967 5621; x_wconf 88' lang='lat' dir='ltr'>illis</span> <span class='ocrx_word' id='word_1_914' title='bbox 1000 5584 1012 5620; x_wconf 90' lang='lat'><strong>:</strong></span> <span class='ocrx_word' id='word_1_915' title='bbox 1050 5550 1332 5621; x_wconf 65' lang='lat' dir='ltr'>Benedixit</span> <span class='ocrx_word' id='word_1_916' title='bbox 1347 5567 1422 5620; x_wconf 87' lang='lat' dir='ltr'>eis</span> <span class='ocrx_word' id='word_1_917' title='bbox 1441 5567 1730 5634; x_wconf 82' lang='lat' dir='ltr'>Dominus,</span> <span class='ocrx_word' id='word_1_918' title='bbox 1814 5562 2251 5620; x_wconf 87' lang='lat' dir='ltr'>fundamentiad</span> <span class='ocrx_word' id='word_1_919' title='bbox 2276 5579 2406 5618; x_wconf 90' lang='lat' dir='ltr'>eum</span> <span class='ocrx_word' id='word_1_920' title='bbox 2437 5561 2650 5629; x_wconf 89' lang='lat' dir='ltr'>retulit,</span> <span class='ocrx_word' id='word_1_921' title='bbox 2663 5567 2728 5616; x_wconf 92' lang='lat' dir='ltr'>ut</span> <span class='ocrx_word' id='word_1_922' title='bbox 2739 5577 2852 5617; x_wconf 89' lang='lat' dir='ltr'>non</span> <span class='ocrx_word' id='word_1_923' title='bbox 2862 5561 3024 5632; x_wconf 82' lang='lat' dir='ltr'>juxta</span> <span class='ocrx_word' id='word_1_924' title='bbox 3038 5563 3406 5620; x_wconf 86' lang='lat' dir='ltr'>Manichaeum</span> 
     </span>
    </p>
   </div>
  </div>
