3892 6158
481 224 585 283 387

1072 220 1136 280 Β.
1170 221 1445 280 sum
1479 220 1721 283 UMBRI-
1747 222 2087 282 ΑΗΕΗῖΕὲ
2130 222 2456 283 ιοαωω.
2498 222 2809 283 osnnun
2834 224 3023 282 pm
3054 225 3151 282 Et.

481 353 562 419 (et
586 354 818 408 ceteras
846 351 1085 407 haereses
1112 365 1236 421 quae
1262 349 1531 406 factorem
1561 355 1621 405 et
1655 349 1953 406 materiam
1979 366 2083 423 po-
2098 350 2256 413 Λεία
2281 351 2353 406 In
2379 353 2605 406 laudem
2627 353 2822 420 gloria
2836 351 3034 420 gratim
3048 353 3251 417 min
3273 366 3381 420 qua
3400 355 3697 421 osamnis

480 446 642 505 nunt)
666 439 879 515 aliquid
896 439 1047 495 unde
1073 444 1346 495 creaturae
1367 439 1483 494 sint
1512 438 1692 505 facta,
1716 439 2083 495 antecesserit

481 535 785 596 creauiras,
827 528 926 584 sed
965 528 1156 583 omnia
1212 545 1279 583 ex
1307 528 1483 590 nihilo
1512 527 1885 584 substiterint.
1917 529 2079 594 Quod

360 630 374 644 '
481 619 686 674 electos
712 634 832 684 nos,
866 622 933 672 ut
957 634 1208 674 essemus
1227 618 1408 672 sancti
1430 623 1490 673 et
1507 617 1859 673 immaculati
1887 635 2078 674 coram

480 707 622 780 ipso,
670 707 777 761 hoc
819 712 906 761 est
949 706 1087 775 Deo,
1132 712 1266 762 ante
1305 706 1575 762 fabricam
1605 707 1804 765 mundi
1838 713 2079 765 testatus

480 801 585 864 est,
617 796 688 850 ad
712 794 1120 868 praescientiam
1149 796 1253 851 Dei
1280 795 1544 868 pertinet,
1569 796 1658 851 cui
1672 796 1863 851 omnia
1889 796 2082 852 futura

474 886 595 957 jam
613 884 760 940 facta
779 888 932 951 sunt,
955 890 1014 940 et
1042 891 1348 968 antequam
1386 886 1527 940 ﬁant
1542 885 1805 941 universa
1823 889 1958 940 sunt
1983 902 2081 941 no-

478 979 576 1042 ta;
599 970 1051 1029 simtetPaulus
1069 973 1190 1046 ipse
1207 973 1647 1046 praedestith
1667 973 1726 1028 in
1772 978 1935 1029 utero
1963 990 2081 1029 ma-

479 1062 584 1119 tris
611 1080 747 1131 suae,
778 1069 837 1119 et
862 1061 1139 1119 Jeremias
1158 1063 1219 1117 in
1236 1063 1402 1118 vulva
1417 1063 1818 1121 sanatilicatur.
1842 1065 2093 1132 (Amer‘

478 1151 750 1208 Praescius
779 1151 1031 1209 omnium
1057 1153 1208 1207 Deus
1234 1152 1358 1217 scit,
1383 1152 1480 1224 qui
1517 1152 1787 1208 credituri
1806 1157 1997 1211 essent
2018 1152 2081 1207 in

480 1241 786 1303 Christum,
817 1240 964 1296 sicut
981 1241 1120 1295 dicit
1146 1241 1218 1296 ad
1246 1241 1566 1297 Romanos:
1602 1242 1743 1309 Quos
1765 1245 2009 1310 prasciit
2030 1247 2083 1296 et

479 1334 687 1386 vocavit
720 1347 815 1385 nos
842 1330 1020 1398 (Rom.
1059 1337 1192 1397 vm‘,
1224 1346 1339 1385 non
1377 1330 1559 1385 solum
1606 1345 1673 1384 ex
1713 1330 1941 1397 Iudaeis,
1980 1330 2080 1385 sed

479 1419 653 1474 etiam
683 1436 753 1473 ex
774 1417 1054 1489 gentibus.
1087 1419 1243 1484 Quos
1268 1435 1402 1490 ergo
1446 1419 1597 1474 Deus
1624 1419 1835 1477 dicitur
1858 1434 2075 1485 vocare,

477 1513 840 1581 perseverant
864 1507 924 1562 in
953 1509 1062 1562 fide
1087 1526 1099 1562 :
1133 1507 1191 1562 hi
1223 1513 1356 1562 sunt
1383 1524 1524 1580 quos
1553 1507 1726 1578 elegit
1749 1513 1883 1562 ante
1911 1525 2091 1563 munm

479 1596 615 1653 dum
633 1598 693 1652 in
713 1597 957 1664 Christo,
990 1601 1057 1652 ut
1086 1597 1203 1652 sint
1214 1596 1645 1652 incontaminati
1675 1613 1866 1652 coram
1881 1597 1998 1651 Deo
2017 1595 2087 1651 in:

2162 455 2260 494 nos
2280 443 2347 494 in
2368 442 2582 497 dilecto.
2596 441 2747 497 Deus
2760 438 3343 511 nolisgratiamdedit,
3354 445 3697 515 pnnpterquod

2161 528 2502 584 credidimus
2528 529 2589 584 in
2618 528 2828 585 Filium
2857 529 2980 600 ejus
3007 527 3304 583 Christum.
3324 529 3699 600 Diligensenim

2160 617 2513 687 unigenitum
2542 634 2709 675 suum
2735 616 3086 673 amatoribus
3111 618 3235 688 ejus
3452 617 3586 677 dona
3606 619 3699 674 lan-

2159 705 2334 776 gitur.
2368 705 2574 777 (Ilion)
2607 705 2807 762 Omnis
2833 723 2968 777 ergo
3012 705 3210 777 gratia,
3252 720 3413 777 qm
3447 707 3700 780 consequi-

2163 811 2293 851 mur
2328 795 2388 850 in
2410 794 2597 867 gloria
2629 800 2688 850 et
2736 795 2961 851 laudem
2994 795 3131 866 ejus,
3166 794 3261 866 qui
3285 810 3387 849 nos
3406 793 3709 865 gratiﬁcari!-

2161 883 2220 939 in
2247 884 2468 951 dilecto,
2496 885 2601 940 hoc
2614 885 2676 939 in
2693 884 2934 941 Domino
2956 884 3238 940 Selvatore
3255 883 3563 955 completur,
3589 884 3701 955 quia

2161 972 2372 1044 absque
2400 973 2683 1045 sapientia
2705 979 2763 1028 et
2790 973 3042 1040 veritate,
3070 971 3307 1044 iustitia,
3335 988 3480 1044 pace,
3508 972 3701 1031 redem-

2159 1062 2352 1134 ptione
2380 1063 2707 1134 ceterisque
2725 1062 3031 1119 virtutibus
3053 1060 3711 1132 nullumbonum-inmligi

2161 1156 2349 1222 potest
2374 1168 2387 1204 :
2411 1168 2516 1206 nec
2544 1151 2842 1223 legendum
2862 1157 2967 1215 est,
3000 1151 3149 1207 sicut
3170 1150 3445 1206 inlutinis
3456 1147 3709 1205 codicibus

2160 1239 2519 1308 babetur,in
2564 1239 3707 1311 dilectoﬁliosumsedsimpﬁcimnindi-

2163 1331 2313 1393 lecto,
2345 1334 2413 1384 ut
2435 1329 2515 1384 sit
2537 1346 2737 1387 sensus
2764 1333 2828 1384 in
2854 1331 3066 1396 dilecto,
3098 1328 3261 1401 quasi
3277 1326 3620 1397 mbandiatur
3650 1327 3712 1381 all

2162 1419 2475 1472 omnibust.
2509 1419 2622 1473 Iste
2651 1423 2739 1473 est
2763 1418 3020 1485 (Electus,
3050 1417 3123 1473 de
3140 1434 3251 1491 quo
3267 1415 3474 1472 inIsaia
3486 1415 3705 1473 canitln‘:

2162 1505 2402 1560 Cantabo
2417 1508 2611 1562 dilecto
2640 1523 2757 1562 meo
2784 1509 2914 1576 (lsa.
2937 1510 3010 1573 v).
3051 1506 3214 1572 Quod
3252 1521 3380 1560 vero
3410 1504 3502 1571 ait,
3558 1506 3708 1572 grati-

2159 1597 2362 1663 ﬁcauit,
2394 1594 2452 1650 id
2481 1601 2584 1662 est,
2632 1600 2826 1667 gratos
2865 1595 2997 1651 fecit
3027 1595 3088 1651 in
3135 1594 3375 1660 Christo,
3404 1608 3517 1648 non
3553 1591 3709 1647 solum

479 1686 774 1753 charitate,
805 1686 910 1741 hoc
938 1691 1043 1753 est,
1077 1687 1143 1741 ut
1169 1702 1330 1740 amor
1355 1685 1458 1740 Dei
1487 1690 1740 1740 sanctam
1774 1685 1884 1740 illis
1910 1677 2415 1750 faciatBredemit,
2450 1684 2549 1739 sed
2587 1684 2762 1739 etiam
2805 1690 3034 1757 peccata
3064 1683 3374 1749 remittens,
3406 1682 3523 1736 sine
3545 1686 3711 1736 nomen

479 1775 978 1832 conversationem.
999 1775 1376 1848 (Hier.)Quod
1396 1779 1585 1831 autem
1616 1775 1714 1842 ait,
1748 1779 1809 1829 ut
1846 1791 2079 1829 essemus

479 1869 661 1921 sancti
687 1866 1111 1920 etimmaculati
1141 1879 1331 1918 coram
1353 1867 1489 1934 ipso,
1532 1864 1684 1918 inter
1721 1867 1978 1918 sanctum
2019 1868 2081 1918 et

478 1953 905 2009 immaculatum
948 1954 1055 2008 hoc
1107 1952 1362 2013 interest,
1415 1953 1563 2024 quod
1609 1953 1704 2024 qui
1747 1958 1975 2009 sanctam
2018 1958 2079 2007 et

479 2042 874 2098 immaculatus
901 2058 1124 2117 quoque
1165 2041 1406 2112 intelligi
1449 2047 1655 2113 potest,
1687 2041 2080 2097 immaculatus

480 2148 611 2186 vero
631 2147 744 2186 non
758 2131 949 2186 statim
968 2134 1026 2184 et
1042 2135 1271 2185 sanctus
1298 2147 1310 2183 :
1334 2129 1552 2202 parvuli
1584 2129 1791 2202 quippe
1811 2129 2081 2184 immacu-

478 2219 580 2274 lati
613 2223 765 2286 sunt,
789 2219 924 2293 quia
938 2217 1159 2290 integro
1178 2234 1412 2290 corpore
1435 2218 1655 2275 nullum
1674 2218 2080 2290 fecerespecca-

477 2314 622 2377 tum,
641 2313 700 2364 et
726 2313 919 2363 tamen
938 2324 1051 2363 non
1072 2307 1271 2371 sancti,
1286 2307 1420 2379 quia
1441 2307 1709 2362 sanctitas
1724 2308 2079 2362 voluntateet

479 2397 668 2453 studio
689 2401 1076 2470 comparatur;
1095 2401 1152 2451 et
1162 2396 1312 2467 quod
1336 2396 1735 2452 immaculatus
1753 2396 1862 2450 dici
1891 2401 2078 2468 potest

478 2486 574 2541 ille
586 2486 683 2561 qui
694 2491 986 2558 peccatum
1000 2501 1113 2540 non
1125 2485 1507 2551 fecit,sanctus
1521 2491 1712 2540 autem
1728 2485 1885 2556 isqm
1897 2485 2074 2539 virtu-

478 2573 632 2630 tibus
641 2574 841 2646 plenus
853 2574 945 2639 sit,
963 2572 1192 2645 juxtaid
1213 2573 1362 2644 quod
1372 2573 1431 2628 in
1440 2573 1685 2645 quodam
1696 2573 1913 2645 psalmo
1936 2573 2075 2628 scri-

481 2661 664 2716 bitur:
683 2663 791 2730 Qui
798 2663 1181 2716 ambulatsine
1190 2665 1413 2716 macula
1431 2666 1480 2715 et
1513 2666 1777 2730 operatur
1785 2664 2077 2730 justitiam

484 2753 644 2818 (Psal.
676 2752 804 2821 XIV),
837 2755 896 2804 et
922 2749 981 2804 in
1007 2749 1240 2804 Cantico
1270 2750 1617 2807 canticorum
1650 2768 1662 2803 :
1694 2751 1825 2805 Ίῑοια
1840 2753 2077 2819 speciosa

479 2856 550 2906 es,
569 2842 830 2909 proxima
860 2855 998 2905 mea,
1019 2843 1070 2892 et
1098 2841 1323 2893 macula
1342 2854 1455 2893 non
1473 2844 1546 2892 est
1568 2841 1631 2894 in
1651 2843 1703 2894 te
1732 2837 1908 2905 (Gant.
1939 2841 2027 2911 ιν).

551 2930 618 2983 In
637 2928 908 2982 charitate
918 2928 1320 2996 prsdostinans
1341 2943 1437 2981 nos
1455 2929 1517 2982 in
1553 2929 1909 2997 adoptionem.
1936 2930 2081 2996 ﬁlio-

2159 1773 2361 1828 merito
2374 1773 2560 1845 justus
2588 1789 2693 1831 nos
2719 1772 2869 1828 fecit.
2902 1775 2975 1828 In
2998 1789 3116 1843 quo.
3135 1774 3394 1829 habemus
3428 1771 3715 1839 redemptio-

2158 1879 2290 1917 nem
2300 1878 2402 1932 per
2412 1865 2747 1931 sanguinem
2766 1865 2848 1932 ips
2856 1865 2962 1929 ius,
2989 1864 3369 1917 remissionem
3376 1863 3709 1930 peccatorum.

2158 1949 2399 2021 (Ambu)
2423 1950 2714 2023 Duplicem
2741 1950 2989 2022 gratiam
3012 1950 3253 2022 ﬂagitat.
3281 1948 3491 2021 quiaet
3504 1945 3717 2002 redemit

2160 2039 2564 2110 nossanguiue
2578 2056 2685 2094 suo
2704 2045 2763 2094 et
2782 2044 3015 2112 peccata
3028 2039 3193 2095 nobis
3211 2055 3331 2094 non
3356 2036 3646 2109 imputavit.
3666 2035 3715 2089 id

2159 2134 2263 2196 est,
2284 2129 2593 2184 redemitet
2604 2129 2952 2185 manumisit.
2983 2128 3184 2194 (Hicin)
3201 2128 3302 2185 Ille
3322 2125 3616 2187 redimitur,
3632 2122 3717 2196 qui

2159 2217 2411 2289 captivus
2424 2223 2532 2286 est,
2564 2222 2625 2273 et
2648 2218 2707 2273 in
2723 2217 2969 2274 hostium
2987 2217 3220 2273 veniens
3246 2219 3573 2290 potestatem
3595 2212 3719 2267 liber

2156 2322 2280 2361 esse
2307 2306 2537 2374 desivit;
2579 2307 2663 2362 ita
2686 2312 2749 2362 et
2772 2323 2875 2362 nos
2900 2305 3006 2362 sub
3034 2305 3253 2378 peccati
3275 2304 3401 2376 jugi
3422 2301 3716 2358 sensim

2156 2400 2217 2450 et
2239 2394 2407 2451 vincti
2435 2412 2651 2460 sumus,
2675 2395 2825 2450 sicut
2854 2395 2914 2450 in
2931 2395 3234 2466 Evangelia
3254 2394 3377 2466 ipsa
3393 2392 3603 2448 Veritus
3616 2388 3711 2444 ait:

2160 2485 2352 2540 Omnis
2379 2487 2480 2554 qui
2506 2487 2644 2553 facit
2671 2490 2974 2554 peractum,
2996 2501 3191 2538 servus
3220 2489 3295 2538 est
3316 2484 3519 2552 peccati
3559 2481 3712 2539 lJoan.

2156 2575 2301 2640 vm);
2332 2590 2436 2628 nec
2472 2580 2605 2629 ante
2642 2574 2928 2645 potuimus
2965 2573 3189 2628 vinctas
3217 2571 3433 2629 catenis
3473 2568 3718 2640 explicem

2155 2678 2377 2729 manus,
2408 2668 2467 2716 et
2493 2663 2686 2717 oculos
2712 2662 2972 2719 attollam
3000 2678 3248 2728 sursum,
3281 2660 3405 2718 nisi:
3432 2658 3720 2728 redemptor

2156 2751 2462 2817 adveniret,
2495 2751 2592 2822 qui
2620 2751 2801 2822 ruptis
2824 2751 3058 2806 vinculis
3085 2751 3316 2818 nostris,
3340 2746 3719 2804 nos-liberant.

2157 2840 2267 2895 Sed
2287 2840 2413 2912 quis
2439 2841 2557 2895 bzec
2584 2839 2788 2912 potuit,
2818 2839 2927 2894 nisi
2957 2839 3109 2895 solus
3137 2841 3309 2895 Iesus
3334 2837 3600 2895 Dominus
3641 2849 3724 2888 uno

2155 2935 2290 2997 ster,
2322 2929 2417 3001 qui
2438 2930 2498 2984 in
2527 2928 2937 3000 suo-sanguine
2963 2933 3148 2984 totum
3175 2928 3427 2984 redemit
3458 2923 3723 2985 mundum-

478 3033 611 3072 rum
636 3030 736 3086 per
751 3019 936 3073 Iesum
957 3016 1234 3072 Christum
1252 3018 1314 3070 in
1336 3015 2134 3087 ipsmn.(Ambr.)HocdicitC
2156 3017 2468 3090 Dupliciter
2503 3035 2635 3073 vero
2677 3017 2908 3089 sanguis
2953 3017 3161 3074 Christi
3215 3025 3281 3073 et
3317 3033 3446 3073 caro
3494 3011 3735 3083 intelligis

477 3105 787 3161 decrevisse
805 3105 1005 3173 Deum',
1030 3111 1097 3160 ut
1119 3105 1414 3160 credentes
1435 3105 1495 3159 in
1525 3103 1812 3160 Christum
1837 3104 2072 3178 adopta-

477 3199 678 3250 rentur
700 3194 761 3249 in
783 3194 926 3249 ﬁlios
955 3194 1075 3261 Dei,
1105 3198 1171 3249 ut
1198 3198 1368 3266 caput
1404 3193 1658 3264 ipsorum
1703 3193 1781 3248 sit
1815 3194 2072 3249 Christus

477 3300 567 3338 vel
576 3300 643 3338 us
660 3282 836 3338 Filius
850 3282 971 3338 Dei.
992 3284 1186 3357 (Hicin)
1202 3283 1366 3348 Quod
1380 3288 1570 3338 autem
1580 3283 1665 3337 ait
1685 3300 1696 3336 :
1714 3285 1783 3338 In
1802 3283 2073 3339 charitatc

473 3374 872 3442 pradcstt'nans
892 3388 1007 3434 nos,
1037 3370 1341 3443 dupliciter
1365 3371 1668 3443 legendum
1687 3376 1792 3434 est,
1814 3377 1881 3426 ut
1891 3372 2075 3427 chari-

475 3466 565 3516 tas
582 3461 671 3515 vel
692 3477 818 3516 cum
839 3459 1221 3532 superioribus
1249 3462 1336 3516 vel
1354 3476 1482 3516 cum
1513 3459 1870 3516 intbrioribus
1897 3477 2073 3532 copu-

475 3549 782 3615 lctur;cum
801 3548 1184 3621 superioribus
1196 3548 1278 3604 ita
1295 3567 1308 3602 :
1326 3554 1387 3604 ut
1413 3551 1597 3604 sancti
1624 3566 1855 3605 essemus
1882 3556 1933 3604 ct
1967 3553 2072 3604 im-

477 3641 749 3694 maculati
774 3649 961 3693 coram
987 3640 1100 3708 ipso
1113 3640 1175 3692 in
1195 3639 1482 3704 charitate,
1508 3642 2066 3710 etposteasequatur:

466 3729 870 3797 przdestinam
900 3742 996 3782 nos
1015 3729 1077 3782 in
1098 3728 1447 3797 adoptionem
1482 3729 1735 3795 ﬁliorum
1759 3743 1861 3797 per
1883 3730 2070 3782 Jesum

475 3815 757 3871 Christum
779 3818 842 3870 in
867 3818 1080 3886 ipsum;
1115 3830 1243 3871 cum
1274 3814 1631 3873 inferioribus
1658 3821 1850 3871 autem
1865 3815 1978 3870 sic:
2008 3818 2075 3871 in

473 3905 744 3959 charitate
753 3906 1153 3974 przdestinans
1165 3921 1262 3959 nos
1274 3908 1337 3959 in
1354 3907 1701 3974 adeptionem
1712 3907 1965 3973 ﬁliorum
1971 3921 2074 3974 per

471 3994 656 4047 Iesum
678 3993 959 4048 Christum
977 3995 1041 4046 in
1060 3995 1193 4062 ipso,
1207 3992 1265 4046 id
1276 3998 1381 4057 est,
1397 3993 1638 4056 Christo,
1666 3993 1763 4064 qui
1780 4008 2073 4064 nunquam

473 4079 704 4134 nonfuit
729 4079 897 4146 illius,
930 4095 1032 4134 nos
1060 4096 1191 4134 vero
1229 4096 1343 4134 non
1368 4079 1581 4134 fuimus
1604 4080 1724 4146 ﬁlii,
1765 4087 2069 4152 antequam

472 4167 856 4241 praedestinati
885 4183 1137 4224 essemus
1158 4167 1216 4221 in
1241 4167 1382 4239 ipso.
1406 4169 1523 4222 Hoc
1548 4169 1983 4240 praedestinavit,
2006 4178 2081 4226 ut

474 4255 710 4312 haberet
736 4260 1074 4329 potestatem
1103 4256 1252 4311 ﬁlius
1271 4256 1373 4311 Dei
1392 4256 1515 4311 fieri
1524 4256 1716 4315 omnis
1724 4257 1823 4328 qui
1842 4259 2071 4315 credere

2152 3113 2265 3173 tur,
2312 3108 2399 3165 vel
2445 3106 2713 3179 spiritalis
2759 3107 2860 3161 illa
2901 3112 3073 3180 atque
3114 3107 3330 3175 divina,
3362 3107 3447 3161 de'
3480 3120 3589 3176 qua
3621 3101 3731 3174 ipse

2152 3196 2291 3250 dicit
2321 3214 2332 3249 :
2364 3196 2504 3252 Caro
2536 3212 2655 3250 mea
2675 3201 2887 3251 wrccst
2900 3198 3072 3263 cibus,
3096 3202 3145 3250 et
3179 3199 3419 3266 sanguis
3454 3209 3601 3249 metu
3623 3204 3733 3245 um

2152 3290 2226 3339 est
2250 3289 2409 3354 potus
2428 3287 2606 3355 (Joan.
2635 3286 2726 3352 vr);
2755 3290 2850 3340 et:
2885 3286 3010 3340 Nisi
3032 3287 3509 3343 mwtduaacsritis
3522 3293 3727 3338 carum

2152 3390 2350 3441 meam,
2374 3379 2423 3427 et
2463 3376 2709 3429 biberitis
2735 3377 3067 3442 sanguinem
3098 3391 3309 3441 meum,
3349 3390 3464 3428 non
3487 3369 3731 3427 habebitis

2150 3465 2327 3517 vitam
2344 3467 2608 3519 sternam
2641 3468 2654 3527 (
2663 3462 2828 3532 Ibid.)
2849 3482 2861 3530 ;
2890 3463 2977 3517 vel
3002 3479 3136 3517 caro
3156 3462 3731 3534 etsanguis,quacru-

2152 3551 2315 3606 ciﬁxa
2339 3558 2443 3618 est,
2476 3552 2643 3624 etqui
2662 3551 2857 3606 militis
2876 3551 3086 3607 effusus
3100 3557 3188 3607 est
3198 3552 3461 3608 lanoeaJ
3466 3548 3729 3607 unum

2152 3639 2481 3695 divisionem
2522 3641 2581 3695 in
2610 3640 2818 3695 sanctis
2854 3641 2977 3712 ejus
3021 3640 3323 3697 diversitas
3358 3636 3643 3711 sanguinis
3682 3638 3737 3688 et

2153 3729 2339 3785 carnis
2365 3728 2590 3797 dicitur,
2621 3735 2691 3784 ut
2711 3729 2827 3784 alia
2851 3729 2931 3784 sit
2950 3745 3103 3795 caro,
3129 3745 3259 3802 quae
3279 3730 3475 3785 visura
3490 3732 3581 3782 est
3598 3724 3733 3780 salu;

2154 3824 2277 3873 tare
2304 3816 2573 3885 Dei;alia
2597 3818 3070 3889 caroetsanguis,
3104 3815 3735 3890 qumregnumDeiuon

2155 3911 2369 3979 queant
2380 3906 2685 3979 possidere.
2715 3907 3138 3978 Consequenter
3165 3912 3366 3963 autem
3392 3903 3735 3980 postredeim

2152 3995 2400 4068 ptionem
2441 3994 2732 4067 sanguinis
2783 3994 3011 4062 Christi,
3052 3995 3449 4053 remissionem
3477 3990 3741 4063 acoepiss

2151 4084 2453 4140 scribimur
2475 4089 2832 4155 peccatorum
2865 4101 2879 4136 :
2914 4083 3065 4155 quia,
3099 4083 3209 4138 nisi
3251 4082 3556 4156 redempti
3577 4075 3739 4135 fueri-

2151 4188 2296 4240 mus,
2329 4173 2541 4229 frustra
2577 4171 2739 4228 nobis
2765 4178 2992 4246 peccata
3024 4172 3335 4239 donantur,
3382 4188 3489 4228 nec
3534 4168 3739 4224 veniam

2149 4263 2401 4335 accipere
2427 4278 2729 4335 possumus
2750 4261 3104 4329 delictorum,
3147 4267 3207 4316 et
3238 4262 3391 4318 senti
3420 4276 3545 4317 esse
3575 4270 3748 4313 cuius

471 4345 739 4401 voluisset
756 4345 817 4400 in
837 4345 1043 4417 ipsum,
1065 4344 1200 4416 quia
1216 4360 1382 4400 nemo
1393 4345 1545 4401 illius
1567 4345 1669 4401 Dei
1692 4347 1815 4401 ﬁeri
1835 4348 2061 4419 poterit,
2080 4347 2128 4406 D
2148 4367 2293 4419 mus,
2320 4351 2429 4406 nisi
2466 4351 2712 4423 pretium
2740 4366 2842 4423 pro
2870 4350 3033 4407 nobis
3053 4357 3327 4407 cruentus
3357 4349 3639 4424 quondam
3671 4343 3740 4396 rio

472 4435 582 4491 nisi
604 4435 773 4490 ﬁdem
802 4438 861 4490 et
884 4434 1239 4500 charitatem,
1265 4450 1390 4506 quae
1414 4450 1518 4507 per
1545 4434 1903 4491 dilectionem
1931 4453 2066 4510 ope.

471 4528 649 4587 ratur,
672 4523 894 4579 habeat.
919 4524 1234 4580 Secundum
1251 4526 1916 4593 pmpositum‘voluntatis
1932 4543 2064 4582 sus.

471 4613 603 4669 Sive
612 4613 920 4667 secundum
933 4610 1348 4684 beneplacitum
1354 4613 1661 4668 voluntatis
1679 4630 1794 4669 suae
1808 4633 1820 4668 :
1832 4614 2083 4671 verbum!

469 4703 703 4773 εὐδοκία,
731 4701 880 4772 quod
894 4701 1131 4757 Latinus
1158 4717 1344 4758 sermo
1360 4701 1766 4774 interpretatus
1791 4709 1879 4759 est
1893 4708 2069 4774 placi-

473 4787 1003 4860 tum,apudGr1ecos
1032 4789 1405 4862 compositum
1416 4796 1506 4845 est
1515 4808 1585 4846 ex
1600 4791 1820 4850 duobus
1834 4792 2071 4864 integris

469 4877 577 4937 ἀπὸ
593 4882 685 4936 τοῦ
700 4868 760 4936 εὖ
770 4882 828 4932 et
849 4884 929 4937 τοῦ
953 4879 1282 4949 δοκεῖν,ῡθηο
1303 4884 1361 4934 et
1372 4881 1747 4951 placito,un
1757 4894 1861 4935 nos
1875 4898 2068 4952 possuo

471 4982 598 5022 mus
609 4965 796 5022 dicere
805 4965 1378 5040 beneplacitum,quia
1390 4984 1502 5024 non
1514 4969 1708 5024 statim
1726 4986 1896 5025 omne
1912 4971 2063 5042 quod

469 5056 735 5128 placet,et
751 5054 1116 5128 beneplacere
1138 5062 1324 5127 potest
1341 5077 1354 5112 :
1371 5057 1470 5112 sed
1482 5057 1559 5112 ibi
1574 5063 1799 5114 tantum
1826 5058 2060 5136 εὐδηκέα,

466 5144 575 5200 hoc
599 5151 687 5201 est
710 5144 1121 5217 beneplaoitum
1151 5145 1374 5213 dicitur,
1401 5146 1499 5201 ubi
1509 5147 1657 5218 quod
1669 5147 1896 5218 placuit,
1912 5153 2064 5202 recte

466 5233 738 5305 placitum
749 5233 1162 5306 comprobatur.
1187 5238 1203 5300 (
1212 5235 1252 5288 Α
1260 5235 1424 5305 mbr.)
1458 5236 1593 5290 Tale
1604 5234 1872 5307 placitum
1883 5237 2063 5292 Deum

468 5321 730 5378 habuisse
747 5322 900 5387 dicit,
926 5324 992 5377 ut
1003 5322 1074 5377 ad
1091 5321 1315 5377 laudem
1336 5322 1609 5379 claritatis
1625 5326 1748 5396 ejus
1767 5326 2067 5398 proﬁceret

464 5411 652 5484 gratia
694 5410 824 5466 date
849 5409 1190 5478 hominibus,
1225 5416 1292 5466 ut
1318 5411 1471 5467 salus
1515 5419 1710 5469 nostra
1740 5414 1924 5487 glaria
1959 5414 2061 5470 Dei

572 5539 599 5566 ι
622 5526 755 5582 Haec
779 5523 960 5580 fusius
987 5525 1149 5598 apud
1165 5524 1573 5600 Hieronymum
1600 5526 1884 5601 leguntur.

2147 4446 2269 4496 ctor
2297 4440 2594 4512 acceperit
2641 4440 2961 4498 Secundum
2988 4441 3219 4495 divitias
3257 4443 3474 4509 gnatae.
3496 4442 3611 4509 0ij
3632 4446 3749 4504 qua!

2147 4530 2619 4599 superabundavit
2653 4531 2719 4585 in
2742 4530 2917 4584 nobis.
2955 4527 3473 4600 Superabundavit,
3504 4524 3751 4589 dixit.“

2147 4634 2261 4673 non
2288 4618 2472 4675 solum
2498 4634 2535 4672 a
2562 4623 2745 4673 morte
2763 4617 3046 4684 liberaret,
3079 4617 3179 4673 sed
3216 4617 3397 4673 etiam
3427 4620 3743 4672 tantum-88'

2147 4706 2419 4779 pientiam
2449 4706 2611 4762 nobis
2624 4707 2881 4771 donaret,
2917 4712 2990 4761 ut
3006 4706 3329 4763 voluntates
3343 4707 3497 4778 ejus
3516 4700 3743 4760 occulhlr

2149 4811 2259 4866 que
2286 4795 2560 4866 mysteria
2601 4811 2981 4850 nosceremus.
3013 4795 3122 4860 Qui
3158 4794 3439 4867 intelligit
3460 4792 3745 4849 veritatem

2147 4884 2248 4939 Dei
2277 4884 2337 4939 in
2380 4884 3159 4956 remissionem-peccatomm
3198 4888 3554 4951 nosti-0mm,
3584 4877 3746 4936 maxi-

2145 4988 2239 5029 me
2264 4972 2323 5027 in
2355 4972 2600 5028 Ecclesia
2621 4972 2692 5027 de
2721 4971 2999 5027 Gentibus
3012 4978 3384 5044 congregata,
3420 4988 3553 5044 quae
3567 4969 3749 5025 aliena

2144 5060 2314 5118 fuit°.a
2340 5066 2681 5116 testamento
2694 5054 3744 5134 etpmmissionibuslsmelﬁpseimeb

2142 5148 2269 5221 ligit
2304 5150 2485 5222 qualis
2529 5149 2877 5205 abundantia
2921 5154 3011 5205 est
3042 5150 3239 5221 gratim
3276 5150 3383 5205 Dei
3416 5150 3482 5204 in
3529 5164 3626 5204 eos
3652 5143 3741 5217 qui

2143 5238 2505 5294 crediderunt
2540 5239 2600 5295 in
2649 5254 2800 5297 eum.
2832 5239 2948 5294 Has
2973 5238 3201 5295 divitias
3226 5236 3747 5310 gmtiammdmse

2143 5342 2256 5382 non
2281 5327 2414 5385 facit
2437 5342 2658 5395 vacuas,
2692 5327 2790 5399 qui
2816 5332 3094 5399 quantum
3122 5328 3273 5383 valet
3297 5328 3560 5383 humans
3582 5320 3745 5394 ᾶπείδ

2140 5416 2272 5472 litus
2298 5415 2518 5483 nititur,
2552 5414 2772 5472 laborat
2796 5420 2971 5489 atque
2987 5417 3294 5483 contendit,
3346 5422 3423 5472 et
3440 5415 3745 5484 eumAp-
