3892 6158
493 217 590 273 391

1073 220 1136 273 Β.
1180 219 1450 274 ΒΑΒΑΝΙ
1499 219 1730 274 MAURI
1768 219 2098 276 ARCHIEP.

2181 220 2473 276 IOGUNT.
2515 219 2813 274 OPERUM
2849 219 3032 276 PARS
3069 221 3164 276 ΙΙΙ.

3603 225 3691 282 392

494 359 555 396 re
569 347 672 409 est,
688 342 893 413 partim
904 343 973 396 de
985 348 1268 414 usurpatae
1297 343 1614 415 tyrannidis
1631 345 2085 416 prazsumptione.
2100 349 2154 406 Α
2175 347 2430 401 ordinem
2448 343 2706 399 lectionis
2731 359 2845 398 non
2874 346 3025 398 stare
3053 341 3338 410 sententia,
3366 361 3460 400 nec
3481 313 3546 400 ἐἰ
3569 353 3696 419 quod

569 434 637 486 In
651 447 761 499 qua
775 435 1095 484 etiamsorte
1109 435 2089 502 vocatisumus,przdestinatisecun-
2167 435 2461 506 praelatum
2490 439 2594 498 est,
2626 436 2690 486 in
2716 449 2823 501 quo
2852 438 2901 487 et
2949 449 3058 499 vos,
3086 433 3270 486 audito
3311 436 3456 488 verba
3483 441 3700 493 veritatis

495 521 634 578 dum
653 522 996 588 propositum
1013 523 1146 588 ejus,
1171 525 1272 589 qui
1290 525 1482 576 omnia
1507 527 1771 591 operatur
1786 525 2088 578 secundum
2169 525 2460 592 Evangelii
2485 526 2684 578 salutis
2712 527 2916 588 vestra,
2936 521 3216 575 redditum
3243 522 3460 592 aliquid,
3480 525 3610 595 quod
3633 543 3704 581 se-

497 611 792 662 consilium
821 611 1122 662 voluntatis
1148 627 1276 663 sua.
1299 611 1722 680 (Aug.)Sortem
1744 612 1900 689 dixit,
1917 629 2091 683 quan-

497 703 618 751 tum
647 713 750 766 ego
773 696 1046 763 existimo,
1076 698 1339 767 gratiam,
1385 717 1496 770 qua
1527 700 1664 754 salvi
1693 701 1825 754 facti
1855 718 2086 766 sumus;

499 803 674 856 quare
694 785 862 839 sortis
881 787 1109 840 nomine
1125 789 1371 858 appellat
1388 789 1630 858 gratiam
1653 790 1677 842 ?
1704 790 1837 860 quia
1860 790 1920 844 in
1941 797 2090 845 sorte

499 891 611 930 non
628 881 714 928 est
725 875 941 940 electio,
961 876 1059 929 sed
1079 877 1336 949 voluntas
1352 877 1470 931 Dei.
1503 879 1649 932 Nam
1661 877 1757 932 ubi
1767 878 1972 933 dicitur
1985 879 2091 934 iste

498 963 649 1031 facit,
681 965 787 1018 iste
832 981 944 1019 non
977 965 1128 1030 facit,
1181 967 1386 1020 merita
1427 967 1870 1034 considerantur,
1903 973 1961 1021 et
1996 967 2091 1022 ubi

499 1053 702 1106 merita
727 1053 1156 1108 considerantur
1174 1055 1371 1109 electio
1409 1061 1513 1122 est,
1540 1073 1654 1110 non
1680 1073 1821 1110 sors.
1857 1057 2091 1120 Quando

500 1147 690 1196 autem
710 1143 860 1196 Deus
897 1135 1054 1196 nulla
1096 1143 1299 1197 merita
1335 1150 1527 1198 nostra
1561 1144 1790 1212 invenit,
1820 1151 1971 1200 sorte
2000 1163 2096 1199 vo-

501 1231 736 1286 luntatis
769 1248 883 1286 sum
911 1249 1013 1286 nos
1043 1233 1222 1286 salvos
1250 1233 1401 1299 fecit,
1436 1233 1569 1303 quia
1594 1234 1787 1299 voluit,
1824 1251 1936 1289 non
1966 1235 2099 1306 quia

499 1320 656 1390 digni
684 1319 892 1375 fuimus
924 1339 935 1372 :
980 1321 1176 1376 Gratia
1206 1324 1351 1375 salvi
1389 1323 1528 1389 facti
1553 1326 1678 1376 estis
1711 1340 1814 1392 per
1840 1326 2021 1391 ﬁdem,
2049 1329 2097 1378 et

501 1411 597 1463 hoc
629 1425 740 1463 non
777 1427 841 1463 ex
885 1411 1050 1474 vobis,
1097 1411 1194 1462 Dei
1227 1413 1378 1463 enim
1432 1413 1639 1464 donum
1675 1417 1750 1464 est
1778 1412 1984 1480 (Ephes.
2017 1417 2094 1477 Π).

502 1498 634 1550 Haec
672 1497 1083 1568 quodammodo
1105 1514 1226 1551 sors
1267 1499 1484 1552 occulta
1506 1504 1592 1552 est
1621 1500 1876 1554 voluntas
1904 1500 2006 1554 Dei
2037 1499 2096 1554 in

502 1587 750 1640 humano
778 1603 1004 1656 genere,
1038 1587 1186 1657 apud
1215 1603 1382 1657 quem
1402 1605 1514 1641 non
1543 1593 1630 1642 est
1657 1588 1952 1658 iniquitas;
1979 1606 2094 1644 non

2172 618 2398 682 quatur,
2431 611 2565 683 quia
2595 612 2788 665 statim
2818 610 3063 664 secundo
3092 610 3328 680 ponitur,
3362 613 3422 664 in
3439 628 3553 680 quo,
3579 615 3704 684 quod

2173 701 2308 771 quia
2360 702 2710 772 superﬂuum
2753 705 2859 766 est,
2913 698 3195 754 sublatum
3240 716 3270 753 e
3329 699 3500 754 medio
3537 708 3708 772 potest

2172 795 2387 844 textum
2436 790 2670 844 reddere
2727 789 2974 843 lectioni.
3026 789 3142 842 Hoc
3198 794 3380 842 autem
3431 789 3709 860 patiebatur

2175 879 2382 933 Paulus
2409 879 2479 932 de
2533 878 2707 932 nimio
2754 894 2946 932 amore
2989 876 3215 939 Christi,
3246 882 3307 930 ut
3347 893 3470 931 eum
3502 895 3707 949 semper,

2173 983 2342 1038 quem
2371 967 2658 1037 diligebat,
2691 967 2864 1021 etiam
2911 967 3195 1037 superﬂue
3225 970 3281 1019 et
3318 966 3713 1021 extraordinaria

2173 1056 2510 1122 nominaret,
2581 1056 2730 1126 quod
2778 1059 2905 1126 post
2956 1054 3165 1124 absque
3207 1053 3361 1108 nobis
3409 1055 3464 1108 in
3492 1054 3716 1108 omnibus

2179 1145 2429 1216 epistolis
2456 1147 2578 1216 ejus
2593 1145 2768 1199 lector
2796 1143 3034 1214 diligens
3052 1143 3317 1198 invenire.
3350 1143 3498 1198 Unde
3524 1149 3576 1197 et
3591 1160 3716 1197 nunc

2179 1235 2424 1288 secundo
2483 1233 2747 1305 positum,
2799 1236 2862 1287 in
2892 1249 2998 1301 quo
3035 1233 3285 1287 ordinem
3329 1231 3720 1303 deprehenditur

2177 1322 2434 1377 turbasse
2462 1322 2773 1387 sententiae,
2799 1327 2858 1375 et
2875 1322 3214 1376 anteriorem
3232 1320 3636 1392 propositionem
3649 1336 3720 1373 re-

2179 1412 2409 1483 liquisse
2438 1412 2794 1482 pendentem.
2825 1411 3020 1481 Neque
3035 1428 3163 1466 vero
3185 1427 3352 1482 parva
3368 1410 3483 1464 laus
3496 1408 3722 1480 Ephesio-

2178 1517 2306 1554 rum
2339 1505 2444 1564 est,
2497 1517 2611 1554 non
2642 1499 3101 1571 praedicationem
3137 1505 3370 1560 tantum.
3404 1499 3496 1552 sed
3523 1497 3722 1552 verbum

2181 1589 2434 1643 veritatis
2483 1589 2726 1643 audisse.
2772 1589 2919 1652 Quid
2963 1594 3052 1643 est
3087 1587 3318 1642 verbum
3357 1586 3608 1652 veritatis,
3636 1585 3725 1639 nisi

505 1675 655 1730 enim
681 1675 775 1728 ille
795 1692 1063 1746 personas
1094 1675 1312 1746 accipit,
1346 1677 1442 1730 sed
1473 1678 1692 1731 occulta
1717 1677 1866 1732 illius
1882 1666 2360 1748 justitiaBFilius
2391 1677 2510 1744 Dei,
2547 1677 2642 1748 qui
2673 1683 2761 1732 est
2791 1677 3014 1744 veritas,
3059 1677 3192 1748 quia
3236 1677 3344 1732 ait:
3378 1677 3482 1745 Ego
3503 1693 3615 1730 sum.
3651 1678 3726 1728 via

505 1763 606 1818 tibi
637 1781 757 1818 sors
778 1769 880 1817 est.
914 1765 1109 1832 (Ilier.)
1148 1764 1394 1819 Verbum
1435 1766 1776 1820 luereditatis
1826 1773 1884 1821 et
1911 1767 2098 1834 sortis,

508 1870 610 1924 per
637 1870 776 1924 quas
791 1853 849 1906 in
873 1853 1077 1907 Christi
1096 1859 1314 1924 partem
1343 1855 1616 1918 venimus,
1645 1856 1893 1910 ostendit
1912 1873 2015 1910 nos
2034 1857 2102 1911 de

509 1943 620 1996 alia
639 1947 914 2013 potestate
944 1943 1014 1995 ad
1041 1941 1209 1996 aliam
1229 1944 1680 2013 transmigrasse,
1700 1945 1756 1998 id
1771 1951 1874 2012 est,
1907 1946 1978 1998 de
2008 1963 2106 2000 an-

507 2031 764 2102 gelorum
795 2036 1072 2102 potestate
1097 2033 1376 2086 malorum
1402 2033 1663 2087 translati
1683 2033 1741 2087 in
1766 2039 2104 2105 potestatem

509 2119 630 2185 Dei,
674 2120 941 2191 quoniam
968 2138 1082 2186 eos,
1109 2121 1204 2191 qui
1227 2127 1358 2175 ante
1386 2123 1588 2193 captivi
1618 2122 1842 2176 fuerant
1885 2123 1944 2177 in
1975 2140 2105 2195 per-

509 2207 799 2275 ditionem,
834 2209 1090 2264 Christus
1117 2210 1268 2282 cepit
1309 2211 1378 2265 ad
1407 2211 1597 2277 vitam,
1631 2217 1696 2265 ut
1722 2213 2017 2268 reduceret
2045 2213 2104 2266 in

510 2299 808 2354 excelsum.
836 2299 905 2353 Et
916 2299 1160 2370 quodam
1180 2300 1346 2354 modo
1368 2306 1455 2354 est
1467 2307 1632 2372 capta
1645 2301 1956 2372 captivitas,
1970 2301 2106 2356 dum

510 2405 610 2458 per
653 2388 956 2442 secundam
995 2389 1396 2460 captivitatem.
1438 2390 1533 2460 qui
1571 2390 1728 2461 prius
1751 2389 1954 2462 captivi
1981 2391 2104 2445 fue-

503 2481 651 2542 rant,
675 2476 1006 2531 liberantur.
1031 2477 1537 2545 Considerandum,
1553 2479 1702 2549 quod
1723 2479 1813 2532 hic
1850 2494 2103 2548 προορισ-

505 2557 600 2634 μός
629 2570 688 2618 et
714 2560 982 2637 πρόθεσις,
1018 2566 1074 2620 id
1092 2572 1196 2632 est,
1221 2567 1640 2637 praedestinatio
1657 2573 1715 2620 et
1731 2567 2100 2638 pr0positum,

507 2653 674 2707 simul
704 2653 886 2724 posita
913 2654 1044 2720 sint,
1063 2655 1226 2724 juxta
1265 2671 1388 2724 quae
1417 2660 1684 2726 operatur
1711 2656 1900 2710 omnia
1931 2657 2099 2722 Deus,

505 2741 814 2796 secundum
843 2741 1140 2796 consilium
1160 2743 1466 2797 voluntatis
1495 2761 1609 2798 suae
1642 2763 1653 2797 :
1685 2761 1798 2798 non
1811 2745 1958 2816 quod
1988 2763 2104 2799 om-

508 2829 621 2884 nia.
657 2847 780 2900 quaa
825 2830 882 2884 in
904 2831 1114 2885 mundo
1135 2833 1298 2898 ﬁunt,
1322 2832 1423 2886 Dei
1465 2833 1752 2887 voluntate
1782 2839 1840 2887 et
1873 2833 2102 2888 consilio

511 2923 878 2989 peraguntur,
894 2918 1144 2989 alioquin
1159 2925 1216 2974 et
1238 2921 1389 2973 mala
1400 2921 1516 2974 Deo
1531 2927 1800 2991 poterunt
1811 2921 2098 2992 imputari,

2183 1773 2232 1821 et
2260 1770 2460 1821 veritas
2481 1769 2661 1835 (Joan.
2685 1767 2772 1835 x)?
2804 1765 2950 1830 Quid
2977 1771 3063 1820 est
3087 1767 3282 1822 audire
3299 1767 3436 1820 hanc
3453 1765 3726 1827 veritatem,

2183 1855 2292 1910 nisi
2313 1856 2372 1910 in
2415 1856 2701 1910 Christum
2731 1856 3035 1910 credidisse
3063 1861 3121 1910 et
3157 1855 3408 1910 obedisse
3436 1855 3502 1920 ei,
3533 1853 3661 1908 sicut
3682 1853 3730 1906 in

2187 1944 2486 2014 Evangelio
2501 1945 2706 1999 dicitur
2729 1961 2745 1996 :
2765 1946 2960 2013 Amen,
2985 1961 3152 1999 amen
3163 1947 3282 1998 dico
3300 1946 3460 2009 vobis,
3477 1945 3600 2012 quia
3609 1943 3732 1996 venit

2186 2035 2343 2100 hora,
2377 2035 2600 2102 quando
2627 2037 2842 2088 mortui
2873 2035 3105 2088 audient
3139 2051 3315 2088 vocem
3344 2033 3731 2096 FiliiDeiann.

2185 2124 2243 2192 v)
2259 2122 2438 2186 ?Quid
2468 2128 2554 2176 est
2574 2129 2828 2178 mortuos
2846 2122 3060 2189 audire,
3081 2123 3191 2176 nisi
3207 2127 3516 2194 peccatores
3541 2119 3736 2174 credere

2187 2209 2245 2264 in
2261 2211 2467 2265 Filium
2486 2211 2589 2265 Dei
2613 2217 2670 2266 et
2695 2212 2814 2266 voci
2843 2213 2984 2282 ejus,
3020 2212 3125 2266 hoc
3175 2218 3279 2279 est,
3313 2209 3588 2282 pmceptis
3613 2208 3737 2261 illius

2188 2299 2434 2366 obedire,
2450 2300 2508 2354 in
2521 2318 2633 2371 quo
2648 2317 2798 2355 nunc
2809 2301 3246 2371 cognoscemini,
3267 2318 3362 2355 vos
3380 2305 3737 2371 gentes,unum

2190 2405 2311 2443 esse
2357 2388 2669 2457 nobiscum,
2705 2390 2840 2460 quia
2887 2390 3149 2444 eumdem
3180 2389 3440 2461 spiritum
3463 2385 3736 2458 accepistis,

2187 2478 2348 2547 cujus
2375 2478 2524 2531 dona
2547 2479 2719 2532 arrha
2741 2483 2874 2532 sunt
2891 2479 3236 2534 haereditatis
3255 2478 3472 2533 futurae.
3512 2476 3567 2530 Si
3593 2473 3734 2530 enim.

2186 2567 2357 2620 arrha
2383 2572 2543 2621 tanta
2563 2574 2666 2633 est,
2709 2573 2920 2638 quanta
2939 2567 3048 2622 erit
3067 2568 3368 2622 haereditas
3397 2560 3741 2638 promissionis

2186 2655 2444 2710 aeternas?
2476 2656 2746 2727 Signatur
2793 2662 3003 2722 autem,
3029 2657 3074 2710 si
3102 2657 3232 2728 quis
3261 2655 3500 2712 audierit
3542 2651 3740 2707 verbum

2186 2743 2437 2798 veritatis
2468 2751 2525 2799 et
2573 2745 2875 2800 crediderit
2904 2746 2964 2799 in
2994 2762 3060 2800 eo
3103 2746 3309 2817 spiritu
3335 2738 3744 2816 repromissionis

2187 2838 2378 2887 sancto
2411 2851 2424 2899 ;
2459 2834 2594 2904 quia
2618 2833 2782 2888 multi
2803 2839 2936 2889 sunt
2965 2834 3058 2905 qui
3081 2835 3406 2899 audierunt,
3430 2839 3486 2887 et
3507 2826 3744 2886 increduli

2186 2927 2598 2992 permanentes,
2642 2940 3001 2994 nequaquam
3049 2923 3409 2994 signaculum
3461 2919 3627 2976 sancti
3646 2915 3746 2988 Spi-

502 2985 601 3060 sed
630 2985 780 3078 quod
807 2985 1087 3074 universa,
1123 3025 1244 3080 quae
1275 3009 1426 3075 facit,
1462 2985 1694 3064 consilio
1732 2985 1910 3065 faciat
1929 3016 1988 3065 et
2009 2985 2162 3064 vo-VC
2186 2985 2329 3064 ritus
2357 2985 2641 3066 consecuti
2671 2985 2820 3066 sunt.
2846 2985 3074 3067 Dicitur
3088 2985 3233 3068 etad
3260 3011 3562 3084 principem
3731 3019 3744 3054 -'

504 3095 744 3161 luntate,
781 3096 931 3167 quod
961 3096 1175 3152 scilicet
1215 3103 1273 3151 et
1325 3098 1544 3153 ratione
1579 3099 1746 3170 plena
1773 3100 1887 3153 sint
1917 3105 1975 3154 et
2002 3117 2102 3170 po-
2191 3101 2267 3154 Tu
2299 3116 2350 3152 es
2376 3102 2732 3167 signaculum
2752 3103 3150 3156 similitudinis
3178 3105 3286 3156 Dei
3313 3101 3524 3172 (Ezech.
3565 3095 3746 3161 xxvm),

505 3189 730 3239 testate.
766 3185 901 3240 Vult
919 3184 1111 3255 itaque
1147 3203 1493 3258 quiscunque
1522 3188 1740 3241 ratione
1766 3189 1934 3258 plena
1970 3193 2104 3242 sunt
2185 3187 2536 3258 signaculum
2554 3193 2746 3242 autem
2762 3189 2864 3244 Dei
2884 3195 2988 3254 est,
3006 3196 3071 3244 ut
3084 3191 3370 3262 quomodo
3391 3187 3747 3262 primusbomo

506 3279 676 3343 atque
715 3273 970 3340 consilio,
1007 3275 1347 3349 vult'salvari
1367 3292 1562 3329 omnes
1583 3282 1640 3330 et
1667 3276 1726 3330 in
1755 3277 2100 3346 agnitionem
2185 3277 2443 3330 conditus
2476 3283 2564 3332 est
2591 3278 2663 3332 ad
2683 3278 2986 3348 imaginem
3008 3285 3065 3332 et
3082 3279 3514 3334 similitudinem
3545 3270 3750 3330 Deizsic

503 3361 758 3416 veritatis
792 3363 981 3418 venire
1027 3364 1085 3433 (Ι
1127 3365 1268 3418 Tim.
1311 3365 1388 3430 η),
1445 3365 1544 3418 sed
1592 3365 1725 3436 quia
1761 3366 1950 3420 nullus
1979 3365 2102 3419 abs-
2182 3365 2242 3419 in
2261 3367 2508 3420 secunda
2524 3368 2970 3437 regeneratione,
2997 3368 3324 3439 quicunque
3353 3367 3616 3440 Spiritum
3640 3377 3752 3416 san-

505 3467 613 3520 que
645 3451 872 3522 propria
900 3453 1186 3507 voluntate
1215 3453 1465 3507 salvatur
1496 3452 1673 3522 (liberi
1704 3453 1856 3508 enim
1879 3453 2100 3508 arbitrii
2182 3461 2334 3509 ctum
2363 3455 2534 3510 fuerit
2583 3463 2935 3524 consecutus,
2969 3457 3229 3528 signetur
3253 3457 3325 3512 ab
3346 3474 3432 3523 eo,
3461 3460 3517 3509 et
3541 3455 3752 3523 ﬁguram

502 3539 738 3612 sumus),
763 3541 882 3594 vult
901 3557 1004 3595 nos
1026 3541 1233 3596 bonum
1266 3542 1425 3607 velle,
1466 3547 1548 3606 ut,
1583 3558 1710 3596 cum
1739 3543 2100 3610 voluerimus,
2187 3544 2491 3598 conditoris
2521 3545 2778 3616 accipiat.
2811 3547 3187 3610 Quaerendum
3225 3546 3322 3602 ubi
3362 3544 3496 3600 alibi
3515 3543 3753 3612 scriptum

502 3629 636 3682 velit
661 3628 720 3683 in
749 3629 908 3683 nobis
937 3636 994 3684 et
1038 3630 1157 3702 ipse
1189 3647 1356 3685 suum
1405 3631 1639 3702 implere
1697 3632 2010 3686 consilium.
2041 3634 2102 3687 Ut
2185 3631 2260 3686 sit
2295 3651 2307 3686 :
2341 3633 2573 3704 spiritus
2602 3635 3054 3706 repromissionis
3081 3642 3336 3703 sanctus,
3353 3635 3441 3689 vel
3469 3631 3597 3704 quid
3610 3627 3754 3698 signi-

501 3719 676 3771 si-mus
708 3720 770 3772 in
801 3720 1024 3773 laudem
1064 3722 1256 3787 gloria:
1289 3723 1425 3790 ejus,
1465 3723 1566 3789 qui
1595 3726 1725 3774 ante
1761 3725 2104 3790 speravimus
2187 3722 2317 3774 licet
2342 3721 2367 3774 Ἰ
2393 3723 2508 3792 Ego
2529 3723 2679 3777 enim
2707 3723 2942 3790 aestimo,
2963 3724 3096 3795 quia
3115 3724 3267 3779 sicut
3286 3723 3530 3796 Spiritus
3557 3721 3757 3775 sanctus

504 3809 566 3859 in
595 3807 830 3877 Christo.
866 3807 1105 3873 (Amer
1153 3810 1271 3864 Hoc
1301 3815 1404 3876 est,
1441 3809 1589 3880 quod
1626 3809 1782 3874 dicit,
1816 3811 1951 3881 quia
1985 3810 2102 3864 dis-
2184 3815 2440 3865 sanctum
2471 3811 2605 3865 facit
2631 3829 2780 3880 eum,
2817 3813 2907 3867 cui
2921 3813 3094 3868 fuerit
3118 3813 3363 3879 infusus,
3379 3809 3755 3883 etspiritussa-

502 3895 756 3965 pensatio
775 3897 1188 3967 praedicationis
1217 3898 1304 3951 his
1325 3899 1551 3952 decreta
1579 3903 1665 3952 est
1683 3915 1718 3952 a
1746 3900 1882 3965 Deo,
1919 3899 2016 3969 qui
2036 3917 2102 3954 ex
2183 3899 2407 3971 pientiaa
2430 3901 2762 3972 sapientem,
2780 3908 2838 3956 et
2856 3901 3246 3973 intelligentiae
3273 3903 3691 3973 intelligentem,
3710 3899 3759 3948 et

503 3983 711 4038 Iudaeis
748 3985 1112 4039 crediderunt
1151 3985 1209 4039 in
1266 3986 1572 4041 Christum.
1614 3987 1772 4041 Unde
1816 3988 2008 4043 nullus
2037 4005 2103 4042 ex
2185 3989 2405 4044 consilii
2434 3996 2684 4057 cautum,
2733 3995 2903 4062 atque
2958 3993 3303 4060 consultum,
3353 3997 3412 4046 et
3438 3983 3758 4046 fortitudinis

502 4070 766 4139 gentibus
794 4072 866 4125 ad
898 4073 1276 4144 apostolatum
1307 4075 1515 4129 electus
1550 4081 1666 4130 est:
1700 4076 1934 4145 dignum
1955 4078 2104 4131 enim
2187 4077 2410 4145 fortem,
2443 4085 2501 4133 et
2550 4079 2794 4135 scientiae
2825 4081 3113 4148 scientem,
3149 4086 3209 4135 et
3250 4081 3482 4152 pietatis
3523 4077 3687 4150 pium,
3715 4076 3763 4124 et

506 4164 629 4212 erat
648 4175 714 4212 ex
745 4159 834 4214 his
865 4161 1007 4230 elegi
1026 4161 1434 4232 prtedicatores,
1456 4165 1552 4234 qui
1582 4169 1713 4218 ante
1739 4172 2106 4236 speraverunt
2186 4167 2406 4222 timoris
2433 4168 2712 4233 timidum,
2762 4169 2976 4240 Deique
3010 4170 3213 4225 timore
3269 4170 3662 4242 trepidantem,
3696 4161 3764 4214 ita

505 4247 764 4314 salutem,
797 4265 920 4320 quae
951 4249 1060 4302 illis
1095 4249 1373 4320 promissa
1403 4252 1512 4305 erit
1541 4253 1601 4306 in
1629 4253 1872 4308 Christo.
1895 4253 2106 4326 (Ηίθν.)
2123 4261 2245 4330 net
2273 4257 2503 4328 spiritus
2523 4258 2908 4328 promissionis
2937 4260 3024 4314 vel
3044 4259 3279 4330 spiritus
3309 4260 3433 4325 Dei,
3459 4265 3764 4330 sponsorem

505 4338 651 4404 Ante
683 4305 1051 4408 speraverunt
1095 4305 1155 4392 in
1205 4338 1445 4405 Christo,
1479 4305 2102 4414 quibu'sChristu—s-per
2123 4305 2243 4399 Det
2271 4305 2907 4413 in
2946 4305 3464 4418 quovrhabi-t‘averiyt.
3490 4305 3764 4411 rQuomodo

505 4427 688 4497 legem
703 4427 790 4481 vel
814 4428 1117 4498 prophetas
1137 4427 1435 4498 praedictus
1465 4435 1569 4497 est,
1605 4432 1857 4502 quamvis
1878 4437 2010 4486 ante
2029 4432 2100 4486 ad
2183 4451 2214 4487 e
2245 4434 2526 4489 contrario
2574 4435 2900 4491 immundus
2953 4437 3182 4508 spiritus
3218 4437 3578 4492 immundum
3629 4427 3762 4488 facit.

506 4532 720 4582 omnes,
754 4517 850 4587 qui
872 4515 930 4570 in
989 4516 1275 4571 Christum
1332 4518 1585 4583 credunt,
1627 4521 1908 4591 pertinere
1938 4537 2102 4592 posse
2183 4528 2242 4576 et
2267 4539 2526 4594 spurcam
2557 4523 2662 4579 sibi
2690 4525 2925 4580 domum
2955 4531 3236 4597 pra-parat
3290 4543 3532 4598 spurcus
3567 4519 3767 4577 habita-

507 4605 784 4670 videatur,
819 4612 884 4659 ut
923 4605 1018 4676 qui
1039 4612 1170 4660 ante
1199 4606 1258 4660 in
1297 4607 1401 4661 hac
1420 4607 1533 4662 vita
1570 4608 1629 4662 in
1660 4610 1947 4665 Christum
1978 4627 2100 4664 cre-
2181 4611 2702 4678 torgfornicationis
2724 4631 2946 4686 quoque
2966 4615 3198 4687 spiritus
3222 4617 3403 4670 efﬁcit
3427 4617 3763 4669 scortatores

506 4692 667 4759 dunt,
695 4693 754 4746 in
799 4693 990 4748 futura
1018 4695 1132 4749 vita
1178 4695 1293 4750 sint
1319 4695 1378 4750 in
1426 4697 1649 4752 laudem
1690 4703 1748 4752 et
1774 4699 1833 4754 in
1861 4700 2102 4770 gloriam
2185 4701 2254 4754 de
2288 4700 2490 4772 quibus
2521 4703 2795 4774 prOpheta
2823 4703 3108 4775 loquitur:
3139 4705 3367 4772 Spiritu
3393 4698 3770 4773 fornicationis

507 4781 630 4849 ejus
660 4781 854 4834 futuri.
888 4782 996 4836 Sed
1019 4783 1130 4852 alia
1157 4790 1245 4838 est
1265 4802 1478 4840 merces
1507 4788 1651 4857 ejus,
1676 4788 1771 4858 qui
1812 4789 2102 4844 voluntate
2184 4792 2394 4844 seducti
2419 4794 2544 4846 estis
2581 4793 2714 4861 (Ose.
2743 4798 2836 4860 IV),
2887 4798 2944 4846 et
2972 4809 3214 4864 nequam
3259 4794 3503 4866 spiritus
3528 4791 3656 4846 facit
3681 4789 3770 4841 ho-

505 4875 697 4940 sperat
715 4869 775 4924 in
806 4869 1110 4938 Christum,
1164 4873 1294 4939 alia,
1331 4875 1427 4944 qui
1475 4875 1806 4930 necessitate
1847 4878 2023 4932 credit
2044 4878 2102 4932 in
2184 4879 2365 4932 mines
2393 4896 2639 4950 nequam
2667 4886 2837 4952 atque
2876 4899 3186 4953 perversos,
3203 4881 3654 4937 etdaemoniacus
3680 4875 3776 4930 da:-

507 4975 655 5012 eum.
689 4961 758 5014 In
787 4976 892 5027 quo
920 4964 969 5014 et
994 4977 1099 5026 vos,
1123 4978 1250 5016 cum
1273 4965 1562 5017 audissetis
1583 4967 1809 5019 verbum
1830 4970 2096 5032 veritatis,
2184 4985 2380 5022 mones
2399 4985 2410 5020 :
2427 4969 2718 5041 qualisque
2729 4970 3094 5042 fueritliquor
3107 4971 3202 5042 qui
3213 4989 3373 5026 novae
3388 4977 3552 5026 testae
3575 4967 3774 5023 infusus

505 5048 871 5115 Evangetium
890 5051 1092 5102 salutis
1121 5055 1325 5115 vestra,
1360 5053 1424 5104 in
1449 5069 1554 5120 quo
1585 5055 1858 5107 credentes
1889 5057 2101 5123 signati
2182 5061 2285 5125 est,
2310 5058 2482 5112 talem
2509 5059 2607 5114 diu
2627 5064 2773 5114 testa
2791 5065 2849 5114 et
2867 5060 3096 5114 odorem
3109 5061 3320 5116 retinet
3347 5065 3410 5116 et
3439 5073 3711 5132 saporem.

505 5139 630 5190 estis
657 5139 865 5206 spiritu
899 5141 1290 5206 promissionis
1319 5145 1524 5194 sancto.
1551 5141 1616 5195 In
1664 5158 1793 5212 quo,
1823 5142 1972 5197 haud
2002 5145 2102 5198 du-
2255 5147 2364 5213 Qui
2387 5152 2464 5200 est
2481 5150 2691 5216 pignus
2703 5149 3038 5203 hereditatis
3069 5153 3343 5204 nostrain
3356 5150 3772 5217 redemptionem

505 5225 660 5279 bium
677 5225 812 5296 quin
835 5226 894 5280 in
914 5225 1155 5281 Christo.
1193 5228 1348 5281 Inter
1377 5235 1626 5294 caeteros,
1659 5231 1757 5302 qui
1774 5232 2094 5298 audierunt,
2181 5236 2512 5304 adoptionis,
2539 5239 2603 5290 in
2616 5239 2834 5291 laudem
2872 5241 3064 5306 gloria
3091 5241 3285 5308 ipsius.
3311 5241 3532 5307 Pignus
3559 5233 3778 5292 Latinus

507 5329 602 5367 vos
615 5330 855 5384 quoque,
877 5315 1358 5386 Ephesii,verbum
1381 5318 1633 5372 veritatis
1647 5319 1903 5386 audistis,
1925 5321 2100 5376 Evan-
2180 5322 2587 5396 interpretator
2617 5343 2719 5396 pro
2738 5328 3050 5381 arrhabone
3064 5328 3279 5400 posuit;
3296 5345 3416 5382 non
3432 5327 3677 5399 idipsum
3692 5337 3780 5376 all-

505 5401 717 5473 gelium
751 5403 949 5459 salutis
995 5410 1212 5470 vestrae,
1251 5405 1341 5460 cui
1377 5406 1669 5462 credentes
1716 5407 1922 5480 signati
1963 5411 2098 5465 estis
2178 5417 2294 5466 tem
2313 5415 2576 5478 arrhabo,
2605 5415 2754 5486 quod
2781 5418 2988 5484 pignus
3016 5422 3199 5471 sonat.
3231 5415 3498 5471 Arrhabo
3520 5414 3672 5470 enim
3697 5409 3778 5464 fu-

511 5491 714 5564 spiritu
739 5493 1190 5564 repromissionis
1218 5499 1432 5550 sancto.
1461 5495 1698 5553 Videtur
1723 5504 1914 5554 autem
1937 5501 2099 5570 juxta
2180 5508 2320 5558 tum
2349 5501 2621 5574 emptioni
2651 5503 2813 5574 quasi
2841 5504 3123 5575 quoddam
3148 5504 3549 5560 testimonium
3575 5509 3636 5560 et
3651 5498 3782 5557 obli-
