3880 6146
222 266 294 321 393

543 255 1121 313 ENARRATIONUM
1157 255 1233 308 IN
1274 254 1425 307 EPP.
1470 253 1683 307 PAULI
1724 254 1840 309 LIB
1904 255 2076 309 XVII.
2112 286 2175 295 —
2208 255 2285 310 IN
2325 257 2545 311 EPIST.
2586 259 2683 312 AD
2723 260 2969 316 EPHES.

3298 266 3399 322 394

218 396 466 461 gamentum
488 384 681 437 datur:
706 384 912 454 pignus
927 400 1076 448 vero,
1109 384 1213 437 hoc
1240 389 1326 436 est
1350 380 1785 461 ἐνέχυρον,ΡιόΑ
1806 384 1901 433 tri.
1940 381 2090 434 Licet
2122 382 2269 434 verbi
2292 383 2361 435 ad
2383 383 2611 438 verbum
2634 403 2893 457 expressa
2911 391 3206 445 translatio
3227 393 3404 463 possit

216 484 358 531 mutua
374 473 580 543 pecunia.
594 473 898 543 opponitur
914 492 925 531 :
952 479 1016 526 ut
1034 490 1161 525 cum
1184 473 1280 525 illa
1295 474 1513 527 reddita
1534 473 1716 537 fuerit,

216 563 412 619 reddendi
437 548 674 615 debitum
704 563 906 631 pignus
926 580 957 614 a
979 562 1250 615 creditore
1273 564 1557 616 reddatur.
1594 562 1723 625 Qui-

213 670 388 723 cumque
410 651 567 718 igitur
594 668 706 703 non
748 657 968 704 tantum
1005 651 1277 720 Spiritum
1315 657 1569 704 sanctum
1604 651 1721 719 [sed

213 741 416 811 Spiritum
444 740 714 807 sanctum]
749 739 1196 809 repromissionis
1230 740 1523 810 acceperit,
1557 741 1723 792 simul

211 836 533 898 consequenter
560 829 980 897 [consequetur]
1013 834 1067 880 et
1096 828 1468 881 arrhabonem
1491 828 1725 881 hzeredi-

208 919 299 971 tatis
323 935 424 987 queo
447 918 739 969 han‘editas
769 917 878 969 vita
911 923 1180 986 perpetua
1219 923 1321 969 est.
1350 918 1418 970 Et.
1447 918 1726 987 quomodo

208 1024 252 1058 ex
265 1005 524 1058 arrhabone
554 1004 869 1057 aestimatur
898 1005 1077 1073 qualis
1108 1006 1318 1075 emptio
1350 1006 1425 1059 sit
1454 1007 1643 1059 futura
1674 1012 1728 1058 et

204 1113 292 1165 qua
316 1093 576 1164 possessio,
597 1093 745 1146 verbi
767 1111 953 1158 causa,
987 1111 1051 1145 ex
1079 1094 1268 1147 decem
1296 1095 1487 1147 solidis
1506 1102 1728 1147 centum

206 1184 443 1236 solidorum
461 1182 606 1245 villa,
623 1188 681 1235 et
711 1200 774 1234 ex
796 1188 1021 1235 centum
1043 1184 1235 1235 solidis
1250 1183 1401 1236 mille
1423 1184 1730 1237 solidorum

201 1270 442 1341 possessio;
477 1270 549 1322 ita
590 1287 657 1324 ex
703 1271 971 1323 varietate
1003 1270 1350 1333 arrhabonis,
1387 1272 1732 1325 hiereditatis

200 1375 368 1429 quoque
402 1366 587 1428 postea
644 1365 917 1413 secutum:
976 1360 1303 1427 magnitudo
1357 1361 1726 1429 cognoscitur.

195 1449 402 1511 Quamvis
422 1455 609 1501 autem
624 1456 852 1501 sanctus
873 1454 945 1501 sit
965 1449 1167 1518 aliquis
1187 1457 1356 1518 atque
1374 1450 1733 1519 perfectus,ct

195 1537 389 1589 omnium
410 1537 620 1605 judicio
648 1536 994 1590 beatitudine
1019 1537 1220 1604 dignus
1262 1545 1507 1607 putetur,
1544 1544 1731 1590 tamen

190 1626 241 1678 ad
262 1626 471 1678 futuram
501 1626 891 1679 haereditatem
920 1644 1068 1679 nunc
1095 1626 1469 1679 arrhabonem
1499 1633 1583 1679 est
1614 1627 1733 1695 Spi-

1806 470 2135 539 Apostolum
2165 471 2418 540 diligenti
2452 490 2712 527 excusare
2744 477 2956 543 lectori,
2978 481 3125 549 quod
3147 480 3403 537 videatur

1808 558 1990 610 omnis
2040 559 2320 612 sententia
2364 568 2577 614 scatere
2613 570 2922 630 contextus,
2956 573 3015 620 et
3057 569 3403 624 soloecismus

1809 647 1928 699 ﬁeri
1954 666 1965 712 ;
1998 656 2186 700 tamen
2221 654 2282 701 ut
2310 649 2367 701 in
2397 652 2586 703 GI'IBCO
2618 652 2813 705 vitium
2837 662 3017 708 sonat.
3033 656 3191 710 Unde
3220 663 3275 711 et
3302 675 3403 712 nos

1808 735 2305 789 calumniatoribus
2336 740 2735 807 respondentes
2766 742 3111 807 conabimur,
3148 744 3229 798 ita
3244 746 3408 815 juxta

1809 841 2035 877 sensum
2064 830 2378 895 temperare
2410 828 2662 881 ordinem
2700 830 2969 895 lectionis,
3012 838 3075 885 ut
3106 832 3358 888 dicamus
3391 853 3401 886 :

1809 914 2057 966 Audiens
2076 915 2241 966 ﬁdem
2266 921 2506 968 vestiam
2523 916 2579 969 in
2602 918 2841 972 Domino
2868 921 2895 973 J
2902 938 3001 974 esu
3023 922 3245 976 Christo
3267 930 3325 977 et
3349 924 3406 978 in

1812 1009 2236 1056 omnessanctos
2263 1005 2712 1076 ejus,vidensque
2736 1008 3112 1063 differentiam
3138 1011 3266 1065 ﬁdei
3280 1029 3403 1066 ves-

1812 1098 1911 1145 trze
1940 1092 1995 1145 in
2030 1092 2332 1145 Dominum
2353 1099 2409 1146 et
2431 1094 2486 1146 in
2514 1112 2707 1149 omnes
2724 1104 2946 1151 sanctos
2974 1099 3233 1167 ejus,non
3255 1116 3407 1155 cesso

1812 1181 2023 1249 gratias
2040 1198 2205 1248 agere
2221 1188 2277 1232 et
2298 1183 2626 1237 memoriam
2658 1185 2826 1238 vestri
2854 1186 3036 1239 facere
3058 1188 3116 1241 in
3139 1189 3408 1243 orationi-

1816 1270 1917 1323 bus
1948 1270 2177 1334 meis,ut
2204 1271 2427 1323 Domini
2456 1272 2630 1324 nostri
2661 1273 2793 1327 Jesu
2823 1273 3031 1329 Christi
3052 1277 3220 1343 Deus,
3250 1283 3411 1348 pater

1814 1366 2005 1413 autem
2028 1360 2239 1427 gloriae,
2256 1360 2351 1413 det
2368 1360 2522 1413 vobis
2542 1360 2802 1430 spiritum
2820 1364 3105 1433 sapientiae
3129 1372 3187 1418 et
3204 1367 3411 1420 revela-

1814 1449 2168 1512 tionis.Quod
2183 1454 2374 1502 autem
2391 1449 3022 1518 sequitur,illuminutos
3040 1458 3218 1507 oculos
3231 1456 3410 1507 cordis

1814 1541 1997 1601 rostri,
2033 1538 2113 1590 ita
2142 1554 2241 1607 per
2271 1537 2620 1608 hyperbaton
2658 1540 2816 1592 reddi
2847 1546 3031 1609 potest
3062 1560 3072 1593 :
3117 1548 3413 1613 propterea

1814 1642 1916 1696 ego
1948 1627 2181 1679 audiens
2213 1628 2379 1680 ﬁdem
2408 1632 2650 1680 vestram
2680 1627 2738 1680 in
2768 1628 3007 1682 Domino
3028 1631 3159 1683 Jesu
3192 1631 3413 1685 Christo

192 1714 293 1766 ritus
316 1722 631 1767 consecutus
667 1733 678 1766 :
712 1716 755 1766 si
789 1720 977 1767 autem
1005 1715 1244 1767 arrhabo
1270 1720 1480 1775 tantus,
1521 1721 1729 1785 quanta
1746 1721 1794 1778 B
1812 1718 1870 1769 in
1900 1716 2243 1784 agnitionem
2270 1717 2409 1783 ejus,
2428 1716 2774 1769 illuminatos
2797 1719 2986 1772 oculos
3018 1718 3200 1772 cordis
3220 1721 3411 1785 vestri,

191 1803 267 1855 erit
289 1804 537 1873 possessio
557 1804 582 1854 ἰ)
624 1804 914 1866 Quomodo
944 1810 1133 1856 autem
1172 1803 1411 1856 arrhabo
1442 1804 1535 1873 qui
1575 1804 1732 1856 nobis

188 1890 418 1951 tribuitur,
449 1909 562 1945 non
596 1898 683 1945 est
710 1900 868 1944 extra
915 1909 1035 1957 nos,
1067 1892 1163 1945 sed
1194 1893 1345 1945 intra
1375 1910 1477 1945 nos
1527 1898 1629 1958 est,
1657 1893 1733 1945 sic

190 1991 228 2032 et
245 1980 341 2049 ipsa
352 1981 663 2045 haereditas,
695 1980 799 2033 hoc
821 1987 902 2033 est
924 1997 1159 2049 regnum
1177 1982 1279 2035 Dei
1303 1981 1450 2051 quod
1470 1982 1617 2034 intra
1634 1998 1734 2033 nos

186 2077 262 2123 est.
291 2069 341 2122 in
368 2069 519 2122 nobis
552 2076 813 2122 versatur
842 2069 1196 2145 intrinsecus.
1222 2071 1354 2133 Quae
1376 2070 1522 2123 enim
1553 2076 1737 2140 potest

189 2174 277 2209 esse
304 2160 464 2227 major
488 2159 809 2222 haereditas,
848 2175 1014 2227 quam
1049 2159 1418 2229 contemplari
1451 2165 1507 2211 et
1549 2158 1735 2211 videre

185 2263 311 2299 sensu
332 2247 803 2317 pulchritudinem
825 2247 1143 2317 Sapientiae,
1161 2252 1217 2300 et
1236 2247 1422 2311 Verbi,
1450 2253 1505 2299 et
1526 2248 1737 2300 Verita-

186 2335 252 2399 tis,
273 2342 319 2387 et
345 2336 616 2393 Luminis.
635 2342 692 2388 et
712 2336 885 2407 ipsius
908 2335 1245 2389 ineffabilem
1275 2335 1667 2399 substantiam,-
1685 2342 1741 2389 et

181 2424 487 2493 magniﬁcam
522 2425 632 2478 Dei
680 2425 1033 2478 considerare
1062 2431 1344 2490 naturam,
1378 2425 1740 2494 omniumque

186 2527 278 2578 quze
303 2513 365 2565 ad
392 2513 827 2566 similitudinem
848 2514 1071 2566 condita
1089 2520 1221 2566 sunt
1236 2513 1354 2575 Dei,
1371 2512 1742 2565 substantiam

185 2602 391 2653 contueri
406 2602 428 2653 ?
443 2603 556 2655 Iste
576 2609 770 2655 autem
791 2602 1020 2672 spiritus
1036 2601 1484 2672 repromissionis
1497 2608 1739 2655 sanctus.

186 2688 257 2756 qui
273 2697 347 2742 est
360 2690 603 2743 arrhabo
620 2690 964 2743 haereditatis
982 2699 1206 2755 nostrze,
1223 2690 1426 2743 idcirco
1450 2707 1595 2743 nunc
1613 2707 1744 2744 san-

180 2777 431 2843 ctisdatur,
442 2786 503 2833 ut
518 2780 881 2833 redimantur
896 2786 951 2833 et
963 2780 1296 2850 copulentur
1312 2781 1426 2833 Deo
1445 2779 1503 2832 in
1522 2780 1743 2833 laudem

176 2865 511 2937 glorizeipsius
530 2888 542 2935 ;
560 2885 678 2922 non
700 2868 848 2938 quod
869 2870 1017 2922 Deus
1033 2869 1269 2937 alicujus
1284 2869 1448 2921 laude
1468 2868 1735 2937 indigeat,

176 2952 247 3007 sed
260 2957 389 3025 quod
412 2958 535 3010 laus
556 2957 663 3011 Dei
680 2951 1063 3011 laudatoribus
1085 2958 1345 3027 prosit,et
1360 2957 1493 3009 dum
1514 2974 1614 3026 per
1633 2957 1743 3010 sin-

1816 1810 1871 1857 et
1902 1805 1957 1857 in
1988 1820 2183 1857 omnes
2212 1810 2452 1869 sanctos,
2487 1820 2597 1858 non
2637 1822 2811 1870 cesso,
2856 1807 3070 1876 gratias
3105 1824 3278 1879 agens
3312 1825 3414 1880 pro

1816 1893 1988 1946 vobis.
2014 1892 2343 1945 memoriam
2362 1893 2527 1945 vestri
2559 1893 2740 1947 facere
2777 1894 2835 1947 in
2865 1895 3211 1951 orationibus
3250 1897 3410 1964 meis,

1816 1988 1881 2035 ut
1908 1983 2058 2035 Deus
2078 1981 2297 2034 Domini
2320 1982 2497 2034 nostri
2513 1983 2541 2033 J
2548 1998 2645 2034 esu
2669 1982 2893 2047 Christi,
2912 1984 3080 2037 Pater
3103 1984 3419 2054 gloriae,det

1818 2069 1969 2123 vobis
2007 2069 2266 2139 spiritum
2297 2070 2585 2139 sapientize
2611 2076 2668 2124 et
2701 2071 3058 2126 revelationis
3086 2072 3145 2126 in
3173 2073 3416 2143 agnitio-

1820 2176 1967 2223 nem,
2002 2164 2065 2210 ut
2092 2158 2278 2210 sciatis
2307 2174 2427 2227 qua:
2448 2159 2521 2210 sit
2558 2176 2684 2228 spes
2728 2159 3032 2213 vocationis
3059 2166 3273 2225 vestrae,
3307 2166 3412 2215 etc.

1820 2249 1947 2318 (Am
1958 2249 2063 2309 ὑπ’.)
2095 2246 2455 2299 Manifestum
2484 2252 2585 2311 est,
2612 2247 2742 2316 quia
2765 2246 2890 2300 ideo
2908 2265 2966 2301 se
2987 2265 3148 2301 orare
3163 2249 3299 2302 dicit
3317 2266 3418 2320 pro

1823 2336 1922 2402 eis,
1946 2341 2010 2388 ut
2039 2336 2169 2387 ﬁdei
2200 2352 2312 2388 suae
2342 2351 2498 2405 spem
2518 2342 2857 2405 cognoscant
2877 2336 2933 2389 in
2965 2337 3418 2391 remuneratione

1823 2424 2060 2490 cmlcsti;
2094 2423 2189 2493 qui
2217 2440 2344 2476 cum
2374 2424 2535 2493 plene
2567 2424 2796 2477 scierint
2826 2425 2923 2494 qui
2954 2424 3168 2480 fructus
3196 2430 3283 2479 est
3296 2442 3417 2480 cre-

1828 2513 2100 2573 dentium,
2136 2512 2525 2582 propensiores
2557 2515 2693 2565 ﬁent
2721 2513 2867 2566 circa
2898 2514 3257 2568 excolendam
3288 2514 3419 2569 reli-

1824 2602 2070 2670 gionem.
2094 2601 2305 2653 Tamen
2326 2600 2382 2653 in
2416 2601 2691 2669 ejusmodi
2718 2602 2940 2655 videtur
2969 2602 3250 2673 profectus
3280 2603 3416 2669 fore,

1829 2691 1959 2759 quia
1989 2690 2034 2742 si
2065 2695 2367 2760 antequam
2396 2689 2576 2742 sciant
2603 2690 2989 2759 promissionis
3014 2692 3270 2761 gloriam,
3304 2697 3421 2746 tam

1827 2778 2009 2832 devoti
2038 2784 2188 2844 sunt,
2225 2778 2614 2849 propensiores
2646 2780 2781 2832 ﬁent
2812 2780 3145 2846 necessario,
3172 2798 3300 2834 cum
3328 2797 3424 2835 co-

1823 2867 2136 2937 gnoverint.
2172 2867 2457 2920 Claritatis
2487 2872 2676 2921 tamen
2707 2873 2925 2937 patrem
2949 2874 3107 2923 vocat
3134 2870 3332 2933 Deum,
3370 2876 3427 2926 et

1824 2956 2030 3010 Christi
2063 2957 2259 3021 Deum,
2294 2972 2421 3009 cum
2452 2974 2615 3009 verus
2648 2963 2809 3027 pater
2830 2957 3037 3011 Christi
3065 2958 3140 3011 sit
3170 2959 3334 3023 Deus,
3369 2964 3427 3012 et

176 3043 278 3107 gula
292 3061 450 3114 opera
475 3047 844 3115 majestatem
866 3046 1040 3116 ipsius
1067 3046 1626 3115 magnitudinemque
1646 3062 1739 3097 co-
1762 3034 1805 3091 Ο
1826 3045 1975 3098 Deus
1998 3051 2285 3098 creaturze.
2334 3045 2440 3097 Sed
2474 3050 2529 3098 et
2560 3045 2677 3115 ipse
2710 3046 2982 3099 Dominus
3020 3047 3215 3100 eadem
3247 3047 3383 3101 dicit
3407 3067 3417 3100 :

172 3140 425 3199 gnoscunt,
475 3136 545 3187 ad
596 3135 945 3187 laudandum
990 3152 1114 3188 eam
1174 3134 1443 3187 miraculo
1500 3133 1744 3203 stuporis

173 3229 449 3292 erumpant.
485 3226 729 3290 (Amor)
762 3224 907 3276 Laus
933 3224 1124 3292 gloriae
1157 3223 1255 3275 Dei
1288 3229 1388 3281 est,
1423 3239 1549 3274 cum
1583 3222 1745 3275 multi

176 3310 505 3379 acquiruntur
523 3312 603 3366 ad
631 3313 817 3365 ﬁdem.
846 3312 991 3365 sicut
1008 3311 1186 3379 gloria
1207 3311 1407 3363 medici
1428 3316 1512 3363 est
1539 3311 1583 3363 si
1608 3312 1747 3363 mul-

174 3406 240 3450 tos
264 3407 427 3465 curet,
477 3402 726 3471 ideoque
775 3401 844 3453 ad
893 3402 1129 3470 gloriam
1173 3401 1271 3453 Dei
1320 3400 1581 3470 pertinet,
1616 3400 1748 3469 quia

174 3493 329 3553 gentes
350 3492 592 3555 vocavit,
612 3496 675 3543 ut
694 3490 893 3543 salutis
915 3506 1029 3542 suae
1047 3489 1323 3542 medelam
1346 3505 1747 3559 consequeren-

170 3587 241 3627 tur
262 3595 353 3646 per
380 3580 555 3633 ﬁdem
591 3579 929 3649 promissam
960 3578 1184 3643 Judaeis,
1224 3577 1447 3647 signum
1477 3577 1745 3631 habentes

175 3664 540 3736 ledemptionis
604 3674 774 3738 atque
825 3667 1167 3720 haereditatis
1220 3666 1439 3719 futurae.
1476 3666 1743 3737 Spiritum

168 3761 387 3808 sanctum
433 3757 645 3810 datum
693 3760 819 3826 post.
863 3756 1226 3826 baptismum.
1262 3756 1555 3825 Redempti
1596 3756 1744 3809 enim

174 3840 384 3897 haerech
410 3846 707 3915 designati
732 3850 882 3909 sunt,
916 3845 959 3897 si
1004 3844 1059 3898 in
1088 3845 1512 3914 regenerationc
1546 3845 1750 3914 perdu-

170 3938 287 3985 rent.
309 3941 367 3986 ut
398 3934 544 3987 ﬁdes
572 3934 758 4006 prima
790 3934 1025 3999 veniam,
1061 3940 1253 3987 sancta
1295 3951 1425 3987 vero
1455 3950 1750 3987 conversa-

170 4017 231 4069 tio
254 4022 565 4090 perdurans
588 4040 720 4075 cum
743 4024 851 4075 ﬁde
882 4039 1145 4076 coronam
1167 4030 1470 4076 mereatur.

221 4109 497 4178 Propterea
528 4118 583 4165 et
618 4129 709 4178 ego
730 4114 961 4164 audiens
986 4111 1151 4181 ﬁdem.
1170 4116 1557 4179 rcstram,quw
1585 4118 1655 4165 est
1691 4115 1747 4164 in

171 4196 366 4252 Domino
392 4203 550 4265 Jesu,
589 4205 637 4254 εἰ
673 4202 1020 4254 dilectionem
1054 4204 1113 4253 in
1158 4217 1342 4253 omnes
1370 4205 1602 4263 sanctos,
1639 4217 1750 4253 non

167 4299 275 4339 ωςεο
284 4293 501 4354 gratias
517 4305 692 4355 agens
704 4306 806 4356 pro
824 4291 985 4351 vobis,
1004 4293 1326 4341 memoriam
1356 4292 1522 4341 rostri
1541 4291 1748 4354 fam’cns

1838 3135 1975 3187 l’ado
2002 3136 2075 3186 ad
2115 3135 2329 3186 Patrem
2376 3150 2557 3186 meum
2596 3139 2641 3186 et
2686 3137 2907 3188 Patrem
2948 3141 3209 3203 vestrum,
3251 3138 3423 3190 Deum

1828 3240 2014 3275 mcunz
2044 3228 2088 3275 et
2123 3224 2292 3275 Dawn
2326 3228 2563 3275 rastrum
2586 3224 3092 3292 (Jaan.xx)..Totius
3109 3241 3240 3295 ergo
3269 3225 3427 3278 clari-

1831 3312 1961 3364 tatis
1993 3316 2153 3381 pater
2180 3316 2282 3377 est,
2322 3311 2451 3381 quia
2483 3311 2552 3363 ab
2581 3311 2701 3381 ipso
2736 3316 2820 3364 est
2869 3313 3052 3365 omnis
3089 3314 3332 3379 claritas,
3372 3318 3429 3367 et

1830 3405 2094 3469 potestas,
2130 3406 2188 3453 et
2207 3400 2470 3469 dignitas.
2490 3401 2587 3453 Est
2608 3407 2664 3453 et
2685 3407 2844 3470 pater
2874 3401 3101 3469 Christi,
3118 3402 3213 3455 sed
3241 3402 3421 3467 aliter,

1830 3489 1963 3558 quia
1991 3489 2079 3541 hic
2107 3506 2270 3542 verus
2304 3489 2451 3542 ﬁlius
2481 3495 2565 3541 est
2594 3494 2649 3541 et
2694 3490 2843 3542 Deus
2872 3490 3145 3554 omnium,
3177 3491 3275 3543 sed
3312 3507 3423 3544 non

1829 3577 1907 3630 ita
1938 3577 2141 3631 Christi
2173 3578 2320 3631 Deus
2342 3584 2443 3630 est.
2480 3577 2569 3630 Sic
2596 3577 2746 3630 enim
2768 3578 2916 3631 Deus
2946 3578 3153 3631 Christi
3175 3584 3277 3644 est,
3294 3578 3427 3649 quia

1830 3667 1977 3719 Deus
2000 3667 2067 3719 de
2090 3667 2203 3719 Deo
2226 3666 2479 3718 Christus
2502 3672 2604 3729 est,
2621 3671 2948 3718 czeterorum
2968 3671 3156 3719 autem
3177 3667 3326 3720 Deus
3342 3674 3427 3720 est

1830 3772 1998 3808 causa
2024 3754 2256 3807 terroris
2278 3773 2290 3821 ;
2315 3754 2458 3806 sicut
2476 3754 2593 3823 ipse
2620 3754 2755 3806 dicit
2775 3754 2831 3806 in
2862 3754 3137 3807 Malachia
3152 3755 3425 3825 propheta

1838 3845 2092 3909 (Ma/ach.
2126 3846 2162 3911 ι)
2197 3861 2207 3894 :
2244 3843 2459 3894 Siljeus
2488 3858 2579 3907 ego
2609 3858 2749 3903 sum,
2788 3844 2885 3894 ubi
2912 3847 2986 3894 est
3032 3845 3201 3896 timor
3231 3858 3382 3896 meus
3401 3850 3424 3895 ?

1837 3932 2037 4000 (Hier)
2062 3932 2234 3985 Porro
2250 3932 2398 3983 Deus
2414 3936 2574 4000 pater
2588 3930 2814 3983 Domini
2834 3930 3012 3984 nostri
3036 3931 3063 3985 J
3070 3948 3167 3984 esu
3191 3931 3420 3993 Christi,

1834 4026 1995 4091 pater
2021 4026 2209 4073 autem
2223 4020 2414 4087 gloriae
2428 4019 2506 4072 ita
2522 4019 3009 4088 intelligendus,ut
3021 4021 3300 4090 quomodo
3320 4021 3426 4076 Do-

1833 4111 2019 4164 minus
2036 4115 2225 4163 noster
2237 4110 2265 4163 J
2272 4125 2397 4162 esus
2419 4109 2676 4161 Christus
2687 4108 2806 4178 ipse
2821 4114 2905 4163 est
2918 4126 3100 4163 sermo
3114 4110 3422 4181 sapientiae,

1833 4200 2055 4265 veritas,
2080 4216 2201 4270 pax,
2224 4198 2465 4268 justitia,
2484 4198 2773 4263 fortitudo,
2800 4198 2919 4270 ipse
2940 4199 3015 4252 sit
3043 4199 3215 4253 etiam
3246 4200 3427 4269 gloria

1832 4289 2136 4341 secundum
2158 4288 2314 4347 illud,
2349 4287 2638 4357 quodalibi
2660 4288 2896 4341 dicitur:
2931 4290 3225 4355 Apparebit
3240 4292 3423 4355 gloria

169 4377 211 4425 in
236 4381 585 4431 orationibus
618 4381 769 4431 meis.
804 4378 1081 4441 Quoniam
1116 4379 1277 4447 juxta
1305 4378 1588 4431 decretura
1622 4377 1741 4442 Dei,
1764 4393 1811 4449 ι)
1832 4379 1945 4439 Dei,
1979 4377 2108 4430 etin
2139 4377 2291 4430 omni
2321 4393 2462 4447 pene
2484 4376 2655 4429 veteri
2685 4377 2805 4444 lege
2821 4375 3089 4446 scriptum
3118 4382 3220 4442 est,
3256 4393 3425 4446 super

169 4477 254 4530 quo
278 4467 474 4520 statuit
503 4472 712 4536 gentes
741 4467 1038 4537 participes
1071 4467 1189 4519 ﬁeri
1222 4467 1606 4537 promissionis
1646 4467 1744 4519 Ju-

165 4549 399 4611 daaorum.
414 4556 626 4609 audito
641 4556 865 4625 Ephesii
881 4555 1045 4608 verbo
1064 4555 1182 4611 Dci.
1199 4560 1566 4625 susceperunt
1581 4556 1746 4607 ﬁdem

168 4638 360 4707 Christi,
375 4644 691 4715 diligentes
709 4661 901 4697 omnes
918 4651 1158 4707 sanctos,
1174 4645 1317 4698 sicut
1338 4644 1625 4697 mandavit
1646 4645 1747 4697 Do-

167 4730 461 4787 minus.Hac
477 4734 555 4786 de
578 4750 749 4787 causa
766 4734 881 4786 Deo
900 4734 1112 4802 gratias
1132 4734 1250 4803 agit
1271 4750 1369 4804 pro
1390 4733 1745 4786 conversione

169 4819 473 4876 etcharitate
490 4840 715 4887 eorum,
727 4822 857 4892 quia
873 4823 1135 4891 dignatus
1146 4829 1434 4891 estgentes
1451 4838 1747 4891 concorpo-

169 4921 263 4959 rare
281 4911 830 4980 Judaeis.(.\I.wnt's.)
850 4912 1115 4981 Magnum
1150 4927 1281 4981 ergo
1313 4910 1743 4981 probamentum

171 5006 232 5045 est
253 4998 371 5051 ﬁdei
402 5000 643 5053 dilectio
676 5001 732 5052 in
757 5006 980 5054 sanctos
1010 5001 1130 5066 Dei,
1164 5016 1264 5071 pro
1298 5016 1409 5070 qua
1437 4999 1604 5052 etiam
1636 4999 1743 5051 ﬁde

168 5080 326 5140 laudat
351 5090 670 5159 Apostolus
704 5090 990 5159 Ephesios.
1018 5089 1198 5159 Igitur
1224 5089 1283 5142 in
1315 5089 1424 5141 alio
1457 5090 1577 5142 loco
1611 5089 1748 5141 dicit

170 5171 283 5235 (Gal.
310 5181 361 5244 κ’)
395 5196 406 5227 :
435 5180 604 5231 Fides
630 5196 750 5245 qua:
770 5195 873 5247 per
896 5181 1235 5231 dilectionem
1270 5183 1745 5246 operatur,osten-

168 5256 275 5313 deus
292 5264 460 5319 ﬁdem
485 5266 635 5319 nihil
654 5267 776 5320 sine
798 5266 1093 5320 dilectione
1113 5268 1384 5338 proﬁcere
1407 5268 1462 5321 in
1484 5273 1646 5321 actate
1662 5285 1746 5320 ra-

172 5347 386 5406 tionabili
403 5356 638 5423 .(Hicr.)
665 5357 729 5409 Ut
748 5358 888 5409 Deus
919 5359 1143 5410 Domini
1173 5360 1352 5410 nostri
1370 5360 1495 5409 Jesu
1518 5359 1742 5419 Ultristi,

170 5436 298 5491 Pater
310 5446 530 5509 gloria,
546 5444 634 5496 det
650 5446 797 5497 robis
817 5448 1083 5514 spiritum
1106 5449 1388 5515 sapientia
1400 5451 1449 5498 ct
1470 5449 1747 5499 revelatio-

175 5528 236 5574 ais
254 5531 305 5581 in
332 5535 695 5598 agnitionem
724 5536 1215 5603 ejus,iuunn‘natos
1230 5538 1409 5589 oculos
1438 5536 1617 5588 cordis
1640 5552 1747 5587 vcs-

555 5632 820 5694 ΡΑτιιοι..
850 5632 981 5694 CXI

1829 4466 2250 4519 tabernaculum
2282 4465 2587 4518 testimonii
2606 4465 2779 4518 visam
2805 4481 2924 4516 esse
2951 4464 3191 4531 gloriam
3220 4464 3342 4529 Dei,
3368 4471 3425 4518 et

1830 4554 2129 4607 Psalmista
2179 4555 2328 4607 canit
2361 4572 2370 4606 :
2399 4554 2659 4620 Exsurge,
2692 4554 2873 4619 gloria
2905 4569 3024 4605 mea
3056 4555 3219 4613 (Psal.
3254 4556 3415 4623 cvn):

1830 4660 1952 4713 qua)
1965 4644 2145 4713 gloria
2164 4643 2487 4696 illuminans
2501 4658 2600 4694 suo
2616 4642 2828 4709 fulgore
2851 4640 3421 4714 mundum,templum

1829 4732 1931 4785 sibi
1944 4733 2012 4785 de
2027 4732 2281 4800 virginali
2297 4740 2455 4783 utero
2471 4729 2739 4783 fabricata
2750 4734 2851 4796 est;
2868 4731 2953 4799 euj
2963 4747 3028 4783 us
3043 4732 3240 4802 templi
3262 4741 3422 4803 pater

1825 4821 2016 4891 gloriae
2045 4820 2284 4874 efﬁcitur
2310 4822 2487 4885 Deus;
2506 4825 2559 4871 et
2581 4817 2675 4871 ubi
2699 4818 2952 4874 Christus
2977 4825 3080 4885 est,
3105 4820 3182 4874 ibi
3198 4828 3421 4875 tantum

1828 4916 1988 4981 pater
2004 4910 2235 4974 dicitur;
2272 4908 2364 4962 ubi
2396 4909 2576 4971 Jesus,
2594 4906 2671 4959 ibi
2700 4908 2845 4961 Deus
2875 4909 2996 4979 ejus
3025 4908 3236 4981 absque
3266 4910 3420 4965 addi-

1828 5004 2077 5052 tamento
2100 5000 2284 5069 aliquo
2299 4996 2640 5051 nominatur.
2657 4997 2767 5051 Iste
2798 4997 2970 5068 igitur
2984 5000 3133 5053 Deus
3149 5000 3420 5069 assumpti

1830 5088 2090 5151 nominis,
2124 5095 2283 5158 pater
2313 5103 2440 5139 vero
2468 5086 2678 5156 gloriae,
2705 5086 3012 5157 sapientize,
3044 5087 3420 5153 veritatis,dat

1829 5177 2184 5231 credentibus
2214 5177 2272 5230 in
2321 5175 2524 5229 Filium
2564 5193 2730 5229 suum
2768 5176 3027 5246 spiritum
3057 5175 3341 5247 sapientiae
3362 5186 3419 5231 et

1830 5265 2274 5331 revelationis,ut
2301 5265 2580 5336 sapientes
2609 5267 2831 5333 ﬁant,et
2854 5264 3101 5319 revelata
3138 5265 3277 5319 facie
3302 5267 3419 5337 glo-

1831 5356 1973 5410 riam
2002 5356 2223 5409 Domini
2254 5355 2721 5426 contemplentur.
2764 5355 2899 5418 Quae
2938 5353 3214 5424 sapientia
3250 5362 3307 5409 et
3335 5374 3420 5409 re-

1830 5445 2031 5499 velatio
2054 5461 2178 5499 cum
2204 5461 2299 5498 eos
2319 5443 2599 5514 sapientes
2641 5443 2893 5509 fecerint,
2924 5448 2983 5497 et
3011 5445 3280 5516 mysteria
3309 5446 3420 5499 illis

1829 5535 2045 5589 occulta
2072 5534 2412 5605 aperuerint,
2432 5534 2622 5587 statim
2654 5531 2910 5603 sequitur
2936 5537 3002 5587 ut
3029 5534 3271 5589 habeant
3300 5534 3422 5587 illu-

3029 5634 3103 5694 13
