3880 6146
494 221 596 280 39$

1088 177 1166 274 sg-
1195 214 1462 274 assam
1503 219 1732 275 MAURI
1773 219 2108 275 ARCHIEP.
2151 194 2475 271 MocUN'r.
2521 211 2820 268 OPEHUII
2855 213 3037 268 usus
3071 215 3168 270 ui.

3606 222 3692 279 396

489 348 736 403 uinctos
762 347 952 399 oculos
981 342 1180 396 cordis.
1216 343 1284 395 Et
1296 359 1361 394 ex
1391 341 1570 395 verbis
1599 343 1964 412 praesentibus
1992 343 2150 411 εἶθ-Α
2169 357 2200 392 a
2229 337 2484 400 mortuis,
2518 343 2574 390 et
2601 336 2730 389 fecit
2772 352 2900 416 eum
2945 337 3004 391 in
3033 339 3260 392 mortuis
3291 341 3533 407 liberum,
3561 345 3692 398 [alia

489 433 1074 509 pmbatursecundum
1087 431 1376 484 exterioris
1387 431 1638 484 membra
1649 431 1908 496 hominis,
1917 432 2086 485 etiam
2169 427 2366 481 mortis
2379 426 2708 494 contagione
2732 427 3068 480 maculatum
3091 445 3102 487 ;
3125 429 3361 498 quotidie
3380 431 3614 485 Christus
3625 449 3696 485 re-

487 523 770 581 intericris
799 521 1044 576 hominis
1074 519 1325 572 membra
1355 520 1463 572 dici
1499 539 1509 574 :
1553 537 1676 574 ecce
1714 520 1862 574 enim
1903 521 2084 574 mani-

486 611 828 668 festccordis
857 609 1048 663 oculos
1086 609 1404 679 appellavit,
1431 625 1570 678 quos
1600 593 1809 680 absque
1828 627 1994 663 sensu
2026 616 2083 662 et

487 706 678 757 mente
704 680 1019 769 intelligere
1047 714 1158 750 non
1190 713 1506 768 possumus.
1561 697 1702 750 Huic
1737 699 1876 752 illud
1922 699 2078 752 Psal-

485 790 668 846 mista:
695 787 954 860 congruit
985 806 996 841 :
1033 790 1306 841 litamina
1334 790 1512 840 oculos
1543 804 1700 851 meos,
1733 804 2074 856 neutiquam

485 881 826 934 obdormiam
859 881 921 931 in
957 882 1129 930 morte
1161 877 1325 942 (Psal.
1351 879 1465 937 xu).
1499 876 1567 929 Et
1595 875 1726 928 alibi
1761 894 1772 928 :
1803 877 2078 944 Sapientis

483 972 628 1022 acu-t1
647 971 712 1021 in
757 969 932 1036 capite
969 969 1084 1034 eius
1139 965 1328 1030 (Ecctc.
1355 963 1432 1034 II).
1476 965 1532 1017 Si
1563 965 1710 1018 enim
1751 965 2078 1034 simpliciter

484 1057 679 1112 oculos
699 1055 885 1110 carnis
899 1053 1221 1125 accipimus,
1247 1053 1442 1124 utique
1457 1071 1567 1106 non
1583 1055 1762 1108 solum
1785 1055 2072 1124 sapientis,

482 1147 583 1201 sed
610 1145 782 1199 etiam
807 1143 1125 1214 insipientis
1145 1142 1288 1195 oculi
1307 1143 1363 1195 in
1382 1142 1562 1212 capite
1582 1144 1703 1212 ejus
1733 1149 1882 1196 sunt.
1897 1145 2079 1212 Caput

482 1235 673 1306 itque
709 1231 998 1305 sapientis,
1027 1248 1226 1286 sensus
1254 1231 1542 1301 accipitur,
1587 1232 1720 1301 quia
1760 1231 1870 1285 alio
1910 1231 2076 1285 verbo

483 1340 662 1388 mens,
693 1330 750 1376 et
783 1321 1027 1386 animus,
1070 1326 1128 1373 et
1171 1320 1477 1391 principale
1519 1320 1702 1374 cordis
1737 1321 2069 1391 appellatur.

481 1412 642 1477 Quod
671 1428 801 1464 vero
821 1410 919 1474 ait,
955 1411 1012 1463 in
1039 1409 1382 1478 agnitionem
1416 1410 1557 1478 ejus,
1590 1409 1646 1462 id
1673 1416 1758 1462 est
1787 1409 2070 1488 ἐπιγνώσιν

481 1503 660 1566 αὐτῶ,
682 1499 916 1570 quidam
945 1498 1026 1551 sic
1060 1497 1407 1566 intelligunt,
1422 1503 1487 1550 ut
1501 1497 1648 1551 inter
1662 1499 1852 1573 γνώσιν
1883 1504 1940 1550 et
1959 1502 2070 1556 ἐπι.

2169 517 2347 585 surgit
2357 534 2390 569 a
2403 515 2642 568 mortuis
2664 514 2932 584 ;quotidie
2946 515 3002 568 in
3016 516 3396 586 paenitentibus
3409 520 3692 587 suscitatur;

2167 623 2278 659 non
2310 623 2418 676 quo
2449 622 2559 658 non
2588 603 2850 657 habuerit
2871 605 3039 658 etiam
3062 607 3219 676 juxta
3245 623 3455 660 carnem
3482 615 3695 678 potesta-

2161 701 2278 747 tem
2321 695 2522 748 animae
2567 711 2683 746 suae
2721 694 2992 763 ponendas
3037 699 3094 748 et
3143 695 3342 750 iterum
3391 699 3696 752 resumenda

2165 787 2343 846 (.loon.
2375 787 2452 850 Χ),
2492 799 2659 836 nemo
2703 783 2906 853 quippe
2939 783 3069 838 tulit
3101 801 3242 850 eam,
3267 784 3371 838 nisi
3405 792 3561 856 ponat
3592 802 3697 840 eam

2161 889 2196 925 a
2225 873 2525 942 semetipso
2551 891 2563 924 :
2599 871 2695 925 sed
2745 888 2856 942 quo
2877 873 3040 942 juxta
3066 873 3521 943 dispensationem.
3542 875 3698 928 carnis

2159 966 2215 1014 et
2254 961 2368 1026 ﬁlii,
2402 962 2568 1015 homo
2599 968 2655 1014 et
2675 961 2848 1015 Filius
2866 979 2900 1015 a
2917 963 3031 1016 Deo
3046 962 3209 1016 Patre
3231 963 3571 1016 resuscitatus
3595 979 3697 1017 esse

2158 1049 2393 1104 dicatur.
2427 1051 2493 1104 Et
2512 1054 2847 1105 constituens
2873 1053 2946 1104 ad
2965 1053 3240 1105 dexteram
3255 1068 3407 1104 suam
3432 1055 3490 1105 in
3514 1055 3699 1106 catasti-

2162 1141 2257 1192 bus
2283 1156 2454 1207 supra
2475 1156 2689 1192 onmem
2701 1143 3082 1207 principatum
3105 1146 3152 1193 et
3170 1143 3536 1208 potestatem,et
3551 1143 3699 1192 uirtu-

2159 1231 2338 1290 lem,ct
2359 1230 2819 1290 dominationem,
2851 1234 2898 1282 et
2926 1242 3084 1282 omne
3109 1245 3299 1282 nomen
3321 1230 3455 1297 quod
3481 1231 3699 1282 nmniM

2158 1323 2255 1369 tur
2286 1334 2394 1370 non
2424 1321 2600 1370 solum
2627 1320 2690 1369 in.
2711 1317 2808 1370 hoc
2825 1321 3034 1380 sarculo,
3055 1320 3144 1371 sed
3170 1324 3218 1371 ct
3241 1320 3296 1370 in
3311 1316 3698 1384 futuro.(Amb.)

2157 1405 2484 1475 Exemplum
2513 1405 2712 1458 salutis
2742 1405 3092 1460 credentium
3120 1414 3176 1460 et
3201 1405 3389 1475 glorise
3405 1405 3459 1459 in
3485 1420 3704 1460 resurre-

2153 1495 2337 1547 ctione
2368 1495 2670 1548 Salvatoris
2717 1495 3023 1548 consistere
3054 1497 3362 1566 proﬁtetur,
3386 1501 3446 1548 ut
3471 1510 3530 1548 ex
3556 1509 3614 1548 ea
3637 1510 3708 1547 co-

481 1588 702 1666 γνώσιν,
731 1588 838 1654 hoc
865 1593 951 1642 est
977 1586 1124 1640 inter
1151 1585 1437 1640 notionem
1470 1591 1526 1639 et
1552 1586 1916 1654 agnitionem,
1935 1587 2071 1642 illud
2093 1659 2132 1666 _
2151 1590 2425 1652 gnoscant
2445 1584 2638 1636 ﬁdeles
2662 1583 2794 1654 quid
2817 1583 2896 1636 eis
2916 1584 3252 1654 promissum
3273 1590 3373 1650 est,
3399 1582 3554 1636 simili
3583 1581 3707 1635 enim

483 1659 722 1743 intorsit,
755 1677 906 1748 quod
935 1675 1089 1730 notio
1109 1675 1223 1728 sive
1253 1675 1454 1728 notitia
1473 1691 1668 1729 eorum
1693 1675 1766 1729 sit
1793 1693 1916 1745 quae
1945 1681 2075 1728 ante
2093 1659 2138 1718 Β
2161 1673 2325 1724 modo
2354 1673 2692 1726 extollentur
2720 1689 2894 1744 supra
2932 1673 3100 1728 caelos
3129 1673 3302 1727 futuri
3341 1688 3463 1726 cum
3500 1669 3706 1734 Christo,

483 1783 594 1822 non
625 1765 957 1830 sciebamus,
981 1771 1038 1818 et
1056 1781 1124 1819 ea
1152 1770 1347 1834 postea
1369 1764 1510 1816 scire
1539 1763 1838 1834 coepimus;
1866 1763 2076 1834 agnitio

481 1870 612 1910 tam
639 1870 854 1920 eorum,
891 1871 1013 1926 quin
1040 1853 1196 1924 prius
1225 1852 1480 1916 scientes,
1511 1853 1771 1923 deinceps
1807 1853 1949 1906 scire
1977 1853 2074 1906 de-

482 1943 732 2008 sinimus,
756 1959 1063 2014 eorumque
1098 1948 1294 2014 postea
1330 1942 1710 2006 recordamur,
1745 1947 1803 1995 et
1831 1941 2075 2012 priorem

483 2033 786 2104 quandam
800 2033 972 2086 vitam
993 2032 1051 2085 in
1070 2030 1388 2085 coelestibus
1405 2030 1772 2102 suspicamur,
1781 2037 2077 2100 postquam

483 2121 542 2176 in
586 2137 822 2193 corpora
848 2121 958 2174 ista
998 2120 1203 2191 dejecti
1233 2124 1290 2173 et
1335 2119 1494 2173 obliti
1541 2119 1640 2174 Dei
1683 2119 1882 2184 Patris,
1933 2135 2080 2172 nunc

481 2225 612 2267 eum
641 2227 744 2281 per
760 2209 1158 2264 revelationem
1177 2208 1556 2278 cognovimus,
1577 2209 1884 2262 secundum
1905 2208 2041 2261 illud
2063 2227 2074 2260 :

483 2301 922 2356 Rominiccentur
950 2304 999 2354 et
1043 2303 1429 2352 convertentur
1457 2299 1532 2351 ad
1573 2299 1699 2351 Dom
1711 2301 1868 2350 illum.
1898 2315 2080 2351 omnes

483 2391 617 2455 ﬁnes
644 2393 803 2443 terra!
831 2390 996 2456 (Psat.
1027 2390 1156 2455 χχι),
1203 2391 1260 2440 et
1305 2393 1507 2441 caetera
1537 2386 1625 2440 his
1672 2387 1878 2440 similia
1909 2387 2079 2456 repli-

483 2483 695 2532 cantes.
1766 2466 1773 2476 ’

559 2566 623 2620 Ut
643 2567 830 2619 sciatis
849 2581 968 2633 qua;
985 2567 1059 2617 sit
1076 2579 1189 2632 spes
1210 2567 1507 2617 vocationis
1533 2567 1719 2632 cjus,et
1741 2582 1859 2632 quae
1877 2567 2082 2618 div-itis

483 2656 675 2722 gtoria
701 2653 1033 2707 harndimn‘s
1057 2656 1172 2720 ejus
1204 2656 1268 2705 in
1295 2655 1520 2717 sanctis,
1554 2659 1601 2706 et
1643 2670 1760 2720 qua?
1788 2655 1857 2706 sit
1898 2669 2083 2720 super-

486 2743 734 2797 eminens
751 2742 1078 2808 magnitudo
1099 2743 1249 2794 virtu
1258 2744 1326 2793 tis
1343 2745 1460 2808 ejus
1483 2744 1545 2794 in
1569 2757 1678 2804 nos,
1690 2745 1788 2808 qui
1807 2744 2082 2794 credimus

484 2831 786 2886 secundum
817 2831 1182 2897 operationem
1211 2833 1462 2896 potentia)
1495 2832 1719 2882 virtutis
1749 2834 1884 2897 ejus,
1913 2847 2079 2898 quam.

485 2924 737 2988 emat-us
751 2924 828 2973 est
847 2919 910 2972 in
942 2917 1170 2974 Christo.
1187 2921 1461 2970 suscitans
1477 2921 1637 2971 illum
1657 2935 1692 2971 ιι
1711 2922 1962 2971 mortuis.
1979 2919 2081 2973 Cui

2158 1760 2305 1814 sicut
2323 1761 2442 1831 ipse
2471 1761 2610 1814 dicit
2643 1779 2653 1813 :
2681 1764 2863 1826 Pater,
2901 1765 3017 1817 uolo
3051 1767 3114 1816 ut
3155 1764 3251 1815 ubi
3277 1778 3366 1830 ego
3403 1763 3566 1828 fuero,
3597 1764 3640 1811 et
3663 1759 3712 1811 hi

2158 1866 2369 1903 mecum
2397 1854 2530 1915 sint,
2567 1855 2616 1904 et
2644 1852 2869 1907 videant
2896 1854 3134 1917 gloriam
3158 1867 3330 1904 nicavit
3371 1851 3542 1915 (Joaa.
3570 1850 3708 1911 XVII);

2160 1938 2263 1992 hoc
2294 1944 2522 2008 propter
2548 1938 2990 1993 incarnationem
3019 1939 3146 1994 Filii
3175 1926 3294 2001 Dei,
3313 1947 3375 1992 ut
3393 1937 3550 1991 etiam
3573 1937 3712 1989 homo

2159 2026 2356 2092 factus,
2392 2045 2560 2098 super
2616 2045 2812 2082 omnes
2843 2029 3011 2082 caelos
3051 2046 3176 2083 esse
3217 2029 3450 2090 dicatur,
3483 2033 3536 2079 et
3573 2039 3716 2096 super

2161 2123 2418 2169 cunctam
2447 2124 2762 2170 creaturam
2785 2118 2987 2171 sedens
3006 2118 3078 2171 ad
3099 2118 3386 2172 dexteram
3404 2115 3517 2179 Dei,
3537 2113 3716 2166 habens

2163 2221 2366 2258 nomen
2398 2205 2497 2258 Dei
2539 2223 2639 2276 per
2671 2211 2953 2271 naturam,
2989 2223 3102 2260 non
3151 2223 3252 2278 per
3295 2204 3646 2276 adoptionem,
3667 2209 3719 2254 ut

2163 2301 2500 2362 cognoscant
2529 2311 2650 2349 esse
2679 2295 2836 2348 illum
2873 2295 3076 2348 Filium
3110 2296 3231 2360 Dei,
3268 2295 3360 2365 qui
3397 2294 3548 2347 illum
3573 2289 3720 2344 cruci-

2165 2367 2430 2449 tixerunt;
2471 2384 2650 2437 honor
2675 2385 2844 2448 enim,
2871 2401 3039 2454 quem
3067 2385 3151 2438 illi
3175 2383 3332 2438 dedit
3355 2385 3516 2437 Pater
3535 2396 3625 2452 per
3645 2395 3720 2450 ge—

2164 2473 2532 2536 nerationem,
2557 2479 2691 2527 tunc
2710 2473 3101 2528 manifestatus
3123 2480 3229 2539 est,
3250 2490 3377 2527 cum
3399 2476 3557 2526 natus
3581 2471 3720 2522 homo

2166 2577 2364 2630 passus
2396 2568 2498 2627 est,
2535 2568 2609 2626 et,
2667 2563 2812 2616 victa
2858 2569 3057 2628 morte,
3103 2560 3430 2626 resurrexit,
3455 2559 3723 2614 ascendens

2167 2652 2312 2704 unde
2337 2652 2720 2716 descenderat,
2747 2669 2920 2722 supra
2948 2669 3144 2706 omnes
3167 2653 3356 2708 cados.
3381 2649 3532 2704 Unde
3543 2649 3722 2702 dictum

2165 2745 2268 2805 est,
2294 2741 2428 2810 quia
2454 2744 2734 2794 rcritasdc
2755 2748 2908 2794 terra
2923 2748 3048 2795 orta
3074 2747 3148 2795 est
3181 2746 3346 2810 (Psat.
3368 2743 3582 2806 Lxxxw)
3600 2735 3726 2808 gquia

2165 2828 2315 2882 enim
2374 2846 2540 2882 omne
2601 2829 2878 2898 judicium
2925 2830 3094 2884 Pater
3141 2831 3286 2884 Filio
3341 2827 3509 2894 dedit,
3551 2825 3726 2880 idcirco

2165 2918 2236 2970 ad
2261 2918 2547 2972 dexteram
2579 2919 2676 2972 Dei
2710 2920 2904 2973 sedere
2930 2919 3138 2973 dicitur
3167 2920 3330 2991 quasi
3355 2917 3538 2989 judex.
3558 2917 3727 2984 (Πίον.)

485 2978 659 3062 semel
681 3008 848 3078 juxta
886 3004 1198 3060 orationem
1247 3007 1406 3060 Pauli
1437 3007 1602 3059 datus
1648 3006 1819 3060 fuerit
1847 3007 2078 3077 spiritus
2103 2978 2145 3037 Ο
2165 3007 2272 3060 Per
2290 3007 2593 3061 humanam
2617 3007 3045 3062 similitudinem
3059 3009 3158 3062 Dei
3179 2978 3490 3080 potentiam
3503 2978 3730 3060 demons-

483 3096 772 3168 sapientiae
793 3101 850 3149 et
876 3094 1250 3161 revelationis,
1268 3103 1331 3148 ut
1350 3095 1560 3166 apertis
1583 3096 1756 3149 oculis
1785 3097 1968 3150 cordis
1995 3114 2080 3150 as-

484 3184 670 3257 piciat,
704 3184 811 3238 iste
856 3185 995 3238 sciet
1022 3201 1144 3254 quae
1177 3185 1420 3255 reposita
1450 3191 1582 3238 sunt
1610 3185 1836 3248 vocatis,
1872 3191 1927 3238 et
1957 3202 2079 3256 qum

483 3273 766 3345 speranda
787 3273 994 3328 sanctis
1019 3273 1116 3326 Dei
1146 3292 1158 3326 :
1185 3290 1305 3344 qua:
1338 3273 1695 3326 abundanter
1714 3279 1771 3327 et
1794 3275 1946 3342 large
1971 3274 2072 3338 his,

484 3361 581 3434 qui
610 3360 994 3416 heredi-tatem
1033 3362 1210 3433 ipsius
1256 3362 1554 3427 sustinent,
1582 3369 1668 3415 est
1696 3362 1931 3416 daturus
1959 3382 1969 3415 :
2007 3364 2073 3417 ad

481 3467 652 3524 quam
681 3451 940 3506 notitiam
957 3451 1284 3521 magnitudo
1306 3451 1526 3506 virtutis
1541 3452 1639 3505 Dei
1667 3459 1751 3505 est
1771 3453 2082 3506 necessaria

483 3541 574 3596 his
587 3541 682 3612 qui
693 3540 1292 3611 juxta-similitudinem
1310 3541 1471 3596 Pauli
1483 3532 1774 3594 credentes
1791 3549 2074 3608 vocantur;

483 3646 584 3702 per
606 3645 776 3702 quam
805 3635 1069 3701 operatus
1085 3635 1174 3683 est
1199 3630 1420 3684 Deusin
1443 3629 1663 3684 Christo
1695 3631 1720 3683 J
1727 3647 1825 3684 esu
1844 3630 2078 3684 Domino

483 3725 694 3785 nostro,
729 3729 897 3790 quem
939 3735 973 3772 a
1015 3719 1252 3773 mortuis
1296 3719 1602 3773 suscitavit.
1637 3719 1948 3790 Dupliciter
1975 3737 2075 3773 au-

482 3815 598 3862 tem
626 3807 988 3880 intelligenda
1020 3808 1334 3864 heereditas.
1369 3809 1480 3862 sive
1503 3809 1650 3880 quod
1672 3809 2076 3878 primogenitus

483 3897 666 3951 omnis
696 3904 964 3951 creaturae
991 3897 1286 3951 haereditas
1316 3897 1389 3950 sit
1413 3897 1614 3951 animm
1643 3897 1866 3952 Domini
1899 3900 2074 3952 nostri

481 3986 614 4038 Jesu
639 3984 866 4049 Christi,
885 3990 946 4036 et
973 3985 1096 4052 ejus
1119 3985 1212 4054 qui
1231 4000 1295 4036 ex
1317 4001 1548 4054 corpore
1571 3989 1627 4037 et
1647 3985 1835 4038 anima
1865 4003 2076 4039 assmu-

477 4077 608 4142 pt'us
633 4077 720 4126 est
742 4071 1006 4137 hominis,
1026 4089 1238 4145 nosque
1254 4089 1380 4125 cum
1401 4072 1728 4126 haereditate
1747 4073 1948 4128 animae
1970 4075 2076 4128 hae-

482 4160 788 4215 reditemus
817 4159 1063 4214 Verbum
1097 4179 1108 4214 :
1143 4161 1257 4213 sive
1282 4161 1427 4229 quod.
1451 4161 1506 4213 in
1533 4161 1754 4215 Christo
1781 4163 2074 4217 luereditas

479 4255 676 4304 nostra
693 4249 768 4304 sit
795 4247 978 4303 Patris
1007 4255 1064 4302 et
1093 4247 1218 4302 Filii
1247 4254 1303 4301 et
1335 4248 1573 4318 Spiritus
1602 4250 1776 4302 sancti
1804 4267 1916 4303 una
1935 4251 2074 4304 divi-

481 4339 648 4406 nitas,
673 4344 738 4394 ut
763 4339 1042 4411 quomodo
1061 4343 1333 4391 vocantur
1348 4337 1646 4391 hiereditas
1659 4339 1954 4392 domorum
1987 4347 2074 4394 at-

481 4445 589 4500 que
619 4429 900 4494 villarum,
933 4445 999 4482 ea
1030 4428 1154 4499 ipsa
1181 4443 1303 4497 qua:
1339 4425 1410 4480 ab
1440 4427 1752 4481 haeredibus
1785 4428 2072 4498 possiden-

481 4525 593 4583 tur,
625 4519 705 4572 sic
734 4519 853 4590 ipse
883 4519 1032 4573 Deus
1077 4517 1373 4573 haereditas
1410 4517 1758 4570 credentium
1804 4518 1878 4570 sit
1906 4525 2074 4589 atque

480 4611 821 4660 sanctorum.
857 4609 1138 4679 Scriptum
1171 4611 1258 4662 est
1277 4613 1333 4660 et
1365 4605 1420 4660 in
1449 4606 1638 4660 Veteri
1675 4607 2071 4662 Testamento:

480 4695 637 4748 Filii:
667 4700 851 4748 autem
881 4698 1004 4749 Levi
1025 4713 1135 4751 non
1165 4697 1368 4750 dabitis
1407 4697 1772 4750 ha'rerlitctcm
1806 4701 1866 4750 in
1902 4699 2074 4751 medio

481 4782 732 4848 fratrum
757 4797 1007 4846 suormn,
1027 4789 1161 4852 quia
1183 4802 1272 4853 ego
1287 4802 1418 4854 pars
1449 4801 1637 4838 eorum
1672 4787 1860 4852 (Nam.
1898 4792 2068 4852 XVIII).

482 4867 551 4926 Et
601 4869 776 4924 alibi:
814 4871 1083 4924 Dominus
1137 4875 1422 4928 hereditas
1464 4891 1672 4928 eorum.
1721 4875 1789 4928 Et
1824 4881 2067 4941 sanctus,

481 4959 580 5032 qui
605 4966 762 5014 extra
785 4958 962 5012 Deum
986 4959 1122 5013 nihil
1155 4960 1359 5016 habere
1395 4963 1567 5028 novit,
1603 4964 1868 5016 audacter
1893 4965 2073 5036 loqui-

2159 3096 2346 3156 travit,
2373 3113 2483 3148 non
2524 3114 2633 3166 quo
2663 3097 2865 3151 solium
2895 3103 3138 3168 ponatur
3171 3105 3228 3152 et
3248 3100 3397 3152 Deus
3418 3098 3574 3150 Pater
3600 3093 3652 3147 in
3677 3107 3730 3146 eo

2160 3186 2371 3246 sedeat,
2392 3203 2691 3256 secumque
2724 3186 2901 3240 ﬁlium
2926 3187 3131 3240 habeat
3152 3187 3518 3240 residentem:
3535 3183 3624 3238 sed
3639 3197 3732 3252 quo

2161 3290 2262 3326 nos
2294 3273 2458 3327 aliter
2477 3275 2824 3344 judicantem
2845 3281 3015 3346 atque
3037 3283 3398 3346 regnantem,
3415 3275 3522 3328 nisi
3538 3289 3631 3344 per
3649 3286 3729 3324 no—

2160 3371 2277 3416 stra
2294 3363 2460 3416 verba
2483 3363 2793 3433 intelligere
2824 3381 3188 3434 nequeamus.
3208 3366 3302 3419 Ad
3326 3366 3429 3419 hoc
3454 3363 3678 3436 pertinet
3691 3367 3734 3412 et

2162 3452 2299 3505 illud
2331 3453 2476 3524 quod
2510 3453 2566 3506 in
2589 3455 2894 3507 centesimo
2917 3470 3064 3507 nono
3095 3455 3320 3525 psalmo
3350 3455 3610 3524 scriptum
3625 3455 3730 3505 est:

2164 3543 2312 3594 [)iril.
2347 3544 2612 3595 Dominus
2648 3545 2878 3596 Domino
2922 3560 3040 3596 meo
3073 3563 3088 3596 :
3134 3545 3270 3598 Sede.
3309 3561 3344 3598 ιι
3374 3547 3576 3598 dextris
3602 3543 3734 3594 meis.

2161 3637 2264 3683 etc.
2291 3631 2349 3684 Si
2369 3631 2518 3684 enim
2535 3633 2698 3702 juxta
2712 3631 3001 3700 regnantis
3023 3633 3286 3686 habitum
3302 3633 3477 3688 Filius
3490 3631 3558 3686 ad
3577 3628 3735 3684 Patris

2160 3719 2445 3774 dexteram
2460 3721 2633 3784 sedet,
2643 3737 2867 3774 necesse
2880 3727 2968 3776 est
2984 3729 3048 3775 ut
3051 3723 3214 3792 juxta
3227 3723 3492 3778 eamdem
3507 3719 3739 3774 similitu-

2159 3809 2346 3862 dinem
2378 3811 2560 3880 major
2577 3810 2651 3862 sit
2670 3809 2738 3863 ab
2761 3827 2826 3864 eo
2858 3811 2951 3881 qui
2985 3811 3041 3864 in
3073 3811 3210 3865 laeva
3231 3819 3398 3883 parte
3429 3807 3734 3865 consederit.

2159 3897 2316 3959 Quod
2340 3905 2404 3950 ut
2421 3898 2660 3950 sciamus
2676 3899 2842 3952 aliter
2855 3899 3095 3970 intelligi
3113 3915 3286 3970 quam
3306 3901 3499 3956 littera
3517 3899 3736 3952 resonat.

2159 3985 2308 4038 idem
2329 3987 2578 4056 psalmus
2599 3987 2655 4039 in
2677 3987 3147 4057 consequentibus
3171 3989 3356 4056 docet,
3373 3990 3593 4043 dicens:
3617 3988 3739 4041 Tim

2155 4076 2400 4128 sacerdos
2414 4079 2468 4128 in
2483 4081 2649 4130 cetera
2659 4093 2769 4140 um,
2782 4078 2912 4130 Dom
2920 4079 3048 4130 inus
3061 4093 3098 4130 a
3108 4077 3320 4132 deirtris
3334 4073 3741 4142 tuis.Quomod0

2157 4163 2326 4227 enim,
2357 4181 2481 4217 cum
2501 4164 2674 4218 Filius
2700 4165 2880 4218 Patris
2895 4181 2930 4217 a
2943 4165 3152 4219 dextris
3171 4167 3388 4232 sedeat,
3407 4183 3627 4221 rursum
3649 4164 3740 4217 Pa-

2157 4256 2245 4304 ter
2275 4269 2310 4305 a
2339 4252 2548 4307 dextris
2577 4255 2700 4323 ejus
2730 4270 2849 4308 esse
2871 4253 3198 4324 perhibetur
3211 4256 3234 4307 Τ
3269 4263 3373 4310 aut
3403 4273 3515 4327 qua
3547 4253 3740 4308 ratione

2157 4345 2310 4394 terra
2339 4341 2644 4396 seabcllum
2674 4349 2761 4396 est
2789 4343 2994 4413 pedum
3027 4345 3165 4414 ejus.
3202 4351 3260 4398 et
3289 4346 3501 4400 cmlum
3526 4346 3744 4398 thronus

2156 4429 2352 4500 ipsius.
2360 4448 2486 4484 cum
2497 4437 2706 4486 terram
2719 4433 3024 4486 secundum
3039 4433 3240 4488 Isaiam
3250 4435 3469 4504 pugillo
3479 4433 3745 4488 continere

2157 4519 2392 4584 dicatur,
2401 4527 2457 4573 et
2473 4521 2672 4574 ccelum
2685 4521 2885 4591 palmis
2897 4522 3219 4576 extensione
3241 4525 3434 4578 metiri
3451 4525 3599 4578 ?Non
3611 4521 3744 4574 enim

2157 4615 2342 4678 potest
2362 4610 2511 4663 intra
2539 4609 2595 4662 id
2618 4627 2758 4676 esse,
2793 4611 2942 4680 quod
2971 4611 3041 4664 ab
3069 4613 3264 4665 eodem
3294 4613 3636 4674 continetur,
3657 4623 3748 4662 nec

2155 4697 2214 4751 in
2237 4715 2406 4752 manu
2436 4699 2712 4754 inclusum
2743 4704 2952 4762 tenere,
2990 4716 3024 4752 a
3055 4717 3164 4772 quo
3191 4700 3310 4772 ipse
3327 4703 3498 4772 juxta
3519 4696 3750 4754 sedentis

2156 4786 2411 4841 habitum
2459 4787 2854 4842 circumdetur.
2893 4789 3050 4843 Sicut
3077 4805 3210 4862 ergo
3259 4791 3586 4860 proximum
3637 4801 3748 4840 esse

2158 4877 2290 4942 Deo,
2316 4877 2402 4930 vel
2431 4876 2501 4930 ab
2531 4893 2596 4930 eo
2628 4879 2818 4948 procul
2842 4878 3120 4940 recedere,
3141 4895 3253 4932 non
3275 4880 3592 4934 secundum
3611 4879 3748 4931 ioco-

2157 4981 2282 5019 rum
2311 4966 2510 5036 spatia,
2543 4967 2639 5020 sed
2663 4968 2822 5035 juxta
2853 4966 3056 5020 merita
3078 4969 3440 5022 sentiendum
3472 4975 3576 5034 est,
3611 4963 3747 5036 quod

480 5055 602 5105 uir:
628 5051 765 5105 Pars
781 5065 902 5102 mea
917 5050 1370 5112 Dominus,et:tu
1387 5069 1438 5104 es
1451 5069 1582 5120 pars
1599 5055 1931 5106 [imre-(litatis
1952 5071 2077 5108 mem
2157 5057 2333 5109 sancti
2358 5057 2519 5126 juxta
2548 5072 2676 5110 eum
2713 5056 2828 5110 sint
2859 5075 2869 5110 :
2912 5063 3232 5128 peccatores
3263 5075 3414 5122 vero,
3455 5057 3528 5112 de
3561 5055 3750 5128 quibus

482 5145 531 5192 et
552 5141 740 5192 salicis
764 5141 870 5192 mei
892 5139 1056 5204 (Psat.
1093 5141 1206 5204 xv).
1244 5139 1370 5193 Non
1404 5157 1536 5210 ergo
1579 5142 1732 5212 parvi
1763 5141 1934 5196 studii
1967 5150 2068 5209 est,
2157 5144 2237 5198 ait
2265 5144 2580 5217 Propheta:
2617 5147 2744 5200 Ecce
2781 5150 2879 5215 qui
2921 5150 3179 5214 etongant
3207 5165 3259 5200 se
3295 5163 3329 5201 a
3381 5153 3452 5214 te,
3497 5147 3748 5215 peribunt

481 5231 548 5280 ut
572 5227 816 5281 sciamus
843 5243 999 5297 spem
1027 5225 1330 5280 vocationis
1351 5235 1409 5282 et
1435 5229 1658 5283 divitias
1682 5231 1874 5300 gloriae
1897 5231 2072 5285 lnere-
2159 5236 2322 5299 (Psat.
2348 5239 2535 5304 Lxxu),
2571 5235 2643 5288 ab
2664 5237 2816 5289 omni
2847 5237 2970 5305 ejus
2989 5235 3192 5290 vicinia
3217 5236 3630 5292 submoventur
3652 5231 3757 5300 ;sic

481 5313 674 5368 ditatis
691 5315 793 5370 Dei
809 5315 868 5370 in
883 5315 1108 5371 sanctis.
1129 5315 1206 5370 Ea
1223 5316 1757 5388 quippeindigemus
1773 5320 1843 5373 ad
1855 5320 1970 5374 haec
1988 5338 2075 5374 co-
2158 5327 2215 5375 et
2243 5322 2302 5378 in
2334 5323 2544 5378 dextris
2572 5329 2672 5377 aut
2709 5324 2766 5378 in
2795 5324 3040 5378 sinistris
3072 5325 3173 5379 Dei
3213 5343 3333 5380 esse
3361 5323 3754 5396 accipiendum

479 5404 1152 5476 gaesosndavirtuto,qua
1167 5403 1338 5458 etiam
1353 5404 1412 5459 in
1424 5407 1538 5460 tilio
1550 5424 1656 5462 suo
1673 5409 1821 5462 Deus
1842 5417 2075 5464 ususest
2157 5416 2260 5478 est,
2295 5413 2444 5483 quod
2474 5412 2650 5466 sancti
2681 5429 2715 5466 a
2743 5413 2953 5467 dextris
2982 5415 3105 5484 ejus
3133 5415 3264 5481 sint,
3287 5419 3757 5487 peccatoresvero

399 5540 407 5546 .
480 5491 822 5559 suscitando,
859 5509 1027 5566 quem
1051 5493 1348 5550 suscitavit
1365 5510 1478 5548 non
1505 5499 1700 5560 semel,
1724 5499 1821 5553 sed
1851 5515 2074 5570 semper
2157 5517 2190 5554 a
2217 5501 2489 5563 sinistris;
2524 5501 2813 5557 Sa-lvatere
2831 5517 3054 5574 quoque
3081 5503 3138 5558 id
3171 5504 3356 5576 ipsum
3373 5499 3758 5572 iii-Evangelia
