  <div class='ocr_page' id='page_1' title='image "/cluster/home/n/w/nwhite01/storage/ocr_20150623/112/hvd.32044054759774/204.png"; bbox 0 0 3892 6158; ppageno 0'>
   <div class='ocr_carea' id='block_1_1' title="bbox 226 302 389 360">
    <p class='ocr_par' dir='ltr' id='par_1_1' title="bbox 226 302 389 360">
     <span class='ocr_line' id='line_1_1' title="bbox 226 302 389 360; baseline -0.043 0"><span class='ocrx_word' id='word_1_1' title='bbox 226 302 389 360; x_wconf 80' lang='lat'>398.</span> 
     </span>
    </p>
   </div>
   <div class='ocr_carea' id='block_1_2' title="bbox 569 284 2988 358">
    <p class='ocr_par' dir='ltr' id='par_1_2' title="bbox 569 284 2988 358">
     <span class='ocr_line' id='line_1_2' title="bbox 569 284 2988 358; baseline -0 -3"><span class='ocrx_word' id='word_1_2' title='bbox 569 284 1148 357; x_wconf 71' lang='lat' dir='ltr'>ENAaaArIONUM</span> <span class='ocrx_word' id='word_1_3' title='bbox 1184 300 1263 358; x_wconf 84' lang='lat' dir='ltr'>IN</span> <span class='ocrx_word' id='word_1_4' title='bbox 1301 302 1454 358; x_wconf 80' lang='lat' dir='ltr'>EPP.</span> <span class='ocrx_word' id='word_1_5' title='bbox 1494 304 1709 358; x_wconf 65' lang='lat' dir='ltr'>psum</span> <span class='ocrx_word' id='word_1_6' title='bbox 1754 305 1889 357; x_wconf 88' lang='lat' dir='ltr'>LIB.</span> <span class='ocrx_word' id='word_1_7' title='bbox 1930 304 2102 357; x_wconf 78' lang='lat' dir='ltr'>xvn.</span> <span class='ocrx_word' id='word_1_8' title='bbox 2135 334 2199 342; x_wconf 89' lang='grc'>--</span> <span class='ocrx_word' id='word_1_9' title='bbox 2230 302 2309 356; x_wconf 74' lang='lat' dir='ltr'>IN</span> <span class='ocrx_word' id='word_1_10' title='bbox 2346 301 2565 357; x_wconf 82' lang='lat' dir='ltr'>EPIST.</span> <span class='ocrx_word' id='word_1_11' title='bbox 2609 304 2704 356; x_wconf 61' lang='lat' dir='ltr'>an</span> <span class='ocrx_word' id='word_1_12' title='bbox 2744 303 2988 356; x_wconf 70' lang='lat' dir='ltr'>senss.</span> 
     </span>
    </p>
   </div>
   <div class='ocr_carea' id='block_1_3' title="bbox 3316 299 3418 357">
    <p class='ocr_par' dir='ltr' id='par_1_3' title="bbox 3316 299 3418 357">
     <span class='ocr_line' id='line_1_3' title="bbox 3316 299 3418 357; baseline 0 0"><span class='ocrx_word' id='word_1_13' title='bbox 3316 299 3418 357; x_wconf 77' lang='lat'>399</span> 
     </span>
    </p>
   </div>
   <div class='ocr_carea' id='block_1_4' title="bbox 228 426 3420 501">
    <p class='ocr_par' dir='ltr' id='par_1_4' title="bbox 228 426 3420 501">
     <span class='ocr_line' id='line_1_4' title="bbox 228 426 3420 501; baseline 0.001 -21"><span class='ocrx_word' id='word_1_14' title='bbox 228 426 542 497; x_wconf 85' lang='lat' dir='ltr'>comprobante</span> <span class='ocrx_word' id='word_1_15' title='bbox 575 428 787 492; x_wconf 66' lang='lat' dir='ltr'>(.llollh.</span> <span class='ocrx_word' id='word_1_16' title='bbox 821 434 966 494; x_wconf 76' lang='lat' dir='ltr'>xxv),</span> <span class='ocrx_word' id='word_1_17' title='bbox 1000 444 1126 480; x_wconf 90' lang='lat' dir='ltr'>cum</span> <span class='ocrx_word' id='word_1_18' title='bbox 1157 445 1284 481; x_wconf 87' lang='lat' dir='ltr'>oves</span> <span class='ocrx_word' id='word_1_19' title='bbox 1316 446 1347 481; x_wconf 88' lang='lat' dir='ltr'>a</span> <span class='ocrx_word' id='word_1_20' title='bbox 1378 429 1606 492; x_wconf 75' lang='lat' dir='ltr'>dextris,</span> <span class='ocrx_word' id='word_1_21' title='bbox 1629 429 1741 482; x_wconf 71' lang='lat' dir='ltr'>lltB-</span> <span class='ocrx_word' id='word_1_22' title='bbox 1757 434 1802 491; x_wconf 84' lang='lat' dir='ltr'><strong>A</strong></span> <span class='ocrx_word' id='word_1_23' title='bbox 1821 433 1937 493; x_wconf 83' lang='lat' dir='ltr'>nia,</span> <span class='ocrx_word' id='word_1_24' title='bbox 1962 435 2095 483; x_wconf 75' lang='lat' dir='ltr'>tunc</span> <span class='ocrx_word' id='word_1_25' title='bbox 2125 434 2171 482; x_wconf 84' lang='lat' dir='ltr'>et</span> <span class='ocrx_word' id='word_1_26' title='bbox 2205 432 2313 495; x_wconf 79' lang='lat' dir='ltr'>ipse</span> <span class='ocrx_word' id='word_1_27' title='bbox 2340 429 2515 482; x_wconf 80' lang='lat' dir='ltr'>Filius</span> <span class='ocrx_word' id='word_1_28' title='bbox 2535 430 2863 496; x_wconf 69' lang='lat' dir='ltr'>subjiciatur</span> <span class='ocrx_word' id='word_1_29' title='bbox 2882 430 2932 482; x_wconf 81' lang='lat' dir='ltr'>ei</span> <span class='ocrx_word' id='word_1_30' title='bbox 2952 431 3050 496; x_wconf 81' lang='lat' dir='ltr'>qui</span> <span class='ocrx_word' id='word_1_31' title='bbox 3067 429 3295 496; x_wconf 72' lang='lat' dir='ltr'>subjecit</span> <span class='ocrx_word' id='word_1_32' title='bbox 3312 428 3420 501; x_wconf 55' lang='lat' dir='ltr'>sibi</span> 
     </span>
    </p>
   </div>
   <div class='ocr_carea' id='block_1_5' title="bbox 224 514 1745 587">
    <p class='ocr_par' dir='ltr' id='par_1_5' title="bbox 224 514 1745 587">
     <span class='ocr_line' id='line_1_5' title="bbox 224 514 1745 587; baseline 0.002 -19"><span class='ocrx_word' id='word_1_33' title='bbox 224 518 294 569; x_wconf 85' lang='lat' dir='ltr'>dos</span> <span class='ocrx_word' id='word_1_34' title='bbox 321 532 416 569; x_wconf 76' lang='lat' dir='ltr'>esse</span> <span class='ocrx_word' id='word_1_35' title='bbox 456 532 487 567; x_wconf 86' lang='lat' dir='ltr'>a</span> <span class='ocrx_word' id='word_1_36' title='bbox 529 514 772 568; x_wconf 80' lang='lat' dir='ltr'>sinistris</span> <span class='ocrx_word' id='word_1_37' title='bbox 813 524 1101 569; x_wconf 80' lang='lat' dir='ltr'>memoret.</span> <span class='ocrx_word' id='word_1_38' title='bbox 1125 517 1254 569; x_wconf 81' lang='lat' dir='ltr'>-Sed</span> <span class='ocrx_word' id='word_1_39' title='bbox 1292 517 1475 587; x_wconf 89' lang='lat' dir='ltr'>ipsum</span> <span class='ocrx_word' id='word_1_40' title='bbox 1516 517 1745 571; x_wconf 80' lang='lat' dir='ltr'>verbum</span> 
     </span>
    </p>
   </div>
   <div class='ocr_carea' id='block_1_6' title="bbox 223 604 1744 676">
    <p class='ocr_par' dir='ltr' id='par_1_6' title="bbox 223 604 1744 676">
     <span class='ocr_line' id='line_1_6' title="bbox 223 604 1744 676; baseline 0.001 -18"><span class='ocrx_word' id='word_1_41' title='bbox 223 608 351 658; x_wconf 61' lang='lat' dir='ltr'>sedere</span> <span class='ocrx_word' id='word_1_42' title='bbox 370 604 503 674; x_wconf 81' lang='lat' dir='ltr'>regni</span> <span class='ocrx_word' id='word_1_43' title='bbox 536 605 813 674; x_wconf 78' lang='lat' dir='ltr'>signiﬁcat</span> <span class='ocrx_word' id='word_1_44' title='bbox 844 612 1198 675; x_wconf 77' lang='lat' dir='ltr'>potestatem.</span> <span class='ocrx_word' id='word_1_45' title='bbox 1223 623 1325 675; x_wconf 85' lang='lat' dir='ltr'>per</span> <span class='ocrx_word' id='word_1_46' title='bbox 1345 623 1510 676; x_wconf 82' lang='lat' dir='ltr'>quam</span> <span class='ocrx_word' id='word_1_47' title='bbox 1534 606 1744 659; x_wconf 79' lang='lat' dir='ltr'>beneﬁ-</span> 
     </span>
    </p>
   </div>
   <div class='ocr_carea' id='block_1_7' title="bbox 221 693 1739 764">
    <p class='ocr_par' dir='ltr' id='par_1_7' title="bbox 221 693 1739 764">
     <span class='ocr_line' id='line_1_7' title="bbox 221 693 1739 764; baseline 0.002 -19"><span class='ocrx_word' id='word_1_48' title='bbox 221 696 327 746; x_wconf 86' lang='lat' dir='ltr'>cium</span> <span class='ocrx_word' id='word_1_49' title='bbox 344 694 408 745; x_wconf 86' lang='lat' dir='ltr'>eis</span> <span class='ocrx_word' id='word_1_50' title='bbox 425 694 565 746; x_wconf 84' lang='lat' dir='ltr'>Deus</span> <span class='ocrx_word' id='word_1_51' title='bbox 586 693 800 751; x_wconf 75' lang='lat' dir='ltr'>tribuit.</span> <span class='ocrx_word' id='word_1_52' title='bbox 826 712 995 764; x_wconf 83' lang='lat' dir='ltr'>super</span> <span class='ocrx_word' id='word_1_53' title='bbox 1010 694 1209 764; x_wconf 79' lang='lat' dir='ltr'>quibus</span> <span class='ocrx_word' id='word_1_54' title='bbox 1226 695 1420 748; x_wconf 82' lang='lat' dir='ltr'>sedere</span> <span class='ocrx_word' id='word_1_55' title='bbox 1441 696 1704 764; x_wconf 75' lang='lat' dir='ltr'>dignatur</span> <span class='ocrx_word' id='word_1_56' title='bbox 1727 715 1739 763; x_wconf 87' lang='lat'><strong>;</strong></span> 
     </span>
    </p>
   </div>
   <div class='ocr_carea' id='block_1_8' title="bbox 221 782 1745 852">
    <p class='ocr_par' dir='ltr' id='par_1_8' title="bbox 221 782 1745 852">
     <span class='ocr_line' id='line_1_8' title="bbox 221 782 1745 852; baseline 0.003 -19"><span class='ocrx_word' id='word_1_57' title='bbox 221 782 326 852; x_wconf 86' lang='lat' dir='ltr'>quod</span> <span class='ocrx_word' id='word_1_58' title='bbox 341 782 529 835; x_wconf 84' lang='lat' dir='ltr'>scilicet</span> <span class='ocrx_word' id='word_1_59' title='bbox 547 788 602 835; x_wconf 90' lang='lat' dir='ltr'>et</span> <span class='ocrx_word' id='word_1_60' title='bbox 624 789 783 851; x_wconf 79' lang='lat' dir='ltr'>regat</span> <span class='ocrx_word' id='word_1_61' title='bbox 804 799 897 836; x_wconf 86' lang='lat' dir='ltr'>eos</span> <span class='ocrx_word' id='word_1_62' title='bbox 920 790 975 836; x_wconf 87' lang='lat' dir='ltr'>et</span> <span class='ocrx_word' id='word_1_63' title='bbox 995 784 1051 836; x_wconf 87' lang='lat' dir='ltr'>in</span> <span class='ocrx_word' id='word_1_64' title='bbox 1073 800 1241 837; x_wconf 88' lang='lat' dir='ltr'>curru</span> <span class='ocrx_word' id='word_1_65' title='bbox 1254 800 1354 837; x_wconf 90' lang='lat' dir='ltr'>suo</span> <span class='ocrx_word' id='word_1_66' title='bbox 1370 783 1592 847; x_wconf 87' lang='lat' dir='ltr'>habeat,</span> <span class='ocrx_word' id='word_1_67' title='bbox 1609 789 1663 837; x_wconf 89' lang='lat' dir='ltr'>et</span> <span class='ocrx_word' id='word_1_68' title='bbox 1676 785 1745 837; x_wconf 86' lang='lat' dir='ltr'>ad</span> 
     </span>
    </p>
   </div>
   <div class='ocr_carea' id='block_1_9' title="bbox 220 871 1742 941">
    <p class='ocr_par' dir='ltr' id='par_1_9' title="bbox 220 871 1742 941">
     <span class='ocr_line' id='line_1_9' title="bbox 220 871 1742 941; baseline 0.001 -18"><span class='ocrx_word' id='word_1_69' title='bbox 220 880 364 924; x_wconf 85' lang='lat' dir='ltr'>nutum</span> <span class='ocrx_word' id='word_1_70' title='bbox 379 871 653 941; x_wconf 86' lang='lat' dir='ltr'>proprium</span> <span class='ocrx_word' id='word_1_71' title='bbox 675 888 813 941; x_wconf 71' lang='lat' dir='ltr'>vaga</span> <span class='ocrx_word' id='word_1_72' title='bbox 834 872 990 941; x_wconf 89' lang='lat' dir='ltr'>prius</span> <span class='ocrx_word' id='word_1_73' title='bbox 1013 880 1069 926; x_wconf 89' lang='lat' dir='ltr'>et</span> <span class='ocrx_word' id='word_1_74' title='bbox 1087 871 1261 925; x_wconf 88' lang='lat' dir='ltr'>libera</span> <span class='ocrx_word' id='word_1_75' title='bbox 1281 873 1424 925; x_wconf 88' lang='lat' dir='ltr'>colla</span> <span class='ocrx_word' id='word_1_76' title='bbox 1438 879 1742 926; x_wconf 80' lang='lat' dir='ltr'>convertat.</span> 
     </span>
    </p>
   </div>
   <div class='ocr_carea' id='block_1_10' title="bbox 218 960 1745 1032">
    <p class='ocr_par' dir='ltr' id='par_1_10' title="bbox 218 960 1745 1032">
     <span class='ocr_line' id='line_1_10' title="bbox 218 960 1745 1032; baseline 0.001 -19"><span class='ocrx_word' id='word_1_77' title='bbox 218 961 313 1013; x_wconf 84' lang='lat' dir='ltr'>Post</span> <span class='ocrx_word' id='word_1_78' title='bbox 333 960 430 1012; x_wconf 60' lang='lat' dir='ltr'>hac</span> <span class='ocrx_word' id='word_1_79' title='bbox 455 961 727 1029; x_wconf 68' lang='lat' dir='ltr'>quaeritur</span> <span class='ocrx_word' id='word_1_80' title='bbox 754 962 1031 1030; x_wconf 85' lang='lat' dir='ltr'>quomodo</span> <span class='ocrx_word' id='word_1_81' title='bbox 1073 962 1129 1014; x_wconf 89' lang='lat' dir='ltr'>id</span> <span class='ocrx_word' id='word_1_82' title='bbox 1158 963 1305 1031; x_wconf 85' lang='lat' dir='ltr'>quod</span> <span class='ocrx_word' id='word_1_83' title='bbox 1335 962 1591 1032; x_wconf 82' lang='lat' dir='ltr'>sequitur</span> <span class='ocrx_word' id='word_1_84' title='bbox 1618 978 1745 1032; x_wconf 84' lang='lat' dir='ltr'>pos-</span> 
     </span>
    </p>
   </div>
   <div class='ocr_carea' id='block_1_11' title="bbox 215 1048 1740 1119">
    <p class='ocr_par' dir='ltr' id='par_1_11' title="bbox 215 1048 1740 1119">
     <span class='ocr_line' id='line_1_11' title="bbox 215 1048 1740 1119; baseline 0.001 -18"><span class='ocrx_word' id='word_1_85' title='bbox 215 1048 494 1117; x_wconf 61' lang='lat' dir='ltr'>sitintelligi:</span> <span class='ocrx_word' id='word_1_86' title='bbox 516 1064 685 1117; x_wconf 83' lang='lat' dir='ltr'>super</span> <span class='ocrx_word' id='word_1_87' title='bbox 700 1065 787 1101; x_wconf 85' lang='lat' dir='ltr'>om</span> <span class='ocrx_word' id='word_1_88' title='bbox 797 1066 919 1102; x_wconf 75' lang='lat' dir='ltr'>nem</span> <span class='ocrx_word' id='word_1_89' title='bbox 931 1052 1336 1118; x_wconf 76' lang='lat' dir='ltr'>principatum,</span> <span class='ocrx_word' id='word_1_90' title='bbox 1353 1055 1740 1119; x_wconf 81' lang='lat' dir='ltr'>etpotesiatcm,</span> 
     </span>
    </p>
   </div>
   <div class='ocr_carea' id='block_1_12' title="bbox 211 1140 1747 1207">
    <p class='ocr_par' dir='ltr' id='par_1_12' title="bbox 211 1140 1747 1207">
     <span class='ocr_line' id='line_1_12' title="bbox 211 1140 1747 1207; baseline 0.003 -19"><span class='ocrx_word' id='word_1_91' title='bbox 211 1141 484 1199; x_wconf 67' lang='lat' dir='ltr'>atrii-intem,</span> <span class='ocrx_word' id='word_1_92' title='bbox 503 1141 555 1190; x_wconf 83' lang='lat' dir='ltr'>et</span> <span class='ocrx_word' id='word_1_93' title='bbox 572 1140 1025 1201; x_wconf 78' lang='lat' dir='ltr'>dominationem,</span> <span class='ocrx_word' id='word_1_94' title='bbox 1052 1144 1099 1191; x_wconf 84' lang='lat' dir='ltr'>et</span> <span class='ocrx_word' id='word_1_95' title='bbox 1116 1155 1274 1192; x_wconf 86' lang='lat' dir='ltr'>omne</span> <span class='ocrx_word' id='word_1_96' title='bbox 1292 1142 1642 1207; x_wconf 79' lang='lat' dir='ltr'>nomenquod</span> <span class='ocrx_word' id='word_1_97' title='bbox 1654 1156 1747 1192; x_wconf 87' lang='lat' dir='ltr'>no-</span> 
     </span>
    </p>
   </div>
   <div class='ocr_carea' id='block_1_13' title="bbox 212 1229 1747 1295">
    <p class='ocr_par' dir='ltr' id='par_1_13' title="bbox 212 1229 1747 1295">
     <span class='ocr_line' id='line_1_13' title="bbox 212 1229 1747 1295; baseline 0.004 -20"><span class='ocrx_word' id='word_1_98' title='bbox 212 1230 427 1289; x_wconf 75' lang='lat' dir='ltr'>minatur,</span> <span class='ocrx_word' id='word_1_99' title='bbox 459 1242 569 1279; x_wconf 83' lang='lat' dir='ltr'>non</span> <span class='ocrx_word' id='word_1_100' title='bbox 602 1231 777 1280; x_wconf 81' lang='lat' dir='ltr'>solum</span> <span class='ocrx_word' id='word_1_101' title='bbox 812 1230 873 1280; x_wconf 85' lang='lat' dir='ltr'>in</span> <span class='ocrx_word' id='word_1_102' title='bbox 905 1229 1003 1280; x_wconf 84' lang='lat' dir='ltr'>hoc</span> <span class='ocrx_word' id='word_1_103' title='bbox 1030 1232 1241 1291; x_wconf 68' lang='lat' dir='ltr'>saeculo,</span> <span class='ocrx_word' id='word_1_104' title='bbox 1266 1230 1357 1281; x_wconf 84' lang='lat' dir='ltr'>sed</span> <span class='ocrx_word' id='word_1_105' title='bbox 1383 1232 1547 1281; x_wconf 84' lang='lat' dir='ltr'>etiam</span> <span class='ocrx_word' id='word_1_106' title='bbox 1578 1232 1640 1282; x_wconf 85' lang='lat' dir='ltr'>in</span> <span class='ocrx_word' id='word_1_107' title='bbox 1660 1232 1747 1295; x_wconf 75' lang='lat' dir='ltr'>fu-</span> 
     </span>
    </p>
   </div>
   <div class='ocr_carea' id='block_1_14' title="bbox 207 1314 1745 1385">
    <p class='ocr_par' dir='ltr' id='par_1_14' title="bbox 207 1314 1745 1385">
     <span class='ocr_line' id='line_1_14' title="bbox 207 1314 1745 1385; baseline 0.003 -19"><span class='ocrx_word' id='word_1_108' title='bbox 207 1322 327 1379; x_wconf 82' lang='lat' dir='ltr'>turo;</span> <span class='ocrx_word' id='word_1_109' title='bbox 353 1322 402 1367; x_wconf 89' lang='lat' dir='ltr'>et</span> <span class='ocrx_word' id='word_1_110' title='bbox 428 1314 652 1385; x_wconf 82' lang='lat' dir='ltr'>quidem</span> <span class='ocrx_word' id='word_1_111' title='bbox 684 1315 752 1368; x_wconf 89' lang='lat' dir='ltr'>de</span> <span class='ocrx_word' id='word_1_112' title='bbox 786 1316 994 1369; x_wconf 80' lang='lat' dir='ltr'>dextris</span> <span class='ocrx_word' id='word_1_113' title='bbox 1038 1316 1137 1369; x_wconf 86' lang='lat' dir='ltr'>Dei</span> <span class='ocrx_word' id='word_1_114' title='bbox 1176 1334 1239 1369; x_wconf 88' lang='lat' dir='ltr'>ac</span> <span class='ocrx_word' id='word_1_115' title='bbox 1282 1317 1544 1381; x_wconf 79' lang='lat' dir='ltr'>sinistris,</span> <span class='ocrx_word' id='word_1_116' title='bbox 1589 1323 1645 1370; x_wconf 88' lang='lat' dir='ltr'>et</span> <span class='ocrx_word' id='word_1_117' title='bbox 1677 1317 1745 1371; x_wconf 91' lang='lat' dir='ltr'>de</span> 
     </span>
    </p>
   </div>
   <div class='ocr_carea' id='block_1_15' title="bbox 204 1403 1744 1475">
    <p class='ocr_par' dir='ltr' id='par_1_15' title="bbox 204 1403 1744 1475">
     <span class='ocr_line' id='line_1_15' title="bbox 204 1403 1744 1475; baseline 0.002 -20"><span class='ocrx_word' id='word_1_118' title='bbox 204 1403 523 1473; x_wconf 64' lang='lat' dir='ltr'>sessionejam</span> <span class='ocrx_word' id='word_1_119' title='bbox 549 1405 758 1458; x_wconf 86' lang='lat' dir='ltr'>dictum</span> <span class='ocrx_word' id='word_1_120' title='bbox 790 1411 893 1458; x_wconf 85' lang='lat' dir='ltr'>est.</span> <span class='ocrx_word' id='word_1_121' title='bbox 925 1406 1088 1458; x_wconf 79' lang='lat' dir='ltr'>Nunc</span> <span class='ocrx_word' id='word_1_122' title='bbox 1117 1406 1479 1475; x_wconf 71' lang='lat' dir='ltr'>quaerendum</span> <span class='ocrx_word' id='word_1_123' title='bbox 1523 1411 1609 1459; x_wconf 88' lang='lat' dir='ltr'>est</span> <span class='ocrx_word' id='word_1_124' title='bbox 1650 1404 1744 1460; x_wconf 90' lang='lat' dir='ltr'>ubi</span> 
     </span>
    </p>
   </div>
   <div class='ocr_carea' id='block_1_16' title="bbox 202 1493 1739 1564">
    <p class='ocr_par' dir='ltr' id='par_1_16' title="bbox 202 1493 1739 1564">
     <span class='ocr_line' id='line_1_16' title="bbox 202 1493 1739 1564; baseline 0.001 -19"><span class='ocrx_word' id='word_1_125' title='bbox 202 1493 444 1561; x_wconf 73' lang='lat' dir='ltr'>Apostolus</span> <span class='ocrx_word' id='word_1_126' title='bbox 461 1494 581 1546; x_wconf 61' lang='lat' dir='ltr'>haec</span> <span class='ocrx_word' id='word_1_127' title='bbox 603 1500 845 1563; x_wconf 81' lang='lat' dir='ltr'>quatuor</span> <span class='ocrx_word' id='word_1_128' title='bbox 862 1494 1110 1559; x_wconf 87' lang='lat' dir='ltr'>nomina,</span> <span class='ocrx_word' id='word_1_129' title='bbox 1126 1494 1501 1564; x_wconf 81' lang='lat' dir='ltr'>principatum</span> <span class='ocrx_word' id='word_1_130' title='bbox 1523 1494 1739 1563; x_wconf 88' lang='lat' dir='ltr'>loquor,</span> 
     </span>
    </p>
   </div>
   <div class='ocr_carea' id='block_1_17' title="bbox 200 1582 1744 1652">
    <p class='ocr_par' dir='ltr' id='par_1_17' title="bbox 200 1582 1744 1652">
     <span class='ocr_line' id='line_1_17' title="bbox 200 1582 1744 1652; baseline 0.003 -21"><span class='ocrx_word' id='word_1_131' title='bbox 200 1585 569 1649; x_wconf 72' lang='lat' dir='ltr'>ctpotestatem,</span> <span class='ocrx_word' id='word_1_132' title='bbox 599 1587 656 1634; x_wconf 90' lang='lat' dir='ltr'>et</span> <span class='ocrx_word' id='word_1_133' title='bbox 678 1582 960 1647; x_wconf 78' lang='lat' dir='ltr'>virtutem,</span> <span class='ocrx_word' id='word_1_134' title='bbox 984 1588 1041 1635; x_wconf 87' lang='lat' dir='ltr'>et</span> <span class='ocrx_word' id='word_1_135' title='bbox 1060 1582 1519 1643; x_wconf 79' lang='lat' dir='ltr'>dominationem,</span> <span class='ocrx_word' id='word_1_136' title='bbox 1536 1582 1744 1652; x_wconf 82' lang='lat' dir='ltr'>scripta</span> 
     </span>
    </p>
   </div>
   <div class='ocr_carea' id='block_1_18' title="bbox 196 1669 1740 1741">
    <p class='ocr_par' dir='ltr' id='par_1_18' title="bbox 196 1669 1740 1741">
     <span class='ocr_line' id='line_1_18' title="bbox 196 1669 1740 1741; baseline 0.003 -21"><span class='ocrx_word' id='word_1_137' title='bbox 196 1669 433 1738; x_wconf 79' lang='lat' dir='ltr'>repererit.</span> <span class='ocrx_word' id='word_1_138' title='bbox 464 1671 603 1723; x_wconf 85' lang='lat' dir='ltr'>etin</span> <span class='ocrx_word' id='word_1_139' title='bbox 642 1670 890 1724; x_wconf 87' lang='lat' dir='ltr'>medium</span> <span class='ocrx_word' id='word_1_140' title='bbox 922 1670 1069 1724; x_wconf 88' lang='lat' dir='ltr'>unde</span> <span class='ocrx_word' id='word_1_141' title='bbox 1100 1671 1414 1741; x_wconf 84' lang='lat' dir='ltr'>protulerit.</span> <span class='ocrx_word' id='word_1_142' title='bbox 1448 1672 1563 1724; x_wconf 88' lang='lat' dir='ltr'>Nec</span> <span class='ocrx_word' id='word_1_143' title='bbox 1592 1672 1740 1726; x_wconf 89' lang='lat' dir='ltr'>enim</span> 
     </span>
    </p>
   </div>
   <div class='ocr_carea' id='block_1_19' title="bbox 1828 516 3419 582">
    <p class='ocr_par' dir='ltr' id='par_1_19' title="bbox 1828 516 3419 582">
     <span class='ocr_line' id='line_1_19' title="bbox 1828 516 3419 582; baseline 0 -11"><span class='ocrx_word' id='word_1_144' title='bbox 1828 522 2037 579; x_wconf 85' lang='lat' dir='ltr'>omnia,</span> <span class='ocrx_word' id='word_1_145' title='bbox 2072 522 2131 571; x_wconf 78' lang='lat' dir='ltr'>ut</span> <span class='ocrx_word' id='word_1_146' title='bbox 2159 521 2227 570; x_wconf 85' lang='lat' dir='ltr'>sit</span> <span class='ocrx_word' id='word_1_147' title='bbox 2263 519 2398 571; x_wconf 79' lang='lat' dir='ltr'>Deus</span> <span class='ocrx_word' id='word_1_148' title='bbox 2428 520 2618 570; x_wconf 77' lang='lat' dir='ltr'>omnia</span> <span class='ocrx_word' id='word_1_149' title='bbox 2649 521 2711 570; x_wconf 81' lang='lat' dir='ltr'>in</span> <span class='ocrx_word' id='word_1_150' title='bbox 2748 518 3002 571; x_wconf 82' lang='lat' dir='ltr'>omnibus</span> <span class='ocrx_word' id='word_1_151' title='bbox 3040 516 3091 581; x_wconf 74' lang='grc' dir='ltr'><em>Η</em></span> <span class='ocrx_word' id='word_1_152' title='bbox 3134 519 3255 573; x_wconf 74' lang='lat'>601‘.</span> <span class='ocrx_word' id='word_1_153' title='bbox 3298 519 3419 582; x_wconf 73' lang='lat' dir='ltr'>xv).</span> 
     </span>
    </p>
   </div>
   <div class='ocr_carea' id='block_1_20' title="bbox 1829 604 3421 675">
    <p class='ocr_par' dir='ltr' id='par_1_20' title="bbox 1829 604 3421 675">
     <span class='ocr_line' id='line_1_20' title="bbox 1829 604 3421 675; baseline 0 -16"><span class='ocrx_word' id='word_1_154' title='bbox 1829 606 1973 675; x_wconf 81' lang='lat' dir='ltr'>Ergo</span> <span class='ocrx_word' id='word_1_155' title='bbox 1994 613 2094 660; x_wconf 87' lang='lat' dir='ltr'>aut</span> <span class='ocrx_word' id='word_1_156' title='bbox 2111 605 2416 661; x_wconf 87' lang='lat' dir='ltr'>secundum</span> <span class='ocrx_word' id='word_1_157' title='bbox 2432 604 2785 675; x_wconf 61' lang='lat' dir='ltr'>praesentiam</span> <span class='ocrx_word' id='word_1_158' title='bbox 2806 605 2861 659; x_wconf 87' lang='lat' dir='ltr'>id</span> <span class='ocrx_word' id='word_1_159' title='bbox 2883 605 3029 674; x_wconf 87' lang='lat' dir='ltr'>quod</span> <span class='ocrx_word' id='word_1_160' title='bbox 3040 604 3293 665; x_wconf 79' lang='lat' dir='ltr'>futurum</span> <span class='ocrx_word' id='word_1_161' title='bbox 3313 609 3421 670; x_wconf 84' lang='lat' dir='ltr'>est,</span> 
     </span>
    </p>
   </div>
   <div class='ocr_carea' id='block_1_21' title="bbox 1829 694 3426 771">
    <p class='ocr_par' dir='ltr' id='par_1_21' title="bbox 1829 694 3426 771">
     <span class='ocr_line' id='line_1_21' title="bbox 1829 694 3426 771; baseline 0.002 -23"><span class='ocrx_word' id='word_1_162' title='bbox 1829 695 1987 765; x_wconf 84' lang='lat' dir='ltr'>quasi</span> <span class='ocrx_word' id='word_1_163' title='bbox 2013 696 2130 764; x_wconf 81' lang='lat' dir='ltr'>jam</span> <span class='ocrx_word' id='word_1_164' title='bbox 2157 694 2377 762; x_wconf 66' lang='lat' dir='ltr'>factum</span> <span class='ocrx_word' id='word_1_165' title='bbox 2410 700 2531 747; x_wconf 78' lang='lat' dir='ltr'>esse</span> <span class='ocrx_word' id='word_1_166' title='bbox 2563 698 2982 758; x_wconf 84' lang='lat' dir='ltr'>commemorat,</span> <span class='ocrx_word' id='word_1_167' title='bbox 3008 695 3171 763; x_wconf 76' lang='lat' dir='ltr'>juxta</span> <span class='ocrx_word' id='word_1_168' title='bbox 3197 706 3426 771; x_wconf 58' lang='lat' dir='ltr'>salsum</span> 
     </span>
    </p>
   </div>
   <div class='ocr_carea' id='block_1_22' title="bbox 1829 782 3425 855">
    <p class='ocr_par' dir='ltr' id='par_1_22' title="bbox 1829 782 3425 855">
     <span class='ocr_line' id='line_1_22' title="bbox 1829 782 3425 855; baseline -0.001 -18"><span class='ocrx_word' id='word_1_169' title='bbox 1829 800 1997 853; x_wconf 87' lang='lat' dir='ltr'>quem</span> <span class='ocrx_word' id='word_1_170' title='bbox 2026 800 2197 855; x_wconf 86' lang='lat' dir='ltr'>supra</span> <span class='ocrx_word' id='word_1_171' title='bbox 2219 783 2597 853; x_wconf 80' lang='lat' dir='ltr'>exposuimus,</span> <span class='ocrx_word' id='word_1_172' title='bbox 2620 782 2715 836; x_wconf 87' lang='lat' dir='ltr'>ubi</span> <span class='ocrx_word' id='word_1_173' title='bbox 2745 782 2826 837; x_wconf 87' lang='lat' dir='ltr'>ait</span> <span class='ocrx_word' id='word_1_174' title='bbox 2864 801 2875 835; x_wconf 86' lang='lat'><strong>:</strong></span> <span class='ocrx_word' id='word_1_175' title='bbox 2924 783 3205 839; x_wconf 64' lang='lat' dir='ltr'>Benedicti</span> <span class='ocrx_word' id='word_1_176' title='bbox 3236 797 3332 841; x_wconf 73' lang='lat' dir='ltr'>nos</span> <span class='ocrx_word' id='word_1_177' title='bbox 3362 784 3425 855; x_wconf 80' lang='lat' dir='ltr'>in</span> 
     </span>
    </p>
   </div>
   <div class='ocr_carea' id='block_1_23' title="bbox 1828 871 3424 943">
    <p class='ocr_par' dir='ltr' id='par_1_23' title="bbox 1828 871 3424 943">
     <span class='ocr_line' id='line_1_23' title="bbox 1828 871 3424 943; baseline 0.001 -18"><span class='ocrx_word' id='word_1_178' title='bbox 1828 876 1984 925; x_wconf 86' lang='lat' dir='ltr'>omni</span> <span class='ocrx_word' id='word_1_179' title='bbox 2014 874 2380 943; x_wconf 82' lang='lat' dir='ltr'>benedictione</span> <span class='ocrx_word' id='word_1_180' title='bbox 2407 875 2658 941; x_wconf 73' lang='lat' dir='ltr'>spiritali</span> <span class='ocrx_word' id='word_1_181' title='bbox 2694 875 2759 927; x_wconf 85' lang='lat' dir='ltr'>in</span> <span class='ocrx_word' id='word_1_182' title='bbox 2788 874 3085 927; x_wconf 70' lang='lat' dir='ltr'>cwleslibus</span> <span class='ocrx_word' id='word_1_183' title='bbox 3117 874 3181 927; x_wconf 83' lang='lat' dir='ltr'>in</span> <span class='ocrx_word' id='word_1_184' title='bbox 3210 871 3424 931; x_wconf 75' lang='lat' dir='ltr'>Christo</span> 
     </span>
    </p>
   </div>
   <div class='ocr_carea' id='block_1_24' title="bbox 1828 960 3427 1031">
    <p class='ocr_par' dir='ltr' id='par_1_24' title="bbox 1828 960 3427 1031">
     <span class='ocr_line' id='line_1_24' title="bbox 1828 960 3427 1031; baseline 0.001 -17"><span class='ocrx_word' id='word_1_185' title='bbox 1828 964 1953 1014; x_wconf 83' lang='lat' dir='ltr'>Jesu</span> <span class='ocrx_word' id='word_1_186' title='bbox 1979 981 1993 1015; x_wconf 94' lang='lat'><em>:</em></span> <span class='ocrx_word' id='word_1_187' title='bbox 2028 969 2126 1015; x_wconf 85' lang='lat' dir='ltr'>aut</span> <span class='ocrx_word' id='word_1_188' title='bbox 2147 966 2315 1020; x_wconf 83' lang='lat' dir='ltr'>certe.</span> <span class='ocrx_word' id='word_1_189' title='bbox 2340 960 2387 1015; x_wconf 91' lang='lat' dir='ltr'>si</span> <span class='ocrx_word' id='word_1_190' title='bbox 2407 962 2476 1015; x_wconf 91' lang='lat' dir='ltr'>de</span> <span class='ocrx_word' id='word_1_191' title='bbox 2512 961 2797 1031; x_wconf 74' lang='lat' dir='ltr'>praeterito</span> <span class='ocrx_word' id='word_1_192' title='bbox 2826 960 3182 1019; x_wconf 83' lang='lat' dir='ltr'>sentiendum</span> <span class='ocrx_word' id='word_1_193' title='bbox 3213 966 3314 1025; x_wconf 81' lang='lat' dir='ltr'>est,</span> <span class='ocrx_word' id='word_1_194' title='bbox 3348 960 3427 1017; x_wconf 83' lang='lat' dir='ltr'>sic</span> 
     </span>
    </p>
   </div>
   <div class='ocr_carea' id='block_1_25' title="bbox 1829 1048 3425 1120">
    <p class='ocr_par' dir='ltr' id='par_1_25' title="bbox 1829 1048 3425 1120">
     <span class='ocr_line' id='line_1_25' title="bbox 1829 1048 3425 1120; baseline 0.004 -19"><span class='ocrx_word' id='word_1_195' title='bbox 1829 1049 2097 1104; x_wconf 84' lang='lat' dir='ltr'>debemus</span> <span class='ocrx_word' id='word_1_196' title='bbox 2127 1050 2398 1120; x_wconf 84' lang='lat' dir='ltr'>accipere,</span> <span class='ocrx_word' id='word_1_197' title='bbox 2432 1050 2580 1120; x_wconf 76' lang='lat' dir='ltr'>quod</span> <span class='ocrx_word' id='word_1_198' title='bbox 2613 1049 2783 1105; x_wconf 85' lang='lat' dir='ltr'>etiam</span> <span class='ocrx_word' id='word_1_199' title='bbox 2813 1066 2881 1107; x_wconf 83' lang='lat' dir='ltr'>ea</span> <span class='ocrx_word' id='word_1_200' title='bbox 2908 1058 3030 1119; x_wconf 69' lang='lat' dir='ltr'>quae</span> <span class='ocrx_word' id='word_1_201' title='bbox 3069 1059 3182 1105; x_wconf 86' lang='lat' dir='ltr'>non</span> <span class='ocrx_word' id='word_1_202' title='bbox 3215 1054 3348 1109; x_wconf 78' lang='lat' dir='ltr'>sunt</span> <span class='ocrx_word' id='word_1_203' title='bbox 3375 1048 3425 1107; x_wconf 83' lang='lat' dir='ltr'>ei</span> 
     </span>
    </p>
   </div>
   <div class='ocr_carea' id='block_1_26' title="bbox 1828 1137 3426 1208">
    <p class='ocr_par' dir='ltr' id='par_1_26' title="bbox 1828 1137 3426 1208">
     <span class='ocr_line' id='line_1_26' title="bbox 1828 1137 3426 1208; baseline 0.003 -19"><span class='ocrx_word' id='word_1_204' title='bbox 1828 1139 2116 1193; x_wconf 76' lang='lat' dir='ltr'>voluntate</span> <span class='ocrx_word' id='word_1_205' title='bbox 2158 1138 2429 1208; x_wconf 84' lang='lat' dir='ltr'>subjecta,</span> <span class='ocrx_word' id='word_1_206' title='bbox 2465 1143 2681 1195; x_wconf 60' lang='lat' dir='ltr'>natura;</span> <span class='ocrx_word' id='word_1_207' title='bbox 2723 1138 3044 1193; x_wconf 89' lang='lat' dir='ltr'>conditione</span> <span class='ocrx_word' id='word_1_208' title='bbox 3087 1137 3426 1202; x_wconf 80' lang='lat' dir='ltr'>deserviant,</span> 
     </span>
    </p>
   </div>
   <div class='ocr_carea' id='block_1_27' title="bbox 1828 1226 3425 1303">
    <p class='ocr_par' dir='ltr' id='par_1_27' title="bbox 1828 1226 3425 1303">
     <span class='ocr_line' id='line_1_27' title="bbox 1828 1226 3425 1303; baseline 0.003 -25"><span class='ocrx_word' id='word_1_209' title='bbox 1828 1226 1979 1289; x_wconf 82' lang='lat' dir='ltr'>verbi</span> <span class='ocrx_word' id='word_1_210' title='bbox 2001 1242 2189 1293; x_wconf 85' lang='lat' dir='ltr'>causa,</span> <span class='ocrx_word' id='word_1_211' title='bbox 2222 1228 2521 1291; x_wconf 71' lang='lat' dir='ltr'>daemones,</span> <span class='ocrx_word' id='word_1_212' title='bbox 2560 1227 2737 1281; x_wconf 81' lang='lat' dir='ltr'>Judaei</span> <span class='ocrx_word' id='word_1_213' title='bbox 2781 1233 2949 1303; x_wconf 86' lang='lat' dir='ltr'>atque</span> <span class='ocrx_word' id='word_1_214' title='bbox 2985 1227 3224 1297; x_wconf 81' lang='lat' dir='ltr'>gentiles</span> <span class='ocrx_word' id='word_1_215' title='bbox 3256 1246 3267 1280; x_wconf 89' lang='lat'><strong><em>:</em></strong></span> <span class='ocrx_word' id='word_1_216' title='bbox 3312 1244 3425 1285; x_wconf 88' lang='lat' dir='ltr'>non</span> 
     </span>
    </p>
   </div>
   <div class='ocr_carea' id='block_1_28' title="bbox 1830 1315 3427 1391">
    <p class='ocr_par' dir='ltr' id='par_1_28' title="bbox 1830 1315 3427 1391">
     <span class='ocr_line' id='line_1_28' title="bbox 1830 1315 3427 1391; baseline 0.004 -23"><span class='ocrx_word' id='word_1_217' title='bbox 1830 1316 1980 1370; x_wconf 90' lang='lat' dir='ltr'>enim</span> <span class='ocrx_word' id='word_1_218' title='bbox 2010 1317 2263 1371; x_wconf 87' lang='lat' dir='ltr'>serviunt</span> <span class='ocrx_word' id='word_1_219' title='bbox 2300 1315 2541 1379; x_wconf 85' lang='lat' dir='ltr'>Christo,</span> <span class='ocrx_word' id='word_1_220' title='bbox 2584 1333 2687 1370; x_wconf 90' lang='lat' dir='ltr'>nec</span> <span class='ocrx_word' id='word_1_221' title='bbox 2733 1315 2968 1385; x_wconf 78' lang='lat' dir='ltr'>subjecti</span> <span class='ocrx_word' id='word_1_222' title='bbox 3017 1320 3149 1373; x_wconf 86' lang='lat' dir='ltr'>sunt</span> <span class='ocrx_word' id='word_1_223' title='bbox 3192 1316 3427 1391; x_wconf 81' lang='lat' dir='ltr'>pedibus</span> 
     </span>
    </p>
   </div>
   <div class='ocr_carea' id='block_1_29' title="bbox 1828 1403 3425 1474">
    <p class='ocr_par' dir='ltr' id='par_1_29' title="bbox 1828 1403 3425 1474">
     <span class='ocr_line' id='line_1_29' title="bbox 1828 1403 3425 1474; baseline 0.002 -17"><span class='ocrx_word' id='word_1_224' title='bbox 1828 1405 1969 1473; x_wconf 86' lang='lat' dir='ltr'>ejus,</span> <span class='ocrx_word' id='word_1_225' title='bbox 2001 1410 2057 1458; x_wconf 87' lang='lat' dir='ltr'>et</span> <span class='ocrx_word' id='word_1_226' title='bbox 2082 1410 2295 1470; x_wconf 87' lang='lat' dir='ltr'>tamen,</span> <span class='ocrx_word' id='word_1_227' title='bbox 2329 1404 2461 1474; x_wconf 83' lang='lat' dir='ltr'>quia</span> <span class='ocrx_word' id='word_1_228' title='bbox 2482 1403 2552 1458; x_wconf 85' lang='lat' dir='ltr'>ab</span> <span class='ocrx_word' id='word_1_229' title='bbox 2584 1422 2649 1459; x_wconf 92' lang='lat' dir='ltr'>eo</span> <span class='ocrx_word' id='word_1_230' title='bbox 2679 1403 2737 1459; x_wconf 86' lang='lat' dir='ltr'>iu</span> <span class='ocrx_word' id='word_1_231' title='bbox 2766 1403 2970 1463; x_wconf 88' lang='lat' dir='ltr'>bonam</span> <span class='ocrx_word' id='word_1_232' title='bbox 3000 1410 3219 1474; x_wconf 85' lang='lat' dir='ltr'>partem</span> <span class='ocrx_word' id='word_1_233' title='bbox 3251 1406 3425 1465; x_wconf 84' lang='lat' dir='ltr'>creati</span> 
     </span>
    </p>
   </div>
   <div class='ocr_carea' id='block_1_30' title="bbox 1827 1492 3421 1567">
    <p class='ocr_par' dir='ltr' id='par_1_30' title="bbox 1827 1492 3421 1567">
     <span class='ocr_line' id='line_1_30' title="bbox 1827 1492 3421 1567; baseline 0.003 -21"><span class='ocrx_word' id='word_1_234' title='bbox 1827 1499 1978 1555; x_wconf 83' lang='lat' dir='ltr'>sunt,</span> <span class='ocrx_word' id='word_1_235' title='bbox 2033 1493 2241 1547; x_wconf 87' lang='lat' dir='ltr'>subditi</span> <span class='ocrx_word' id='word_1_236' title='bbox 2300 1497 2434 1547; x_wconf 85' lang='lat' dir='ltr'>s‘unt</span> <span class='ocrx_word' id='word_1_237' title='bbox 2473 1492 2737 1563; x_wconf 82' lang='lat' dir='ltr'>potestati</span> <span class='ocrx_word' id='word_1_238' title='bbox 2786 1494 2909 1567; x_wconf 76' lang='lat' dir='ltr'>ejus</span> <span class='ocrx_word' id='word_1_239' title='bbox 2959 1493 3139 1559; x_wconf 82' lang='lat' dir='ltr'>inviti,</span> <span class='ocrx_word' id='word_1_240' title='bbox 3199 1493 3421 1551; x_wconf 78' lang='lat' dir='ltr'>tametsi</span> 
     </span>
    </p>
   </div>
   <div class='ocr_carea' id='block_1_31' title="bbox 1826 1581 3422 1652">
    <p class='ocr_par' dir='ltr' id='par_1_31' title="bbox 1826 1581 3422 1652">
     <span class='ocr_line' id='line_1_31' title="bbox 1826 1581 3422 1652; baseline 0.001 -17"><span class='ocrx_word' id='word_1_241' title='bbox 1826 1581 2120 1643; x_wconf 65' lang='lat' dir='ltr'>adversum</span> <span class='ocrx_word' id='word_1_242' title='bbox 2150 1599 2279 1636; x_wconf 91' lang='lat' dir='ltr'>eum</span> <span class='ocrx_word' id='word_1_243' title='bbox 2310 1589 2625 1652; x_wconf 80' lang='lat' dir='ltr'>repugnent</span> <span class='ocrx_word' id='word_1_244' title='bbox 2660 1581 2822 1636; x_wconf 86' lang='lat' dir='ltr'>liberi</span> <span class='ocrx_word' id='word_1_245' title='bbox 2860 1581 3078 1637; x_wconf 85' lang='lat' dir='ltr'>arbitrii</span> <span class='ocrx_word' id='word_1_246' title='bbox 3115 1583 3422 1643; x_wconf 75' lang='lat' dir='ltr'>voluntate,</span> 
     </span>
    </p>
   </div>
   <div class='ocr_carea' id='block_1_32' title="bbox 1826 1668 3425 1742">
    <p class='ocr_par' dir='ltr' id='par_1_32' title="bbox 1826 1668 3425 1742">
     <span class='ocr_line' id='line_1_32' title="bbox 1826 1668 3425 1742; baseline 0.004 -18"><span class='ocrx_word' id='word_1_247' title='bbox 1826 1671 1968 1725; x_wconf 86' lang='lat' dir='ltr'>Huic</span> <span class='ocrx_word' id='word_1_248' title='bbox 1996 1671 2187 1727; x_wconf 87' lang='lat' dir='ltr'>sensui</span> <span class='ocrx_word' id='word_1_249' title='bbox 2217 1678 2274 1724; x_wconf 87' lang='lat' dir='ltr'>et</span> <span class='ocrx_word' id='word_1_250' title='bbox 2305 1672 2444 1725; x_wconf 89' lang='lat' dir='ltr'>illud</span> <span class='ocrx_word' id='word_1_251' title='bbox 2487 1671 2636 1741; x_wconf 91' lang='lat' dir='ltr'>quod</span> <span class='ocrx_word' id='word_1_252' title='bbox 2673 1668 2941 1742; x_wconf 79' lang='lat' dir='ltr'>sequitur&#39;</span> <span class='ocrx_word' id='word_1_253' title='bbox 2969 1677 3263 1742; x_wconf 83' lang='lat' dir='ltr'>coaptatur</span> <span class='ocrx_word' id='word_1_254' title='bbox 3302 1690 3312 1725; x_wconf 89' lang='lat'>:</span> <span class='ocrx_word' id='word_1_255' title='bbox 3356 1673 3425 1733; x_wconf 66' lang='lat' dir='ltr'>Et</span> 
     </span>
    </p>
   </div>
   <div class='ocr_carea' id='block_1_33' title="bbox 196 1755 3424 1835">
    <p class='ocr_par' dir='ltr' id='par_1_33' title="bbox 196 1755 3424 1835">
     <span class='ocr_line' id='line_1_33' title="bbox 196 1755 3424 1835; baseline 0.002 -27"><span class='ocrx_word' id='word_1_256' title='bbox 196 1755 257 1809; x_wconf 82' lang='lat' dir='ltr'>fas</span> <span class='ocrx_word' id='word_1_257' title='bbox 278 1768 349 1810; x_wconf 87' lang='lat' dir='ltr'>est</span> <span class='ocrx_word' id='word_1_258' title='bbox 371 1776 488 1811; x_wconf 89' lang='lat' dir='ltr'>eum</span> <span class='ocrx_word' id='word_1_259' title='bbox 532 1760 631 1828; x_wconf 88' lang='lat' dir='ltr'>qui</span> <span class='ocrx_word' id='word_1_260' title='bbox 670 1759 858 1813; x_wconf 86' lang='lat' dir='ltr'>divina</span> <span class='ocrx_word' id='word_1_261' title='bbox 898 1760 1137 1814; x_wconf 88' lang='lat' dir='ltr'>lectione</span> <span class='ocrx_word' id='word_1_262' title='bbox 1185 1761 1371 1814; x_wconf 86' lang='lat' dir='ltr'>fuerat</span> <span class='ocrx_word' id='word_1_263' title='bbox 1414 1760 1739 1826; x_wconf 86' lang='lat' dir='ltr'>instructus,</span> <span class='ocrx_word' id='word_1_264' title='bbox 1760 1758 1805 1816; x_wconf 82' lang='grc' dir='ltr'><strong>Β</strong></span> <span class='ocrx_word' id='word_1_265' title='bbox 1825 1762 2005 1827; x_wconf 83' lang='lat' dir='ltr'>ipsum</span> <span class='ocrx_word' id='word_1_266' title='bbox 2037 1762 2186 1814; x_wconf 86' lang='lat' dir='ltr'>dedit</span> <span class='ocrx_word' id='word_1_267' title='bbox 2216 1765 2379 1829; x_wconf 85' lang='lat' dir='ltr'>caput</span> <span class='ocrx_word' id='word_1_268' title='bbox 2397 1777 2561 1835; x_wconf 77' lang='lat' dir='ltr'>super</span> <span class='ocrx_word' id='word_1_269' title='bbox 2580 1764 2771 1815; x_wconf 81' lang='lat' dir='ltr'>omnia</span> <span class='ocrx_word' id='word_1_270' title='bbox 2792 1761 3056 1826; x_wconf 58' lang='lat' dir='ltr'>Ecclesia,</span> <span class='ocrx_word' id='word_1_271' title='bbox 3083 1778 3200 1829; x_wconf 58' lang='lat' dir='ltr'>qua</span> <span class='ocrx_word' id='word_1_272' title='bbox 3220 1766 3297 1822; x_wconf 68' lang='lat' dir='ltr'>es!</span> <span class='ocrx_word' id='word_1_273' title='bbox 3308 1776 3424 1819; x_wconf 83' lang='lat' dir='ltr'>cor-</span> 
     </span>
    </p>
   </div>
   <div class='ocr_carea' id='block_1_34' title="bbox 191 1846 1740 1919">
    <p class='ocr_par' dir='ltr' id='par_1_34' title="bbox 191 1846 1740 1919">
     <span class='ocr_line' id='line_1_34' title="bbox 191 1846 1740 1919; baseline 0.003 -21"><span class='ocrx_word' id='word_1_274' title='bbox 191 1846 355 1916; x_wconf 82' lang='lat' dir='ltr'>aliquid</span> <span class='ocrx_word' id='word_1_275' title='bbox 379 1848 624 1901; x_wconf 89' lang='lat' dir='ltr'>locutum</span> <span class='ocrx_word' id='word_1_276' title='bbox 646 1854 865 1919; x_wconf 87' lang='lat' dir='ltr'>putare,</span> <span class='ocrx_word' id='word_1_277' title='bbox 890 1850 1037 1919; x_wconf 91' lang='lat' dir='ltr'>quod</span> <span class='ocrx_word' id='word_1_278' title='bbox 1061 1849 1117 1903; x_wconf 91' lang='lat' dir='ltr'>in</span> <span class='ocrx_word' id='word_1_279' title='bbox 1141 1850 1349 1904; x_wconf 84' lang='lat' dir='ltr'>sanctis</span> <span class='ocrx_word' id='word_1_280' title='bbox 1368 1849 1740 1904; x_wconf 82' lang='lat' dir='ltr'>voluminibus</span> 
     </span>
    </p>
   </div>
   <div class='ocr_carea' id='block_1_35' title="bbox 189 1930 1742 2009">
    <p class='ocr_par' dir='ltr' id='par_1_35' title="bbox 189 1930 1742 2009">
     <span class='ocr_line' id='line_1_35' title="bbox 189 1930 1742 2009; baseline 0.003 -23"><span class='ocrx_word' id='word_1_281' title='bbox 189 1950 272 1987; x_wconf 85' lang='lat' dir='ltr'>non</span> <span class='ocrx_word' id='word_1_282' title='bbox 290 1935 522 1990; x_wconf 83' lang='lat' dir='ltr'>habetur.</span> <span class='ocrx_word' id='word_1_283' title='bbox 550 1936 813 1991; x_wconf 79' lang='lat' dir='ltr'>Arbitror</span> <span class='ocrx_word' id='word_1_284' title='bbox 831 1930 1021 2009; x_wconf 78' lang='lat' dir='ltr'>itaque</span> <span class='ocrx_word' id='word_1_285' title='bbox 1044 1939 1202 1993; x_wconf 89' lang='lat' dir='ltr'>illum</span> <span class='ocrx_word' id='word_1_286' title='bbox 1223 1946 1322 1992; x_wconf 88' lang='lat' dir='ltr'>aut</span> <span class='ocrx_word' id='word_1_287' title='bbox 1339 1940 1407 1993; x_wconf 93' lang='lat' dir='ltr'>de</span> <span class='ocrx_word' id='word_1_288' title='bbox 1428 1938 1742 1993; x_wconf 86' lang='lat' dir='ltr'>traditioni-</span> 
     </span>
    </p>
   </div>
   <div class='ocr_carea' id='block_1_36' title="bbox 186 2020 1742 2098">
    <p class='ocr_par' dir='ltr' id='par_1_36' title="bbox 186 2020 1742 2098">
     <span class='ocr_line' id='line_1_36' title="bbox 186 2020 1742 2098; baseline 0.003 -21"><span class='ocrx_word' id='word_1_289' title='bbox 186 2020 265 2076; x_wconf 80' lang='lat' dir='ltr'>bus</span> <span class='ocrx_word' id='word_1_290' title='bbox 282 2025 631 2081; x_wconf 69' lang='lat' dir='ltr'>Hebraeorum</span> <span class='ocrx_word' id='word_1_291' title='bbox 662 2043 731 2081; x_wconf 87' lang='lat' dir='ltr'>ea</span> <span class='ocrx_word' id='word_1_292' title='bbox 750 2030 872 2097; x_wconf 65' lang='lat' dir='ltr'>qua:</span> <span class='ocrx_word' id='word_1_293' title='bbox 889 2033 1104 2081; x_wconf 85' lang='lat' dir='ltr'>secreta</span> <span class='ocrx_word' id='word_1_294' title='bbox 1124 2028 1331 2083; x_wconf 87' lang='lat' dir='ltr'>suntin</span> <span class='ocrx_word' id='word_1_295' title='bbox 1350 2027 1598 2082; x_wconf 90' lang='lat' dir='ltr'>medium</span> <span class='ocrx_word' id='word_1_296' title='bbox 1618 2045 1742 2098; x_wconf 87' lang='lat' dir='ltr'>pro-</span> 
     </span>
    </p>
   </div>
   <div class='ocr_carea' id='block_1_37' title="bbox 183 2112 1739 2187">
    <p class='ocr_par' dir='ltr' id='par_1_37' title="bbox 183 2112 1739 2187">
     <span class='ocr_line' id='line_1_37' title="bbox 183 2112 1739 2187; baseline 0.003 -21"><span class='ocrx_word' id='word_1_297' title='bbox 183 2112 353 2177; x_wconf 85' lang='lat' dir='ltr'>tulisse,</span> <span class='ocrx_word' id='word_1_298' title='bbox 385 2122 479 2168; x_wconf 87' lang='lat' dir='ltr'>aut</span> <span class='ocrx_word' id='word_1_299' title='bbox 506 2124 663 2169; x_wconf 87' lang='lat' dir='ltr'>certe</span> <span class='ocrx_word' id='word_1_300' title='bbox 706 2132 830 2186; x_wconf 68' lang='lat' dir='ltr'>qua:</span> <span class='ocrx_word' id='word_1_301' title='bbox 871 2117 1029 2187; x_wconf 85' lang='lat' dir='ltr'>quasi</span> <span class='ocrx_word' id='word_1_302' title='bbox 1067 2118 1229 2186; x_wconf 82' lang='lat' dir='ltr'>juxta</span> <span class='ocrx_word' id='word_1_303' title='bbox 1269 2117 1563 2170; x_wconf 85' lang='lat' dir='ltr'>historiam</span> <span class='ocrx_word' id='word_1_304' title='bbox 1600 2117 1739 2171; x_wconf 89' lang='lat' dir='ltr'>scri-</span> 
     </span>
    </p>
   </div>
   <div class='ocr_carea' id='block_1_38' title="bbox 182 2205 1736 2279">
    <p class='ocr_par' dir='ltr' id='par_1_38' title="bbox 182 2205 1736 2279">
     <span class='ocr_line' id='line_1_38' title="bbox 182 2205 1736 2279; baseline 0.002 -23"><span class='ocrx_word' id='word_1_305' title='bbox 182 2208 255 2269; x_wconf 70' lang='lat' dir='ltr'>pta</span> <span class='ocrx_word' id='word_1_306' title='bbox 278 2209 412 2267; x_wconf 84' lang='lat' dir='ltr'>sunt,</span> <span class='ocrx_word' id='word_1_307' title='bbox 460 2221 589 2257; x_wconf 88' lang='lat' dir='ltr'>cum</span> <span class='ocrx_word' id='word_1_308' title='bbox 638 2205 979 2279; x_wconf 76' lang='lat' dir='ltr'>intelligeret</span> <span class='ocrx_word' id='word_1_309' title='bbox 1018 2205 1200 2275; x_wconf 78' lang='lat' dir='ltr'>legem</span> <span class='ocrx_word' id='word_1_310' title='bbox 1248 2222 1368 2260; x_wconf 86' lang='lat' dir='ltr'>esse</span> <span class='ocrx_word' id='word_1_311' title='bbox 1405 2205 1736 2276; x_wconf 81' lang='lat' dir='ltr'>spiritalem,</span> 
     </span>
    </p>
   </div>
   <div class='ocr_carea' id='block_1_39' title="bbox 181 2291 1736 2364">
    <p class='ocr_par' dir='ltr' id='par_1_39' title="bbox 181 2291 1736 2364">
     <span class='ocr_line' id='line_1_39' title="bbox 181 2291 1736 2364; baseline 0.005 -23"><span class='ocrx_word' id='word_1_312' title='bbox 181 2291 377 2344; x_wconf 64' lang='lat' dir='ltr'>sanasse</span> <span class='ocrx_word' id='word_1_313' title='bbox 395 2292 718 2355; x_wconf 74' lang='lat' dir='ltr'>sublimius,</span> <span class='ocrx_word' id='word_1_314' title='bbox 746 2300 803 2346; x_wconf 86' lang='lat' dir='ltr'>et</span> <span class='ocrx_word' id='word_1_315' title='bbox 824 2294 973 2363; x_wconf 90' lang='lat' dir='ltr'>quod</span> <span class='ocrx_word' id='word_1_316' title='bbox 998 2294 1066 2347; x_wconf 91' lang='lat' dir='ltr'>de</span> <span class='ocrx_word' id='word_1_317' title='bbox 1092 2294 1318 2362; x_wconf 77' lang='lat' dir='ltr'>regibus</span> <span class='ocrx_word' id='word_1_318' title='bbox 1340 2300 1508 2364; x_wconf 86' lang='lat' dir='ltr'>atque</span> <span class='ocrx_word' id='word_1_319' title='bbox 1530 2294 1736 2364; x_wconf 78' lang='lat' dir='ltr'>princi—</span> 
     </span>
    </p>
   </div>
   <div class='ocr_carea' id='block_1_40' title="bbox 178 2376 1733 2452">
    <p class='ocr_par' dir='ltr' id='par_1_40' title="bbox 178 2376 1733 2452">
     <span class='ocr_line' id='line_1_40' title="bbox 178 2376 1733 2452; baseline 0.004 -22"><span class='ocrx_word' id='word_1_320' title='bbox 178 2376 308 2446; x_wconf 76' lang='lat' dir='ltr'>pibus</span> <span class='ocrx_word' id='word_1_321' title='bbox 334 2388 384 2433; x_wconf 87' lang='lat' dir='ltr'>et</span> <span class='ocrx_word' id='word_1_322' title='bbox 411 2382 652 2435; x_wconf 86' lang='lat' dir='ltr'>ducibus</span> <span class='ocrx_word' id='word_1_323' title='bbox 685 2399 924 2452; x_wconf 82' lang='lat' dir='ltr'>quoque,</span> <span class='ocrx_word' id='word_1_324' title='bbox 957 2382 1199 2437; x_wconf 85' lang='lat' dir='ltr'>tribunis</span> <span class='ocrx_word' id='word_1_325' title='bbox 1220 2388 1277 2437; x_wconf 89' lang='lat' dir='ltr'>et</span> <span class='ocrx_word' id='word_1_326' title='bbox 1294 2383 1733 2449; x_wconf 87' lang='lat' dir='ltr'>centurionibus,</span> 
     </span>
    </p>
   </div>
   <div class='ocr_carea' id='block_1_41' title="bbox 178 2466 1740 2541">
    <p class='ocr_par' dir='ltr' id='par_1_41' title="bbox 178 2466 1740 2541">
     <span class='ocr_line' id='line_1_41' title="bbox 178 2466 1740 2541; baseline 0.006 -24"><span class='ocrx_word' id='word_1_327' title='bbox 178 2466 219 2518; x_wconf 85' lang='lat' dir='ltr'>in</span> <span class='ocrx_word' id='word_1_328' title='bbox 235 2467 273 2519; x_wconf 69' lang='grc' dir='ltr'><strong>Ν</strong></span> <span class='ocrx_word' id='word_1_329' title='bbox 279 2469 470 2523; x_wconf 86' lang='lat' dir='ltr'>umeris</span> <span class='ocrx_word' id='word_1_330' title='bbox 489 2477 549 2524; x_wconf 86' lang='lat' dir='ltr'>et</span> <span class='ocrx_word' id='word_1_331' title='bbox 568 2470 631 2523; x_wconf 90' lang='lat' dir='ltr'>in</span> <span class='ocrx_word' id='word_1_332' title='bbox 654 2472 976 2541; x_wconf 81' lang='lat' dir='ltr'>Regnorum</span> <span class='ocrx_word' id='word_1_333' title='bbox 988 2471 1144 2525; x_wconf 86' lang='lat' dir='ltr'>libris</span> <span class='ocrx_word' id='word_1_334' title='bbox 1160 2472 1419 2536; x_wconf 82' lang='lat' dir='ltr'>refertur,</span> <span class='ocrx_word' id='word_1_335' title='bbox 1438 2472 1740 2541; x_wconf 73' lang='lat' dir='ltr'>imaginem</span> 
     </span>
    </p>
   </div>
   <div class='ocr_carea' id='block_1_42' title="bbox 176 2555 1737 2632">
    <p class='ocr_par' dir='ltr' id='par_1_42' title="bbox 176 2555 1737 2632">
     <span class='ocr_line' id='line_1_42' title="bbox 176 2555 1737 2632; baseline 0.006 -26"><span class='ocrx_word' id='word_1_336' title='bbox 176 2555 371 2610; x_wconf 78' lang='lat' dir='ltr'>aliorum</span> <span class='ocrx_word' id='word_1_337' title='bbox 384 2559 704 2630; x_wconf 86' lang='lat' dir='ltr'>principum</span> <span class='ocrx_word' id='word_1_338' title='bbox 726 2577 1034 2630; x_wconf 79' lang='lat' dir='ltr'>regumque</span> <span class='ocrx_word' id='word_1_339' title='bbox 1055 2561 1375 2630; x_wconf 81' lang='lat' dir='ltr'>cognovisse</span> <span class='ocrx_word' id='word_1_340' title='bbox 1407 2579 1417 2613; x_wconf 91' lang='lat'><strong>:</strong></span> <span class='ocrx_word' id='word_1_341' title='bbox 1453 2561 1601 2632; x_wconf 92' lang='lat' dir='ltr'>quod</span> <span class='ocrx_word' id='word_1_342' title='bbox 1628 2562 1737 2615; x_wconf 84' lang='lat' dir='ltr'>sci-</span> 
     </span>
    </p>
   </div>
   <div class='ocr_carea' id='block_1_43' title="bbox 174 2644 1734 2720">
    <p class='ocr_par' dir='ltr' id='par_1_43' title="bbox 174 2644 1734 2720">
     <span class='ocr_line' id='line_1_43' title="bbox 174 2644 1734 2720; baseline 0.006 -26"><span class='ocrx_word' id='word_1_343' title='bbox 174 2644 273 2697; x_wconf 82' lang='lat' dir='ltr'>licet</span> <span class='ocrx_word' id='word_1_344' title='bbox 296 2646 347 2699; x_wconf 89' lang='lat' dir='ltr'>in</span> <span class='ocrx_word' id='word_1_345' title='bbox 376 2649 703 2702; x_wconf 74' lang='lat' dir='ltr'>coelestibus</span> <span class='ocrx_word' id='word_1_346' title='bbox 733 2650 846 2702; x_wconf 88' lang='lat' dir='ltr'>sint</span> <span class='ocrx_word' id='word_1_347' title='bbox 878 2650 1241 2720; x_wconf 84' lang='lat' dir='ltr'>principatus,</span> <span class='ocrx_word' id='word_1_348' title='bbox 1276 2650 1390 2704; x_wconf 86' lang='lat' dir='ltr'>sint</span> <span class='ocrx_word' id='word_1_349' title='bbox 1409 2656 1734 2720; x_wconf 78' lang='lat' dir='ltr'>potestates,</span> 
     </span>
    </p>
   </div>
   <div class='ocr_carea' id='block_1_44' title="bbox 172 2732 1736 2809">
    <p class='ocr_par' dir='ltr' id='par_1_44' title="bbox 172 2732 1736 2809">
     <span class='ocr_line' id='line_1_44' title="bbox 172 2732 1736 2809; baseline 0.007 -26"><span class='ocrx_word' id='word_1_350' title='bbox 172 2732 259 2785; x_wconf 84' lang='lat' dir='ltr'>sint</span> <span class='ocrx_word' id='word_1_351' title='bbox 281 2735 689 2791; x_wconf 81' lang='lat' dir='ltr'>dominationes</span> <span class='ocrx_word' id='word_1_352' title='bbox 719 2744 890 2809; x_wconf 86' lang='lat' dir='ltr'>atque</span> <span class='ocrx_word' id='word_1_353' title='bbox 920 2739 1153 2792; x_wconf 85' lang='lat' dir='ltr'>virtutes</span> <span class='ocrx_word' id='word_1_354' title='bbox 1185 2744 1242 2793; x_wconf 88' lang='lat' dir='ltr'>ct</span> <span class='ocrx_word' id='word_1_355' title='bbox 1260 2745 1461 2793; x_wconf 64' lang='lat' dir='ltr'>caetera</span> <span class='ocrx_word' id='word_1_356' title='bbox 1479 2739 1736 2794; x_wconf 86' lang='lat' dir='ltr'>ministe-</span> 
     </span>
    </p>
   </div>
   <div class='ocr_carea' id='block_1_45' title="bbox 168 2820 1732 2898">
    <p class='ocr_par' dir='ltr' id='par_1_45' title="bbox 168 2820 1732 2898">
     <span class='ocr_line' id='line_1_45' title="bbox 168 2820 1732 2898; baseline 0.005 -24"><span class='ocrx_word' id='word_1_357' title='bbox 168 2820 340 2876; x_wconf 87' lang='lat' dir='ltr'>riorum</span> <span class='ocrx_word' id='word_1_358' title='bbox 369 2826 661 2889; x_wconf 81' lang='lat' dir='ltr'>vocabula,</span> <span class='ocrx_word' id='word_1_359' title='bbox 698 2843 822 2897; x_wconf 82' lang='lat' dir='ltr'>quae</span> <span class='ocrx_word' id='word_1_360' title='bbox 843 2844 944 2881; x_wconf 89' lang='lat' dir='ltr'>nec</span> <span class='ocrx_word' id='word_1_361' title='bbox 976 2844 1074 2881; x_wconf 91' lang='lat' dir='ltr'>nos</span> <span class='ocrx_word' id='word_1_362' title='bbox 1096 2844 1394 2898; x_wconf 85' lang='lat' dir='ltr'>possumus</span> <span class='ocrx_word' id='word_1_363' title='bbox 1422 2828 1732 2895; x_wconf 88' lang='lat' dir='ltr'>nominare,</span> 
     </span>
    </p>
   </div>
   <div class='ocr_carea' id='block_1_46' title="bbox 168 2912 1736 2987">
    <p class='ocr_par' dir='ltr' id='par_1_46' title="bbox 168 2912 1736 2987">
     <span class='ocr_line' id='line_1_46' title="bbox 168 2912 1736 2987; baseline 0.007 -27"><span class='ocrx_word' id='word_1_364' title='bbox 168 2925 245 2962; x_wconf 81' lang='lat' dir='ltr'>nec.</span> <span class='ocrx_word' id='word_1_365' title='bbox 270 2912 435 2981; x_wconf 86' lang='lat' dir='ltr'>ipsum</span> <span class='ocrx_word' id='word_1_366' title='bbox 456 2917 727 2979; x_wconf 87' lang='lat' dir='ltr'>Paulum,</span> <span class='ocrx_word' id='word_1_367' title='bbox 750 2924 905 2987; x_wconf 86' lang='lat' dir='ltr'>puto,</span> <span class='ocrx_word' id='word_1_368' title='bbox 928 2923 991 2970; x_wconf 90' lang='lat' dir='ltr'>ut</span> <span class='ocrx_word' id='word_1_369' title='bbox 1009 2917 1068 2970; x_wconf 90' lang='lat' dir='ltr'>in</span> <span class='ocrx_word' id='word_1_370' title='bbox 1084 2917 1240 2985; x_wconf 83' lang='lat' dir='ltr'>gravi</span> <span class='ocrx_word' id='word_1_371' title='bbox 1258 2917 1587 2987; x_wconf 89' lang='lat' dir='ltr'>corpusculo</span> <span class='ocrx_word' id='word_1_372' title='bbox 1602 2934 1736 2971; x_wconf 90' lang='lat' dir='ltr'>con-</span> 
     </span>
    </p>
   </div>
   <div class='ocr_carea' id='block_1_47' title="bbox 163 2999 1739 3077">
    <p class='ocr_par' dir='ltr' id='par_1_47' title="bbox 163 2999 1739 3077">
     <span class='ocr_line' id='line_1_47' title="bbox 163 2999 1739 3077; baseline 0.004 -24"><span class='ocrx_word' id='word_1_373' title='bbox 163 2999 384 3057; x_wconf 81' lang='lat' dir='ltr'>stitutum</span> <span class='ocrx_word' id='word_1_374' title='bbox 405 3021 752 3059; x_wconf 81' lang='lat' dir='ltr'>enumerare</span> <span class='ocrx_word' id='word_1_375' title='bbox 763 3006 1020 3059; x_wconf 85' lang='lat' dir='ltr'>valuisse.</span> <span class='ocrx_word' id='word_1_376' title='bbox 1037 3006 1093 3059; x_wconf 88' lang='lat' dir='ltr'>Si</span> <span class='ocrx_word' id='word_1_377' title='bbox 1106 3012 1295 3060; x_wconf 88' lang='lat' dir='ltr'>autem</span> <span class='ocrx_word' id='word_1_378' title='bbox 1316 3013 1450 3060; x_wconf 89' lang='lat' dir='ltr'>sunt</span> <span class='ocrx_word' id='word_1_379' title='bbox 1462 3006 1739 3077; x_wconf 82' lang='lat' dir='ltr'>principa-</span> 
     </span>
    </p>
   </div>
   <div class='ocr_carea' id='block_1_48' title="bbox 1820 1848 3424 1920">
    <p class='ocr_par' dir='ltr' id='par_1_48' title="bbox 1820 1848 3424 1920">
     <span class='ocr_line' id='line_1_48' title="bbox 1820 1848 3424 1920; baseline 0.004 -19"><span class='ocrx_word' id='word_1_380' title='bbox 1820 1865 1924 1917; x_wconf 85' lang='lat' dir='ltr'>pus</span> <span class='ocrx_word' id='word_1_381' title='bbox 1953 1852 2146 1916; x_wconf 80' lang='lat' dir='ltr'>ipsius.</span> <span class='ocrx_word' id='word_1_382' title='bbox 2180 1848 2469 1912; x_wconf 82' lang='lat' dir='ltr'>Quomodo</span> <span class='ocrx_word' id='word_1_383' title='bbox 2489 1849 2640 1904; x_wconf 86' lang='lat' dir='ltr'>enim</span> <span class='ocrx_word' id='word_1_384' title='bbox 2669 1853 2839 1919; x_wconf 85' lang='lat' dir='ltr'>caput</span> <span class='ocrx_word' id='word_1_385' title='bbox 2854 1849 3101 1920; x_wconf 79' lang='lat' dir='ltr'>plurima</span> <span class='ocrx_word' id='word_1_386' title='bbox 3118 1849 3225 1909; x_wconf 75' lang='lat' dir='ltr'>sibi</span> <span class='ocrx_word' id='word_1_387' title='bbox 3252 1849 3424 1907; x_wconf 77' lang='lat' dir='ltr'>habet</span> 
     </span>
    </p>
   </div>
   <div class='ocr_carea' id='block_1_49' title="bbox 1823 1936 3423 2008">
    <p class='ocr_par' dir='ltr' id='par_1_49' title="bbox 1823 1936 3423 2008">
     <span class='ocr_line' id='line_1_49' title="bbox 1823 1936 3423 2008; baseline 0.002 -17"><span class='ocrx_word' id='word_1_388' title='bbox 1823 1936 2077 1991; x_wconf 88' lang='lat' dir='ltr'>membra</span> <span class='ocrx_word' id='word_1_389' title='bbox 2104 1936 2374 2008; x_wconf 84' lang='lat' dir='ltr'>subjecta,</span> <span class='ocrx_word' id='word_1_390' title='bbox 2406 1954 2436 1993; x_wconf 84' lang='lat' dir='ltr'>e</span> <span class='ocrx_word' id='word_1_391' title='bbox 2466 1937 2669 2008; x_wconf 82' lang='lat' dir='ltr'>quibus</span> <span class='ocrx_word' id='word_1_392' title='bbox 2698 1945 2831 1993; x_wconf 83' lang='lat' dir='ltr'>sunt</span> <span class='ocrx_word' id='word_1_393' title='bbox 2858 1939 3130 1997; x_wconf 85' lang='lat' dir='ltr'>nonnulla</span> <span class='ocrx_word' id='word_1_394' title='bbox 3146 1938 3347 2000; x_wconf 78' lang='lat' dir='ltr'>vitiosa</span> <span class='ocrx_word' id='word_1_395' title='bbox 3365 1944 3423 1994; x_wconf 80' lang='lat' dir='ltr'>et</span> 
     </span>
    </p>
   </div>
   <div class='ocr_carea' id='block_1_50' title="bbox 1822 2025 3419 2088">
    <p class='ocr_par' dir='ltr' id='par_1_50' title="bbox 1822 2025 3419 2088">
     <span class='ocr_line' id='line_1_50' title="bbox 1822 2025 3419 2088; baseline 0.003 -9"><span class='ocrx_word' id='word_1_396' title='bbox 1822 2025 2030 2081; x_wconf 86' lang='lat' dir='ltr'>debilia</span> <span class='ocrx_word' id='word_1_397' title='bbox 2062 2046 2074 2080; x_wconf 77' lang='grc' dir='ltr'>ε</span> <span class='ocrx_word' id='word_1_398' title='bbox 2109 2027 2192 2081; x_wconf 84' lang='lat' dir='ltr'>ita</span> <span class='ocrx_word' id='word_1_399' title='bbox 2222 2033 2280 2085; x_wconf 86' lang='lat' dir='ltr'>et</span> <span class='ocrx_word' id='word_1_400' title='bbox 2308 2028 2579 2085; x_wconf 86' lang='lat' dir='ltr'>Dominus</span> <span class='ocrx_word' id='word_1_401' title='bbox 2600 2028 2752 2083; x_wconf 88' lang='lat' dir='ltr'>Deus</span> <span class='ocrx_word' id='word_1_402' title='bbox 2771 2033 2964 2085; x_wconf 85' lang='lat' dir='ltr'>noster</span> <span class='ocrx_word' id='word_1_403' title='bbox 2980 2028 3006 2087; x_wconf 77' lang='grc' dir='ltr'>,Ι</span> <span class='ocrx_word' id='word_1_404' title='bbox 3015 2044 3143 2088; x_wconf 85' lang='lat' dir='ltr'>esus</span> <span class='ocrx_word' id='word_1_405' title='bbox 3164 2028 3419 2087; x_wconf 80' lang='lat' dir='ltr'>Christus</span> 
     </span>
    </p>
   </div>
   <div class='ocr_carea' id='block_1_51' title="bbox 1822 2115 3418 2187">
    <p class='ocr_par' dir='ltr' id='par_1_51' title="bbox 1822 2115 3418 2187">
     <span class='ocr_line' id='line_1_51' title="bbox 1822 2115 3418 2187; baseline 0.005 -19"><span class='ocrx_word' id='word_1_406' title='bbox 1822 2115 1987 2181; x_wconf 83' lang='lat' dir='ltr'>ﬁlius,</span> <span class='ocrx_word' id='word_1_407' title='bbox 2003 2133 2131 2170; x_wconf 89' lang='lat' dir='ltr'>cum</span> <span class='ocrx_word' id='word_1_408' title='bbox 2152 2116 2228 2171; x_wconf 87' lang='lat' dir='ltr'>sit</span> <span class='ocrx_word' id='word_1_409' title='bbox 2247 2122 2414 2187; x_wconf 85' lang='lat' dir='ltr'>caput</span> <span class='ocrx_word' id='word_1_410' title='bbox 2431 2116 2707 2181; x_wconf 84' lang='lat' dir='ltr'>Ecclesiae,</span> <span class='ocrx_word' id='word_1_411' title='bbox 2734 2115 2905 2171; x_wconf 80' lang='lat' dir='ltr'>habet</span> <span class='ocrx_word' id='word_1_412' title='bbox 2920 2116 3175 2171; x_wconf 83' lang='lat' dir='ltr'>membra</span> <span class='ocrx_word' id='word_1_413' title='bbox 3184 2133 3280 2172; x_wconf 89' lang='lat' dir='ltr'>eos</span> <span class='ocrx_word' id='word_1_414' title='bbox 3297 2134 3418 2177; x_wconf 82' lang='lat' dir='ltr'>om-</span> 
     </span>
    </p>
   </div>
   <div class='ocr_carea' id='block_1_52' title="bbox 1822 2205 3415 2275">
    <p class='ocr_par' dir='ltr' id='par_1_52' title="bbox 1822 2205 3415 2275">
     <span class='ocr_line' id='line_1_52' title="bbox 1822 2205 3415 2275; baseline 0.002 -17"><span class='ocrx_word' id='word_1_415' title='bbox 1822 2221 1921 2259; x_wconf 90' lang='lat' dir='ltr'>nes</span> <span class='ocrx_word' id='word_1_416' title='bbox 1943 2205 2119 2275; x_wconf 90' lang='lat' dir='ltr'>quiin</span> <span class='ocrx_word' id='word_1_417' title='bbox 2144 2206 2389 2261; x_wconf 83' lang='lat' dir='ltr'>Ecclesia</span> <span class='ocrx_word' id='word_1_418' title='bbox 2408 2211 2823 2275; x_wconf 83' lang='lat' dir='ltr'>congregantur</span> <span class='ocrx_word' id='word_1_419' title='bbox 2846 2223 2857 2257; x_wconf 87' lang='lat'><strong>:</strong></span> <span class='ocrx_word' id='word_1_420' title='bbox 2882 2209 2996 2263; x_wconf 81' lang='lat' dir='ltr'>tam</span> <span class='ocrx_word' id='word_1_421' title='bbox 3018 2211 3241 2261; x_wconf 85' lang='lat' dir='ltr'>sanctos</span> <span class='ocrx_word' id='word_1_422' title='bbox 3260 2206 3415 2261; x_wconf 84' lang='lat' dir='ltr'>vide-</span> 
     </span>
    </p>
   </div>
   <div class='ocr_carea' id='block_1_53' title="bbox 1822 2294 3417 2365">
    <p class='ocr_par' dir='ltr' id='par_1_53' title="bbox 1822 2294 3417 2365">
     <span class='ocr_line' id='line_1_53' title="bbox 1822 2294 3417 2365; baseline 0.002 -19"><span class='ocrx_word' id='word_1_423' title='bbox 1822 2294 1953 2347; x_wconf 89' lang='lat' dir='ltr'>licet</span> <span class='ocrx_word' id='word_1_424' title='bbox 1983 2310 2151 2363; x_wconf 87' lang='lat' dir='ltr'>quam</span> <span class='ocrx_word' id='word_1_425' title='bbox 2178 2299 2514 2364; x_wconf 87' lang='lat' dir='ltr'>peccatores,</span> <span class='ocrx_word' id='word_1_426' title='bbox 2538 2294 2636 2349; x_wconf 90' lang='lat' dir='ltr'>sed</span> <span class='ocrx_word' id='word_1_427' title='bbox 2656 2300 2878 2349; x_wconf 85' lang='lat' dir='ltr'>sanctos</span> <span class='ocrx_word' id='word_1_428' title='bbox 2902 2294 3207 2359; x_wconf 74' lang='lat' dir='ltr'>voluntate,</span> <span class='ocrx_word' id='word_1_429' title='bbox 3228 2306 3417 2365; x_wconf 83' lang='lat' dir='ltr'>pecca-</span> 
     </span>
    </p>
   </div>
   <div class='ocr_carea' id='block_1_54' title="bbox 1821 2382 3416 2453">
    <p class='ocr_par' dir='ltr' id='par_1_54' title="bbox 1821 2382 3416 2453">
     <span class='ocr_line' id='line_1_54' title="bbox 1821 2382 3416 2453; baseline 0.001 -16"><span class='ocrx_word' id='word_1_430' title='bbox 1821 2388 1972 2437; x_wconf 90' lang='lat' dir='ltr'>tores</span> <span class='ocrx_word' id='word_1_431' title='bbox 1994 2398 2123 2437; x_wconf 87' lang='lat' dir='ltr'>vero</span> <span class='ocrx_word' id='word_1_432' title='bbox 2141 2382 2248 2437; x_wconf 89' lang='lat' dir='ltr'>sibi</span> <span class='ocrx_word' id='word_1_433' title='bbox 2268 2383 2601 2438; x_wconf 83' lang='lat' dir='ltr'>necessitate</span> <span class='ocrx_word' id='word_1_434' title='bbox 2622 2382 2901 2452; x_wconf 81' lang='lat' dir='ltr'>subjectos</span> <span class='ocrx_word' id='word_1_435' title='bbox 2927 2401 2938 2436; x_wconf 89' lang='lat'><strong>:</strong></span> <span class='ocrx_word' id='word_1_436' title='bbox 2960 2388 3129 2453; x_wconf 80' lang='lat' dir='ltr'>atque</span> <span class='ocrx_word' id='word_1_437' title='bbox 3153 2383 3234 2441; x_wconf 86' lang='lat' dir='ltr'>ita</span> <span class='ocrx_word' id='word_1_438' title='bbox 3260 2385 3327 2441; x_wconf 77' lang='lat' dir='ltr'>ﬁt</span> <span class='ocrx_word' id='word_1_439' title='bbox 3352 2390 3416 2441; x_wconf 84' lang='lat' dir='ltr'>ut</span> 
     </span>
    </p>
   </div>
   <div class='ocr_carea' id='block_1_55' title="bbox 1823 2471 3417 2547">
    <p class='ocr_par' dir='ltr' id='par_1_55' title="bbox 1823 2471 3417 2547">
     <span class='ocr_line' id='line_1_55' title="bbox 1823 2471 3417 2547; baseline 0.002 -23"><span class='ocrx_word' id='word_1_440' title='bbox 1823 2472 1993 2525; x_wconf 88' lang='lat' dir='ltr'>etiam</span> <span class='ocrx_word' id='word_1_441' title='bbox 2014 2471 2224 2526; x_wconf 87' lang='lat' dir='ltr'>inimici</span> <span class='ocrx_word' id='word_1_442' title='bbox 2248 2471 2485 2542; x_wconf 81' lang='lat' dir='ltr'>subjecti</span> <span class='ocrx_word' id='word_1_443' title='bbox 2514 2472 2626 2525; x_wconf 87' lang='lat' dir='ltr'>sint</span> <span class='ocrx_word' id='word_1_444' title='bbox 2641 2471 2875 2542; x_wconf 86' lang='lat' dir='ltr'>pedibus</span> <span class='ocrx_word' id='word_1_445' title='bbox 2889 2474 3028 2543; x_wconf 83' lang='lat' dir='ltr'>ejus.</span> <span class='ocrx_word' id='word_1_446' title='bbox 3063 2473 3417 2547; x_wconf 75' lang='lat' dir='ltr'>Quapropter</span> 
     </span>
    </p>
   </div>
   <div class='ocr_carea' id='block_1_56' title="bbox 1820 2560 3408 2632">
    <p class='ocr_par' dir='ltr' id='par_1_56' title="bbox 1820 2560 3408 2632">
     <span class='ocr_line' id='line_1_56' title="bbox 1820 2560 3408 2632; baseline 0 -19"><span class='ocrx_word' id='word_1_447' title='bbox 1820 2561 1878 2615; x_wconf 89' lang='lat' dir='ltr'>in</span> <span class='ocrx_word' id='word_1_448' title='bbox 1908 2578 1973 2615; x_wconf 93' lang='lat' dir='ltr'>eo</span> <span class='ocrx_word' id='word_1_449' title='bbox 1996 2560 2144 2631; x_wconf 89' lang='lat' dir='ltr'>quod</span> <span class='ocrx_word' id='word_1_450' title='bbox 2176 2561 2257 2614; x_wconf 87' lang='lat' dir='ltr'>ait</span> <span class='ocrx_word' id='word_1_451' title='bbox 2293 2565 2502 2625; x_wconf 79' lang='lat' dir='ltr'>omnia,</span> <span class='ocrx_word' id='word_1_452' title='bbox 2537 2561 2757 2616; x_wconf 87' lang='lat' dir='ltr'>videtur</span> <span class='ocrx_word' id='word_1_453' title='bbox 2795 2562 2975 2617; x_wconf 87' lang='lat' dir='ltr'>facere</span> <span class='ocrx_word' id='word_1_454' title='bbox 3023 2562 3408 2632; x_wconf 76' lang='lat' dir='ltr'>quaestionem.</span> 
     </span>
    </p>
   </div>
   <div class='ocr_carea' id='block_1_57' title="bbox 1820 2649 3414 2720">
    <p class='ocr_par' dir='ltr' id='par_1_57' title="bbox 1820 2649 3414 2720">
     <span class='ocr_line' id='line_1_57' title="bbox 1820 2649 3414 2720; baseline 0 -17"><span class='ocrx_word' id='word_1_455' title='bbox 1820 2650 1963 2703; x_wconf 83' lang='lat' dir='ltr'>Nam</span> <span class='ocrx_word' id='word_1_456' title='bbox 1994 2649 2132 2705; x_wconf 87' lang='lat' dir='ltr'>illud</span> <span class='ocrx_word' id='word_1_457' title='bbox 2156 2650 2303 2720; x_wconf 91' lang='lat' dir='ltr'>quod</span> <span class='ocrx_word' id='word_1_458' title='bbox 2325 2650 2537 2705; x_wconf 89' lang='lat' dir='ltr'>dictum</span> <span class='ocrx_word' id='word_1_459' title='bbox 2557 2655 2642 2704; x_wconf 87' lang='lat' dir='ltr'>est</span> <span class='ocrx_word' id='word_1_460' title='bbox 2666 2666 2679 2707; x_wconf 91' lang='lat'><strong>:</strong></span> <span class='ocrx_word' id='word_1_461' title='bbox 2704 2651 2833 2706; x_wconf 83' lang='lat' dir='ltr'>Sede</span> <span class='ocrx_word' id='word_1_462' title='bbox 2862 2666 2896 2703; x_wconf 83' lang='grc' dir='ltr'><em>α</em></span> <span class='ocrx_word' id='word_1_463' title='bbox 2925 2653 3130 2704; x_wconf 56' lang='lat' dir='ltr'>dextris</span> <span class='ocrx_word' id='word_1_464' title='bbox 3154 2653 3304 2713; x_wconf 81' lang='lat' dir='ltr'>meis,</span> <span class='ocrx_word' id='word_1_465' title='bbox 3323 2652 3414 2705; x_wconf 83' lang='lat' dir='ltr'>do—</span> 
     </span>
    </p>
   </div>
   <div class='ocr_carea' id='block_1_58' title="bbox 1820 2739 3425 2806">
    <p class='ocr_par' dir='ltr' id='par_1_58' title="bbox 1820 2739 3425 2806">
     <span class='ocr_line' id='line_1_58' title="bbox 1820 2739 3425 2806; baseline 0.004 -16"><span class='ocrx_word' id='word_1_466' title='bbox 1820 2754 1915 2793; x_wconf 80' lang='lat' dir='ltr'>nec</span> <span class='ocrx_word' id='word_1_467' title='bbox 1937 2754 2139 2806; x_wconf 83' lang='lat' dir='ltr'>ponam</span> <span class='ocrx_word' id='word_1_468' title='bbox 2159 2741 2413 2792; x_wconf 80' lang='lat' dir='ltr'>inimicos</span> <span class='ocrx_word' id='word_1_469' title='bbox 2436 2743 2554 2793; x_wconf 84' lang='lat' dir='ltr'>tuos</span> <span class='ocrx_word' id='word_1_470' title='bbox 2572 2740 2865 2792; x_wconf 79' lang='lat' dir='ltr'>scabellan</span> <span class='ocrx_word' id='word_1_471' title='bbox 2875 2739 3075 2805; x_wconf 79' lang='lat' dir='ltr'>pedum</span> <span class='ocrx_word' id='word_1_472' title='bbox 3095 2744 3340 2802; x_wconf 81' lang='lat' dir='ltr'>tuorum;</span> <span class='ocrx_word' id='word_1_473' title='bbox 3359 2742 3425 2797; x_wconf 72' lang='lat' dir='ltr'>et</span> 
     </span>
    </p>
   </div>
   <div class='ocr_carea' id='block_1_59' title="bbox 1819 2826 3416 2903">
    <p class='ocr_par' dir='ltr' id='par_1_59' title="bbox 1819 2826 3416 2903">
     <span class='ocr_line' id='line_1_59' title="bbox 1819 2826 3416 2903; baseline -0.001 -22"><span class='ocrx_word' id='word_1_474' title='bbox 1819 2826 1975 2881; x_wconf 87' lang='lat' dir='ltr'>alibi:</span> <span class='ocrx_word' id='word_1_475' title='bbox 2003 2828 2216 2894; x_wconf 75' lang='lat' dir='ltr'>Oportet</span> <span class='ocrx_word' id='word_1_476' title='bbox 2234 2830 2379 2880; x_wconf 85' lang='lat' dir='ltr'>enim</span> <span class='ocrx_word' id='word_1_477' title='bbox 2409 2827 3028 2903; x_wconf 68' lang='lat' dir='ltr'>illuntregnare,donec</span> <span class='ocrx_word' id='word_1_478' title='bbox 3038 2831 3211 2894; x_wconf 78' lang='lat' dir='ltr'>ponat</span> <span class='ocrx_word' id='word_1_479' title='bbox 3224 2829 3416 2886; x_wconf 81' lang='lat' dir='ltr'>inimi-</span> 
     </span>
    </p>
   </div>
   <div class='ocr_carea' id='block_1_60' title="bbox 1820 2914 3414 2986">
    <p class='ocr_par' dir='ltr' id='par_1_60' title="bbox 1820 2914 3414 2986">
     <span class='ocr_line' id='line_1_60' title="bbox 1820 2914 3414 2986; baseline 0.001 -17"><span class='ocrx_word' id='word_1_480' title='bbox 1820 2932 1901 2970; x_wconf 82' lang='lat' dir='ltr'>cos</span> <span class='ocrx_word' id='word_1_481' title='bbox 1921 2917 2019 2971; x_wconf 83' lang='lat' dir='ltr'>sub</span> <span class='ocrx_word' id='word_1_482' title='bbox 2044 2917 2271 2984; x_wconf 82' lang='lat' dir='ltr'>pedibus</span> <span class='ocrx_word' id='word_1_483' title='bbox 2301 2919 2435 2983; x_wconf 82' lang='lat' dir='ltr'>ejus,</span> <span class='ocrx_word' id='word_1_484' title='bbox 2470 2931 2581 2969; x_wconf 89' lang='lat' dir='ltr'>non</span> <span class='ocrx_word' id='word_1_485' title='bbox 2623 2931 2963 2986; x_wconf 84' lang='lat' dir='ltr'>magnopere</span> <span class='ocrx_word' id='word_1_486' title='bbox 3002 2915 3202 2986; x_wconf 66' lang='lat' dir='ltr'>quaerit</span> <span class='ocrx_word' id='word_1_487' title='bbox 3236 2914 3414 2970; x_wconf 85' lang='lat' dir='ltr'>inter-</span> 
     </span>
    </p>
   </div>
   <div class='ocr_carea' id='block_1_61' title="bbox 1820 3003 3411 3075">
    <p class='ocr_par' dir='ltr' id='par_1_61' title="bbox 1820 3003 3411 3075">
     <span class='ocr_line' id='line_1_61' title="bbox 1820 3003 3411 3075; baseline 0.001 -17"><span class='ocrx_word' id='word_1_488' title='bbox 1820 3010 2055 3075; x_wconf 82' lang='lat' dir='ltr'>pretem,</span> <span class='ocrx_word' id='word_1_489' title='bbox 2064 3010 2127 3059; x_wconf 91' lang='lat' dir='ltr'>ut</span> <span class='ocrx_word' id='word_1_490' title='bbox 2139 3022 2204 3059; x_wconf 89' lang='lat' dir='ltr'>ea</span> <span class='ocrx_word' id='word_1_491' title='bbox 2217 3021 2338 3074; x_wconf 81' lang='lat' dir='ltr'>quae</span> <span class='ocrx_word' id='word_1_492' title='bbox 2352 3003 2582 3065; x_wconf 84' lang='lat' dir='ltr'>inimica</span> <span class='ocrx_word' id='word_1_493' title='bbox 2592 3010 2740 3069; x_wconf 88' lang='lat' dir='ltr'>sunt,</span> <span class='ocrx_word' id='word_1_494' title='bbox 2758 3021 2886 3063; x_wconf 87' lang='lat' dir='ltr'>cum</span> <span class='ocrx_word' id='word_1_495' title='bbox 2905 3004 3113 3075; x_wconf 81' lang='lat' dir='ltr'>fuerint</span> <span class='ocrx_word' id='word_1_496' title='bbox 3124 3009 3411 3075; x_wconf 82' lang='lat' dir='ltr'>superata,</span> 
     </span>
    </p>
   </div>
   <div class='ocr_carea' id='block_1_62' title="bbox 166 3091 3415 3165">
    <p class='ocr_par' dir='ltr' id='par_1_62' title="bbox 166 3091 3415 3165">
     <span class='ocr_line' id='line_1_62' title="bbox 166 3091 3415 3165; baseline 0.003 -24"><span class='ocrx_word' id='word_1_497' title='bbox 166 3095 644 3153; x_wconf 75' lang='lat' dir='ltr'>uis.etvn&#39;tutes.et</span> <span class='ocrx_word' id='word_1_498' title='bbox 657 3095 1086 3155; x_wconf 81' lang='lat' dir='ltr'>dominationes,</span> <span class='ocrx_word' id='word_1_499' title='bbox 1103 3100 1496 3165; x_wconf 86' lang='lat' dir='ltr'>etpotestates,</span> <span class='ocrx_word' id='word_1_500' title='bbox 1511 3112 1736 3150; x_wconf 84' lang='lat' dir='ltr'>necesse</span> <span class='ocrx_word' id='word_1_501' title='bbox 1759 3106 1800 3163; x_wconf 66' lang='grc' dir='ltr'>ί]</span> <span class='ocrx_word' id='word_1_502' title='bbox 1821 3091 2192 3163; x_wconf 88' lang='lat' dir='ltr'>subjiciantur</span> <span class='ocrx_word' id='word_1_503' title='bbox 2219 3092 2454 3163; x_wconf 89' lang='lat' dir='ltr'>pedibus</span> <span class='ocrx_word' id='word_1_504' title='bbox 2484 3094 2623 3162; x_wconf 84' lang='lat' dir='ltr'>ejus,</span> <span class='ocrx_word' id='word_1_505' title='bbox 2663 3098 2721 3146; x_wconf 91' lang='lat' dir='ltr'>et</span> <span class='ocrx_word' id='word_1_506' title='bbox 2762 3092 2829 3155; x_wconf 50' lang='lat' dir='ltr'>in.</span> <span class='ocrx_word' id='word_1_507' title='bbox 2860 3093 3083 3147; x_wconf 80' lang='lat' dir='ltr'>victoris</span> <span class='ocrx_word' id='word_1_508' title='bbox 3123 3097 3415 3155; x_wconf 80' lang='lat' dir='ltr'>transeant</span> 
     </span>
    </p>
   </div>
   <div class='ocr_carea' id='block_1_63' title="bbox 164 3180 1737 3254">
    <p class='ocr_par' dir='ltr' id='par_1_63' title="bbox 164 3180 1737 3254">
     <span class='ocr_line' id='line_1_63' title="bbox 164 3180 1737 3254; baseline 0.006 -25"><span class='ocrx_word' id='word_1_509' title='bbox 164 3183 228 3229; x_wconf 82' lang='lat' dir='ltr'>est</span> <span class='ocrx_word' id='word_1_510' title='bbox 239 3180 351 3233; x_wconf 85' lang='lat' dir='ltr'>utet</span> <span class='ocrx_word' id='word_1_511' title='bbox 362 3181 658 3254; x_wconf 78' lang='lat' dir='ltr'>subjectos</span> <span class='ocrx_word' id='word_1_512' title='bbox 678 3183 1005 3248; x_wconf 86' lang='lat' dir='ltr'>habeant,et</span> <span class='ocrx_word' id='word_1_513' title='bbox 1016 3185 1281 3238; x_wconf 84' lang='lat' dir='ltr'>timentes</span> <span class='ocrx_word' id='word_1_514' title='bbox 1293 3202 1353 3238; x_wconf 88' lang='lat' dir='ltr'>se</span> <span class='ocrx_word' id='word_1_515' title='bbox 1370 3185 1737 3252; x_wconf 80' lang='lat' dir='ltr'>etservientes</span> 
     </span>
    </p>
   </div>
   <div class='ocr_carea' id='block_1_64' title="bbox 161 3265 1735 3344">
    <p class='ocr_par' dir='ltr' id='par_1_64' title="bbox 161 3265 1735 3344">
     <span class='ocr_line' id='line_1_64' title="bbox 161 3265 1735 3344; baseline 0.009 -29"><span class='ocrx_word' id='word_1_516' title='bbox 161 3265 262 3327; x_wconf 82' lang='lat' dir='ltr'>sibi,</span> <span class='ocrx_word' id='word_1_517' title='bbox 278 3275 328 3321; x_wconf 82' lang='lat' dir='ltr'>et</span> <span class='ocrx_word' id='word_1_518' title='bbox 339 3286 430 3323; x_wconf 87' lang='lat' dir='ltr'>eos</span> <span class='ocrx_word' id='word_1_519' title='bbox 443 3272 541 3342; x_wconf 88' lang='lat' dir='ltr'>qui</span> <span class='ocrx_word' id='word_1_520' title='bbox 567 3289 678 3327; x_wconf 83' lang='lat' dir='ltr'>sua</span> <span class='ocrx_word' id='word_1_521' title='bbox 690 3273 1017 3327; x_wconf 86' lang='lat' dir='ltr'>fortitudine</span> <span class='ocrx_word' id='word_1_522' title='bbox 1033 3273 1388 3341; x_wconf 86' lang='lat' dir='ltr'>roborentur;</span> <span class='ocrx_word' id='word_1_523' title='bbox 1405 3291 1527 3344; x_wconf 62' lang='lat' dir='ltr'>quae</span> <span class='ocrx_word' id='word_1_524' title='bbox 1542 3274 1735 3329; x_wconf 87' lang='lat' dir='ltr'>distri-</span> 
     </span>
    </p>
   </div>
   <div class='ocr_carea' id='block_1_65' title="bbox 161 3350 1735 3433">
    <p class='ocr_par' dir='ltr' id='par_1_65' title="bbox 161 3350 1735 3433">
     <span class='ocr_line' id='line_1_65' title="bbox 161 3350 1735 3433; baseline 0.008 -28"><span class='ocrx_word' id='word_1_525' title='bbox 161 3350 382 3412; x_wconf 82' lang='lat' dir='ltr'>butiones</span> <span class='ocrx_word' id='word_1_526' title='bbox 409 3360 673 3414; x_wconf 71' lang='lat' dir='ltr'>otﬁcioru</span> <span class='ocrx_word' id='word_1_527' title='bbox 684 3378 734 3415; x_wconf 88' lang='lat' dir='ltr'>m</span> <span class='ocrx_word' id='word_1_528' title='bbox 756 3378 868 3415; x_wconf 92' lang='lat' dir='ltr'>non</span> <span class='ocrx_word' id='word_1_529' title='bbox 889 3363 1070 3416; x_wconf 88' lang='lat' dir='ltr'>solum</span> <span class='ocrx_word' id='word_1_530' title='bbox 1090 3363 1615 3433; x_wconf 66' lang='lat' dir='ltr'>impraesentiarum,</span> <span class='ocrx_word' id='word_1_531' title='bbox 1639 3364 1735 3418; x_wconf 87' lang='lat' dir='ltr'>sed</span> 
     </span>
    </p>
   </div>
   <div class='ocr_carea' id='block_1_66' title="bbox 160 3443 1737 3523">
    <p class='ocr_par' dir='ltr' id='par_1_66' title="bbox 160 3443 1737 3523">
     <span class='ocr_line' id='line_1_66' title="bbox 160 3443 1737 3523; baseline 0.006 -25"><span class='ocrx_word' id='word_1_532' title='bbox 160 3443 297 3498; x_wconf 79' lang='lat' dir='ltr'>etiam</span> <span class='ocrx_word' id='word_1_533' title='bbox 330 3448 384 3511; x_wconf 76' lang='lat' dir='ltr'>in</span> <span class='ocrx_word' id='word_1_534' title='bbox 414 3446 617 3503; x_wconf 74' lang='lat' dir='ltr'>futuro</span> <span class='ocrx_word' id='word_1_535' title='bbox 655 3451 858 3504; x_wconf 64' lang='lat' dir='ltr'>saeculo</span> <span class='ocrx_word' id='word_1_536' title='bbox 887 3456 1070 3515; x_wconf 87' lang='lat' dir='ltr'>erunt,</span> <span class='ocrx_word' id='word_1_537' title='bbox 1106 3457 1170 3505; x_wconf 90' lang='lat' dir='ltr'>ut</span> <span class='ocrx_word' id='word_1_538' title='bbox 1199 3469 1298 3522; x_wconf 88' lang='lat' dir='ltr'>per</span> <span class='ocrx_word' id='word_1_539' title='bbox 1327 3452 1576 3522; x_wconf 78' lang='lat' dir='ltr'>singulos</span> <span class='ocrx_word' id='word_1_540' title='bbox 1608 3469 1737 3523; x_wconf 91' lang='lat' dir='ltr'>pro-</span> 
     </span>
    </p>
   </div>
   <div class='ocr_carea' id='block_1_67' title="bbox 161 3529 1733 3607">
    <p class='ocr_par' dir='ltr' id='par_1_67' title="bbox 161 3529 1733 3607">
     <span class='ocr_line' id='line_1_67' title="bbox 161 3529 1733 3607; baseline 0.008 -23"><span class='ocrx_word' id='word_1_541' title='bbox 161 3529 304 3587; x_wconf 57' lang='lat' dir='ltr'>fanus</span> <span class='ocrx_word' id='word_1_542' title='bbox 318 3550 373 3589; x_wconf 85' lang='lat' dir='ltr'>et</span> <span class='ocrx_word' id='word_1_543' title='bbox 392 3538 668 3603; x_wconf 86' lang='lat' dir='ltr'>honores,</span> <span class='ocrx_word' id='word_1_544' title='bbox 691 3540 1045 3594; x_wconf 86' lang='lat' dir='ltr'>ascensiones</span> <span class='ocrx_word' id='word_1_545' title='bbox 1058 3541 1227 3595; x_wconf 87' lang='lat' dir='ltr'>etiam</span> <span class='ocrx_word' id='word_1_546' title='bbox 1250 3547 1307 3594; x_wconf 91' lang='lat' dir='ltr'>et</span> <span class='ocrx_word' id='word_1_547' title='bbox 1326 3542 1733 3607; x_wconf 86' lang='lat' dir='ltr'>descensiones,</span> 
     </span>
    </p>
   </div>
   <div class='ocr_carea' id='block_1_68' title="bbox 158 3621 1738 3701">
    <p class='ocr_par' dir='ltr' id='par_1_68' title="bbox 158 3621 1738 3701">
     <span class='ocr_line' id='line_1_68' title="bbox 158 3621 1738 3701; baseline 0.008 -29"><span class='ocrx_word' id='word_1_548' title='bbox 158 3621 221 3672; x_wconf 62' lang='lat' dir='ltr'>vel</span> <span class='ocrx_word' id='word_1_549' title='bbox 245 3633 447 3679; x_wconf 82' lang='lat' dir='ltr'>crescat</span> <span class='ocrx_word' id='word_1_550' title='bbox 478 3627 716 3698; x_wconf 84' lang='lat' dir='ltr'>aliquis,</span> <span class='ocrx_word' id='word_1_551' title='bbox 749 3629 833 3682; x_wconf 88' lang='lat' dir='ltr'>vel</span> <span class='ocrx_word' id='word_1_552' title='bbox 864 3629 1167 3693; x_wconf 87' lang='lat' dir='ltr'>decrescat,</span> <span class='ocrx_word' id='word_1_553' title='bbox 1202 3635 1259 3684; x_wconf 88' lang='lat' dir='ltr'>et</span> <span class='ocrx_word' id='word_1_554' title='bbox 1289 3630 1391 3684; x_wconf 88' lang='lat' dir='ltr'>sub</span> <span class='ocrx_word' id='word_1_555' title='bbox 1420 3631 1531 3685; x_wconf 88' lang='lat' dir='ltr'>alia</span> <span class='ocrx_word' id='word_1_556' title='bbox 1570 3637 1738 3701; x_wconf 88' lang='lat' dir='ltr'>atque</span> 
     </span>
    </p>
   </div>
   <div class='ocr_carea' id='block_1_69' title="bbox 159 3709 1738 3791">
    <p class='ocr_par' dir='ltr' id='par_1_69' title="bbox 159 3709 1738 3791">
     <span class='ocr_line' id='line_1_69' title="bbox 159 3709 1738 3791; baseline 0.007 -29"><span class='ocrx_word' id='word_1_557' title='bbox 159 3709 245 3762; x_wconf 72' lang='lat' dir='ltr'>alia</span> <span class='ocrx_word' id='word_1_558' title='bbox 272 3721 571 3783; x_wconf 77' lang='lat' dir='ltr'>potestate,</span> <span class='ocrx_word' id='word_1_559' title='bbox 618 3716 846 3781; x_wconf 86' lang='lat' dir='ltr'>virtute,</span> <span class='ocrx_word' id='word_1_560' title='bbox 898 3719 1213 3791; x_wconf 86' lang='lat' dir='ltr'>principatu</span> <span class='ocrx_word' id='word_1_561' title='bbox 1265 3725 1323 3773; x_wconf 83' lang='lat' dir='ltr'>et</span> <span class='ocrx_word' id='word_1_562' title='bbox 1357 3720 1738 3773; x_wconf 86' lang='lat' dir='ltr'>dominatione</span> 
     </span>
    </p>
   </div>
   <div class='ocr_carea' id='block_1_70' title="bbox 157 3798 1740 3877">
    <p class='ocr_par' dir='ltr' id='par_1_70' title="bbox 157 3798 1740 3877">
     <span class='ocr_line' id='line_1_70' title="bbox 157 3798 1740 3877; baseline 0.008 -27"><span class='ocrx_word' id='word_1_563' title='bbox 157 3798 248 3851; x_wconf 78' lang='lat' dir='ltr'>ﬁat.</span> <span class='ocrx_word' id='word_1_564' title='bbox 274 3802 384 3857; x_wconf 76' lang='lat' dir='ltr'>Nos</span> <span class='ocrx_word' id='word_1_565' title='bbox 412 3805 755 3859; x_wconf 78' lang='lat' dir='ltr'>homunculi</span> <span class='ocrx_word' id='word_1_566' title='bbox 786 3806 893 3861; x_wconf 90' lang='lat' dir='ltr'>cito</span> <span class='ocrx_word' id='word_1_567' title='bbox 922 3807 981 3861; x_wconf 89' lang='lat' dir='ltr'>in</span> <span class='ocrx_word' id='word_1_568' title='bbox 1010 3809 1256 3863; x_wconf 87' lang='lat' dir='ltr'>cinerem</span> <span class='ocrx_word' id='word_1_569' title='bbox 1277 3814 1334 3862; x_wconf 88' lang='lat' dir='ltr'>et</span> <span class='ocrx_word' id='word_1_570' title='bbox 1352 3810 1634 3877; x_wconf 86' lang='lat' dir='ltr'>pulverem</span> <span class='ocrx_word' id='word_1_571' title='bbox 1656 3826 1740 3863; x_wconf 79' lang='lat' dir='ltr'>re-</span> 
     </span>
    </p>
   </div>
   <div class='ocr_carea' id='block_1_71' title="bbox 156 3887 1734 3968">
    <p class='ocr_par' dir='ltr' id='par_1_71' title="bbox 156 3887 1734 3968">
     <span class='ocr_line' id='line_1_71' title="bbox 156 3887 1734 3968; baseline 0.006 -28"><span class='ocrx_word' id='word_1_572' title='bbox 156 3887 386 3959; x_wconf 77' lang='lat' dir='ltr'>solvendi,</span> <span class='ocrx_word' id='word_1_573' title='bbox 420 3895 469 3947; x_wconf 83' lang='lat' dir='ltr'>si</span> <span class='ocrx_word' id='word_1_574' title='bbox 503 3912 794 3949; x_wconf 87' lang='lat' dir='ltr'>consensu</span> <span class='ocrx_word' id='word_1_575' title='bbox 836 3896 1126 3950; x_wconf 89' lang='lat' dir='ltr'>hominum</span> <span class='ocrx_word' id='word_1_576' title='bbox 1164 3898 1415 3953; x_wconf 70' lang='lat' dir='ltr'>levemur</span> <span class='ocrx_word' id='word_1_577' title='bbox 1455 3898 1511 3951; x_wconf 92' lang='lat' dir='ltr'>in</span> <span class='ocrx_word' id='word_1_578' title='bbox 1556 3915 1734 3968; x_wconf 75' lang='lat' dir='ltr'>reges,</span> 
     </span>
    </p>
   </div>
   <div class='ocr_carea' id='block_1_72' title="bbox 152 3982 1738 4040">
    <p class='ocr_par' dir='ltr' id='par_1_72' title="bbox 152 3982 1738 4040">
     <span class='ocr_line' id='line_1_72' title="bbox 152 3982 1738 4040; baseline 0.007 -11"><span class='ocrx_word' id='word_1_579' title='bbox 152 3986 307 4032; x_wconf 80' lang='lat' dir='ltr'>tantas</span> <span class='ocrx_word' id='word_1_580' title='bbox 334 3982 620 4037; x_wconf 82' lang='lat' dir='ltr'>habemus</span> <span class='ocrx_word' id='word_1_581' title='bbox 652 3983 1094 4038; x_wconf 86' lang='lat' dir='ltr'>ministeriorum</span> <span class='ocrx_word' id='word_1_582' title='bbox 1125 3985 1475 4039; x_wconf 81' lang='lat' dir='ltr'>diversitates</span> <span class='ocrx_word' id='word_1_583' title='bbox 1506 3992 1561 4039; x_wconf 88' lang='lat' dir='ltr'>et</span> <span class='ocrx_word' id='word_1_584' title='bbox 1581 3986 1738 4040; x_wconf 84' lang='lat' dir='ltr'>simi-</span> 
     </span>
    </p>
   </div>
   <div class='ocr_carea' id='block_1_73' title="bbox 154 4062 1740 4144">
    <p class='ocr_par' dir='ltr' id='par_1_73' title="bbox 154 4062 1740 4144">
     <span class='ocr_line' id='line_1_73' title="bbox 154 4062 1740 4144; baseline 0.008 -27"><span class='ocrx_word' id='word_1_585' title='bbox 154 4062 405 4133; x_wconf 80' lang='lat' dir='ltr'>litudines,</span> <span class='ocrx_word' id='word_1_586' title='bbox 423 4079 685 4141; x_wconf 83' lang='lat' dir='ltr'>quantas</span> <span class='ocrx_word' id='word_1_587' title='bbox 705 4073 923 4127; x_wconf 77' lang='lat' dir='ltr'>facilitrs</span> <span class='ocrx_word' id='word_1_588' title='bbox 936 4090 1233 4143; x_wconf 85' lang='lat' dir='ltr'>possumus</span> <span class='ocrx_word' id='word_1_589' title='bbox 1253 4075 1460 4129; x_wconf 86' lang='lat' dir='ltr'>sentire</span> <span class='ocrx_word' id='word_1_590' title='bbox 1474 4092 1642 4144; x_wconf 89' lang='lat' dir='ltr'>quam</span> <span class='ocrx_word' id='word_1_591' title='bbox 1660 4076 1740 4129; x_wconf 89' lang='lat' dir='ltr'>di-</span> 
     </span>
    </p>
   </div>
   <div class='ocr_carea' id='block_1_74' title="bbox 149 4158 1741 4234">
    <p class='ocr_par' dir='ltr' id='par_1_74' title="bbox 149 4158 1741 4234">
     <span class='ocr_line' id='line_1_74' title="bbox 149 4158 1741 4234; baseline 0.008 -28"><span class='ocrx_word' id='word_1_592' title='bbox 149 4168 264 4208; x_wconf 81' lang='lat' dir='ltr'>cere.</span> <span class='ocrx_word' id='word_1_593' title='bbox 289 4158 455 4214; x_wconf 80' lang='lat' dir='ltr'>Verbi</span> <span class='ocrx_word' id='word_1_594' title='bbox 480 4179 687 4226; x_wconf 87' lang='lat' dir='ltr'>causa,</span> <span class='ocrx_word' id='word_1_595' title='bbox 713 4162 859 4231; x_wconf 90' lang='lat' dir='ltr'>quod</span> <span class='ocrx_word' id='word_1_596' title='bbox 884 4162 1175 4232; x_wconf 81' lang='lat' dir='ltr'>praefectus</span> <span class='ocrx_word' id='word_1_597' title='bbox 1201 4162 1261 4215; x_wconf 88' lang='lat' dir='ltr'>in</span> <span class='ocrx_word' id='word_1_598' title='bbox 1294 4170 1451 4234; x_wconf 86' lang='lat' dir='ltr'>parte</span> <span class='ocrx_word' id='word_1_599' title='bbox 1480 4164 1621 4218; x_wconf 90' lang='lat' dir='ltr'>civili</span> <span class='ocrx_word' id='word_1_600' title='bbox 1653 4166 1741 4233; x_wconf 90' lang='lat' dir='ltr'>ju-</span> 
     </span>
    </p>
   </div>
   <div class='ocr_carea' id='block_1_75' title="bbox 154 4242 1739 4319">
    <p class='ocr_par' dir='ltr' id='par_1_75' title="bbox 154 4242 1739 4319">
     <span class='ocr_line' id='line_1_75' title="bbox 154 4242 1739 4319; baseline 0.01 -28"><span class='ocrx_word' id='word_1_601' title='bbox 154 4242 275 4297; x_wconf 75' lang='lat' dir='ltr'>dich</span> <span class='ocrx_word' id='word_1_602' title='bbox 296 4264 394 4316; x_wconf 86' lang='lat' dir='ltr'>per</span> <span class='ocrx_word' id='word_1_603' title='bbox 413 4250 748 4319; x_wconf 84' lang='lat' dir='ltr'>provincias</span> <span class='ocrx_word' id='word_1_604' title='bbox 785 4256 842 4304; x_wconf 88' lang='lat' dir='ltr'>et</span> <span class='ocrx_word' id='word_1_605' title='bbox 864 4251 1115 4305; x_wconf 89' lang='lat' dir='ltr'>ordinem</span> <span class='ocrx_word' id='word_1_606' title='bbox 1150 4269 1315 4306; x_wconf 87' lang='lat' dir='ltr'>suum</span> <span class='ocrx_word' id='word_1_607' title='bbox 1345 4251 1578 4318; x_wconf 84' lang='lat' dir='ltr'>habeat;</span> <span class='ocrx_word' id='word_1_608' title='bbox 1614 4270 1739 4307; x_wconf 88' lang='lat' dir='ltr'>rur-</span> 
     </span>
    </p>
   </div>
   <div class='ocr_carea' id='block_1_76' title="bbox 152 4337 1739 4405">
    <p class='ocr_par' dir='ltr' id='par_1_76' title="bbox 152 4337 1739 4405">
     <span class='ocr_line' id='line_1_76' title="bbox 152 4337 1739 4405; baseline 0.005 -18"><span class='ocrx_word' id='word_1_609' title='bbox 152 4348 249 4386; x_wconf 69' lang='lat' dir='ltr'>sum</span> <span class='ocrx_word' id='word_1_610' title='bbox 272 4337 477 4393; x_wconf 85' lang='lat' dir='ltr'>militia</span> <span class='ocrx_word' id='word_1_611' title='bbox 496 4340 564 4393; x_wconf 87' lang='lat' dir='ltr'>in</span> <span class='ocrx_word' id='word_1_612' title='bbox 592 4345 681 4393; x_wconf 87' lang='lat' dir='ltr'>tot</span> <span class='ocrx_word' id='word_1_613' title='bbox 700 4340 951 4404; x_wconf 88' lang='lat' dir='ltr'>comites,</span> <span class='ocrx_word' id='word_1_614' title='bbox 984 4341 1172 4405; x_wconf 88' lang='lat' dir='ltr'>duces,</span> <span class='ocrx_word' id='word_1_615' title='bbox 1198 4341 1452 4396; x_wconf 86' lang='lat' dir='ltr'>tribunos</span> <span class='ocrx_word' id='word_1_616' title='bbox 1472 4347 1528 4395; x_wconf 90' lang='lat' dir='ltr'>et</span> <span class='ocrx_word' id='word_1_617' title='bbox 1547 4342 1739 4395; x_wconf 89' lang='lat' dir='ltr'>multi-</span> 
     </span>
    </p>
   </div>
   <div class='ocr_carea' id='block_1_77' title="bbox 1819 3181 3425 3257">
    <p class='ocr_par' dir='ltr' id='par_1_77' title="bbox 1819 3181 3425 3257">
     <span class='ocr_line' id='line_1_77' title="bbox 1819 3181 3425 3257; baseline -0.001 -21"><span class='ocrx_word' id='word_1_618' title='bbox 1819 3187 2173 3251; x_wconf 82' lang='lat' dir='ltr'>potestatem.</span> <span class='ocrx_word' id='word_1_619' title='bbox 2199 3184 2312 3236; x_wconf 85' lang='lat' dir='ltr'>Cur</span> <span class='ocrx_word' id='word_1_620' title='bbox 2330 3187 2520 3235; x_wconf 88' lang='lat' dir='ltr'>autem</span> <span class='ocrx_word' id='word_1_621' title='bbox 2536 3182 2744 3247; x_wconf 78' lang='lat' dir='ltr'>omnia,</span> <span class='ocrx_word' id='word_1_622' title='bbox 2764 3181 2820 3243; x_wconf 87' lang='lat' dir='ltr'>id</span> <span class='ocrx_word' id='word_1_623' title='bbox 2848 3188 2950 3248; x_wconf 90' lang='lat' dir='ltr'>est,</span> <span class='ocrx_word' id='word_1_624' title='bbox 2974 3182 3179 3251; x_wconf 78' lang='lat' dir='ltr'>angeli,</span> <span class='ocrx_word' id='word_1_625' title='bbox 3201 3181 3425 3257; x_wconf 86' lang='lat' dir='ltr'>throni,</span> 
     </span>
    </p>
   </div>
   <div class='ocr_carea' id='block_1_78' title="bbox 1820 3270 3415 3342">
    <p class='ocr_par' dir='ltr' id='par_1_78' title="bbox 1820 3270 3415 3342">
     <span class='ocr_line' id='line_1_78' title="bbox 1820 3270 3415 3342; baseline 0.01 -19"><span class='ocrx_word' id='word_1_626' title='bbox 1820 3270 2247 3335; x_wconf 85' lang='lat' dir='ltr'>dominationes,</span> <span class='ocrx_word' id='word_1_627' title='bbox 2281 3275 2604 3341; x_wconf 85' lang='lat' dir='ltr'>potestates,</span> <span class='ocrx_word' id='word_1_628' title='bbox 2650 3276 2707 3323; x_wconf 89' lang='lat' dir='ltr'>et</span> <span class='ocrx_word' id='word_1_629' title='bbox 2746 3271 2980 3333; x_wconf 84' lang='lat' dir='ltr'>virtutes</span> <span class='ocrx_word' id='word_1_630' title='bbox 3019 3276 3251 3339; x_wconf 55' lang='lat' dir='ltr'>caetera.</span> <span class='ocrx_word' id='word_1_631' title='bbox 3291 3286 3415 3342; x_wconf 66' lang='grc' dir='ltr'>(ιυω</span> 
     </span>
    </p>
   </div>
   <div class='ocr_carea' id='block_1_79' title="bbox 1821 3359 3417 3431">
    <p class='ocr_par' dir='ltr' id='par_1_79' title="bbox 1821 3359 3417 3431">
     <span class='ocr_line' id='line_1_79' title="bbox 1821 3359 3417 3431; baseline 0.001 -18"><span class='ocrx_word' id='word_1_632' title='bbox 1821 3376 2109 3429; x_wconf 86' lang='lat' dir='ltr'>nunquam</span> <span class='ocrx_word' id='word_1_633' title='bbox 2140 3361 2368 3415; x_wconf 84' lang='lat' dir='ltr'>fuerunt</span> <span class='ocrx_word' id='word_1_634' title='bbox 2395 3359 2688 3414; x_wconf 67' lang='lat' dir='ltr'>contraria}</span> <span class='ocrx_word' id='word_1_635' title='bbox 2717 3361 2850 3425; x_wconf 82' lang='lat' dir='ltr'>Deo,</span> <span class='ocrx_word' id='word_1_636' title='bbox 2884 3361 3007 3430; x_wconf 82' lang='lat' dir='ltr'>ejus</span> <span class='ocrx_word' id='word_1_637' title='bbox 3035 3360 3269 3431; x_wconf 82' lang='lat' dir='ltr'>pedibus</span> <span class='ocrx_word' id='word_1_638' title='bbox 3289 3359 3417 3417; x_wconf 87' lang='lat' dir='ltr'>sub-</span> 
     </span>
    </p>
   </div>
   <div class='ocr_carea' id='block_1_80' title="bbox 1814 3448 3416 3520">
    <p class='ocr_par' dir='ltr' id='par_1_80' title="bbox 1814 3448 3416 3520">
     <span class='ocr_line' id='line_1_80' title="bbox 1814 3448 3416 3520; baseline 0.001 -13"><span class='ocrx_word' id='word_1_639' title='bbox 1814 3449 2117 3519; x_wconf 64' lang='lat' dir='ltr'>iiciantur?</span> <span class='ocrx_word' id='word_1_640' title='bbox 2150 3450 2382 3503; x_wconf 78' lang='lat' dir='ltr'>Videtur</span> <span class='ocrx_word' id='word_1_641' title='bbox 2412 3448 2727 3503; x_wconf 88' lang='lat' dir='ltr'>obscurum.</span> <span class='ocrx_word' id='word_1_642' title='bbox 2755 3449 2950 3505; x_wconf 88' lang='lat' dir='ltr'>Potest</span> <span class='ocrx_word' id='word_1_643' title='bbox 2968 3450 3157 3520; x_wconf 84' lang='lat' dir='ltr'>itaque</span> <span class='ocrx_word' id='word_1_644' title='bbox 3182 3465 3416 3520; x_wconf 77' lang='lat' dir='ltr'>respon-</span> 
     </span>
    </p>
   </div>
   <div class='ocr_carea' id='block_1_81' title="bbox 1819 3537 3417 3607">
    <p class='ocr_par' dir='ltr' id='par_1_81' title="bbox 1819 3537 3417 3607">
     <span class='ocr_line' id='line_1_81' title="bbox 1819 3537 3417 3607; baseline 0.003 -17"><span class='ocrx_word' id='word_1_645' title='bbox 1819 3537 1957 3601; x_wconf 86' lang='lat' dir='ltr'>deri,</span> <span class='ocrx_word' id='word_1_646' title='bbox 1989 3538 2136 3607; x_wconf 87' lang='lat' dir='ltr'>quod</span> <span class='ocrx_word' id='word_1_647' title='bbox 2167 3537 2375 3607; x_wconf 85' lang='lat' dir='ltr'>absque</span> <span class='ocrx_word' id='word_1_648' title='bbox 2404 3543 2631 3607; x_wconf 85' lang='lat' dir='ltr'>peccato</span> <span class='ocrx_word' id='word_1_649' title='bbox 2660 3538 2847 3595; x_wconf 86' lang='lat' dir='ltr'>nullus</span> <span class='ocrx_word' id='word_1_650' title='bbox 2877 3538 2970 3603; x_wconf 86' lang='lat' dir='ltr'>sit,</span> <span class='ocrx_word' id='word_1_651' title='bbox 3008 3544 3066 3592; x_wconf 87' lang='lat' dir='ltr'>et</span> <span class='ocrx_word' id='word_1_652' title='bbox 3095 3537 3280 3592; x_wconf 80' lang='lat' dir='ltr'>sidera</span> <span class='ocrx_word' id='word_1_653' title='bbox 3316 3537 3417 3595; x_wconf 74' lang='lat' dir='ltr'>illa</span> 
     </span>
    </p>
   </div>
   <div class='ocr_carea' id='block_1_82' title="bbox 1820 3626 3417 3697">
    <p class='ocr_par' dir='ltr' id='par_1_82' title="bbox 1820 3626 3417 3697">
     <span class='ocr_line' id='line_1_82' title="bbox 1820 3626 3417 3697; baseline 0.003 -17"><span class='ocrx_word' id='word_1_654' title='bbox 1820 3642 1931 3680; x_wconf 91' lang='lat' dir='ltr'>non</span> <span class='ocrx_word' id='word_1_655' title='bbox 1966 3632 2098 3681; x_wconf 87' lang='lat' dir='ltr'>sunt</span> <span class='ocrx_word' id='word_1_656' title='bbox 2135 3626 2346 3680; x_wconf 87' lang='lat' dir='ltr'>munda</span> <span class='ocrx_word' id='word_1_657' title='bbox 2391 3642 2578 3681; x_wconf 86' lang='lat' dir='ltr'>coram</span> <span class='ocrx_word' id='word_1_658' title='bbox 2629 3627 2763 3692; x_wconf 87' lang='lat' dir='ltr'>Deo,</span> <span class='ocrx_word' id='word_1_659' title='bbox 2818 3627 3111 3697; x_wconf 83' lang='lat' dir='ltr'>omnisque</span> <span class='ocrx_word' id='word_1_660' title='bbox 3156 3632 3417 3685; x_wconf 77' lang='lat' dir='ltr'>creatura</span> 
     </span>
    </p>
   </div>
   <div class='ocr_carea' id='block_1_83' title="bbox 1822 3714 3417 3785">
    <p class='ocr_par' dir='ltr' id='par_1_83' title="bbox 1822 3714 3417 3785">
     <span class='ocr_line' id='line_1_83' title="bbox 1822 3714 3417 3785; baseline 0.001 -16"><span class='ocrx_word' id='word_1_661' title='bbox 1822 3714 2088 3769; x_wconf 87' lang='lat' dir='ltr'>creatoris</span> <span class='ocrx_word' id='word_1_662' title='bbox 2109 3721 2308 3785; x_wconf 83' lang='lat' dir='ltr'>paveat</span> <span class='ocrx_word' id='word_1_663' title='bbox 2325 3715 2645 3769; x_wconf 73' lang='lat' dir='ltr'>adventura.</span> <span class='ocrx_word' id='word_1_664' title='bbox 2672 3715 2830 3769; x_wconf 90' lang='lat' dir='ltr'>Unde</span> <span class='ocrx_word' id='word_1_665' title='bbox 2858 3720 2915 3768; x_wconf 89' lang='lat' dir='ltr'>et</span> <span class='ocrx_word' id='word_1_666' title='bbox 2941 3731 3077 3769; x_wconf 84' lang='lat' dir='ltr'>crux</span> <span class='ocrx_word' id='word_1_667' title='bbox 3114 3715 3417 3771; x_wconf 83' lang='lat' dir='ltr'>Salvatoris</span> 
     </span>
    </p>
   </div>
   <div class='ocr_carea' id='block_1_84' title="bbox 1822 3803 3418 3874">
    <p class='ocr_par' dir='ltr' id='par_1_84' title="bbox 1822 3803 3418 3874">
     <span class='ocr_line' id='line_1_84' title="bbox 1822 3803 3418 3874; baseline 0.002 -18"><span class='ocrx_word' id='word_1_668' title='bbox 1822 3820 1934 3857; x_wconf 91' lang='lat' dir='ltr'>non</span> <span class='ocrx_word' id='word_1_669' title='bbox 1956 3804 2136 3857; x_wconf 89' lang='lat' dir='ltr'>solum</span> <span class='ocrx_word' id='word_1_670' title='bbox 2166 3820 2233 3858; x_wconf 88' lang='lat' dir='ltr'>ea</span> <span class='ocrx_word' id='word_1_671' title='bbox 2261 3818 2384 3874; x_wconf 74' lang='lat' dir='ltr'>qua:</span> <span class='ocrx_word' id='word_1_672' title='bbox 2415 3803 2473 3857; x_wconf 91' lang='lat' dir='ltr'>in</span> <span class='ocrx_word' id='word_1_673' title='bbox 2503 3810 2674 3867; x_wconf 85' lang='lat' dir='ltr'>terra,</span> <span class='ocrx_word' id='word_1_674' title='bbox 2708 3805 2806 3857; x_wconf 84' lang='lat' dir='ltr'>sed</span> <span class='ocrx_word' id='word_1_675' title='bbox 2836 3804 3007 3861; x_wconf 90' lang='lat' dir='ltr'>etiam</span> <span class='ocrx_word' id='word_1_676' title='bbox 3037 3820 3159 3874; x_wconf 68' lang='lat' dir='ltr'>qua:</span> <span class='ocrx_word' id='word_1_677' title='bbox 3190 3803 3247 3859; x_wconf 88' lang='lat' dir='ltr'>in</span> <span class='ocrx_word' id='word_1_678' title='bbox 3264 3804 3418 3859; x_wconf 72' lang='lat' dir='ltr'>cmlis</span> 
     </span>
    </p>
   </div>
   <div class='ocr_carea' id='block_1_85' title="bbox 1823 3893 3419 3963">
    <p class='ocr_par' dir='ltr' id='par_1_85' title="bbox 1823 3893 3419 3963">
     <span class='ocr_line' id='line_1_85' title="bbox 1823 3893 3419 3963; baseline 0.001 -17"><span class='ocrx_word' id='word_1_679' title='bbox 1823 3899 1985 3946; x_wconf 88' lang='lat' dir='ltr'>erant</span> <span class='ocrx_word' id='word_1_680' title='bbox 2011 3910 2279 3963; x_wconf 83' lang='lat' dir='ltr'>purgasse</span> <span class='ocrx_word' id='word_1_681' title='bbox 2308 3893 2634 3963; x_wconf 85' lang='lat' dir='ltr'>perhibetur</span> <span class='ocrx_word' id='word_1_682' title='bbox 2666 3911 2676 3945; x_wconf 89' lang='lat'><strong>:</strong></span> <span class='ocrx_word' id='word_1_683' title='bbox 2714 3893 2858 3947; x_wconf 87' lang='lat' dir='ltr'>alius</span> <span class='ocrx_word' id='word_1_684' title='bbox 2900 3910 3027 3961; x_wconf 85' lang='lat' dir='ltr'>vero</span> <span class='ocrx_word' id='word_1_685' title='bbox 3068 3893 3276 3959; x_wconf 87' lang='lat' dir='ltr'>omnia,</span> <span class='ocrx_word' id='word_1_686' title='bbox 3305 3906 3419 3951; x_wconf 88' lang='lat' dir='ltr'>non</span> 
     </span>
    </p>
   </div>
   <div class='ocr_carea' id='block_1_86' title="bbox 1822 3982 3421 4059">
    <p class='ocr_par' dir='ltr' id='par_1_86' title="bbox 1822 3982 3421 4059">
     <span class='ocr_line' id='line_1_86' title="bbox 1822 3982 3421 4059; baseline 0.001 -24"><span class='ocrx_word' id='word_1_687' title='bbox 1822 3982 1892 4036; x_wconf 88' lang='lat' dir='ltr'>ad</span> <span class='ocrx_word' id='word_1_688' title='bbox 1921 3982 2363 4047; x_wconf 71' lang='lat' dir='ltr'>universitatem,</span> <span class='ocrx_word' id='word_1_689' title='bbox 2388 3983 2483 4039; x_wconf 83' lang='lat' dir='ltr'>sed</span> <span class='ocrx_word' id='word_1_690' title='bbox 2506 3983 2576 4036; x_wconf 89' lang='lat' dir='ltr'>ad</span> <span class='ocrx_word' id='word_1_691' title='bbox 2593 4000 2661 4037; x_wconf 88' lang='lat' dir='ltr'>ea</span> <span class='ocrx_word' id='word_1_692' title='bbox 2678 3988 2899 4039; x_wconf 86' lang='lat' dir='ltr'>tantum</span> <span class='ocrx_word' id='word_1_693' title='bbox 2928 3983 3100 4039; x_wconf 82' lang='lat' dir='ltr'>refert</span> <span class='ocrx_word' id='word_1_694' title='bbox 3119 3983 3187 4037; x_wconf 88' lang='lat' dir='ltr'>de</span> <span class='ocrx_word' id='word_1_695' title='bbox 3218 3982 3421 4059; x_wconf 80' lang='lat' dir='ltr'>quibus</span> 
     </span>
    </p>
   </div>
   <div class='ocr_carea' id='block_1_87' title="bbox 1822 4071 3422 4141">
    <p class='ocr_par' dir='ltr' id='par_1_87' title="bbox 1822 4071 3422 4141">
     <span class='ocr_line' id='line_1_87' title="bbox 1822 4071 3422 4141; baseline 0.002 -16"><span class='ocrx_word' id='word_1_696' title='bbox 1822 4071 2168 4141; x_wconf 85' lang='lat' dir='ltr'>disputatum</span> <span class='ocrx_word' id='word_1_697' title='bbox 2200 4078 2303 4127; x_wconf 86' lang='lat' dir='ltr'>est.</span> <span class='ocrx_word' id='word_1_698' title='bbox 2336 4073 2436 4125; x_wconf 68' lang='lat' dir='ltr'>Vel</span> <span class='ocrx_word' id='word_1_699' title='bbox 2468 4073 2573 4126; x_wconf 89' lang='lat' dir='ltr'>hoc</span> <span class='ocrx_word' id='word_1_700' title='bbox 2600 4073 2785 4139; x_wconf 89' lang='lat' dir='ltr'>modo,</span> <span class='ocrx_word' id='word_1_701' title='bbox 2812 4072 2994 4134; x_wconf 87' lang='lat' dir='ltr'>omnis</span> <span class='ocrx_word' id='word_1_702' title='bbox 3026 4072 3220 4132; x_wconf 76' lang='lat' dir='ltr'>civitas</span> <span class='ocrx_word' id='word_1_703' title='bbox 3246 4073 3422 4134; x_wconf 84' lang='lat' dir='ltr'>excla-</span> 
     </span>
    </p>
   </div>
   <div class='ocr_carea' id='block_1_88' title="bbox 1824 4161 3483 4235">
    <p class='ocr_par' dir='ltr' id='par_1_88' title="bbox 1824 4161 3483 4235">
     <span class='ocr_line' id='line_1_88' title="bbox 1824 4161 3483 4235; baseline 0.001 -21"><span class='ocrx_word' id='word_1_704' title='bbox 1824 4161 2012 4223; x_wconf 84' lang='lat' dir='ltr'>mavit,</span> <span class='ocrx_word' id='word_1_705' title='bbox 2040 4162 2149 4215; x_wconf 85' lang='lat' dir='ltr'>non</span> <span class='ocrx_word' id='word_1_706' title='bbox 2174 4179 2283 4231; x_wconf 88' lang='lat' dir='ltr'>quo</span> <span class='ocrx_word' id='word_1_707' title='bbox 2305 4161 2507 4233; x_wconf 86' lang='lat' dir='ltr'>aliquis</span> <span class='ocrx_word' id='word_1_708' title='bbox 2530 4169 2721 4217; x_wconf 84' lang='lat' dir='ltr'>tacens</span> <span class='ocrx_word' id='word_1_709' title='bbox 2742 4162 2800 4217; x_wconf 90' lang='lat' dir='ltr'>in</span> <span class='ocrx_word' id='word_1_710' title='bbox 2823 4162 2960 4217; x_wconf 90' lang='lat' dir='ltr'>urbe</span> <span class='ocrx_word' id='word_1_711' title='bbox 2978 4179 3091 4224; x_wconf 86' lang='lat' dir='ltr'>non</span> <span class='ocrx_word' id='word_1_712' title='bbox 3112 4162 3301 4227; x_wconf 86' lang='lat' dir='ltr'>fuerit,</span> <span class='ocrx_word' id='word_1_713' title='bbox 3324 4162 3420 4216; x_wconf 87' lang='lat' dir='ltr'>sed</span> <span class='ocrx_word' id='word_1_714' title='bbox 3480 4234 3483 4235; x_wconf 15' lang='grc' dir='ltr'><em>ν</em></span> 
     </span>
    </p>
   </div>
   <div class='ocr_carea' id='block_1_89' title="bbox 1824 4251 3422 4327">
    <p class='ocr_par' dir='ltr' id='par_1_89' title="bbox 1824 4251 3422 4327">
     <span class='ocr_line' id='line_1_89' title="bbox 1824 4251 3422 4327; baseline 0.001 -24"><span class='ocrx_word' id='word_1_715' title='bbox 1824 4267 1888 4303; x_wconf 83' lang='lat' dir='ltr'>ex</span> <span class='ocrx_word' id='word_1_716' title='bbox 1910 4257 2069 4327; x_wconf 84' lang='lat' dir='ltr'>parte</span> <span class='ocrx_word' id='word_1_717' title='bbox 2085 4251 2328 4305; x_wconf 83' lang='lat' dir='ltr'>maxima</span> <span class='ocrx_word' id='word_1_718' title='bbox 2343 4254 2513 4304; x_wconf 87' lang='lat' dir='ltr'>etiam</span> <span class='ocrx_word' id='word_1_719' title='bbox 2535 4268 2602 4305; x_wconf 86' lang='lat' dir='ltr'>ea</span> <span class='ocrx_word' id='word_1_720' title='bbox 2613 4269 2736 4322; x_wconf 72' lang='lat' dir='ltr'>qua:</span> <span class='ocrx_word' id='word_1_721' title='bbox 2760 4251 2979 4311; x_wconf 87' lang='lat' dir='ltr'>minora</span> <span class='ocrx_word' id='word_1_722' title='bbox 2994 4256 3128 4305; x_wconf 88' lang='lat' dir='ltr'>sunt</span> <span class='ocrx_word' id='word_1_723' title='bbox 3139 4252 3422 4321; x_wconf 30' lang='lat' dir='ltr'>appellans</span> 
     </span>
    </p>
   </div>
   <div class='ocr_carea' id='block_1_90' title="bbox 1824 4339 3418 4410">
    <p class='ocr_par' dir='ltr' id='par_1_90' title="bbox 1824 4339 3418 4410">
     <span class='ocr_line' id='line_1_90' title="bbox 1824 4339 3418 4410; baseline 0 -17"><span class='ocrx_word' id='word_1_724' title='bbox 1824 4345 1944 4405; x_wconf 85' lang='lat' dir='ltr'>tur;</span> <span class='ocrx_word' id='word_1_725' title='bbox 1968 4346 2024 4392; x_wconf 91' lang='lat' dir='ltr'>et</span> <span class='ocrx_word' id='word_1_726' title='bbox 2046 4340 2162 4410; x_wconf 87' lang='lat' dir='ltr'>ipse</span> <span class='ocrx_word' id='word_1_727' title='bbox 2185 4341 2484 4409; x_wconf 79' lang='lat' dir='ltr'>Apostolus</span> <span class='ocrx_word' id='word_1_728' title='bbox 2509 4360 2519 4392; x_wconf 89' lang='lat'><strong>:</strong></span> <span class='ocrx_word' id='word_1_729' title='bbox 2550 4339 2982 4408; x_wconf 84' lang='lat' dir='ltr'>Umnes,inquit,</span> <span class='ocrx_word' id='word_1_730' title='bbox 3004 4356 3106 4393; x_wconf 83' lang='lat' dir='ltr'>sua</span> <span class='ocrx_word' id='word_1_731' title='bbox 3138 4345 3418 4407; x_wconf 54' lang='lat' dir='ltr'>quarunt,</span> 
     </span>
    </p>
   </div>
   <div class='ocr_carea' id='block_1_91' title="bbox 154 4416 3419 4498">
    <p class='ocr_par' dir='ltr' id='par_1_91' title="bbox 154 4416 3419 4498">
     <span class='ocr_line' id='line_1_91' title="bbox 154 4416 3419 4498; baseline -0.001 -14"><span class='ocrx_word' id='word_1_732' title='bbox 154 4420 319 4484; x_wconf 60' lang='lat' dir='ltr'>Putem</span> <span class='ocrx_word' id='word_1_733' title='bbox 350 4426 660 4481; x_wconf 84' lang='lat' dir='ltr'>scindatur</span> <span class='ocrx_word' id='word_1_734' title='bbox 691 4428 1028 4495; x_wconf 76' lang='lat' dir='ltr'>exercitum;</span> <span class='ocrx_word' id='word_1_735' title='bbox 1063 4434 1120 4482; x_wconf 88' lang='lat' dir='ltr'>et</span> <span class='ocrx_word' id='word_1_736' title='bbox 1147 4436 1411 4498; x_wconf 86' lang='lat' dir='ltr'>putamus</span> <span class='ocrx_word' id='word_1_737' title='bbox 1441 4430 1740 4484; x_wconf 88' lang='lat' dir='ltr'>Dominum</span> <span class='ocrx_word' id='word_1_738' title='bbox 1760 4416 1932 4481; x_wconf 84' lang='lat' dir='ltr'>Dnon</span> <span class='ocrx_word' id='word_1_739' title='bbox 1957 4446 2018 4481; x_wconf 82' lang='lat' dir='ltr'>ea</span> <span class='ocrx_word' id='word_1_740' title='bbox 2045 4434 2306 4496; x_wconf 58' lang='lat' dir='ltr'>quantum</span> <span class='ocrx_word' id='word_1_741' title='bbox 2331 4432 2425 4483; x_wconf 83' lang='lat' dir='ltr'>Dei</span> <span class='ocrx_word' id='word_1_742' title='bbox 2445 4430 2669 4498; x_wconf 80' lang='lat' dir='ltr'>(Philip.</span> <span class='ocrx_word' id='word_1_743' title='bbox 2708 4432 2799 4496; x_wconf 85' lang='lat' dir='ltr'>n);</span> <span class='ocrx_word' id='word_1_744' title='bbox 2824 4434 2913 4480; x_wconf 88' lang='lat' dir='ltr'>et:</span> <span class='ocrx_word' id='word_1_745' title='bbox 2942 4430 3136 4482; x_wconf 75' lang='lat' dir='ltr'>Omnes</span> <span class='ocrx_word' id='word_1_746' title='bbox 3155 4443 3242 4485; x_wconf 80' lang='lat' dir='ltr'>me</span> <span class='ocrx_word' id='word_1_747' title='bbox 3264 4430 3419 4481; x_wconf 79' lang='lat' dir='ltr'>clere-</span> 
     </span>
    </p>
   </div>
   <div class='ocr_carea' id='block_1_92' title="bbox 128 4506 1741 4588">
    <p class='ocr_par' dir='ltr' id='par_1_92' title="bbox 128 4506 1741 4588">
     <span class='ocr_line' id='line_1_92' title="bbox 128 4506 1741 4588; baseline 0.004 -22"><span class='ocrx_word' id='word_1_748' title='bbox 128 4506 475 4575; x_wconf 36' lang='lat' dir='ltr'>.dominorum</span> <span class='ocrx_word' id='word_1_749' title='bbox 509 4532 831 4586; x_wconf 79' lang='lat' dir='ltr'>regemque</span> <span class='ocrx_word' id='word_1_750' title='bbox 863 4518 1220 4587; x_wconf 79' lang='lat' dir='ltr'>regnantium</span> <span class='ocrx_word' id='word_1_751' title='bbox 1252 4518 1489 4588; x_wconf 88' lang='lat' dir='ltr'>simplici</span> <span class='ocrx_word' id='word_1_752' title='bbox 1518 4525 1741 4573; x_wconf 82' lang='lat' dir='ltr'>tantum</span> 
     </span>
    </p>
   </div>
   <div class='ocr_carea' id='block_1_93' title="bbox 155 4597 1743 4676">
    <p class='ocr_par' dir='ltr' id='par_1_93' title="bbox 155 4597 1743 4676">
     <span class='ocr_line' id='line_1_93' title="bbox 155 4597 1743 4676; baseline 0.004 -24"><span class='ocrx_word' id='word_1_753' title='bbox 155 4597 429 4657; x_wconf 67' lang='lat' dir='ltr'>Hunisterio</span> <span class='ocrx_word' id='word_1_754' title='bbox 463 4621 598 4659; x_wconf 84' lang='lat' dir='ltr'>esse</span> <span class='ocrx_word' id='word_1_755' title='bbox 631 4607 1002 4660; x_wconf 73' lang='lat' dir='ltr'>contentum?</span> <span class='ocrx_word' id='word_1_756' title='bbox 1031 4608 1098 4662; x_wconf 83' lang='lat' dir='ltr'>Et</span> <span class='ocrx_word' id='word_1_757' title='bbox 1144 4611 1335 4661; x_wconf 81' lang='lat' dir='ltr'>omnia</span> <span class='ocrx_word' id='word_1_758' title='bbox 1379 4610 1601 4676; x_wconf 74' lang='lat' dir='ltr'>subjecit</span> <span class='ocrx_word' id='word_1_759' title='bbox 1643 4610 1743 4661; x_wconf 86' lang='lat' dir='ltr'>sub</span> 
     </span>
    </p>
   </div>
   <div class='ocr_carea' id='block_1_94' title="bbox 154 4689 1742 4765">
    <p class='ocr_par' dir='ltr' id='par_1_94' title="bbox 154 4689 1742 4765">
     <span class='ocr_line' id='line_1_94' title="bbox 154 4689 1742 4765; baseline 0.001 -16"><span class='ocrx_word' id='word_1_760' title='bbox 154 4689 343 4749; x_wconf 53' lang='lat' dir='ltr'>ﬁdibus</span> <span class='ocrx_word' id='word_1_761' title='bbox 354 4698 500 4761; x_wconf 73' lang='lat' dir='ltr'>ejus,</span> <span class='ocrx_word' id='word_1_762' title='bbox 529 4700 583 4748; x_wconf 79' lang='lat' dir='ltr'>et</span> <span class='ocrx_word' id='word_1_763' title='bbox 612 4697 798 4762; x_wconf 82' lang='lat' dir='ltr'>ipsum</span> <span class='ocrx_word' id='word_1_764' title='bbox 815 4697 965 4748; x_wconf 80' lang='lat' dir='ltr'>dedit</span> <span class='ocrx_word' id='word_1_765' title='bbox 985 4702 1148 4764; x_wconf 82' lang='lat' dir='ltr'>caput</span> <span class='ocrx_word' id='word_1_766' title='bbox 1166 4713 1338 4765; x_wconf 81' lang='lat' dir='ltr'>supra</span> <span class='ocrx_word' id='word_1_767' title='bbox 1359 4701 1549 4751; x_wconf 76' lang='lat' dir='ltr'>munia</span> <span class='ocrx_word' id='word_1_768' title='bbox 1570 4699 1742 4752; x_wconf 80' lang='lat' dir='ltr'>Eccle-</span> 
     </span>
    </p>
   </div>
   <div class='ocr_carea' id='block_1_95' title="bbox 156 4778 1741 4855">
    <p class='ocr_par' dir='ltr' id='par_1_95' title="bbox 156 4778 1741 4855">
     <span class='ocr_line' id='line_1_95' title="bbox 156 4778 1741 4855; baseline 0.01 -33"><span class='ocrx_word' id='word_1_769' title='bbox 156 4778 237 4833; x_wconf 63' lang='grc' dir='ltr'><em>κίεν,</em></span> <span class='ocrx_word' id='word_1_770' title='bbox 265 4798 377 4845; x_wconf 63' lang='lat' dir='ltr'>qua</span> <span class='ocrx_word' id='word_1_771' title='bbox 403 4788 483 4837; x_wconf 78' lang='lat' dir='ltr'>est</span> <span class='ocrx_word' id='word_1_772' title='bbox 509 4799 722 4853; x_wconf 68' lang='lat' dir='ltr'>corpus</span> <span class='ocrx_word' id='word_1_773' title='bbox 753 4787 943 4852; x_wconf 81' lang='lat' dir='ltr'>ipsius,</span> <span class='ocrx_word' id='word_1_774' title='bbox 970 4788 1257 4855; x_wconf 75' lang='lat' dir='ltr'>plenitudo</span> <span class='ocrx_word' id='word_1_775' title='bbox 1277 4790 1409 4851; x_wconf 76' lang='lat' dir='ltr'>ejus,</span> <span class='ocrx_word' id='word_1_776' title='bbox 1433 4789 1532 4853; x_wconf 78' lang='lat' dir='ltr'>qui</span> <span class='ocrx_word' id='word_1_777' title='bbox 1551 4789 1741 4839; x_wconf 81' lang='lat' dir='ltr'>onmia</span> 
     </span>
    </p>
   </div>
   <div class='ocr_carea' id='block_1_96' title="bbox 159 4864 1739 4943">
    <p class='ocr_par' dir='ltr' id='par_1_96' title="bbox 159 4864 1739 4943">
     <span class='ocr_line' id='line_1_96' title="bbox 159 4864 1739 4943; baseline 0.009 -30"><span class='ocrx_word' id='word_1_778' title='bbox 159 4864 200 4913; x_wconf 77' lang='lat' dir='ltr'>in</span> <span class='ocrx_word' id='word_1_779' title='bbox 225 4872 468 4925; x_wconf 81' lang='lat' dir='ltr'>omnibus</span> <span class='ocrx_word' id='word_1_780' title='bbox 511 4874 891 4940; x_wconf 81' lang='lat' dir='ltr'>adimpletur.</span> <span class='ocrx_word' id='word_1_781' title='bbox 935 4873 1135 4943; x_wconf 88' lang='lat' dir='ltr'>(Hier.)</span> <span class='ocrx_word' id='word_1_782' title='bbox 1186 4875 1329 4928; x_wconf 84' lang='lat' dir='ltr'>lluic</span> <span class='ocrx_word' id='word_1_783' title='bbox 1366 4875 1583 4929; x_wconf 83' lang='lat' dir='ltr'>videtur</span> <span class='ocrx_word' id='word_1_784' title='bbox 1620 4890 1739 4929; x_wconf 83' lang='lat' dir='ltr'>esse</span> 
     </span>
    </p>
   </div>
   <div class='ocr_carea' id='block_1_97' title="bbox 155 4959 1739 5033">
    <p class='ocr_par' dir='ltr' id='par_1_97' title="bbox 155 4959 1739 5033">
     <span class='ocr_line' id='line_1_97' title="bbox 155 4959 1739 5033; baseline 0.003 -20"><span class='ocrx_word' id='word_1_785' title='bbox 155 4959 485 5027; x_wconf 46' lang='lat' dir='ltr'>Cinﬁrmium,</span> <span class='ocrx_word' id='word_1_786' title='bbox 524 4961 687 5031; x_wconf 83' lang='lat' dir='ltr'>quod</span> <span class='ocrx_word' id='word_1_787' title='bbox 720 4960 849 5015; x_wconf 85' lang='lat' dir='ltr'>alibi</span> <span class='ocrx_word' id='word_1_788' title='bbox 870 4963 1143 5033; x_wconf 89' lang='lat' dir='ltr'>scriptum</span> <span class='ocrx_word' id='word_1_789' title='bbox 1164 4969 1246 5018; x_wconf 87' lang='lat' dir='ltr'>est</span> <span class='ocrx_word' id='word_1_790' title='bbox 1276 4983 1286 5016; x_wconf 87' lang='lat'><strong>:</strong></span> <span class='ocrx_word' id='word_1_791' title='bbox 1315 4965 1558 5018; x_wconf 58' lang='lat' dir='ltr'>necdum</span> <span class='ocrx_word' id='word_1_792' title='bbox 1588 4966 1739 5017; x_wconf 80' lang='lat' dir='ltr'>enim</span> 
     </span>
    </p>
   </div>
   <div class='ocr_carea' id='block_1_98' title="bbox 161 5042 1733 5120">
    <p class='ocr_par' dir='ltr' id='par_1_98' title="bbox 161 5042 1733 5120">
     <span class='ocr_line' id='line_1_98' title="bbox 161 5042 1733 5120; baseline 0.009 -31"><span class='ocrx_word' id='word_1_793' title='bbox 161 5042 363 5100; x_wconf 57' lang='lat' dir='ltr'>ﬁdimus</span> <span class='ocrx_word' id='word_1_794' title='bbox 379 5052 432 5101; x_wconf 79' lang='lat' dir='ltr'>ei</span> <span class='ocrx_word' id='word_1_795' title='bbox 450 5052 664 5103; x_wconf 83' lang='lat' dir='ltr'>omnia</span> <span class='ocrx_word' id='word_1_796' title='bbox 685 5064 791 5103; x_wconf 80' lang='lat' dir='ltr'>esse</span> <span class='ocrx_word' id='word_1_797' title='bbox 804 5052 1045 5117; x_wconf 82' lang='lat' dir='ltr'>subjecta</span> <span class='ocrx_word' id='word_1_798' title='bbox 1060 5053 1246 5120; x_wconf 81' lang='lat' dir='ltr'>(Hebr.</span> <span class='ocrx_word' id='word_1_799' title='bbox 1268 5057 1354 5119; x_wconf 75' lang='lat'>11);</span> <span class='ocrx_word' id='word_1_800' title='bbox 1380 5052 1475 5104; x_wconf 88' lang='lat' dir='ltr'>sed</span> <span class='ocrx_word' id='word_1_801' title='bbox 1498 5057 1555 5105; x_wconf 89' lang='lat' dir='ltr'>et</span> <span class='ocrx_word' id='word_1_802' title='bbox 1569 5050 1733 5104; x_wconf 87' lang='lat' dir='ltr'>illud:</span> 
     </span>
    </p>
   </div>
   <div class='ocr_carea' id='block_1_99' title="bbox 160 5134 1739 5209">
    <p class='ocr_par' dir='ltr' id='par_1_99' title="bbox 160 5134 1739 5209">
     <span class='ocr_line' id='line_1_99' title="bbox 160 5134 1739 5209; baseline 0 -16"><span class='ocrx_word' id='word_1_803' title='bbox 160 5134 495 5193; x_wconf 61' lang='lat' dir='ltr'>&quot;liortelcnim</span> <span class='ocrx_word' id='word_1_804' title='bbox 519 5141 697 5209; x_wconf 70' lang='lat' dir='ltr'>illum</span> <span class='ocrx_word' id='word_1_805' title='bbox 722 5154 969 5204; x_wconf 81' lang='lat' dir='ltr'>regnare,</span> <span class='ocrx_word' id='word_1_806' title='bbox 992 5141 1160 5194; x_wconf 77' lang='lat' dir='ltr'>donec</span> <span class='ocrx_word' id='word_1_807' title='bbox 1174 5145 1343 5209; x_wconf 82' lang='lat' dir='ltr'>ponat</span> <span class='ocrx_word' id='word_1_808' title='bbox 1370 5142 1623 5195; x_wconf 73' lang='lat' dir='ltr'>inimicos</span> <span class='ocrx_word' id='word_1_809' title='bbox 1640 5143 1739 5193; x_wconf 81' lang='lat' dir='ltr'>sub</span> 
     </span>
    </p>
   </div>
   <div class='ocr_carea' id='block_1_100' title="bbox 160 5219 1738 5295">
    <p class='ocr_par' dir='ltr' id='par_1_100' title="bbox 160 5219 1738 5295">
     <span class='ocr_line' id='line_1_100' title="bbox 160 5219 1738 5295; baseline 0.003 -18"><span class='ocrx_word' id='word_1_810' title='bbox 160 5219 340 5277; x_wconf 63' lang='lat' dir='ltr'>Vilibus</span> <span class='ocrx_word' id='word_1_811' title='bbox 369 5231 489 5293; x_wconf 77' lang='lat' dir='ltr'>ejus</span> <span class='ocrx_word' id='word_1_812' title='bbox 523 5228 586 5295; x_wconf 76' lang='grc' dir='ltr'><em>(Ι</em></span> <span class='ocrx_word' id='word_1_813' title='bbox 618 5226 741 5281; x_wconf 76' lang='lat' dir='ltr'>Cor.</span> <span class='ocrx_word' id='word_1_814' title='bbox 776 5232 891 5295; x_wconf 75' lang='lat' dir='ltr'>xv).</span> <span class='ocrx_word' id='word_1_815' title='bbox 929 5228 988 5282; x_wconf 86' lang='lat' dir='ltr'>Si</span> <span class='ocrx_word' id='word_1_816' title='bbox 1026 5229 1177 5283; x_wconf 90' lang='lat' dir='ltr'>enim</span> <span class='ocrx_word' id='word_1_817' title='bbox 1226 5230 1463 5283; x_wconf 88' lang='lat' dir='ltr'>necdum</span> <span class='ocrx_word' id='word_1_818' title='bbox 1507 5229 1558 5283; x_wconf 88' lang='lat' dir='ltr'>ei</span> <span class='ocrx_word' id='word_1_819' title='bbox 1606 5228 1738 5282; x_wconf 88' lang='lat' dir='ltr'>sub-</span> 
     </span>
    </p>
   </div>
   <div class='ocr_carea' id='block_1_101' title="bbox 158 5305 1739 5388">
    <p class='ocr_par' dir='ltr' id='par_1_101' title="bbox 158 5305 1739 5388">
     <span class='ocr_line' id='line_1_101' title="bbox 158 5305 1739 5388; baseline 0.001 -20"><span class='ocrx_word' id='word_1_820' title='bbox 158 5305 271 5368; x_wconf 66' lang='lat' dir='ltr'>ifﬂa</span> <span class='ocrx_word' id='word_1_821' title='bbox 296 5324 427 5370; x_wconf 80' lang='lat' dir='ltr'>sunt</span> <span class='ocrx_word' id='word_1_822' title='bbox 454 5315 685 5380; x_wconf 84' lang='lat' dir='ltr'>omnia,</span> <span class='ocrx_word' id='word_1_823' title='bbox 719 5321 777 5369; x_wconf 89' lang='lat' dir='ltr'>et</span> <span class='ocrx_word' id='word_1_824' title='bbox 806 5322 1028 5387; x_wconf 80' lang='lat' dir='ltr'>oportet</span> <span class='ocrx_word' id='word_1_825' title='bbox 1055 5335 1184 5373; x_wconf 87' lang='lat' dir='ltr'>eum</span> <span class='ocrx_word' id='word_1_826' title='bbox 1214 5335 1450 5388; x_wconf 78' lang='lat' dir='ltr'>regnare</span> <span class='ocrx_word' id='word_1_827' title='bbox 1482 5310 1658 5372; x_wconf 85' lang='lat' dir='ltr'>donec</span> <span class='ocrx_word' id='word_1_828' title='bbox 1690 5317 1739 5370; x_wconf 89' lang='lat' dir='ltr'>ei</span> 
     </span>
    </p>
   </div>
   <div class='ocr_carea' id='block_1_102' title="bbox 161 5395 1740 5477">
    <p class='ocr_par' dir='ltr' id='par_1_102' title="bbox 161 5395 1740 5477">
     <span class='ocr_line' id='line_1_102' title="bbox 161 5395 1740 5477; baseline 0.003 -21"><span class='ocrx_word' id='word_1_829' title='bbox 161 5395 499 5467; x_wconf 52' lang='lat' dir='ltr'>minuuntur</span> <span class='ocrx_word' id='word_1_830' title='bbox 528 5404 751 5467; x_wconf 81' lang='lat' dir='ltr'>omnia,</span> <span class='ocrx_word' id='word_1_831' title='bbox 774 5406 1053 5474; x_wconf 86' lang='lat' dir='ltr'>quomodo</span> <span class='ocrx_word' id='word_1_832' title='bbox 1073 5422 1222 5461; x_wconf 86' lang='lat' dir='ltr'>nunc</span> <span class='ocrx_word' id='word_1_833' title='bbox 1240 5407 1344 5461; x_wconf 89' lang='lat' dir='ltr'>sub</span> <span class='ocrx_word' id='word_1_834' title='bbox 1364 5407 1598 5477; x_wconf 79' lang='lat' dir='ltr'>pedibus</span> <span class='ocrx_word' id='word_1_835' title='bbox 1619 5409 1740 5477; x_wconf 87' lang='lat' dir='ltr'>ejus</span> 
     </span>
    </p>
   </div>
   <div class='ocr_carea' id='block_1_103' title="bbox 166 5482 1741 5563">
    <p class='ocr_par' dir='ltr' id='par_1_103' title="bbox 166 5482 1741 5563">
     <span class='ocr_line' id='line_1_103' title="bbox 166 5482 1741 5563; baseline 0.006 -21"><span class='ocrx_word' id='word_1_836' title='bbox 166 5482 283 5542; x_wconf 69' lang='lat' dir='ltr'>Deus</span> <span class='ocrx_word' id='word_1_837' title='bbox 304 5494 576 5549; x_wconf 80' lang='lat' dir='ltr'>universa</span> <span class='ocrx_word' id='word_1_838' title='bbox 610 5492 891 5563; x_wconf 78' lang='lat' dir='ltr'>subjecit?</span> <span class='ocrx_word' id='word_1_839' title='bbox 918 5496 1180 5563; x_wconf 80' lang='lat' dir='ltr'>maxirne,</span> <span class='ocrx_word' id='word_1_840' title='bbox 1222 5512 1351 5553; x_wconf 85' lang='lat' dir='ltr'>cum</span> <span class='ocrx_word' id='word_1_841' title='bbox 1386 5497 1446 5550; x_wconf 87' lang='lat' dir='ltr'>in</span> <span class='ocrx_word' id='word_1_842' title='bbox 1479 5497 1590 5551; x_wconf 86' lang='lat' dir='ltr'>alio</span> <span class='ocrx_word' id='word_1_843' title='bbox 1620 5497 1741 5551; x_wconf 88' lang='lat' dir='ltr'>loco</span> 
     </span>
    </p>
   </div>
   <div class='ocr_carea' id='block_1_104' title="bbox 168 5569 1742 5654">
    <p class='ocr_par' dir='ltr' id='par_1_104' title="bbox 168 5569 1742 5654">
     <span class='ocr_line' id='line_1_104' title="bbox 168 5569 1742 5654; baseline 0.006 -20"><span class='ocrx_word' id='word_1_844' title='bbox 168 5569 338 5634; x_wconf 66' lang='lat' dir='ltr'>Paulus</span> <span class='ocrx_word' id='word_1_845' title='bbox 362 5588 629 5638; x_wconf 68' lang='lat' dir='ltr'>testem</span> <span class='ocrx_word' id='word_1_846' title='bbox 653 5599 664 5634; x_wconf 82' lang='lat'><strong>2</strong></span> <span class='ocrx_word' id='word_1_847' title='bbox 686 5583 825 5638; x_wconf 77' lang='lat' dir='ltr'>Cum</span> <span class='ocrx_word' id='word_1_848' title='bbox 846 5587 1032 5641; x_wconf 82' lang='lat' dir='ltr'>autem</span> <span class='ocrx_word' id='word_1_849' title='bbox 1051 5588 1103 5640; x_wconf 85' lang='lat' dir='ltr'>ei</span> <span class='ocrx_word' id='word_1_850' title='bbox 1128 5587 1368 5654; x_wconf 79' lang='lat' dir='ltr'>subjecta</span> <span class='ocrx_word' id='word_1_851' title='bbox 1394 5586 1611 5652; x_wconf 74' lang='lat' dir='ltr'>fuerint</span> <span class='ocrx_word' id='word_1_852' title='bbox 1630 5596 1742 5643; x_wconf 49' lang='lat' dir='ltr'>omi-</span> 
     </span>
    </p>
   </div>
   <div class='ocr_carea' id='block_1_105' title="bbox 1826 4514 3417 4587">
    <p class='ocr_par' dir='ltr' id='par_1_105' title="bbox 1826 4514 3417 4587">
     <span class='ocr_line' id='line_1_105' title="bbox 1826 4514 3417 4587; baseline 0 -18"><span class='ocrx_word' id='word_1_853' title='bbox 1826 4520 2131 4583; x_wconf 80' lang='lat' dir='ltr'>liqucrunt,</span> <span class='ocrx_word' id='word_1_854' title='bbox 2148 4534 2258 4571; x_wconf 90' lang='lat' dir='ltr'>non</span> <span class='ocrx_word' id='word_1_855' title='bbox 2272 4518 2487 4587; x_wconf 88' lang='lat' dir='ltr'>quodet</span> <span class='ocrx_word' id='word_1_856' title='bbox 2498 4517 2843 4579; x_wconf 87' lang='lat' dir='ltr'>Timotheus,</span> <span class='ocrx_word' id='word_1_857' title='bbox 2863 4522 2919 4569; x_wconf 92' lang='lat' dir='ltr'>et</span> <span class='ocrx_word' id='word_1_858' title='bbox 2938 4515 3124 4576; x_wconf 70' lang='lat' dir='ltr'>caeteri</span> <span class='ocrx_word' id='word_1_859' title='bbox 3140 4514 3417 4586; x_wconf 77' lang='lat' dir='ltr'>discipuli,</span> 
     </span>
    </p>
   </div>
   <div class='ocr_carea' id='block_1_106' title="bbox 1825 4603 3419 4675">
    <p class='ocr_par' dir='ltr' id='par_1_106' title="bbox 1825 4603 3419 4675">
     <span class='ocr_line' id='line_1_106' title="bbox 1825 4603 3419 4675; baseline 0 -16"><span class='ocrx_word' id='word_1_860' title='bbox 1825 4605 1920 4673; x_wconf 91' lang='lat' dir='ltr'>qui</span> <span class='ocrx_word' id='word_1_861' title='bbox 1949 4606 2043 4658; x_wconf 91' lang='lat' dir='ltr'>illo</span> <span class='ocrx_word' id='word_1_862' title='bbox 2072 4612 2325 4675; x_wconf 87' lang='lat' dir='ltr'>tempore</span> <span class='ocrx_word' id='word_1_863' title='bbox 2356 4623 2466 4675; x_wconf 90' lang='lat' dir='ltr'>quo</span> <span class='ocrx_word' id='word_1_864' title='bbox 2493 4605 2753 4675; x_wconf 73' lang='lat' dir='ltr'>Epistolas</span> <span class='ocrx_word' id='word_1_865' title='bbox 2778 4603 3185 4669; x_wconf 83' lang='lat' dir='ltr'>scribebantur,</span> <span class='ocrx_word' id='word_1_866' title='bbox 3205 4620 3335 4658; x_wconf 89' lang='lat' dir='ltr'>cum</span> <span class='ocrx_word' id='word_1_867' title='bbox 3354 4620 3419 4663; x_wconf 87' lang='lat' dir='ltr'>eo</span> 
     </span>
    </p>
   </div>
   <div class='ocr_carea' id='block_1_107' title="bbox 1825 4692 3420 4764">
    <p class='ocr_par' dir='ltr' id='par_1_107' title="bbox 1825 4692 3420 4764">
     <span class='ocr_line' id='line_1_107' title="bbox 1825 4692 3420 4764; baseline 0.002 -18"><span class='ocrx_word' id='word_1_868' title='bbox 1825 4700 2006 4759; x_wconf 80' lang='lat' dir='ltr'>erant,</span> <span class='ocrx_word' id='word_1_869' title='bbox 2051 4694 2208 4753; x_wconf 85' lang='lat' dir='ltr'>illum</span> <span class='ocrx_word' id='word_1_870' title='bbox 2252 4694 2598 4764; x_wconf 86' lang='lat' dir='ltr'>reliquerint,</span> <span class='ocrx_word' id='word_1_871' title='bbox 2644 4693 2742 4746; x_wconf 86' lang='lat' dir='ltr'>sed</span> <span class='ocrx_word' id='word_1_872' title='bbox 2786 4692 2989 4747; x_wconf 89' lang='lat' dir='ltr'>idcirco</span> <span class='ocrx_word' id='word_1_873' title='bbox 3038 4693 3172 4764; x_wconf 86' lang='lat' dir='ltr'>quia</span> <span class='ocrx_word' id='word_1_874' title='bbox 3215 4710 3251 4747; x_wconf 86' lang='lat' dir='ltr'>a</span> <span class='ocrx_word' id='word_1_875' title='bbox 3294 4693 3420 4764; x_wconf 90' lang='lat' dir='ltr'>plu-</span> 
     </span>
    </p>
   </div>
   <div class='ocr_carea' id='block_1_108' title="bbox 1823 4780 3419 4849">
    <p class='ocr_par' dir='ltr' id='par_1_108' title="bbox 1823 4780 3419 4849">
     <span class='ocr_line' id='line_1_108' title="bbox 1823 4780 3419 4849; baseline 0.001 -14"><span class='ocrx_word' id='word_1_876' title='bbox 1823 4782 1978 4836; x_wconf 88' lang='lat' dir='ltr'>ribus</span> <span class='ocrx_word' id='word_1_877' title='bbox 2010 4782 2083 4837; x_wconf 89' lang='lat' dir='ltr'>sit</span> <span class='ocrx_word' id='word_1_878' title='bbox 2124 4783 2398 4849; x_wconf 82' lang='lat' dir='ltr'>desertus,</span> <span class='ocrx_word' id='word_1_879' title='bbox 2450 4782 2520 4836; x_wconf 84' lang='lat' dir='ltr'>ab</span> <span class='ocrx_word' id='word_1_880' title='bbox 2563 4780 2821 4841; x_wconf 85' lang='lat' dir='ltr'>omnibus</span> <span class='ocrx_word' id='word_1_881' title='bbox 2867 4781 2925 4835; x_wconf 89' lang='lat' dir='ltr'>id</span> <span class='ocrx_word' id='word_1_882' title='bbox 2972 4788 3058 4837; x_wconf 89' lang='lat' dir='ltr'>est</span> <span class='ocrx_word' id='word_1_883' title='bbox 3104 4799 3140 4839; x_wconf 78' lang='lat' dir='ltr'>a</span> <span class='ocrx_word' id='word_1_884' title='bbox 3176 4782 3419 4839; x_wconf 77' lang='lat' dir='ltr'>maxime</span> 
     </span>
    </p>
   </div>
   <div class='ocr_carea' id='block_1_109' title="bbox 1823 4871 3419 4942">
    <p class='ocr_par' dir='ltr' id='par_1_109' title="bbox 1823 4871 3419 4942">
     <span class='ocr_line' id='line_1_109' title="bbox 1823 4871 3419 4942; baseline 0 -16"><span class='ocrx_word' id='word_1_885' title='bbox 1823 4877 1982 4942; x_wconf 83' lang='lat' dir='ltr'>parte</span> <span class='ocrx_word' id='word_1_886' title='bbox 1996 4872 2351 4931; x_wconf 81' lang='lat' dir='ltr'>desertumse</span> <span class='ocrx_word' id='word_1_887' title='bbox 2365 4888 2486 4925; x_wconf 86' lang='lat' dir='ltr'>esse</span> <span class='ocrx_word' id='word_1_888' title='bbox 2500 4871 3046 4939; x_wconf 86' lang='lat' dir='ltr'>conqueritur.Quod</span> <span class='ocrx_word' id='word_1_889' title='bbox 3062 4877 3119 4933; x_wconf 85' lang='lat' dir='ltr'>et</span> <span class='ocrx_word' id='word_1_890' title='bbox 3130 4872 3187 4931; x_wconf 86' lang='lat' dir='ltr'>in</span> <span class='ocrx_word' id='word_1_891' title='bbox 3203 4872 3419 4942; x_wconf 81' lang='lat' dir='ltr'>psalmo</span> 
     </span>
    </p>
   </div>
   <div class='ocr_carea' id='block_1_110' title="bbox 1822 4961 3414 5027">
    <p class='ocr_par' dir='ltr' id='par_1_110' title="bbox 1822 4961 3414 5027">
     <span class='ocr_line' id='line_1_110' title="bbox 1822 4961 3414 5027; baseline 0 -15"><span class='ocrx_word' id='word_1_892' title='bbox 1822 4966 2007 5014; x_wconf 86' lang='lat' dir='ltr'>sonat.</span> <span class='ocrx_word' id='word_1_893' title='bbox 2035 4961 2227 5015; x_wconf 81' lang='lat' dir='ltr'>Omnes</span> <span class='ocrx_word' id='word_1_894' title='bbox 2240 4962 2673 5026; x_wconf 67' lang='lat' dir='ltr'>declinaverunt,</span> <span class='ocrx_word' id='word_1_895' title='bbox 2693 4963 2863 5015; x_wconf 82' lang='lat' dir='ltr'>simul</span> <span class='ocrx_word' id='word_1_896' title='bbox 2879 4963 3105 5015; x_wconf 82' lang='lat' dir='ltr'>inutiles</span> <span class='ocrx_word' id='word_1_897' title='bbox 3114 4962 3253 5027; x_wconf 76' lang='lat' dir='ltr'>facti</span> <span class='ocrx_word' id='word_1_898' title='bbox 3265 4965 3414 5015; x_wconf 85' lang='lat' dir='ltr'>sunt:</span> 
     </span>
    </p>
   </div>
   <div class='ocr_carea' id='block_1_111' title="bbox 1825 5050 3417 5123">
    <p class='ocr_par' dir='ltr' id='par_1_111' title="bbox 1825 5050 3417 5123">
     <span class='ocr_line' id='line_1_111' title="bbox 1825 5050 3417 5123; baseline 0.001 -20"><span class='ocrx_word' id='word_1_899' title='bbox 1825 5067 1935 5103; x_wconf 83' lang='lat' dir='ltr'>non</span> <span class='ocrx_word' id='word_1_900' title='bbox 1963 5055 2035 5105; x_wconf 85' lang='lat' dir='ltr'>est</span> <span class='ocrx_word' id='word_1_901' title='bbox 2068 5053 2166 5117; x_wconf 81' lang='lat' dir='ltr'>qui</span> <span class='ocrx_word' id='word_1_902' title='bbox 2194 5053 2364 5116; x_wconf 74' lang='lat' dir='ltr'>[uelat</span> <span class='ocrx_word' id='word_1_903' title='bbox 2395 5051 2616 5109; x_wconf 84' lang='lat' dir='ltr'>bonum,</span> <span class='ocrx_word' id='word_1_904' title='bbox 2651 5064 2763 5107; x_wconf 82' lang='lat' dir='ltr'>non</span> <span class='ocrx_word' id='word_1_905' title='bbox 2800 5055 2874 5123; x_wconf 71' lang='lat' dir='ltr'>est</span> <span class='ocrx_word' id='word_1_906' title='bbox 2919 5067 3085 5118; x_wconf 80' lang='lat' dir='ltr'>usque</span> <span class='ocrx_word' id='word_1_907' title='bbox 3122 5050 3196 5105; x_wconf 83' lang='lat' dir='ltr'>ad</span> <span class='ocrx_word' id='word_1_908' title='bbox 3239 5065 3417 5107; x_wconf 81' lang='lat' dir='ltr'>unum,</span> 
     </span>
    </p>
   </div>
   <div class='ocr_carea' id='block_1_112' title="bbox 1825 5136 3420 5207">
    <p class='ocr_par' dir='ltr' id='par_1_112' title="bbox 1825 5136 3420 5207">
     <span class='ocr_line' id='line_1_112' title="bbox 1825 5136 3420 5207; baseline -0.001 -16"><span class='ocrx_word' id='word_1_909' title='bbox 1825 5139 1989 5204; x_wconf 77' lang='lat' dir='ltr'>(Psal.</span> <span class='ocrx_word' id='word_1_910' title='bbox 2013 5148 2149 5205; x_wconf 77' lang='lat' dir='ltr'>xm).</span> <span class='ocrx_word' id='word_1_911' title='bbox 2169 5138 2227 5193; x_wconf 86' lang='lat' dir='ltr'>Si</span> <span class='ocrx_word' id='word_1_912' title='bbox 2250 5138 2399 5191; x_wconf 88' lang='lat' dir='ltr'>enim</span> <span class='ocrx_word' id='word_1_913' title='bbox 2420 5154 2612 5191; x_wconf 82' lang='lat' dir='ltr'>omnes</span> <span class='ocrx_word' id='word_1_914' title='bbox 2633 5138 3072 5205; x_wconf 75' lang='lat' dir='ltr'>declinaverunt,</span> <span class='ocrx_word' id='word_1_915' title='bbox 3099 5150 3232 5207; x_wconf 77' lang='lat' dir='ltr'>ergo</span> <span class='ocrx_word' id='word_1_916' title='bbox 3252 5136 3420 5195; x_wconf 87' lang='lat' dir='ltr'>decli-</span> 
     </span>
    </p>
   </div>
   <div class='ocr_carea' id='block_1_113' title="bbox 1823 5226 3415 5297">
    <p class='ocr_par' dir='ltr' id='par_1_113' title="bbox 1823 5226 3415 5297">
     <span class='ocr_line' id='line_1_113' title="bbox 1823 5226 3415 5297; baseline 0.002 -17"><span class='ocrx_word' id='word_1_917' title='bbox 1823 5226 1973 5281; x_wconf 87' lang='lat' dir='ltr'>navit</span> <span class='ocrx_word' id='word_1_918' title='bbox 2003 5232 2059 5280; x_wconf 86' lang='lat' dir='ltr'>et</span> <span class='ocrx_word' id='word_1_919' title='bbox 2089 5227 2207 5297; x_wconf 90' lang='lat' dir='ltr'>ipse</span> <span class='ocrx_word' id='word_1_920' title='bbox 2235 5227 2329 5296; x_wconf 89' lang='lat' dir='ltr'>qui</span> <span class='ocrx_word' id='word_1_921' title='bbox 2360 5226 2628 5297; x_wconf 83' lang='lat' dir='ltr'>loquitur.</span> <span class='ocrx_word' id='word_1_922' title='bbox 2664 5227 2733 5281; x_wconf 84' lang='lat' dir='ltr'>Et</span> <span class='ocrx_word' id='word_1_923' title='bbox 2763 5227 2894 5287; x_wconf 87' lang='lat' dir='ltr'>alibi</span> <span class='ocrx_word' id='word_1_924' title='bbox 2919 5245 2929 5279; x_wconf 91' lang='lat'><strong>:</strong></span> <span class='ocrx_word' id='word_1_925' title='bbox 2956 5228 3065 5294; x_wconf 81' lang='lat' dir='ltr'>Ego</span> <span class='ocrx_word' id='word_1_926' title='bbox 3093 5228 3215 5279; x_wconf 59' lang='lat' dir='ltr'>diti</span> <span class='ocrx_word' id='word_1_927' title='bbox 3234 5229 3296 5280; x_wconf 85' lang='lat' dir='ltr'>in</span> <span class='ocrx_word' id='word_1_928' title='bbox 3324 5243 3415 5283; x_wconf 71' lang='lat' dir='ltr'>etr-</span> 
     </span>
    </p>
   </div>
   <div class='ocr_carea' id='block_1_114' title="bbox 1822 5316 3418 5385">
    <p class='ocr_par' dir='ltr' id='par_1_114' title="bbox 1822 5316 3418 5385">
     <span class='ocr_line' id='line_1_114' title="bbox 1822 5316 3418 5385; baseline 0 -16"><span class='ocrx_word' id='word_1_929' title='bbox 1822 5332 1966 5377; x_wconf 78' lang='lat' dir='ltr'>cessa</span> <span class='ocrx_word' id='word_1_930' title='bbox 1990 5333 2102 5369; x_wconf 87' lang='lat' dir='ltr'>meo</span> <span class='ocrx_word' id='word_1_931' title='bbox 2135 5336 2149 5369; x_wconf 91' lang='lat'><em>:</em></span> <span class='ocrx_word' id='word_1_932' title='bbox 2184 5316 2373 5371; x_wconf 81' lang='lat' dir='ltr'>Omnis</span> <span class='ocrx_word' id='word_1_933' title='bbox 2416 5317 2572 5369; x_wconf 81' lang='lat' dir='ltr'>homo</span> <span class='ocrx_word' id='word_1_934' title='bbox 2615 5318 2850 5376; x_wconf 61' lang='lat' dir='ltr'>mendas:</span> <span class='ocrx_word' id='word_1_935' title='bbox 2899 5318 3063 5382; x_wconf 83' lang='lat' dir='ltr'>(Psal.</span> <span class='ocrx_word' id='word_1_936' title='bbox 3110 5318 3258 5385; x_wconf 74' lang='lat' dir='ltr'>cxv).</span> <span class='ocrx_word' id='word_1_937' title='bbox 3301 5317 3418 5379; x_wconf 81' lang='lat' dir='ltr'>Aut</span> 
     </span>
    </p>
   </div>
   <div class='ocr_carea' id='block_1_115' title="bbox 1824 5403 3416 5475">
    <p class='ocr_par' dir='ltr' id='par_1_115' title="bbox 1824 5403 3416 5475">
     <span class='ocr_line' id='line_1_115' title="bbox 1824 5403 3416 5475; baseline 0.001 -15"><span class='ocrx_word' id='word_1_938' title='bbox 1824 5406 1973 5460; x_wconf 90' lang='lat' dir='ltr'>enim</span> <span class='ocrx_word' id='word_1_939' title='bbox 2004 5422 2194 5458; x_wconf 88' lang='lat' dir='ltr'>verum</span> <span class='ocrx_word' id='word_1_940' title='bbox 2210 5410 2297 5467; x_wconf 87' lang='lat' dir='ltr'>est</span> <span class='ocrx_word' id='word_1_941' title='bbox 2316 5405 2420 5458; x_wconf 89' lang='lat' dir='ltr'>hoc</span> <span class='ocrx_word' id='word_1_942' title='bbox 2440 5420 2606 5469; x_wconf 80' lang='lat' dir='ltr'>omne</span> <span class='ocrx_word' id='word_1_943' title='bbox 2624 5405 2771 5475; x_wconf 86' lang='lat' dir='ltr'>quod</span> <span class='ocrx_word' id='word_1_944' title='bbox 2794 5403 2952 5470; x_wconf 82' lang='lat' dir='ltr'>dixit,</span> <span class='ocrx_word' id='word_1_945' title='bbox 2983 5410 3084 5467; x_wconf 83' lang='lat' dir='ltr'>aut</span> <span class='ocrx_word' id='word_1_946' title='bbox 3109 5404 3311 5467; x_wconf 78' lang='lat' dir='ltr'>falsum</span> <span class='ocrx_word' id='word_1_947' title='bbox 3335 5404 3416 5461; x_wconf 81' lang='lat' dir='ltr'>:si</span> 
     </span>
    </p>
   </div>
   <div class='ocr_carea' id='block_1_116' title="bbox 1825 5493 3418 5563">
    <p class='ocr_par' dir='ltr' id='par_1_116' title="bbox 1825 5493 3418 5563">
     <span class='ocr_line' id='line_1_116' title="bbox 1825 5493 3418 5563; baseline -0.001 -14"><span class='ocrx_word' id='word_1_948' title='bbox 1825 5495 1973 5549; x_wconf 87' lang='lat' dir='ltr'>enim</span> <span class='ocrx_word' id='word_1_949' title='bbox 1996 5493 2178 5549; x_wconf 89' lang='lat' dir='ltr'>omnis</span> <span class='ocrx_word' id='word_1_950' title='bbox 2209 5494 2375 5548; x_wconf 88' lang='lat' dir='ltr'>homo</span> <span class='ocrx_word' id='word_1_951' title='bbox 2402 5494 2642 5557; x_wconf 85' lang='lat' dir='ltr'>mendax</span> <span class='ocrx_word' id='word_1_952' title='bbox 2671 5498 2774 5559; x_wconf 85' lang='lat' dir='ltr'>est,</span> <span class='ocrx_word' id='word_1_953' title='bbox 2809 5510 2942 5563; x_wconf 83' lang='lat' dir='ltr'>ergo</span> <span class='ocrx_word' id='word_1_954' title='bbox 2963 5495 3202 5553; x_wconf 77' lang='lat' dir='ltr'>mendax</span> <span class='ocrx_word' id='word_1_955' title='bbox 3237 5501 3325 5552; x_wconf 81' lang='lat' dir='ltr'>est</span> <span class='ocrx_word' id='word_1_956' title='bbox 3358 5500 3418 5555; x_wconf 71' lang='lat' dir='ltr'>et</span> 
     </span>
    </p>
   </div>
   <div class='ocr_carea' id='block_1_117' title="bbox 1824 5570 3417 5655">
    <p class='ocr_par' dir='ltr' id='par_1_117' title="bbox 1824 5570 3417 5655">
     <span class='ocr_line' id='line_1_117' title="bbox 1824 5570 3417 5655; baseline 0.001 -18"><span class='ocrx_word' id='word_1_957' title='bbox 1824 5584 1943 5655; x_wconf 88' lang='lat' dir='ltr'>ipse</span> <span class='ocrx_word' id='word_1_958' title='bbox 1975 5584 2069 5655; x_wconf 89' lang='lat' dir='ltr'>qui</span> <span class='ocrx_word' id='word_1_959' title='bbox 2096 5583 2362 5654; x_wconf 89' lang='lat' dir='ltr'>loquitur.</span> <span class='ocrx_word' id='word_1_960' title='bbox 2398 5583 2455 5639; x_wconf 93' lang='lat' dir='ltr'>Si</span> <span class='ocrx_word' id='word_1_961' title='bbox 2485 5590 2675 5638; x_wconf 87' lang='lat' dir='ltr'>autem</span> <span class='ocrx_word' id='word_1_962' title='bbox 2702 5570 2942 5637; x_wconf 84' lang='lat' dir='ltr'>mendax</span> <span class='ocrx_word' id='word_1_963' title='bbox 2971 5591 3058 5649; x_wconf 85' lang='lat' dir='ltr'>est</span> <span class='ocrx_word' id='word_1_964' title='bbox 3084 5588 3143 5639; x_wconf 85' lang='lat' dir='ltr'>et</span> <span class='ocrx_word' id='word_1_965' title='bbox 3169 5584 3291 5655; x_wconf 81' lang='lat' dir='ltr'>ipse</span> <span class='ocrx_word' id='word_1_966' title='bbox 3320 5585 3417 5654; x_wconf 85' lang='lat' dir='ltr'>qui</span> 
     </span>
    </p>
   </div>
  </div>
