3880 6146
459 240 560 298 399

459 366 730 438 loquitur,
757 381 828 420 ne
844 366 949 418 hoc
970 364 1196 436 quidem
1211 367 1358 436 quod
1379 367 1460 420 ait
1477 384 1672 422 verum
1701 372 1805 435 est,
1837 385 2060 422 omnem
2077 377 2129 434 Α

460 456 746 510 hominem
759 471 881 509 esse
901 455 1248 510 mendacem.
1265 456 1440 510 Porro
1457 457 1504 510 si
1515 475 1649 511 vera
1663 458 1940 512 sententia
1954 463 2054 523 est,

460 562 664 610 omnes,
689 543 768 599 sic
786 543 1172 615 accipiendum
1195 551 1297 610 est,
1322 551 1388 599 ut
1406 546 1665 612 diximus,
1690 548 1838 617 quod
1859 565 2064 616 magna

459 649 590 706 pars
617 633 908 688 hominum
931 633 1257 688 mentiatur.
1294 634 1497 688 Scribit
1517 641 1573 689 et
1602 635 1732 688 alibi
1764 637 2062 705 Apostolus

461 723 678 790 (Coloss.
697 740 716 776 ι
733 726 930 792 etm),«
946 723 1209 776 docentes
1221 741 1444 776 omnem
1469 725 1774 790 hominem,
1803 744 1826 776 »
1854 729 1912 776 et
1934 741 2060 778 rur-

458 827 603 879 sum,
615 818 1065 866 «commonentes
1075 829 1298 866 omnem
1313 813 1769 878 hominem,»non
1785 813 1933 883 quod
1947 830 2061 865 om-

457 917 558 956 nes
586 901 843 956 homines
871 901 1140 969 docuerit,
1175 903 1372 973 quanti
1403 903 1552 956 enim
1593 907 1726 955 sunt
1755 902 1851 972 qui
1883 920 2059 972 usque

457 989 624 1045 hodie
643 1007 747 1045 nec
766 990 1078 1045 doctrinam
1094 991 1348 1062 Apostoli
1370 992 1651 1058 audivere,
1687 1009 1790 1044 nec
1812 1009 2015 1044 nomen
2036 991 2059 1043 ’ἲ

456 1081 555 1134 sed
577 1081 726 1152 quod
749 1097 846 1135 eos
861 1097 1058 1134 omnes
1087 1081 1284 1135 doceat
1313 1086 1373 1135 et
1403 1081 1702 1135 admoneat
1734 1081 1828 1151 qui
1861 1081 1918 1134 in
1957 1081 2057 1134 Ec-

455 1169 626 1224 clesia
653 1175 803 1237 sunt,
837 1174 896 1224 et
937 1170 1172 1240 cupiunt
1201 1169 1342 1224 scire
1382 1187 1504 1241 quae
1539 1170 1641 1224 Dei
1671 1176 1819 1224 sunt.
1855 1170 2058 1240 Sequi-

454 1263 568 1324 tur,
595 1260 884 1329 plenitudo
915 1263 1050 1328 ejus,
1083 1261 1183 1327 qui
1211 1263 1401 1313 omnia
1438 1263 1500 1312 in
1521 1261 1775 1312 omnibus
1795 1261 2058 1327 adimple-

457 1353 572 1401 tur.
593 1347 755 1412 Quod
776 1347 1003 1418 quidem
1021 1348 1100 1401 sic
1119 1348 1392 1419 accipitur
1413 1353 1470 1401 et
1487 1347 1624 1401 illud
1653 1367 1678 1398 «
1701 1355 1835 1402 tunc
1857 1349 1904 1401 ei
1923 1347 2055 1401 sub-

448 1435 680 1505 jicietur
699 1435 795 1507 qui
816 1436 923 1490 sibi
946 1436 1186 1507 subjecit
1207 1437 1416 1503 omnia,
1439 1443 1504 1491 ut
1523 1437 1596 1490 sit
1615 1438 1764 1492 Deus
1788 1437 1976 1490 omnia
1999 1437 2056 1490 in

455 1525 715 1580 omnibus
738 1543 750 1578 :
779 1543 806 1576 «
831 1541 980 1579 nunc
1003 1525 1155 1580 enim
1175 1527 1325 1580 Deus
1346 1527 1514 1580 Pater
1533 1543 1634 1597 per
1653 1517 1840 1598 partes
1860 1525 1917 1579 in
1941 1525 2056 1579 sin-

452 1613 602 1683 gulis
629 1619 734 1682 est,
779 1614 885 1669 hoc
916 1622 1019 1680 est,
1044 1615 1104 1669 in
1133 1615 1243 1669 alio
1267 1615 1510 1686 justitia,
1561 1615 1619 1669 in
1665 1615 1776 1668 alio
1807 1615 2052 1681 castitas,

1043 241 1106 293 B.
1150 239 1422 296 RABANI
1460 242 1692 298 MAURI
1737 243 2072 298 ARCHIEP.
2116 243 2442 297 MOGUNT.
2484 240 2783 295 OPERUM
2822 240 3002 294 PARS
3042 242 3136 295 III.

3584 251 3670 305 400

2771 365 3000 418 CAPUT
3031 365 3099 418 II.

2145 511 2204 562 In
2214 513 2354 563 ducu
2363 515 2460 563 ntu
2471 527 2499 561 ν
2517 511 2731 576 Ephesii
2744 509 3141 573 adurat-iurum.
3156 511 3404 561 actionem
3415 513 3553 576 ,quia
3565 520 3673 565 sunt

2248 599 2281 634 a
2308 585 2518 649 peccato
2545 582 2767 634 liberati
2787 585 2832 631 et
2863 581 2930 630 ab
2951 582 3078 632 aliis
3094 581 3332 646 gentibus
3352 585 3586 647 separati.

2214 727 2279 778 Et
2301 741 2386 776 ros
2407 741 2528 775 eum
2558 726 2737 775 essetis
2763 725 2970 774 mortui
2987 724 3191 774 delictis
3215 724 3410 786 vestris,
3439 725 3493 775 in
3511 727 3680 790 quibus

2141 815 2444 882 aliquando
2464 814 2790 864 ambulaslis
2807 813 3100 864 secundum
3120 814 3274 864 szeeul
3281 828 3367 862 um
3385 812 3414 863 Ιι
3424 815 3476 875 ui
3483 829 3536 863 us
3549 830 3685 865 mun-

2141 903 2218 954 di.
2236 901 2735 968 (Amlnn)1\Iortuos
2757 900 2910 964 dicit,
2927 899 3056 969 quia
3068 917 3278 952 errores
3289 900 3463 952 saeculi
3479 917 3687 969 sequun-

2141 997 2252 1044 tur.
2287 990 2570 1060 Quidquid
2603 989 2753 1042 enim
2782 989 2852 1041 ab
2885 989 3052 1042 unius
3080 989 3177 1041 Dei
3209 988 3530 1057 professione
3559 1006 3687 1041 rece-

2141 1080 2240 1142 dit,
2274 1086 2558 1132 mortuum
2588 1079 2844 1143 habetur,
2869 1078 3126 1148 quianon
3150 1077 3402 1130 manetin
3424 1078 3606 1136 radice,
3635 1095 3688 1129 ex

2142 1186 2252 1238 qua
2278 1168 2453 1221 trahit
2481 1169 2774 1237 originem.
2814 1169 3006 1233 (Ilier.}
3049 1168 3113 1220 Et
3158 1183 3262 1227 vos,
3304 1166 3492 1235 inquit,
3537 1173 3689 1231 gentes

2140 1275 2264 1310 eum
2296 1261 2490 1322 essetis,
2529 1275 2627 1327 pro
2649 1256 2824 1310 nimia
2845 1261 3196 1326 peccatormn
3230 1255 3440 1308 sarcina
3462 1254 3691 1325 spiritali-

2140 1353 2226 1399 ter
2249 1347 2476 1403 mortui.
2500 1346 2900 1399 com'iviﬁcavit
2925 1363 3018 1398 vos
3035 1346 3090 1397 in
3116 1344 3353 1408 Christo,
3377 1343 3509 1396 sicut
3541 1344 3594 1396 in
3619 1361 3691 1394 se-

2141 1436 2438 1506 quentibus
2459 1435 2610 1488 dicit.
2636 1435 2780 1499 Quid
2803 1436 2974 1487 distet
2991 1435 3140 1488 inter
3169 1433 3367 1487 delicta
3387 1438 3440 1484 et
3479 1437 3690 1502 peccata,

2139 1525 2219 1578 ita
2244 1525 2600 1589 discernitur,
2636 1525 2782 1594 quod
2809 1525 3012 1577 delicta
3043 1524 3174 1588 sint,
3207 1540 3332 1576 cum
3355 1539 3418 1574 ea
3444 1539 3559 1592 qme
3587 1533 3697 1574 sunt

2139 1614 2390 1667 facienda
2428 1631 2538 1667 non
2584 1613 2802 1682 agimus
2839 1632 2848 1664 :
2886 1620 3115 1683 peccata
3156 1630 3282 1665 vero
3321 1617 3465 1674 sunt,
3497 1611 3616 1663 dum
3643 1627 3696 1661 ea

452 1701 511 1756 in
539 1703 652 1758 alio
682 1705 1077 1775 temperantia,
1111 1704 1168 1758 in
1195 1704 1305 1758 alio
1337 1704 1631 1776 sapientia,
1665 1705 1720 1757 in
1751 1705 1861 1758 alio
1893 1704 2052 1758 forti-
2075 1697 2354 1774 Bagimus
2384 1721 2508 1774 quae
2537 1703 2718 1756 facere
2751 1720 2861 1756 non
2889 1701 3174 1755 debemus.
3199 1703 3499 1756 Secundino
3515 1702 3700 1767 princi-

453 1791 609 1858 tudo,
635 1797 692 1848 et
711 1793 936 1847 difficile
958 1798 1043 1846 est
1062 1793 1234 1847 etiam
1257 1793 1314 1846 in
1336 1793 1543 1848 sanctis
1565 1793 1695 1846 viris
1726 1799 1895 1864 atque
1926 1811 2054 1864 per-

451 1879 612 1935 fectis
633 1897 826 1936 omnes
847 1883 1062 1954 pariter
1078 1883 1312 1936 virtutes
1331 1883 1600 1936 invenire.
1627 1884 1766 1936 Cum
1785 1889 1975 1936 autem
1996 1883 2053 1936 in

453 1970 564 2024 ﬁne
591 1986 804 2037 rerum,
837 1976 895 2024 et
922 1970 982 2024 in
1009 1971 1490 2026 consummatione
1529 1972 1725 2025 mundi
1756 1971 1811 2024 ei
1843 1971 2053 2025 fuerint

448 2057 712 2113 universa
736 2059 1007 2130 subjecta,
1040 2060 1440 2132 adimplebitur
1469 2061 1659 2114 omnia
1682 2060 1741 2114 in
1770 2060 2046 2126 omnibus,

453 2151 516 2200 ut
522 2147 687 2218 juxta
709 2149 856 2218 quod
878 2149 1027 2203 Deus
1039 2156 1123 2204 est
1139 2150 1352 2203 cunctis
1375 2150 1674 2204 virtutibus
1696 2151 1910 2221 plenus,
1935 2167 2052 2202 om-

450 2235 614 2290 niain
635 2237 895 2291 omnibus
906 2239 1300 2310 adimpleatur,
1321 2243 1378 2292 et
1393 2239 1506 2292 sint
1517 2239 1758 2292 universi
1781 2239 2048 2292 habentes

449 2325 656 2392 omnia,
681 2343 804 2398 quae
823 2332 954 2381 ante
973 2328 1195 2397 singula
1224 2327 1430 2398 singuli
1453 2329 1829 2398 possidebant.
1857 2329 1964 2382 Sed
1997 2335 2052 2382 et

448 2413 554 2468 hoc
569 2415 718 2486 quod
737 2415 836 2482 ait,
858 2421 906 2469 et
924 2418 1108 2484 ipsum
1127 2419 1275 2470 dedit
1305 2423 1467 2486 caput
1487 2435 1651 2486 super
1671 2421 1864 2470 omnia
1881 2419 2052 2470 Eccle-

448 2505 560 2570 siae,
580 2519 699 2572 qua)
716 2509 790 2559 est
808 2521 1001 2574 corpus
1023 2508 1215 2573 ipsius,
1235 2507 1524 2574 plenitudo
1534 2509 1650 2574 ejus
1670 2510 1768 2574 qui
1787 2509 1976 2559 omnia
1992 2510 2051 2558 in

449 2593 706 2646 omnibus
733 2593 1093 2661 adimpletur,
1119 2611 1230 2647 non
1246 2595 1426 2647 solum
1446 2595 1738 2648 hominum
1762 2595 1858 2648 sed
1879 2596 2050 2648 etiam

447 2679 778 2750 angelorum
805 2687 1246 2753 cunctarumque
1266 2683 1536 2737 virtutum
1558 2689 1615 2736 et
1634 2683 2048 2738 rationabilium

448 2773 834 2824 creaturarum
849 2770 1092 2824 Ecclesia
1103 2771 1338 2841 intelligi
1351 2773 1610 2842 potest.N
1614 2791 1678 2825 ec
1694 2790 1805 2825 non
1828 2778 1884 2826 et
1907 2773 2011 2826 hoc
2029 2791 2040 2825 :

450 2856 558 2922 Qui
571 2859 762 2912 omnia
786 2861 848 2912 in
863 2861 1118 2912 omnibus
1137 2862 1494 2929 adimpletur,
1520 2877 1874 2930 nequaquam
1891 2861 1970 2914 ita
1989 2867 2051 2914 ut

451 2950 678 3000 resonat
705 2946 1121 3017 accipiendum;
1151 2965 1263 3002 non
1295 2949 1446 3002 enim
1470 2950 1551 3002 ait
1584 2969 1594 3003 :
1637 2951 1742 3013 Qui
1774 2950 1963 3003 omnia
1991 2951 2049 3004 in

2132 1810 2254 1861 pem.
2281 1796 2556 1861 potestatis
2583 1797 2731 1846 aeris
2763 1793 2946 1860 hujus,
2973 1795 3208 1858 spiritus
3225 1793 3323 1858 qui
3345 1806 3447 1842 non
3473 1793 3700 1856 operatur

2136 1885 2194 1934 in
2211 1885 2351 1948 ﬁlios
2375 1884 2716 1948 cli/ﬁdentia.
2745 1880 2976 1949 (Amhr.)
3004 1880 3320 1950 Principem
3345 1877 3633 1948 potestatis.
3655 1875 3700 1926 id

2137 1977 2222 2024 est
2241 1971 2542 2036 diabolum,
2579 1971 2861 2040 signiﬁcat
2888 1969 3074 2023 saeculi
3096 1967 3523 2037 intelligentiam
3542 1982 3704 2018 corru-

2134 2061 2298 2130 pisse,
2325 2066 2388 2113 ut
2408 2060 2476 2112 ab
2497 2077 2608 2112 uno
2638 2061 2752 2112 Deo
2790 2049 3134 2116 recederent,
3174 2059 3476 2110 multorum
3500 2055 3702 2108 deorum

2133 2149 2450 2220 opinionem
2462 2149 2918 2218 suseipientes,ut
2929 2147 3108 2201 socios
3121 2148 3246 2200 illos
3257 2164 3370 2199 suze
3381 2144 3705 2214 conspiratio

2133 2238 2218 2292 nis
2239 2239 2501 2304 efﬁceret,
2518 2239 2650 2291 dum
2663 2238 2718 2290 in
2739 2239 2932 2290 eadem
2951 2237 3242 2306 impietate
3262 2235 3610 2288 inveniuntur
3624 2249 3708 2284 nc-

2133 2333 2332 2396 gantes
2361 2345 2534 2380 unum
2567 2328 2763 2380 Deum.
2809 2326 3126 2396 Principem
3170 2343 3304 2394 ergo
3344 2325 3491 2377 hunc
3529 2321 3707 2375 erroris

2135 2417 2258 2470 ideo
2271 2417 2416 2469 aeris
2431 2417 2564 2468 dicit.
2575 2416 2854 2486 spiritum,
2870 2424 2931 2469 ut
2949 2416 3214 2468 ostendat
3225 2414 3353 2484 quia
3368 2414 3506 2466 hanc
3519 2417 3706 2480 partem

2133 2505 2238 2558 sibi
2265 2506 2554 2576 usurpavit
2583 2506 2650 2558 ad
2685 2505 3048 2558 exercendam
3081 2503 3544 2556 dominationem.
3568 2497 3710 2552 Aliud

2135 2601 2219 2647 est
2248 2596 2398 2648 enim
2429 2612 2543 2652 aer.
2579 2601 2634 2646 et
2656 2593 2808 2647 aliud
2842 2593 3118 2663 princeps,
3156 2593 3255 2645 sed
3285 2591 3416 2662 quia
3443 2590 3499 2643 in
3529 2587 3712 2642 mundo

2135 2683 2218 2747 Vel
2263 2683 2318 2736 in
2359 2701 2486 2736 aere
2539 2683 2878 2748 dominatur,
2923 2682 3156 2753 spiritus
3207 2681 3357 2735 aeris
3406 2679 3711 2750 appellatur.

2133 2775 2199 2826 In
2229 2776 2426 2840 quibus
2455 2779 2503 2825 et
2528 2789 2622 2825 nos
2644 2789 2828 2824 mnnes
2859 2775 3167 2838 aliquando
3199 2789 3296 2824 con
3310 2773 3507 2823 versati
3545 2783 3714 2820 sumus

2133 2864 2194 2914 in.
2216 2863 2502 2914 desideriis
2524 2879 2658 2913 earn
2670 2865 2712 2913 is
2736 2866 2948 2922 nostra;
2977 2863 3244 2927 [izcienles
3267 2863 3590 2912 roluntalem
3614 2871 3717 2908 eor-

2133 2954 2222 3003 nis
2241 2957 2287 3002 et
2318 2953 2735 3017 cogitationum,
2761 2955 2805 3002 et
2841 2966 3062 3002 eramus
3088 2955 3305 3002 natura
3333 2951 3442 3015 filii
3463 2951 3570 3009 ira',
3595 2947 3719 2997 sicut

448 3033 710 3088 omnibus
731 3034 1019 3112 adimplet,
1041 3037 1170 3090 sed:
1197 3040 1296 3105 qui
1313 3041 1507 3091 omnia
1522 3041 1584 3091 in
1607 3041 1860 3092 omnibus
1873 3042 2050 3092 adim-
2069 3061 2112 3119 Ο
2132 3045 2178 3093 et
2207 3043 2403 3092 ueteri.
2441 3040 2638 3105 (Cass.)
2673 3039 2826 3092 Licet
2865 3038 3062 3091 beatus
3103 3039 3320 3092 Paulus
3370 3035 3555 3089 omnia
3599 3032 3718 3095 vitia

441 3123 715 3192 pletur.Si
733 3123 962 3196 quidem
978 3125 1132 3180 aliud
1141 3132 1228 3180 est
1243 3126 1653 3197 implere,aliud
1671 3128 2049 3197 implerizquia

445 3211 504 3265 in
523 3211 700 3266 altero
716 3215 954 3284 agentis,
972 3215 1030 3268 in
1041 3216 1218 3268 altero
1232 3215 1498 3286 patientis
1521 3223 1606 3270 est
1617 3216 1865 3270 verbum.
1893 3217 2048 3270 Sicut

447 3315 579 3371 ergo
611 3301 952 3373 adimpletur
980 3303 1303 3374 imperator,
1335 3305 1382 3358 si
1413 3305 1662 3376 quotidie
1691 3307 1813 3375 ejus
1845 3323 2046 3374 augea-

447 3393 541 3444 tur
560 3391 855 3458 exercitus,
879 3397 938 3446 et
954 3393 1095 3447 ﬁant
1114 3411 1269 3448 novae
1292 3393 1607 3465 provinciae,
1635 3402 1691 3448 et
1711 3395 2044 3465 pepulerum

446 3478 752 3534 multitudo
781 3489 1097 3536 succrescat
1121 3501 1132 3534 :
1156 3483 1236 3537 ita
1265 3490 1322 3537 et
1352 3483 1622 3537 Dominus
1651 3493 1842 3537 noster
1884 3485 2044 3538 Jesus

443 3566 700 3622 Christus
723 3568 781 3624 in
809 3587 875 3624 eo
914 3571 1061 3642 quod
1089 3571 1194 3626 sibi
1225 3573 1461 3626 credunt
1491 3573 1680 3626 omnia
1711 3580 1767 3626 et
1796 3591 1896 3643 per
1927 3573 2044 3625 dies

447 3655 696 3726 singulos
725 3658 795 3712 ad
825 3660 996 3714 fidem
1025 3663 1146 3731 ejus
1178 3663 1426 3728 veniunt,
1461 3663 1579 3733 ipse.
1619 3663 1959 3733 adimpletur
1986 3664 2042 3716 in

446 3746 708 3802 omnibus
739 3765 749 3800 :
785 3747 866 3803 sic
893 3755 1102 3816 tamen,
1137 3757 1201 3805 ut
1221 3752 1412 3805 omnia
1439 3751 1815 3822 adimpleatur
1842 3752 1898 3805 in
1933 3771 2048 3806 om-

445 3835 626 3903 nibus,
662 3836 719 3889 id
749 3843 852 3904 est,
875 3843 941 3892 ut
964 3840 1060 3910 qui
1079 3839 1138 3894 in
1168 3858 1297 3894 eum
1325 3842 1564 3894 credunt
1589 3842 1802 3894 cunctis
1833 3841 2048 3895 virtuti-

443 3923 549 3977 bus
571 3924 720 3994 pleni
742 3925 874 3992 sint,
899 3933 956 3980 et
979 3929 1143 3996 juxta
1172 3929 1537 3998 Evangelium
1570 3931 1716 3995 (Luc.
1753 3936 1808 3997 n)
1843 3931 2050 3984 faciant

446 4028 576 4065 eum
598 4013 867 4083 proﬁcere
885 4021 1069 4080 aetate,
1083 4017 1360 4088 sapientia
1381 4025 1438 4071 et
1447 4017 1650 4087 gratia.
1679 4020 1738 4084 (Α
1750 4022 1913 4088 mbr.)
1935 4019 2048 4072 Ali-

445 4105 534 4154 ter
555 4101 783 4155 Patrem
805 4101 941 4156 dicit
959 4103 1099 4158 Filio
1119 4122 1342 4158 omnem
1373 4113 1690 4160 creaturam
1721 4107 2041 4176 subjeeisse,

448 4195 512 4244 ut
541 4189 674 4261 quia
701 4191 906 4246 omnia
920 4209 1022 4264 per
1049 4193 1233 4264 ipsum
1263 4193 1410 4262 fecit,
1448 4195 1565 4264 ipse
1596 4195 1848 4249 omnium
1879 4203 2046 4266 caput

447 4278 521 4333 sit
549 4284 606 4334 et
642 4280 932 4335 Dominus.
957 4284 1111 4338 Tunc
1126 4281 1205 4337 illi
1225 4285 1416 4338 omnia
1445 4283 1696 4354 subjecit,
1723 4287 1945 4354 quando
1976 4287 2044 4338 il-

2129 3128 2468 3196 generaliter
2497 3128 2944 3197 pronuntiaverit
2983 3145 3104 3179 esse
3148 3127 3422 3187 carnalia,
3469 3123 3718 3194 siquidem

2131 3217 2450 3270 inimicitias
2473 3224 2528 3270 et
2549 3217 2659 3270 iras
2681 3223 2850 3287 atque
2872 3219 3110 3269 luereses
3132 3217 3290 3270 inter
3324 3222 3529 3269 caetera
3556 3210 3723 3265 carnis

2129 3323 2294 3376 opera
2317 3324 2638 3360 numeravei
2653 3307 2712 3371 it,
2749 3323 2848 3358 nos
2869 3313 3057 3358 tamen
3079 3307 3149 3358 ad
3173 3307 3414 3358 illorum
3431 3302 3726 3357 curationes

2128 3402 2296 3464 atque
2327 3403 2556 3448 naturas
2585 3395 2908 3464 diligentius
2940 3395 3293 3462 colligendas
3324 3392 3530 3464 duplici
3561 3408 3622 3442 ea
3649 3387 3722 3439 di-

2128 3485 2339 3538 visione
2368 3485 2784 3552 distinguimus.
2822 3486 2964 3538 Nam
2997 3488 3053 3536 et
3076 3485 3200 3536 hinc
3221 3485 3486 3554 quaedam
3511 3479 3727 3535 dicionis

2129 3591 2249 3625 esse.
2279 3574 2542 3628 carnalia.
2588 3575 2844 3643 qmedam
2877 3591 3006 3625 vero
3045 3573 3354 3642 spiritalia,
3399 3581 3456 3625 et
3492 3571 3585 3623 illa.
3616 3566 3724 3637 qui-

2131 3662 2258 3715 dem
2285 3664 2548 3726 carnalia,
2585 3681 2708 3732 qua"
2748 3663 3066 3732 specialiter
3097 3662 3164 3714 ad
3200 3663 3462 3716 fomitem
3497 3673 3732 3713 sensum-

2133 3769 2239 3822 que
2269 3752 2555 3822 pertinent
2583 3752 2787 3817 carnis,
2833 3751 3034 3820 quibus
3063 3751 3158 3802 illa
3199 3752 3286 3804 ita
3327 3752 3640 3804 delectatur
3673 3760 3728 3796 ae

2132 3841 2396 3912 pascitur,
2421 3847 2482 3894 ut.
2505 3842 2676 3894 etiam
2694 3841 2912 3911 quietas
2936 3841 3127 3893 incitet
3147 3847 3397 3900 mentes,
3433 3839 3730 3906 invitusque

2131 3947 2226 3983 eas
2246 3947 2644 4000 nonnunquam
2671 3931 2958 4001 pertrahat
2978 3930 3047 3982 ad
3068 3947 3186 3982 sua:
3211 3929 3530 3983 voluntatis
3553 3942 3730 3980 assen-

2129 4035 2282 4085 sum;
2307 4021 2374 4072 de
2399 4019 2598 4090 quibus
2621 4019 2816 4072 beatus
2843 4019 3137 4089 Apostolus
3165 4037 3175 4069 :
3205 4020 3275 4072 In.
3309 4020 3536 4086 quibus,
3569 4015 3660 4078 ait,
3691 4019 3730 4064 et

2130 4125 2224 4160 nos
2254 4125 2437 4161 omnes
2464 4111 2769 4176 aliquando
2793 4110 3096 4161 conrersati
3125 4124 3328 4160 sumus
3361 4112 3427 4160 in.
3460 4105 3732 4160 desideriis

2128 4213 2260 4248 earn
2273 4200 2314 4249 is
2338 4203 2534 4250 nostra
2552 4199 2810 4264 facientes
2833 4201 2995 4250 volun
3007 4202 3169 4250 talem.
3187 4200 3389 4250 carnis
3407 4201 3454 4249 et
3470 4195 3732 4262 cogitatio-

2130 4303 2284 4348 num,
2309 4292 2356 4339 et
2379 4303 2599 4338 eramus
2625 4292 2832 4338 natura
2855 4289 2965 4352 ﬁlii
2987 4289 3081 4338 ira-
3103 4287 3248 4339 sicut
3268 4292 3318 4338 et
3344 4288 3550 4339 ca’ieri.
3579 4280 3736 4352 Spiri-

443 4369 564 4424 lum
589 4375 722 4424 ante
749 4371 938 4427 omnia
963 4373 1178 4443 genuit,
1211 4379 1273 4426 ut
1303 4391 1402 4445 per
1441 4373 1625 4444 ipsum
1665 4373 1875 4428 faceret
1921 4379 2104 4445 quaeD
2125 4375 2262 4427 talia
2290 4392 2416 4428 vero
2441 4374 2676 4428 dicimus
2708 4392 2830 4444 qua)
2863 4374 3134 4427 instinctu
3166 4375 3382 4428 anim-ec
3407 4374 3586 4428 solius
3604 4375 3736 4422 orta.

445 4475 559 4514 non
587 4466 768 4514 erant.
803 4462 1040 4518 Omnem
1058 4462 1358 4517 Ecclesium
1377 4463 1586 4528 dicens,
1610 4464 1934 4518 summatim
1965 4471 2045 4518 to-
2126 4480 2238 4517 non
2259 4465 2440 4516 solum
2453 4463 2590 4516 nihil
2615 4463 2915 4534 voluptatis
2935 4463 3432 4528 conferuntcarni,
3460 4463 3560 4516 sed
3581 4459 3741 4514 etiam

445 4552 571 4602 tum
591 4551 1018 4621 comprehendit
1039 4553 1188 4624 quod
1227 4553 1286 4606 in
1317 4554 1454 4606 cmlo
1486 4559 1571 4606 est
1601 4558 1657 4606 et
1681 4553 1738 4606 in
1769 4558 1940 4617 terra,
1982 4560 2046 4607 ut
2125 4553 2466 4623 gravissimis
2498 4570 2621 4606 eam
2657 4551 3023 4622 languoribus
3055 4552 3368 4605 aﬁicientia
3415 4549 3741 4604 miserrima:

446 4634 505 4686 in
536 4651 739 4690 novum
773 4638 1059 4694 hominem
1098 4641 1353 4696 membra
1389 4643 1508 4712 ejus
1542 4641 1875 4708 efﬁciantur,
1909 4643 2043 4696 dum

447 4723 789 4777 conﬁtentur
815 4726 964 4780 hunc
991 4745 1131 4797 esse,
1164 4748 1266 4802 per
1303 4749 1467 4802 quem
1495 4731 1626 4784 facti
1669 4736 1802 4785 sunt
1837 4749 1870 4785 a
1905 4733 2038 4786 Deo.

449 4808 834 4881 Subjiciuntur
849 4815 998 4869 enim
1019 4817 1118 4883 illi,
1145 4821 1306 4888 quasi
1325 4820 1491 4894 capiti
1527 4820 1796 4887 membra,
1830 4838 1894 4874 ex
1933 4838 2043 4890 quo

447 4899 682 4955 trahunt
704 4901 994 4972 originem,
1020 4911 1084 4958 ut
1112 4908 1301 4961 omnia
1326 4908 1383 4962 in
1414 4908 2044 4982 omnibusadimplean-

446 4997 560 5044 tur.
607 4991 748 5045 Cum
797 4992 947 5045 enim
997 4996 1237 5062 regressi
1272 4997 1482 5050 fuerint
1527 4997 1597 5049 ad
1640 4998 2042 5050 confessionem

446 5079 615 5134 unius
645 5080 746 5134 Dei
777 5081 1062 5135 ﬂectentes
1103 5100 1253 5151 genu
1303 5085 1545 5151 Christo,
1596 5085 1938 5154 adimpletur
1985 5087 2042 5140 in

447 5167 724 5236 omnibus,
749 5177 814 5224 ut
834 5169 910 5224 sit
931 5169 1139 5234 omnia,
1169 5171 1302 5242 quia
1320 5172 1390 5226 ab
1414 5174 1535 5244 ipso
1559 5179 1710 5240 sunt,
1736 5190 1800 5227 ac
1821 5191 1922 5245 per
1940 5175 2043 5228 hoc

445 5253 563 5326 ipse
585 5255 644 5309 in
662 5257 743 5312 eis
762 5266 849 5314 est
871 5279 882 5312 :
909 5259 1043 5330 quia
1059 5260 1264 5314 virtute
1287 5262 1409 5332 ejus
1428 5262 1758 5330 subsistunt,
1784 5264 2044 5341 recedenr

446 5350 530 5399 tes
557 5345 711 5400 enim
740 5365 774 5402 a
800 5349 936 5417 Deo,
960 5365 1226 5405 evacuare
1249 5349 1408 5403 illum
1431 5350 1719 5419 videntur;
1755 5353 1901 5406 unde
1931 5353 2041 5406 alio

445 5435 566 5488 loco
585 5435 724 5490 dicit
745 5439 961 5505 (Coloss.
995 5444 1050 5508 ιι)
1095 5459 1105 5494 ;
1157 5440 1220 5494 Ut
1247 5445 1494 5493 crescant
1530 5443 1720 5494 omnia
1763 5457 1826 5494 171-
1863 5444 2042 5495 inore-

450 5526 699 5578 mentum
727 5527 844 5582 Dei.

2121 4642 2492 4711 jucunditatis
2522 4649 2686 4712 pastu
2716 4642 2962 4694 animam
2997 4646 3218 4694 tantum
3260 4641 3542 4694 nutriunt
3571 4654 3743 4708 aegro—

2126 4737 2366 4798 tantem;
2393 4738 2448 4784 et
2476 4731 2680 4784 idcirco
2711 4732 2829 4784 heec
2859 4731 3084 4799 quidem
3114 4729 3361 4799 simplici
3395 4729 3588 4784 cordis
3609 4725 3744 4779 indi-

2123 4827 2259 4889 gent
2281 4821 2572 4884 medicina,
2609 4838 2733 4891 quae
2772 4826 2960 4874 autem
3000 4819 3246 4873 carnalia
3275 4827 3441 4881 sunt,
3488 4835 3607 4872 non
3646 4811 3748 4868 nisi

2125 4909 2350 4979 duplici,
2377 4910 2849 4979 quemadmodum
2871 4909 3131 4974 diximus,
3157 4909 3224 4961 ad
3248 4910 3574 4962 sanitatem
3596 4921 3748 4960 cura-

2123 4997 2274 5051 tione
2303 4999 2651 5068 perveniunt.
2694 5000 2852 5053 Unde
2901 4998 3132 5068 puritati
3161 4997 3542 5051 studentibus
3573 4981 3749 5068 pluri-

2125 5101 2277 5139 mum
2298 5089 2528 5153 confert,
2552 5093 2616 5140 ut
2638 5089 2836 5140 harum
2861 5088 3172 5141 carnalium
3196 5086 3566 5157 passionum,
3606 5086 3750 5155 ipsas

2124 5176 2389 5228 materias
2417 5175 2520 5228 sibi
2552 5176 2812 5246 primitus
2831 5176 3182 5242 subtrahunt,
3208 5175 3424 5246 quibus
3451 5181 3647 5246 potest
3669 5171 3752 5222 vel

2127 5264 2340 5316 occasio
2358 5265 2444 5318 vel
2465 5263 2776 5317 recordatio
2789 5281 2983 5318 earum
2996 5264 3292 5334 aegrotanti
3314 5262 3440 5317 adh
3449 5282 3523 5318 uc
3551 5263 3756 5316 animae

2123 5353 2402 5422 generari.
2424 5354 2662 5407 Necesse
2683 5359 2768 5406 est
2787 5353 2936 5407 enim
2964 5361 3028 5408 ut
3056 5354 3250 5408 morbo
3279 5353 3510 5424 duplici
3549 5351 3760 5422 duplex

2123 5441 2456 5496 adhibeatur
2483 5440 2718 5495 curatio.
2750 5442 2896 5496 Nam
2924 5443 3144 5514 corpori
3175 5460 3245 5497 ne
3274 5441 3762 5513 conCupiscentia

2123 5529 2182 5583 in
2211 5529 2468 5584 effectum
2487 5534 2671 5585 tentet
2689 5547 3072 5604 prorumpere,
3098 5530 3426 5587 necessario
3451 5530 3684 5601 efﬁgies
3705 5534 3765 5580 et
