3880 6146
227 325 306 379 401

625 323 1202 376 ENARRATIONUM
1241 323 1316 377 IN
1358 322 1509 376 EPP.
1554 323 1766 377 PAULI
1804 323 1939 377 LIB.
1983 323 2154 377 XVII.
2188 314 2344 376 —IN
2385 321 2605 376 EPIST.
2646 322 2741 376 AD
2782 322 3030 377 EPHES.

3366 320 3470 378 402

226 450 428 504 materia
462 448 699 502 illiciens
738 448 1119 502 subtrahendo
1148 454 1249 509 est,
1293 453 1349 500 et
1369 448 1567 501 animae
1598 448 1852 509 nihilo-A
1873 448 2074 518 quibus
2090 446 2911 501 inLatiniscodicibushabetur
2935 450 3354 517 cogitationum.
3378 450 3466 506 In-

222 541 397 601 minus,
428 555 493 591 ne
523 554 649 590 eam
692 539 776 590 vel
816 538 1150 607 cogitatione
1189 537 1483 607 concipiat,
1516 538 1785 590 attentius

224 627 474 681 meditatio
522 628 944 697 Scripturarum
992 632 1048 679 et
1103 628 1419 679 sollicitudo
1474 627 1781 696 pervigilet.

224 719 424 785 μηρὸν.)
449 716 751 769 Perfidiam
792 717 1089 785 signiﬁcat,
1133 717 1266 769 dum
1305 717 1579 769 desideria
1602 717 1784 769 carnis

221 815 476 859 memorat.
510 807 785 874 Voluptas
817 807 967 859 enim
998 806 1180 858 carnis
1198 814 1279 857 est
1297 806 1601 858 visibilibus
1631 806 1784 859 oble-

216 897 347 951 ctari.
379 902 435 947 ut
464 896 764 955 elementa,
782 913 904 964 quat
920 896 1068 949 Deus
1086 895 1466 964 gubernacula
1482 896 1673 948 mundi
1697 896 1783 947 in-

215 986 385 1049 stituit,
416 985 552 1036 deos
581 986 847 1054 appellet,
873 1002 999 1037 cum
1030 986 1131 1037 hoc
1163 1002 1365 1037 nomen
1408 986 1499 1037 uni
1542 986 1655 1038 Deo
1685 987 1783 1038 de-

214 1075 398 1135 beatur,
433 1091 502 1125 ex
533 1091 643 1143 quo
673 1080 810 1127 sunt
839 1075 1045 1135 omnia,
1080 1081 1143 1127 ut
1158 1075 1301 1127 sicut
1324 1076 1537 1127 nullum
1557 1075 1782 1144 partici-

211 1182 315 1233 pem
348 1162 513 1214 habet
543 1181 607 1214 ex
636 1164 721 1215 his
755 1163 809 1215 in
840 1164 1061 1225 virtute,
1110 1164 1186 1215 ita
1227 1171 1279 1215 et
1332 1164 1549 1215 nullum
1582 1163 1785 1216 habeat

207 1262 493 1304 consortem
527 1253 586 1304 in
618 1253 867 1305 nomine.
889 1254 1107 1305 Christo
1129 1260 1319 1305 autem
1339 1253 1541 1304 idcirco
1564 1254 1665 1314 hoc
1688 1270 1783 1305 no-

207 1360 312 1394 men
350 1358 455 1393 non
496 1348 757 1409 negatur,
788 1342 920 1411 quia
957 1342 1099 1394 sicut
1130 1342 1442 1394 conn’nunis
1473 1341 1551 1392 eis
1582 1348 1784 1394 natura

206 1444 289 1483 est.
320 1431 393 1481 ita
431 1430 548 1481 erit
575 1435 632 1481 et
664 1448 887 1482 nomen.
924 1432 1039 1483 Hoc
1076 1440 1265 1483 tamen
1297 1431 1443 1483 inter
1476 1432 1697 1483 Patrem
1728 1436 1785 1483 et

203 1521 380 1572 Filium
402 1519 663 1579 interest,
689 1520 821 1588 quia
850 1521 1015 1572 Pater
1039 1538 1073 1572 a
1104 1521 1255 1573 nullo
1279 1521 1380 1571 hoe
1403 1520 1615 1589 accepit.
1647 1540 1656 1572 :
1694 1520 1783 1573 Fi—

204 1610 291 1660 lius
310 1614 495 1661 autem
532 1627 634 1678 per
658 1610 1079 1677 generationem
1112 1609 1302 1661 omnia
1332 1604 1512 1661 Patris
1549 1610 1779 1687 accepit,

202 1698 320 1751 utin
346 1698 558 1750 viitute
590 1704 645 1750 et
675 1699 990 1751 substantia
1011 1709 1065 1750 et
1087 1699 1309 1751 nomine
1336 1698 1473 1750 nihil
1494 1698 1663 1750 distet
1699 1699 1785 1751 Fi-

202 1788 289 1839 lius
307 1804 339 1838 a
364 1788 540 1839 Patre
566 1807 578 1845 ;
611 1788 758 1840 unde
778 1788 1135 1841 dicit.omm’a
1153 1806 1269 1854 quxr
1289 1789 1443 1839 Ita/iet
1468 1790 1628 1840 Pater
1664 1805 1783 1841 mea

197 1882 324 1939 sunt,
356 1882 404 1928 et
437 1894 563 1929 mea
597 1879 779 1929 Putris
825 1879 1094 1943 Nonergo
1118 1876 1427 1944 indignum.
1449 1894 1629 1946 neque
1650 1894 1783 1929 con-

198 1964 409 2018 tmrium
443 1974 557 2029 est,
593 1965 641 2017 si
672 1972 729 2017 et
749 1965 1006 2017 Christus
1026 1967 1174 2018 Deus
1195 1966 1449 2018 dicatur?
1471 1966 1565 2017 sed
1581 1966 1648 2017 de
1670 1966 1784 2019 Deo

194 2056 353 2117 Patre,
388 2062 451 2107 ut
474 2054 652 2107 unius
677 2055 779 2107 Dei
817 2055 1121 2107 auctoritas
1151 2062 1526 2107 conservetur.
1562 2056 1706 2107 Nam
1739 2055 1785 2107 si

196 2144 301 2212 quis
342 2144 501 2195 aliud
536 2150 700 2212 putat.
750 2144 1069 2212 signiﬁcare
1112 2161 1239 2197 cum
1283 2144 1625 2197 voluntatem
1655 2160 1784 2196 car-

196 2233 266 2285 nis
320 2232 565 2301 ﬂagitat,
598 2233 737 2284 sciat
784 2234 1113 2301 Apostolum
1165 2232 1431 2284 mundam
1480 2238 1652 2284 vitam
1690 2232 1785 2285 ha-

196 2322 374 2385 buisse,
423 2322 569 2390 quia
608 2322 920 2374 secundum
964 2322 1242 2391 justitiam
1296 2321 1434 2389 legis
1498 2338 1784 2373 conversa-

194 2424 267 2463 tus
320 2420 399 2463 est
452 2411 587 2463 sine
646 2412 912 2480 querela:
980 2412 1075 2463 sed
1134 2411 1263 2480 quia
1323 2416 1645 2479 persecutus
1702 2418 1785 2463 est

193 2501 335 2553 ﬁdem
366 2500 610 2553 Christi.
646 2500 852 2552 idcirco
881 2503 1201 2564 (.‘tJltt‘t’l'SaH,
1240 2500 1436 2569 inquit.
1486 2516 1678 2552 sumus
1722 2503 1784 2553 in

190 2592 451 2642 desideriis
482 2593 688 2642 carnis
720 2595 932 2641 nostl‘zc.
970 2590 1148 2642 Omne
1168 2589 1317 2641 enim
1350 2596 1636 2658 peccatum
1657 2606 1785 2642 caro

190 2679 390 2743 dicitur,
447 2679 705 2731 maxime
752 2678 1005 2748 perﬁdia,
1066 2695 1187 2747 quae
1238 2683 1321 2730 est
1350 2678 1521 2731 totius
1561 2678 1786 2730 sceleris

191 2776 367 2820 mater.
402 2770 495 2821 .\'u
515 2769 569 2820 Ili
605 2784 778 2838 opera
807 2768 949 2820 bona
971 2776 1028 2819 et
1059 2767 1289 2820 castitas
1318 2767 1586 2836 proderit,
1635 2768 1679 2819 si
1712 2768 1785 2821 sit

190 2858 409 2926 perﬁdus
455 2878 466 2910 :
533 2857 772 2927 perﬁdia
802 2858 951 2909 enim
982 2857 1098 2909 lucc
1128 2857 1319 2909 omnia
1348 2858 1607 2909 maculat.
1643 2856 1785 2909 Hinc

190 2953 259 2998 est
284 2948 425 3016 quod
461 2946 744 3011 subdidit,
774 2952 1055 2999 eieramus
1079 2952 1285 2999 natura
1309 2949 1422 3013 ﬁlii
1448 2949 1560 3012 irzr,
1586 2949 1785 2998 sicutct

188 3040 361 3089 retrri.
388 3038 632 3090 Naturae
666 3036 817 3088 enim
848 3053 971 3089 cum
1016 3036 1163 3088 mala
1217 3037 1473 3088 voluntas
1523 3036 1785 3105 supponi-

1867 543 1955 590 ter
1976 543 2201 607 peccata
2227 542 2416 589 autem
2442 536 2626 589 carnis
2656 542 2711 588 et
2736 536 3009 590 mentium
3037 553 3157 591 esse
3182 537 3286 592 hoc
3306 545 3460 610 puto,

1870 628 2016 697 quod
2030 626 2212 679 carnis
2225 630 2511 696 peccatum
2526 632 2611 678 est
2624 626 2972 695 impudicitia
2982 632 3151 697 atque
3163 627 3468 696 luxuria,et

1869 734 2067 786 caquze
2079 732 2178 785 per
2191 715 2699 783 ministeriumejus
2728 714 2786 768 in
2811 715 3102 769 libidinem
3122 717 3417 787 explentur
3449 737 3461 771 :

1868 805 2143 858 mentium
2165 821 2291 856 vero
2312 804 2577 856 delictum
2598 805 2669 857 ad
2697 805 2963 874 dogmata
2982 805 3229 875 pertinet
3247 812 3464 861 contra-

1867 894 1951 947 ria
1966 894 2185 961 veritati
2201 893 2585 946 ethazreticam
2608 893 2961 964 pravitatem,
2996 894 3077 947 ita
3105 899 3169 948 ut
3187 895 3466 966 possimus

1867 985 2049 1037 dicere
2064 985 2358 1053 plerosque
2370 983 2761 1036 hzereticorum
2779 986 3144 1054 (quamquam
3152 984 3261 1038 hoc
3270 1001 3464 1040 rarum

1867 1074 1954 1139 sit)
1998 1074 2312 1126 voluntates
2358 1074 2631 1125 mentium
2670 1073 2871 1137 facere,
2907 1078 2964 1127 et
3006 1089 3121 1128 non
3149 1074 3463 1130 voluntates

1867 1162 2069 1225 carnis,
2096 1170 2151 1214 et
2168 1164 2375 1215 multos
2394 1169 2591 1214 contra
2620 1162 3024 1217 ecclesiasticos
3054 1162 3237 1217 carnis
3266 1168 3324 1218 et
3351 1180 3464 1218 non

1867 1253 2140 1305 mentium
2169 1252 2349 1305 facere
2382 1252 2714 1315 voluntates,
2742 1257 2798 1304 et
2811 1269 2930 1304 esse
2954 1252 3142 1322 plures
3162 1252 3258 1322 qui
3280 1253 3463 1307 carnis

1867 1348 1924 1393 et
1948 1341 2217 1393 mentium
2251 1341 2460 1410 pariter
2487 1340 2696 1394 faciant
2742 1341 3074 1395 voluntates.
3110 1342 3240 1395 Haec
3272 1347 3461 1396 autem

1866 1430 2126 1496 diximus,
2159 1448 2268 1483 non
2301 1430 2446 1499 quod
2480 1430 2723 1483 lneretici
2753 1430 2937 1483 carnis
2978 1446 3091 1483 non
3130 1429 3342 1486 faciant
3365 1448 3462 1485 vo-

1868 1520 2139 1585 luntates;
2174 1520 2335 1588 plura
2366 1518 2571 1588 quippe
2602 1518 2750 1588 apud
2772 1535 2865 1571 eos
2886 1518 3024 1572 vitia
3043 1518 3290 1590 corporis
3310 1526 3461 1585 sunt,

1868 1626 2035 1678 quam
2059 1608 2205 1678 apud
2227 1608 2591 1671 nostros;sed
2611 1613 2689 1673 ut,
2725 1608 2977 1678 exemplo
3006 1608 3207 1678 posito,
3226 1608 3460 1674 facilius,

1868 1698 2011 1766 quod
2034 1696 2371 1761 volebamus,
2398 1695 2846 1765 possitintelligi.
2881 1696 2950 1749 Et
2968 1711 3190 1751 eramus
3230 1701 3461 1761 natura,

1805 1774 1849 1831 Β
1872 1786 2073 1856 inquit,
2090 1790 2127 1852 fi
2134 1790 2147 1831 Ι
2156 1788 2198 1836 ii
2223 1788 2336 1850 ira’,
2356 1788 2495 1837 sicut
2509 1790 2558 1836 et
2573 1787 2766 1838 ca'tcri.
2787 1784 3182 1855 Respondeant
3194 1785 3461 1851 haeretici,

1868 1876 1963 1945 qui
1984 1875 2231 1927 diversas
2245 1879 2476 1926 naturas
2495 1891 2616 1926 esse.
2638 1874 3002 1939 contendunt,
3018 1874 3297 1944 quomodo
3324 1875 3467 1930 Pau-

1868 1965 1972 2029 lus,
1993 1980 2157 2033 quem
2182 1963 2375 2033 utique
2397 1963 2663 2032 spiritalis
2694 1970 2910 2015 naturae
2943 1979 3063 2015 esse
3091 1980 3204 2017 non
3231 1962 3465 2018 dubium

1868 2058 1971 2117 est,
2022 2052 2190 2106 fuerit
2234 2059 2437 2105 natura
2485 2051 2632 2104 ﬁlius
2664 2051 2778 2117 iraa,
2821 2051 2968 2105 sicut
3020 2057 3078 2105 et
3124 2051 3331 2117 caeteri,
3369 2054 3464 2124 qui

1867 2143 2048 2195 adhuc
2076 2141 2133 2194 in
2165 2158 2352 2193 errore
2384 2146 2517 2194 sunt
2536 2139 2748 2211 positi?
2777 2142 2893 2194 Nos
2923 2158 3051 2195 vero
3079 2141 3317 2196 dicimus
3344 2158 3465 2195 esse

1868 2232 2110 2301 primum
2134 2249 2327 2283 omnes
2340 2230 2595 2283 homines
2615 2236 2820 2283 natura
2840 2230 2982 2282 ﬁlios
3002 2230 3118 2297 irae,
3142 2230 3227 2283 vel
3236 2235 3466 2301 propter

1867 2338 2066 2390 corpus
2105 2319 2440 2373 humilitatis
2495 2336 2807 2389 corpusque
2856 2318 3072 2384 mortis,
3106 2323 3164 2371 et
3193 2319 3342 2389 quod
3395 2318 3466 2373 ab

1868 2409 2241 2462 adolescentia
2286 2426 2388 2461 sua
2420 2424 2578 2460 mens
2628 2406 2921 2460 hominum
2957 2407 3215 2477 apposita
3269 2405 3345 2460 sit
3392 2407 3463 2461 ad

1868 2498 2161 2551 malitiam.
2198 2498 2355 2550 Unde
2378 2502 2435 2549 et
2463 2497 2727 2549 Salomon
2755 2499 2837 2548 ait
2869 2515 2879 2548 :
2916 2497 3036 2550 Non
3075 2500 3149 2549 cst
3179 2497 3367 2564 justus
3401 2498 3465 2549 in

1871 2594 2021 2641 terra
2038 2589 2136 2655 qui
2154 2589 2324 2653 faciat
2348 2588 2547 2639 bonum
2575 2590 2621 2637 ct
2647 2602 2756 2638 non
2773 2589 2945 2653 peccet
2988 2585 3173 2645 (Eccli.
3218 2586 3311 2649 vn)
3335 2603 3348 2651 ;
3380 2584 3465 2639 vel

1870 2677 2017 2748 quod
2060 2694 2124 2729 eo
2167 2682 2439 2745 tempore,
2472 2692 2580 2745 quo
2612 2690 2910 2743 possumus
2957 2672 3165 2727 habere
3206 2672 3467 2728 notitiam

1866 2766 1967 2820 Dei
1998 2771 2055 2819 et
2069 2766 2137 2818 ad
2159 2764 2512 2835 pubertatem
2528 2763 2800 2827 venimus,
2831 2779 3025 2816 omnes
3047 2768 3145 2815 aut
3161 2778 3348 2833 opere,
3368 2768 3467 2817 aut

1868 2855 2202 2923 cogitatione
2232 2870 2544 2924 peccemus.
2563 2853 2797 2905 Eramus
2818 2851 2992 2921 igitur
3004 2856 3210 2905 natura
3224 2851 3325 2909 ﬁlii
3346 2851 3461 2919 irae,

1868 2946 2013 2997 sicut
2041 2949 2098 2997 et
2111 2944 2295 2997 caeteri
2316 2949 2372 2995 et
2392 2959 2585 2996 omnes
2612 2941 2811 3007 sancti,
2838 2941 2934 3012 qui
2962 2940 3031 2995 ab
3056 2941 3142 2994 ira
3177 2940 3466 3011 sanguinis

1868 3034 2078 3088 Christi
2109 3032 2383 3102 redempti
2414 3036 2563 3084 sunt.
2610 3031 2666 3083 Si
2708 3030 2859 3084 enim
2904 3030 3132 3096 Paulus,
3166 3029 3262 3101 qui
3303 3030 3466 3099 juxta

189 3138 282 3184 tur,
310 3127 370 3178 ﬁt
400 3133 619 3178 natura
651 3126 765 3183 iraa.
801 3125 854 3177 id
887 3132 989 3187 est,
1024 3142 1144 3194 qua}
1196 3125 1393 3177 ultioni
1438 3124 1784 3193 subjicienda
1808 3136 1849 3194 ί]
1866 3123 2146 3193 justitiam
2159 3122 2492 3192 quzeinlege
2513 3120 2634 3183 fuit,
2652 3118 3219 3190 irreprehensibiliter
3238 3123 3325 3173 est
3339 3135 3467 3173 con-

189 3215 265 3269 sit.
299 3216 628 3279 immutata,
662 3231 775 3267 non
808 3213 1139 3267 substantia.
1175 3214 1268 3265 sed
1298 3214 1447 3266 mala
1477 3214 1779 3267 voluntate.

192 3305 287 3356 Hoc
320 3306 471 3357 enim
506 3305 823 3373 deputatur
858 3312 1091 3367 natura),
1131 3304 1276 3372 quod
1317 3302 1589 3371 sequitur.
1628 3303 1784 3357 Unde

187 3395 325 3447 aitin
356 3395 505 3448 Isaia
534 3414 545 3445 :
579 3394 773 3445 Semen
804 3396 1095 3459 pessimum
1136 3393 1263 3455 (13a.
1304 3402 1355 3447 ι),
1410 3398 1465 3444 et
1509 3410 1680 3462 quare
1711 3392 1785 3445 sit.

188 3501 356 3537 semen
387 3484 732 3555 pessimum,
770 3481 1005 3549 subjecit
1039 3500 1047 3532 :
1076 3483 1389 3550 Reliquistis
1421 3484 1569 3535 enim
1595 3484 1780 3535 Domi-

188 3589 323 3637 num,
350 3575 451 3638 ait,
480 3581 531 3625 et
550 3574 995 3625 adiracumlimu
1020 3574 1557 3624 iucilastissanctum
1588 3574 1776 3635 Israel,

185 3674 231 3714 ut
257 3669 456 3715 natum
488 3679 622 3732 quae
654 3660 863 3712 deserit
892 3661 1089 3723 Deum,
1116 3676 1308 3712 semen
1339 3659 1645 3729 pessimum
1694 3661 1781 3712 di-

186 3760 341 3804 catur.
390 3753 762 3820 Degenerare
808 3750 955 3802 enim
1004 3757 1087 3801 est
1123 3748 1191 3801 ab
1237 3756 1466 3801 auctore
1498 3750 1776 3814 recedere,

186 3850 230 3891 et
254 3859 373 3893 cum
404 3842 631 3893 malum
654 3840 971 3909 exemplum
991 3838 1203 3891 czeteris
1225 3837 1452 3907 prtebet,
1474 3839 1683 3890 malum
1697 3843 1782 3890 est

186 3948 353 3983 semen
388 3950 398 3982 :
435 3931 664 3982 fructus
690 3929 840 3980 enim
874 3928 1143 3997 pessimos
1171 3927 1321 3991 facit,
1357 3927 1402 3979 si
1434 3944 1560 3979 vero
1591 3928 1780 3980 redeat

185 4020 237 4069 ad
253 4028 564 4084 auctorem,
594 4018 739 4070 bona
752 4017 857 4069 erit
878 4025 1076 4070 natura
1099 4016 1403 4069 secundum
1428 4017 1775 4085 Apostolum,

187 4110 265 4177 qui
294 4111 561 4162 immutat
576 4126 658 4161 us.
695 4108 827 4159 dum
864 4106 1115 4174 agnoscit
1136 4112 1445 4157 creatorem
1468 4122 1650 4169 suum,
1687 4123 1781 4158 vas

186 4198 454 4251 electionis
501 4197 847 4267 appellatur.
893 4195 1390 4263 (llicrﬁLSUpz‘rius
1433 4194 1600 4250 enim.
1653 4194 1781 4263 quia

187 4286 278 4339 duo
308 4288 527 4357 pariter
558 4292 845 4355 posuerat,
880 4291 925 4336 et
962 4302 1066 4336 ros.
1089 4302 1209 4336 cun:
1236 4287 1413 4336 L’Ssvlis
1450 4286 1660 4335 mortui
1690 4285 1781 4334 dr-

186 4378 310 4427 lirtis
344 4383 388 4427 ρ’
419 4378 662 4443 peccatis
694 4377 901 4436 restris,
938 4381 993 4425 et
1022 4373 1089 4424 ad
1124 4379 1351 4442 peccata
1396 4374 1663 4424 retulerat
1693 4372 1779 4424 di-

1868 3219 2139 3277 versatus,
2195 3212 2328 3263 dicit
2383 3229 2440 3263 se
2498 3215 2699 3262 natura
2755 3209 2925 3262 fuisse
2946 3208 3127 3262 ﬁlium
3179 3207 3320 3262 iraa:
3360 3223 3466 3269 ,cur

1869 3302 2170 3354 timeamus
2202 3301 2374 3353 etiam
2404 3305 2552 3351 retro
2582 3306 2803 3352 sanctos
2826 3297 2970 3351 viros
3010 3297 3155 3351 ﬁlios
3176 3296 3273 3351 irae
3292 3296 3465 3351 fuisse

1868 3391 2096 3444 testari?
2128 3391 2194 3443 de
2214 3389 2413 3459 quibus
2447 3387 2706 3442 omnibus
2726 3404 2853 3440 vere
2894 3386 3003 3440 dici
3023 3386 3229 3457 possit:
3259 3404 3286 3439 α
3320 3386 3462 3441 Cum

1865 3486 2053 3533 autem
2082 3486 2236 3533 venit
2254 3479 2603 3541 mandatum,
2628 3481 2920 3547 peccatum
2958 3474 3174 3541 revixit,
3207 3474 3316 3546 ipsi
3333 3491 3464 3530 vero

1865 3569 2070 3621 mortui
2092 3575 2255 3633 sunt;
2287 3588 2312 3619 »
2338 3568 2481 3620 ﬁlios
2509 3573 2698 3619 autem
2727 3566 2822 3618 ira}
2862 3565 2939 3617 sic
2964 3563 3370 3635 accipiendum,
3403 3570 3468 3619 ut

1866 3659 2008 3711 ﬁlios
2037 3657 2386 3727 perditionis,
2412 3656 2551 3709 ﬁlios
2579 3653 2907 3725 iniquitatis,
2942 3653 3086 3706 ﬁlios
3100 3651 3324 3705 mortis:
3350 3668 3463 3707 non

1866 3748 2013 3818 quod
2036 3746 2223 3815 aliqua
2256 3745 2357 3810 ira,
2375 3762 2543 3807 mors,
2578 3743 2847 3812 iniquitas
2866 3750 2922 3796 et
2942 3741 3183 3812 perditio
3196 3739 3464 3796 subsistat

1865 3844 2068 3889 natura
2091 3852 2211 3901 sua,
2239 3852 2359 3904 qua:
2376 3834 2520 3885 ﬁlios
2539 3832 2761 3897 habeat,
2785 3831 2881 3883 sed
2904 3829 3053 3900 quod
3073 3829 3174 3882 ﬁlii
3204 3829 3466 3884 dicantur

1864 3927 1983 3995 ejus
1997 3925 2225 3994 rei,quae
2242 3922 2568 3992 opereturin
2581 3919 2987 3990 singulis,sicut
2998 3918 3096 3971 ﬁlii
3107 3917 3464 3988 appellantur

1861 4013 2252 4083 geliennm,qui
2267 4012 2537 4081 gehennae
2549 4009 2770 4079 ignibus
2781 4006 3146 4062 consumendi
3162 4012 3312 4060 sunt:
3322 4006 3460 4061 alias

1864 4090 2006 4156 ﬁlios
2030 4103 2124 4155 ira:
2144 4102 2219 4154 sic
2243 4108 2463 4155 vocatos
2485 4106 2736 4171 putatur,
2756 4105 2819 4152 ut
2837 4098 2981 4152 ﬁlios
3003 4096 3228 4151 diaboli.
3253 4095 3461 4151 Diabo-

1866 4192 2113 4245 lusenim
2135 4191 2373 4261 perditio
2396 4197 2498 4256 est,
2515 4189 2683 4253 etira,
2701 4193 2935 4254 etmors,
2966 4186 3291 4241 «devoravit
3311 4202 3461 4241 mors

1866 4283 2208 4335 invalescens
2235 4300 2246 4343 ;
2279 4304 2298 4331 υ
2326 4286 2382 4333 et
2406 4300 2415 4333 :
2445 4300 2468 4327 «
2493 4278 2828 4333 novissimus
2858 4277 3120 4331 inimicus
3143 4276 3464 4330 destruetur

1861 4388 2030 4425 mors.
2048 4391 2066 4421 θ
2093 4377 2149 4423 et
2167 4371 2235 4423 ad
2258 4371 2441 4440 ipsum
2463 4368 2776 4422 diabolum:
2804 4365 3086 4436 «perditio
3107 4365 3356 4417 factuses
3381 4382 3391 4415 :
3432 4384 3456 4413 »

184 4480 319 4515 rens:
338 4470 393 4516 in
420 4467 631 4533 quibus
654 4464 959 4530 aliqua/nlo
973 4480 1060 4513 um
1074 4464 1317 4525 ’mlaxtis,
1341 4463 1407 4513 ad
1433 4462 1634 4514 delicta
1649 4478 1776 4514 vero
1795 4482 1843 4538 Ι)
1862 4460 2059 4519 factus,
2076 4458 2512 4532 inquit.propria
2526 4458 2951 4519 voluntate,non
2965 4452 3208 4506 abinitio
3219 4452 3297 4505 sic
3309 4468 3461 4505 crea-

183 4554 301 4605 nihil
344 4555 457 4606 tale
521 4553 819 4605 videbatur
865 4558 1119 4603 secutum
1152 4552 1295 4620 quod
1334 4567 1559 4603 sensum
1591 4557 1779 4619 posset

184 4643 400 4711 explere,
437 4660 594 4696 nunc
628 4642 709 4694 ait
742 4659 752 4692 :
801 4644 855 4691 in
898 4643 1096 4707 quibus
1134 4642 1343 4693 delictis
1382 4644 1426 4691 et
1470 4658 1565 4692 nos
1594 4657 1776 4692 onmcs

183 4736 705 4793 mut‘crsalisumus,
732 4730 1029 4798 simulque,
1068 4746 1135 4781 ne
1158 4728 1212 4781 in
1245 4746 1308 4781 eo
1332 4729 1475 4798 quod
1510 4730 1725 4781 dixerat
1758 4748 1768 4781 :

185 4826 223 4869 εἰ
244 4825 469 4887 precatu:
506 4823 701 4872 vestris
733 4821 793 4871 in.
827 4821 1026 4886 quibus
1055 4823 1099 4870 cl
1134 4836 1228 4869 nos
1260 4835 1441 4869 munus
1470 4821 1776 4870 conrcrsati

190 4926 281 4961 sum
292 4928 368 4974 us,
397 4928 458 4961 se
469 4927 577 4979 per
588 4908 910 4978 superbiam
923 4925 955 4959 a
970 4912 1192 4977 peccato
1206 4906 1489 4959 videretur
1500 4906 1769 4975 excipere,

187 5000 445 5067 adjunxit:
479 5000 819 5066 [liqui/uiset
838 5013 1123 5049 aesomnes
1137 4995 1775 5058 courcrsatisumus.Qui

187 5094 347 5141 autem
361 5106 465 5141 con
478 5094 765 5139 versatum
779 5103 836 5137 se
850 5102 969 5137 esse
980 5084 1115 5137 dicit
1129 5085 1158 5136 (Ι
1169 5103 1196 5135 e
1222 5084 1520 5153 pra-teritis
1533 5085 1769 5145 delictis,

189 5182 231 5226 et
251 5194 353 5229 non
372 5178 443 5229 de
462 5175 839 5247 praisentibus
859 5176 1158 5226 conﬁtetur
1182 5193 1191 5224 :
1220 5177 1540 5237 concor-sati,
1572 5174 1769 5243 inquit,

391 5267 729 5333 aliquando,
766 5280 873 5316 non
906 5264 963 5315 in
986 5279 1095 5315 uno
1119 5262 1413 5328 desiderio,
1437 5263 1533 5315 sed
1554 5266 1615 5315 in
1640 5264 1774 5314 (tesi-

192 5354 334 5404 drrii:
360 5358 558 5406 ""rm's
583 5359 776 5405 nostra"
797 5372 811 5405 :
835 5370 962 5405 caro
982 5351 1186 5421 quippe
1210 5351 1492 5404 desiderat.
1509 5352 1773 5404 adversus

194 5441 449 5510 spiritum.
487 5449 547 5494 et
583 5442 812 5512 spiritus
851 5442 1115 5493 adversus
1143 5457 1367 5493 carnem
1400 5442 1543 5507 (Gal.
1586 5440 1660 5503 vi,
1700 5439 1775 5492 fa-

193 5532 377 5585 cientes
408 5550 523 5585 non
556 5549 723 5583 ’νυξτςξη
750 5532 1089 5584 voluntatem
1121 5530 1321 5595 carnis,
1354 5530 1452 5582 sed
1484 5531 1691 5600 plures,
1725 5535 1781 5581 et

197 5634 285 5671 non
297 5622 478 5675 solum
490 5621 811 5674 voluntates
823 5619 1025 5683 carnis,
1052 5619 1145 5671 sed
1170 5619 1341 5671 etiam
1370 5618 1660 5681 mentium,
1680 5636 1778 5687 pro

191 5280 271 5315 “’1;
298 5284 353 5293 “’³

1861 4556 1951 4603 tus
1961 4591 1970 4601 .
1980 4550 2269 4612 Quomodo
2286 4549 2456 4617 igitur
2468 4564 2617 4599 mors
2628 4545 2923 4608 dicitur,eo
2936 4541 3083 4612 quod
3100 4542 3317 4593 invidia
3332 4541 3459 4593 dia-

1863 4641 1970 4692 boli
1994 4656 2138 4691 mors
2155 4640 2386 4690 intrarit
2399 4641 2457 4688 in
2474 4637 2653 4687 orbem
2683 4639 2966 4685 terrarum
2996 4630 3145 4697 (Sap.
3163 4632 3242 4697 II),
3273 4634 3331 4682 et
3358 4645 3460 4699 per

1859 4729 2019 4780 illum
2036 4732 2171 4780 sunt
2190 4726 2415 4789 mortui,
2434 4723 2527 4794 qui
2541 4728 2670 4774 ante
2683 4719 2957 4784 vivebant,
2973 4724 3030 4771 et
3041 4716 3457 4788 perditio,quod

1860 4817 2055 4886 perdat
2085 4830 2445 4885 quoscunque
2472 4809 2754 4879 deceperit
2776 4826 2789 4862 :
2815 4809 2893 4862 sic
2915 4814 2972 4862 et
2995 4808 3082 4861 ira.
3108 4806 3314 4861 dicitur
3334 4823 3458 4878 pro-

1859 4912 1983 4975 pter
2034 4922 2158 4957 eam
2206 4920 2375 4973 quam
2417 4905 2636 4953 exercet
2681 4899 2947 4952 adversus
2978 4897 3232 4951 homines
3272 4894 3457 4950 ferita-

1859 5001 1994 5047 tem.

1930 5084 2069 5135 Deus
2092 5087 2273 5133 autem
2309 5082 2408 5147 qui
2435 5081 2578 5131 dives
2608 5083 2682 5130 est
2712 5080 2773 5129 in.
2817 5076 3195 5130 misericordia
3233 5079 3457 5141 propter

1861 5175 2093 5225 nimiam
2128 5171 2455 5223 rharitatmn
2487 5183 2666 5232 smmi,
2697 5182 2805 5235 qua
2836 5168 3029 5219 dilexit
3070 5180 3183 5228 nos,
3226 5166 3276 5214 et
3330 5177 3457 5214 cum

1857 5278 2017 5314 csscm
2029 5277 2088 5311 us
2122 5261 2329 5312 mortui
2354 5260 2586 5325 peccatis
2614 5259 2956 5323 conriﬁcavit
3002 5268 3096 5306 nos
3126 5255 3188 5304 in
3216 5251 3450 5307 Christo.

1860 5349 2096 5417 (Ambr.)
2131 5349 2227 5402 Hae
2255 5364 2396 5401 vel-2e
2426 5346 2630 5400 divitiae
2657 5350 2790 5399 sunt
2817 5339 3349 5405 misericordiarum,
3394 5345 3459 5393 ut

1860 5457 1968 5493 non
2011 5436 2388 5508 quaerentibus
2444 5436 2589 5489 ultro
2639 5432 3023 5488 misericordia
3070 5434 3452 5501 praestaretur,

1862 5529 2006 5581 sicut
2025 5527 2161 5579 dicit
2180 5525 2380 5579 Isaias:
2406 5527 2598 5578 Palam
2616 5525 2795 5591 factus
2817 5538 2942 5575 sum
2960 5537 3070 5573 non.
3088 5518 3456 5589 quaerentibus

1866 5636 1945 5670 mc
1980 5637 1993 5670 :
2018 5617 2121 5668 hoc
2147 5620 2232 5668 est
2263 5614 2409 5667 enim
2435 5613 2720 5668 abundare
2752 5607 3153 5673 misericordia,
3186 5611 3316 5660 utet
3343 5620 3454 5656 non
