  <div class='ocr_page' id='page_1' title='image "/cluster/home/n/w/nwhite01/storage/ocr_20150623/112/hvd.32044054759774/207.png"; bbox 0 0 3892 6158; ppageno 0'>
   <div class='ocr_carea' id='block_1_1' title="bbox 451 281 3668 366">
    <p class='ocr_par' dir='ltr' id='par_1_1' title="bbox 451 281 3668 366">
     <span class='ocr_line' id='line_1_1' title="bbox 451 281 3668 366; baseline -0.002 -4"><span class='ocrx_word' id='word_1_1' title='bbox 451 306 552 362; x_wconf 69' lang='lat'>403</span> <span class='ocrx_word' id='word_1_2' title='bbox 1039 304 1100 359; x_wconf 86' lang='grc' dir='ltr'>Β.</span> <span class='ocrx_word' id='word_1_3' title='bbox 1142 302 1414 358; x_wconf 80' lang='lat' dir='ltr'>RABANI</span> <span class='ocrx_word' id='word_1_4' title='bbox 1459 301 1691 359; x_wconf 70' lang='lat' dir='ltr'>MAURI</span> <span class='ocrx_word' id='word_1_5' title='bbox 1731 281 2068 358; x_wconf 58' lang='lat' dir='ltr'>ARCHIEP.</span> <span class='ocrx_word' id='word_1_6' title='bbox 2109 302 2432 358; x_wconf 82' lang='lat' dir='ltr'>MOGUNT.</span> <span class='ocrx_word' id='word_1_7' title='bbox 2477 298 2776 357; x_wconf 72' lang='lat' dir='ltr'>DPERUH</span> <span class='ocrx_word' id='word_1_8' title='bbox 2813 297 2998 354; x_wconf 75' lang='lat' dir='ltr'>PARS</span> <span class='ocrx_word' id='word_1_9' title='bbox 3034 299 3132 355; x_wconf 79' lang='grc' dir='ltr'>ΠΙ.</span> <span class='ocrx_word' id='word_1_10' title='bbox 3425 301 3436 314; x_wconf 83' lang='lat'><strong><em>&#39;</em></strong></span> <span class='ocrx_word' id='word_1_11' title='bbox 3579 311 3668 366; x_wconf 69' lang='grc'>404</span> 
     </span>
    </p>
   </div>
   <div class='ocr_carea' id='block_1_2' title="bbox 447 428 3668 505">
    <p class='ocr_par' dir='ltr' id='par_1_2' title="bbox 447 428 3668 505">
     <span class='ocr_line' id='line_1_2' title="bbox 447 428 3668 505; baseline 0 -17"><span class='ocrx_word' id='word_1_12' title='bbox 447 433 860 505; x_wconf 78' lang='lat' dir='ltr'>postulantibus</span> <span class='ocrx_word' id='word_1_13' title='bbox 887 432 1196 486; x_wconf 71' lang='lat' dir='ltr'>tribuatur:</span> <span class='ocrx_word' id='word_1_14' title='bbox 1219 429 1337 482; x_wconf 63' lang='lat' dir='ltr'>haec</span> <span class='ocrx_word' id='word_1_15' title='bbox 1356 433 1545 483; x_wconf 88' lang='lat' dir='ltr'>tamen</span> <span class='ocrx_word' id='word_1_16' title='bbox 1567 429 1811 483; x_wconf 86' lang='lat' dir='ltr'>charitas</span> <span class='ocrx_word' id='word_1_17' title='bbox 1831 429 1930 483; x_wconf 85' lang='lat' dir='ltr'>Dei</span> <span class='ocrx_word' id='word_1_18' title='bbox 1954 435 2039 484; x_wconf 89' lang='lat' dir='ltr'>est</span> <span class='ocrx_word' id='word_1_19' title='bbox 2055 433 2100 488; x_wconf 85' lang='lat' dir='ltr'><strong>A</strong></span> <span class='ocrx_word' id='word_1_20' title='bbox 2122 447 2232 484; x_wconf 90' lang='lat' dir='ltr'>non</span> <span class='ocrx_word' id='word_1_21' title='bbox 2251 430 2579 484; x_wconf 74' lang='lat' dir='ltr'>deliberavit</span> <span class='ocrx_word' id='word_1_22' title='bbox 2599 429 2807 494; x_wconf 81' lang='lat' dir='ltr'>dicere,</span> <span class='ocrx_word' id='word_1_23' title='bbox 2817 428 2934 498; x_wconf 88' lang='lat' dir='ltr'>jam</span> <span class='ocrx_word' id='word_1_24' title='bbox 2948 431 3167 481; x_wconf 80' lang='lat' dir='ltr'>sanctos</span> <span class='ocrx_word' id='word_1_25' title='bbox 3183 431 3366 483; x_wconf 85' lang='lat' dir='ltr'>sedere</span> <span class='ocrx_word' id='word_1_26' title='bbox 3390 439 3442 484; x_wconf 88' lang='lat' dir='ltr'>et</span> <span class='ocrx_word' id='word_1_27' title='bbox 3459 447 3668 501; x_wconf 80' lang='lat' dir='ltr'>regnare</span> 
     </span>
    </p>
   </div>
   <div class='ocr_carea' id='block_1_3' title="bbox 449 517 3669 594">
    <p class='ocr_par' dir='ltr' id='par_1_3' title="bbox 449 517 3669 594">
     <span class='ocr_line' id='line_1_3' title="bbox 449 517 3669 594; baseline -0.001 -16"><span class='ocrx_word' id='word_1_28' title='bbox 449 539 584 594; x_wconf 82' lang='lat' dir='ltr'>erga</span> <span class='ocrx_word' id='word_1_29' title='bbox 614 537 734 586; x_wconf 88' lang='lat' dir='ltr'>nos,</span> <span class='ocrx_word' id='word_1_30' title='bbox 755 529 819 576; x_wconf 91' lang='lat' dir='ltr'>ut</span> <span class='ocrx_word' id='word_1_31' title='bbox 839 519 1114 592; x_wconf 76' lang='lat' dir='ltr'>quiafecit</span> <span class='ocrx_word' id='word_1_32' title='bbox 1131 535 1252 583; x_wconf 87' lang='lat' dir='ltr'>nos,</span> <span class='ocrx_word' id='word_1_33' title='bbox 1275 518 1418 572; x_wconf 84' lang='lat' dir='ltr'>nolit</span> <span class='ocrx_word' id='word_1_34' title='bbox 1437 518 1620 588; x_wconf 89' lang='lat' dir='ltr'>perire</span> <span class='ocrx_word' id='word_1_35' title='bbox 1646 535 1748 573; x_wconf 89' lang='lat' dir='ltr'>nos</span> <span class='ocrx_word' id='word_1_36' title='bbox 1798 537 1808 571; x_wconf 89' lang='lat'>:</span> <span class='ocrx_word' id='word_1_37' title='bbox 1859 519 2046 588; x_wconf 79' lang='lat' dir='ltr'>diligit</span> <span class='ocrx_word' id='word_1_38' title='bbox 2124 536 2249 573; x_wconf 90' lang='lat' dir='ltr'>cum</span> <span class='ocrx_word' id='word_1_39' title='bbox 2279 521 2518 574; x_wconf 77' lang='lat' dir='ltr'>Christo.</span> <span class='ocrx_word' id='word_1_40' title='bbox 2551 519 2842 582; x_wconf 80' lang='lat' dir='ltr'>Quomodo</span> <span class='ocrx_word' id='word_1_41' title='bbox 2873 517 3023 572; x_wconf 90' lang='lat' dir='ltr'>enim</span> <span class='ocrx_word' id='word_1_42' title='bbox 3071 531 3412 588; x_wconf 82' lang='lat' dir='ltr'>nequaquam</span> <span class='ocrx_word' id='word_1_43' title='bbox 3442 520 3495 573; x_wconf 90' lang='lat' dir='ltr'>in</span> <span class='ocrx_word' id='word_1_44' title='bbox 3526 538 3669 575; x_wconf 88' lang='lat' dir='ltr'>carne</span> 
     </span>
    </p>
   </div>
   <div class='ocr_carea' id='block_1_4' title="bbox 449 605 3672 682">
    <p class='ocr_par' dir='ltr' id='par_1_4' title="bbox 449 605 3672 682">
     <span class='ocr_line' id='line_1_4' title="bbox 449 605 3672 682; baseline -0.001 -16"><span class='ocrx_word' id='word_1_45' title='bbox 449 613 600 668; x_wconf 87' lang='lat' dir='ltr'>enim</span> <span class='ocrx_word' id='word_1_46' title='bbox 627 627 765 682; x_wconf 84' lang='lat' dir='ltr'>opus</span> <span class='ocrx_word' id='word_1_47' title='bbox 795 627 981 665; x_wconf 89' lang='lat' dir='ltr'>suum.</span> <span class='ocrx_word' id='word_1_48' title='bbox 1017 608 1147 664; x_wconf 87' lang='lat' dir='ltr'>Ideo</span> <span class='ocrx_word' id='word_1_49' title='bbox 1185 607 1336 662; x_wconf 89' lang='lat' dir='ltr'>enim</span> <span class='ocrx_word' id='word_1_50' title='bbox 1371 607 1521 664; x_wconf 87' lang='lat' dir='ltr'>facit.</span> <span class='ocrx_word' id='word_1_51' title='bbox 1561 613 1621 661; x_wconf 88' lang='lat' dir='ltr'>ut</span> <span class='ocrx_word' id='word_1_52' title='bbox 1651 614 1868 662; x_wconf 85' lang='lat' dir='ltr'>amaret</span> <span class='ocrx_word' id='word_1_53' title='bbox 1895 609 2044 679; x_wconf 87' lang='lat' dir='ltr'>quod</span> <span class='ocrx_word' id='word_1_54' title='bbox 2125 614 2350 662; x_wconf 80' lang='lat' dir='ltr'>sanctus</span> <span class='ocrx_word' id='word_1_55' title='bbox 2379 616 2480 671; x_wconf 87' lang='lat' dir='ltr'>est,</span> <span class='ocrx_word' id='word_1_56' title='bbox 2506 625 2630 661; x_wconf 87' lang='lat' dir='ltr'>cum</span> <span class='ocrx_word' id='word_1_57' title='bbox 2663 605 2811 660; x_wconf 83' lang='lat' dir='ltr'>vivat</span> <span class='ocrx_word' id='word_1_58' title='bbox 2840 607 2898 660; x_wconf 91' lang='lat' dir='ltr'>in</span> <span class='ocrx_word' id='word_1_59' title='bbox 2929 620 3113 672; x_wconf 86' lang='lat' dir='ltr'>carne,</span> <span class='ocrx_word' id='word_1_60' title='bbox 3147 613 3203 659; x_wconf 88' lang='lat' dir='ltr'>et</span> <span class='ocrx_word' id='word_1_61' title='bbox 3231 607 3392 668; x_wconf 81' lang='lat' dir='ltr'>habet</span> <span class='ocrx_word' id='word_1_62' title='bbox 3417 624 3672 663; x_wconf 84' lang='lat' dir='ltr'>conversa-</span> 
     </span>
    </p>
   </div>
   <div class='ocr_carea' id='block_1_5' title="bbox 446 693 3672 766">
    <p class='ocr_par' dir='ltr' id='par_1_5' title="bbox 446 693 3672 766">
     <span class='ocr_line' id='line_1_5' title="bbox 446 693 3672 766; baseline -0.001 -12"><span class='ocrx_word' id='word_1_63' title='bbox 446 701 611 754; x_wconf 86' lang='lat' dir='ltr'>fecit:</span> <span class='ocrx_word' id='word_1_64' title='bbox 641 700 808 754; x_wconf 82' lang='lat' dir='ltr'>nemo</span> <span class='ocrx_word' id='word_1_65' title='bbox 827 699 976 753; x_wconf 88' lang='lat' dir='ltr'>enim</span> <span class='ocrx_word' id='word_1_66' title='bbox 1008 697 1255 752; x_wconf 79' lang='lat' dir='ltr'>laborem</span> <span class='ocrx_word' id='word_1_67' title='bbox 1270 713 1432 754; x_wconf 89' lang='lat' dir='ltr'>suum</span> <span class='ocrx_word' id='word_1_68' title='bbox 1452 697 1578 750; x_wconf 89' lang='lat' dir='ltr'>odio</span> <span class='ocrx_word' id='word_1_69' title='bbox 1607 697 1792 751; x_wconf 81' lang='lat' dir='ltr'>habet.</span> <span class='ocrx_word' id='word_1_70' title='bbox 1824 699 1889 751; x_wconf 85' lang='lat' dir='ltr'>Et</span> <span class='ocrx_word' id='word_1_71' title='bbox 1917 715 2043 752; x_wconf 85' lang='lat' dir='ltr'>cum</span> <span class='ocrx_word' id='word_1_72' title='bbox 2123 695 2335 751; x_wconf 81' lang='lat' dir='ltr'>tionem</span> <span class='ocrx_word' id='word_1_73' title='bbox 2355 697 2410 750; x_wconf 90' lang='lat' dir='ltr'>in</span> <span class='ocrx_word' id='word_1_74' title='bbox 2433 697 2768 759; x_wconf 70' lang='lat' dir='ltr'>ctelestibus,</span> <span class='ocrx_word' id='word_1_75' title='bbox 2793 711 2920 750; x_wconf 90' lang='lat' dir='ltr'>cum</span> <span class='ocrx_word' id='word_1_76' title='bbox 2935 695 3224 766; x_wconf 77' lang='lat' dir='ltr'>gradiatur</span> <span class='ocrx_word' id='word_1_77' title='bbox 3240 693 3296 748; x_wconf 91' lang='lat' dir='ltr'>in</span> <span class='ocrx_word' id='word_1_78' title='bbox 3316 699 3472 761; x_wconf 84' lang='lat' dir='ltr'>terra,</span> <span class='ocrx_word' id='word_1_79' title='bbox 3498 702 3550 750; x_wconf 87' lang='lat' dir='ltr'>et</span> <span class='ocrx_word' id='word_1_80' title='bbox 3561 713 3672 751; x_wconf 86' lang='lat' dir='ltr'>caro</span> 
     </span>
    </p>
   </div>
   <div class='ocr_carea' id='block_1_6' title="bbox 445 783 3672 854">
    <p class='ocr_par' dir='ltr' id='par_1_6' title="bbox 445 783 3672 854">
     <span class='ocr_line' id='line_1_6' title="bbox 445 783 3672 854; baseline -0.002 -10"><span class='ocrx_word' id='word_1_81' title='bbox 445 791 660 844; x_wconf 81' lang='lat' dir='ltr'>mortui</span> <span class='ocrx_word' id='word_1_82' title='bbox 685 803 915 843; x_wconf 75' lang='lat' dir='ltr'>essemus</span> <span class='ocrx_word' id='word_1_83' title='bbox 945 789 1344 854; x_wconf 63' lang='lat' dir='ltr'>costiiiviﬁcavit</span> <span class='ocrx_word' id='word_1_84' title='bbox 1362 802 1456 840; x_wconf 78' lang='lat' dir='ltr'>nos</span> <span class='ocrx_word' id='word_1_85' title='bbox 1487 789 1548 839; x_wconf 92' lang='lat' dir='ltr'>in</span> <span class='ocrx_word' id='word_1_86' title='bbox 1583 788 1810 840; x_wconf 69' lang='lat' dir='ltr'>Christo.</span> <span class='ocrx_word' id='word_1_87' title='bbox 1848 787 2039 854; x_wconf 62' lang='lat' dir='ltr'>(Ilion)</span> <span class='ocrx_word' id='word_1_88' title='bbox 2125 801 2245 840; x_wconf 90' lang='lat' dir='ltr'>esse</span> <span class='ocrx_word' id='word_1_89' title='bbox 2257 787 2548 852; x_wconf 89' lang='lat' dir='ltr'>desistens,</span> <span class='ocrx_word' id='word_1_90' title='bbox 2587 793 2740 840; x_wconf 88' lang='lat' dir='ltr'>totus</span> <span class='ocrx_word' id='word_1_91' title='bbox 2769 791 3022 838; x_wconf 82' lang='lat' dir='ltr'>vertatur</span> <span class='ocrx_word' id='word_1_92' title='bbox 3049 784 3107 837; x_wconf 86' lang='lat' dir='ltr'>in</span> <span class='ocrx_word' id='word_1_93' title='bbox 3136 783 3388 854; x_wconf 83' lang='lat' dir='ltr'>spiritum</span> <span class='ocrx_word' id='word_1_94' title='bbox 3419 803 3430 836; x_wconf 91' lang='lat'>:</span> <span class='ocrx_word' id='word_1_95' title='bbox 3461 786 3536 838; x_wconf 82' lang='lat' dir='ltr'>ita</span> <span class='ocrx_word' id='word_1_96' title='bbox 3562 801 3672 838; x_wconf 90' lang='lat' dir='ltr'>eum</span> 
     </span>
    </p>
   </div>
   <div class='ocr_carea' id='block_1_7' title="bbox 445 873 3674 950">
    <p class='ocr_par' dir='ltr' id='par_1_7' title="bbox 445 873 3674 950">
     <span class='ocr_line' id='line_1_7' title="bbox 445 873 3674 950; baseline -0.002 -18"><span class='ocrx_word' id='word_1_97' title='bbox 445 884 674 950; x_wconf 81' lang='lat' dir='ltr'>propter</span> <span class='ocrx_word' id='word_1_98' title='bbox 693 878 1025 936; x_wconf 84' lang='lat' dir='ltr'>charitatem</span> <span class='ocrx_word' id='word_1_99' title='bbox 1038 875 1198 930; x_wconf 85' lang='lat' dir='ltr'>suam</span> <span class='ocrx_word' id='word_1_100' title='bbox 1217 875 2038 946; x_wconf 81' lang='lat' dir='ltr'>quadilexithominumgenus,</span> <span class='ocrx_word' id='word_1_101' title='bbox 2123 875 2182 928; x_wconf 88' lang='lat' dir='ltr'>in</span> <span class='ocrx_word' id='word_1_102' title='bbox 2211 876 2526 930; x_wconf 79' lang='lat' dir='ltr'>ccelestibus</span> <span class='ocrx_word' id='word_1_103' title='bbox 2555 876 2752 929; x_wconf 89' lang='lat' dir='ltr'>sedere</span> <span class='ocrx_word' id='word_1_104' title='bbox 2777 890 2905 928; x_wconf 89' lang='lat' dir='ltr'>cum</span> <span class='ocrx_word' id='word_1_105' title='bbox 2935 873 3178 928; x_wconf 85' lang='lat' dir='ltr'>Christo.</span> <span class='ocrx_word' id='word_1_106' title='bbox 3223 874 3467 942; x_wconf 82' lang='lat' dir='ltr'>Regnum</span> <span class='ocrx_word' id='word_1_107' title='bbox 3495 875 3674 944; x_wconf 86' lang='lat' dir='ltr'>quippe</span> 
     </span>
    </p>
   </div>
   <div class='ocr_carea' id='block_1_8' title="bbox 446 958 3675 1036">
    <p class='ocr_par' dir='ltr' id='par_1_8' title="bbox 446 958 3675 1036">
     <span class='ocr_line' id='line_1_8' title="bbox 446 958 3675 1036; baseline -0.002 -14"><span class='ocrx_word' id='word_1_108' title='bbox 446 974 504 1023; x_wconf 89' lang='lat' dir='ltr'>et</span> <span class='ocrx_word' id='word_1_109' title='bbox 545 967 877 1021; x_wconf 79' lang='lat' dir='ltr'>charitatem</span> <span class='ocrx_word' id='word_1_110' title='bbox 935 982 1047 1019; x_wconf 89' lang='lat' dir='ltr'>non</span> <span class='ocrx_word' id='word_1_111' title='bbox 1101 964 1432 1036; x_wconf 84' lang='lat' dir='ltr'>simplicem,</span> <span class='ocrx_word' id='word_1_112' title='bbox 1487 965 1584 1018; x_wconf 89' lang='lat' dir='ltr'>sed</span> <span class='ocrx_word' id='word_1_113' title='bbox 1628 965 1866 1023; x_wconf 86' lang='lat' dir='ltr'>multam</span> <span class='ocrx_word' id='word_1_114' title='bbox 1913 979 2041 1018; x_wconf 89' lang='lat' dir='ltr'>cum</span> <span class='ocrx_word' id='word_1_115' title='bbox 2124 965 2224 1018; x_wconf 89' lang='lat' dir='ltr'>Dei</span> <span class='ocrx_word' id='word_1_116' title='bbox 2256 965 2408 1019; x_wconf 88' lang='lat' dir='ltr'>intra</span> <span class='ocrx_word' id='word_1_117' title='bbox 2437 981 2538 1018; x_wconf 91' lang='lat' dir='ltr'>nos</span> <span class='ocrx_word' id='word_1_118' title='bbox 2567 971 2669 1031; x_wconf 88' lang='lat' dir='ltr'>est,</span> <span class='ocrx_word' id='word_1_119' title='bbox 2695 970 2752 1017; x_wconf 89' lang='lat' dir='ltr'>et</span> <span class='ocrx_word' id='word_1_120' title='bbox 2779 962 2875 1017; x_wconf 89' lang='lat' dir='ltr'>ubi</span> <span class='ocrx_word' id='word_1_121' title='bbox 2895 962 3067 1017; x_wconf 82' lang='lat' dir='ltr'>fuerit</span> <span class='ocrx_word' id='word_1_122' title='bbox 3081 963 3373 1016; x_wconf 83' lang='lat' dir='ltr'>thesaurus</span> <span class='ocrx_word' id='word_1_123' title='bbox 3391 966 3582 1021; x_wconf 88' lang='lat' dir='ltr'>noster.</span> <span class='ocrx_word' id='word_1_124' title='bbox 3611 958 3675 1014; x_wconf 86' lang='lat' dir='ltr'>ibi</span> 
     </span>
    </p>
   </div>
   <div class='ocr_carea' id='block_1_9' title="bbox 445 1049 3677 1126">
    <p class='ocr_par' dir='ltr' id='par_1_9' title="bbox 445 1049 3677 1126">
     <span class='ocr_line' id='line_1_9' title="bbox 445 1049 3677 1126; baseline -0.003 -14"><span class='ocrx_word' id='word_1_125' title='bbox 445 1073 697 1112; x_wconf 82' lang='lat' dir='ltr'>essemus</span> <span class='ocrx_word' id='word_1_126' title='bbox 709 1055 1161 1126; x_wconf 89' lang='lat' dir='ltr'>mortuipropter</span> <span class='ocrx_word' id='word_1_127' title='bbox 1175 1053 1375 1108; x_wconf 83' lang='lat' dir='ltr'>delicta</span> <span class='ocrx_word' id='word_1_128' title='bbox 1387 1053 2036 1118; x_wconf 84' lang='lat' dir='ltr'>nostra,viviﬁcavitnos:</span> <span class='ocrx_word' id='word_1_129' title='bbox 2125 1055 2234 1108; x_wconf 88' lang='lat' dir='ltr'>erit</span> <span class='ocrx_word' id='word_1_130' title='bbox 2249 1061 2306 1108; x_wconf 89' lang='lat' dir='ltr'>et</span> <span class='ocrx_word' id='word_1_131' title='bbox 2325 1070 2420 1108; x_wconf 90' lang='lat' dir='ltr'>cor</span> <span class='ocrx_word' id='word_1_132' title='bbox 2441 1061 2696 1108; x_wconf 88' lang='lat' dir='ltr'>nostrum</span> <span class='ocrx_word' id='word_1_133' title='bbox 2739 1054 2886 1119; x_wconf 81' lang='lat' dir='ltr'>(Luc.</span> <span class='ocrx_word' id='word_1_134' title='bbox 2931 1061 3082 1120; x_wconf 80' lang='lat' dir='ltr'>xvu),</span> <span class='ocrx_word' id='word_1_135' title='bbox 3116 1050 3368 1120; x_wconf 80' lang='lat' dir='ltr'>ﬁrmique</span> <span class='ocrx_word' id='word_1_136' title='bbox 3397 1057 3452 1102; x_wconf 87' lang='lat' dir='ltr'>et</span> <span class='ocrx_word' id='word_1_137' title='bbox 3477 1049 3677 1103; x_wconf 78' lang='lat' dir='ltr'>stabiles</span> 
     </span>
    </p>
   </div>
   <div class='ocr_carea' id='block_1_10' title="bbox 447 1137 3682 1213">
    <p class='ocr_par' dir='ltr' id='par_1_10' title="bbox 447 1137 3682 1213">
     <span class='ocr_line' id='line_1_10' title="bbox 447 1137 3682 1213; baseline -0.003 -12"><span class='ocrx_word' id='word_1_138' title='bbox 447 1153 505 1201; x_wconf 85' lang='lat' dir='ltr'>et</span> <span class='ocrx_word' id='word_1_139' title='bbox 529 1162 644 1200; x_wconf 89' lang='lat' dir='ltr'>non</span> <span class='ocrx_word' id='word_1_140' title='bbox 673 1146 853 1198; x_wconf 88' lang='lat' dir='ltr'>solum</span> <span class='ocrx_word' id='word_1_141' title='bbox 883 1143 1193 1208; x_wconf 85' lang='lat' dir='ltr'>viviﬁcavit,</span> <span class='ocrx_word' id='word_1_142' title='bbox 1228 1159 1429 1213; x_wconf 84' lang='lat' dir='ltr'>parum</span> <span class='ocrx_word' id='word_1_143' title='bbox 1459 1143 1666 1212; x_wconf 87' lang='lat' dir='ltr'>quippe</span> <span class='ocrx_word' id='word_1_144' title='bbox 1681 1143 1785 1195; x_wconf 91' lang='lat' dir='ltr'>hoc</span> <span class='ocrx_word' id='word_1_145' title='bbox 1807 1150 1930 1196; x_wconf 83' lang='lat' dir='ltr'>erat</span> <span class='ocrx_word' id='word_1_146' title='bbox 1953 1143 2043 1196; x_wconf 89' lang='lat' dir='ltr'>bo-</span> <span class='ocrx_word' id='word_1_147' title='bbox 2125 1144 2385 1197; x_wconf 85' lang='lat' dir='ltr'>sedemus</span> <span class='ocrx_word' id='word_1_148' title='bbox 2418 1160 2545 1196; x_wconf 89' lang='lat' dir='ltr'>cum</span> <span class='ocrx_word' id='word_1_149' title='bbox 2575 1143 2818 1205; x_wconf 85' lang='lat' dir='ltr'>Christo,</span> <span class='ocrx_word' id='word_1_150' title='bbox 2853 1140 3145 1212; x_wconf 81' lang='lat' dir='ltr'>sapientia,</span> <span class='ocrx_word' id='word_1_151' title='bbox 3175 1139 3338 1194; x_wconf 88' lang='lat' dir='ltr'>verbo</span> <span class='ocrx_word' id='word_1_152' title='bbox 3360 1137 3582 1208; x_wconf 88' lang='lat' dir='ltr'>justitia,</span> <span class='ocrx_word' id='word_1_153' title='bbox 3607 1154 3682 1190; x_wconf 80' lang='lat' dir='ltr'>ve-</span> 
     </span>
    </p>
   </div>
   <div class='ocr_carea' id='block_1_11' title="bbox 447 1225 3684 1302">
    <p class='ocr_par' dir='ltr' id='par_1_11' title="bbox 447 1225 3684 1302">
     <span class='ocr_line' id='line_1_11' title="bbox 447 1225 3684 1302; baseline -0.004 -12"><span class='ocrx_word' id='word_1_154' title='bbox 447 1235 613 1290; x_wconf 77' lang='lat' dir='ltr'>nitati</span> <span class='ocrx_word' id='word_1_155' title='bbox 633 1233 1072 1302; x_wconf 85' lang='lat' dir='ltr'>etmagnitudini</span> <span class='ocrx_word' id='word_1_156' title='bbox 1085 1233 1226 1302; x_wconf 87' lang='lat' dir='ltr'>ejus,</span> <span class='ocrx_word' id='word_1_157' title='bbox 1241 1232 1338 1285; x_wconf 90' lang='lat' dir='ltr'>sed</span> <span class='ocrx_word' id='word_1_158' title='bbox 1349 1231 1646 1284; x_wconf 83' lang='lat' dir='ltr'>viviﬁcavit</span> <span class='ocrx_word' id='word_1_159' title='bbox 1665 1247 1792 1284; x_wconf 90' lang='lat' dir='ltr'>cum</span> <span class='ocrx_word' id='word_1_160' title='bbox 1823 1232 2044 1286; x_wconf 86' lang='lat' dir='ltr'>Christo</span> <span class='ocrx_word' id='word_1_161' title='bbox 2125 1233 2312 1286; x_wconf 78' lang='lat' dir='ltr'>ritate.</span> <span class='ocrx_word' id='word_1_162' title='bbox 2338 1233 2530 1286; x_wconf 86' lang='lat' dir='ltr'>Potest</span> <span class='ocrx_word' id='word_1_163' title='bbox 2571 1237 2758 1286; x_wconf 88' lang='lat' dir='ltr'>autem</span> <span class='ocrx_word' id='word_1_164' title='bbox 2787 1236 2843 1284; x_wconf 91' lang='lat' dir='ltr'>et</span> <span class='ocrx_word' id='word_1_165' title='bbox 2858 1231 2959 1284; x_wconf 92' lang='lat' dir='ltr'>hoc</span> <span class='ocrx_word' id='word_1_166' title='bbox 2974 1229 3099 1291; x_wconf 87' lang='lat' dir='ltr'>dici,</span> <span class='ocrx_word' id='word_1_167' title='bbox 3131 1235 3196 1282; x_wconf 89' lang='lat' dir='ltr'>ut</span> <span class='ocrx_word' id='word_1_168' title='bbox 3223 1225 3488 1298; x_wconf 88' lang='lat' dir='ltr'>quomodo</span> <span class='ocrx_word' id='word_1_169' title='bbox 3513 1226 3684 1279; x_wconf 83' lang='lat' dir='ltr'>arrha-</span> 
     </span>
    </p>
   </div>
   <div class='ocr_carea' id='block_1_12' title="bbox 448 1316 3684 1394">
    <p class='ocr_par' dir='ltr' id='par_1_12' title="bbox 448 1316 3684 1394">
     <span class='ocr_line' id='line_1_12' title="bbox 448 1316 3684 1394; baseline -0.003 -16"><span class='ocrx_word' id='word_1_170' title='bbox 448 1319 2043 1394; x_wconf 84' lang='lat' dir='ltr'>Jesu,unamatqueeamdemtribuensvitamnobishabe-</span> <span class='ocrx_word' id='word_1_171' title='bbox 2125 1321 2326 1375; x_wconf 89' lang='lat' dir='ltr'>bonem</span> <span class='ocrx_word' id='word_1_172' title='bbox 2381 1321 2623 1392; x_wconf 86' lang='lat' dir='ltr'>Spiritus</span> <span class='ocrx_word' id='word_1_173' title='bbox 2677 1319 2855 1374; x_wconf 84' lang='lat' dir='ltr'>sancti</span> <span class='ocrx_word' id='word_1_174' title='bbox 2906 1319 3238 1389; x_wconf 88' lang='lat' dir='ltr'>accepimus,</span> <span class='ocrx_word' id='word_1_175' title='bbox 3291 1316 3518 1372; x_wconf 82' lang='lat' dir='ltr'>necdum</span> <span class='ocrx_word' id='word_1_176' title='bbox 3578 1317 3684 1384; x_wconf 89' lang='lat' dir='ltr'>ejus</span> 
     </span>
    </p>
   </div>
   <div class='ocr_carea' id='block_1_13' title="bbox 449 1406 3684 1481">
    <p class='ocr_par' dir='ltr' id='par_1_13' title="bbox 449 1406 3684 1481">
     <span class='ocr_line' id='line_1_13' title="bbox 449 1406 3684 1481; baseline -0.004 -14"><span class='ocrx_word' id='word_1_177' title='bbox 449 1427 650 1468; x_wconf 88' lang='lat' dir='ltr'>reeum</span> <span class='ocrx_word' id='word_1_178' title='bbox 663 1413 972 1478; x_wconf 81' lang='lat' dir='ltr'>Christo.(.-l</span> <span class='ocrx_word' id='word_1_179' title='bbox 985 1412 1202 1480; x_wconf 83' lang='lat' dir='ltr'>mbr.)A</span> <span class='ocrx_word' id='word_1_180' title='bbox 1212 1411 1328 1464; x_wconf 91' lang='lat' dir='ltr'>Deo</span> <span class='ocrx_word' id='word_1_181' title='bbox 1341 1409 1568 1464; x_wconf 83' lang='lat' dir='ltr'>alienati</span> <span class='ocrx_word' id='word_1_182' title='bbox 1581 1410 1786 1464; x_wconf 88' lang='lat' dir='ltr'>mortui</span> <span class='ocrx_word' id='word_1_183' title='bbox 1800 1426 2040 1478; x_wconf 81' lang='lat' dir='ltr'>eramus,</span> <span class='ocrx_word' id='word_1_184' title='bbox 2127 1415 2303 1464; x_wconf 89' lang='lat' dir='ltr'>totam</span> <span class='ocrx_word' id='word_1_185' title='bbox 2323 1408 2732 1481; x_wconf 83' lang='lat' dir='ltr'>plenitudinem</span> <span class='ocrx_word' id='word_1_186' title='bbox 2760 1409 3060 1472; x_wconf 84' lang='lat' dir='ltr'>consecuti,</span> <span class='ocrx_word' id='word_1_187' title='bbox 3093 1407 3172 1460; x_wconf 86' lang='lat' dir='ltr'>sic</span> <span class='ocrx_word' id='word_1_188' title='bbox 3184 1413 3239 1459; x_wconf 87' lang='lat' dir='ltr'>et</span> <span class='ocrx_word' id='word_1_189' title='bbox 3251 1406 3438 1460; x_wconf 88' lang='lat' dir='ltr'>sedere</span> <span class='ocrx_word' id='word_1_190' title='bbox 3463 1419 3556 1456; x_wconf 86' lang='lat' dir='ltr'>nos</span> <span class='ocrx_word' id='word_1_191' title='bbox 3575 1419 3684 1455; x_wconf 88' lang='lat' dir='ltr'>cum</span> 
     </span>
    </p>
   </div>
   <div class='ocr_carea' id='block_1_14' title="bbox 448 1481 3684 1574">
    <p class='ocr_par' dir='ltr' id='par_1_14' title="bbox 448 1481 3684 1574">
     <span class='ocr_line' id='line_1_14' title="bbox 448 1481 3684 1574; baseline -0.004 -18"><span class='ocrx_word' id='word_1_192' title='bbox 448 1503 632 1574; x_wconf 81' lang='lat' dir='ltr'>gratia</span> <span class='ocrx_word' id='word_1_193' title='bbox 655 1507 846 1567; x_wconf 75' lang='lat' dir='ltr'>autem</span> <span class='ocrx_word' id='word_1_194' title='bbox 859 1499 1270 1562; x_wconf 83' lang='lat' dir='ltr'>suarevocavit,</span> <span class='ocrx_word' id='word_1_195' title='bbox 1299 1499 1402 1552; x_wconf 87' lang='lat' dir='ltr'>hoc</span> <span class='ocrx_word' id='word_1_196' title='bbox 1427 1505 1514 1552; x_wconf 89' lang='lat' dir='ltr'>est</span> <span class='ocrx_word' id='word_1_197' title='bbox 1545 1499 1840 1552; x_wconf 83' lang='lat' dir='ltr'>viviﬁcavit</span> <span class='ocrx_word' id='word_1_198' title='bbox 1865 1515 1966 1552; x_wconf 89' lang='lat' dir='ltr'>nos</span> <span class='ocrx_word' id='word_1_199' title='bbox 1986 1500 2043 1552; x_wconf 91' lang='lat' dir='ltr'>in</span> <span class='ocrx_word' id='word_1_200' title='bbox 2128 1497 2350 1554; x_wconf 87' lang='lat' dir='ltr'>Christo</span> <span class='ocrx_word' id='word_1_201' title='bbox 2377 1505 2547 1570; x_wconf 55' lang='lat' dir='ltr'>aMue</span> <span class='ocrx_word' id='word_1_202' title='bbox 2575 1498 3085 1568; x_wconf 85' lang='lat' dir='ltr'>regnare,necdum</span> <span class='ocrx_word' id='word_1_203' title='bbox 3103 1495 3397 1566; x_wconf 79' lang='lat' dir='ltr'>perfectam</span> <span class='ocrx_word' id='word_1_204' title='bbox 3414 1481 3684 1568; x_wconf 69' lang='lat' dir='ltr'>sessipnem</span> 
     </span>
    </p>
   </div>
   <div class='ocr_carea' id='block_1_15' title="bbox 451 1581 3685 1660">
    <p class='ocr_par' dir='ltr' id='par_1_15' title="bbox 451 1581 3685 1660">
     <span class='ocr_line' id='line_1_15' title="bbox 451 1581 3685 1660; baseline -0.004 -16"><span class='ocrx_word' id='word_1_205' title='bbox 451 1590 708 1652; x_wconf 80' lang='lat' dir='ltr'>Christo:</span> <span class='ocrx_word' id='word_1_206' title='bbox 735 1589 867 1660; x_wconf 84' lang='lat' dir='ltr'>quia</span> <span class='ocrx_word' id='word_1_207' title='bbox 888 1589 1040 1654; x_wconf 81' lang='lat' dir='ltr'>enim</span> <span class='ocrx_word' id='word_1_208' title='bbox 1069 1605 1170 1658; x_wconf 88' lang='lat' dir='ltr'>per</span> <span class='ocrx_word' id='word_1_209' title='bbox 1189 1589 1374 1658; x_wconf 87' lang='lat' dir='ltr'>ipsum</span> <span class='ocrx_word' id='word_1_210' title='bbox 1403 1605 1505 1641; x_wconf 90' lang='lat' dir='ltr'>nos</span> <span class='ocrx_word' id='word_1_211' title='bbox 1524 1587 1673 1651; x_wconf 85' lang='lat' dir='ltr'>fecit,</span> <span class='ocrx_word' id='word_1_212' title='bbox 1708 1587 1916 1641; x_wconf 85' lang='lat' dir='ltr'>iterum</span> <span class='ocrx_word' id='word_1_213' title='bbox 1947 1603 2048 1658; x_wconf 91' lang='lat' dir='ltr'>per</span> <span class='ocrx_word' id='word_1_214' title='bbox 2127 1588 2183 1642; x_wconf 89' lang='lat' dir='ltr'>in</span> <span class='ocrx_word' id='word_1_215' title='bbox 2201 1589 2517 1643; x_wconf 64' lang='lat' dir='ltr'>caelestibus</span> <span class='ocrx_word' id='word_1_216' title='bbox 2537 1587 3066 1658; x_wconf 77' lang='lat' dir='ltr'>obtinentes.(Aug.)</span> <span class='ocrx_word' id='word_1_217' title='bbox 3087 1587 3230 1640; x_wconf 86' lang='lat' dir='ltr'>Nam</span> <span class='ocrx_word' id='word_1_218' title='bbox 3251 1581 3493 1655; x_wconf 64' lang='lat' dir='ltr'>praedixit</span> <span class='ocrx_word' id='word_1_219' title='bbox 3524 1598 3535 1632; x_wconf 94' lang='lat'><strong>:</strong></span> <span class='ocrx_word' id='word_1_220' title='bbox 3567 1581 3685 1634; x_wconf 77' lang='lat' dir='ltr'>Gon-</span> 
     </span>
    </p>
   </div>
   <div class='ocr_carea' id='block_1_16' title="bbox 449 1668 3688 1750">
    <p class='ocr_par' dir='ltr' id='par_1_16' title="bbox 449 1668 3688 1750">
     <span class='ocr_line' id='line_1_16' title="bbox 449 1668 3688 1750; baseline -0.004 -17"><span class='ocrx_word' id='word_1_221' title='bbox 449 1681 636 1750; x_wconf 86' lang='lat' dir='ltr'>ipsum</span> <span class='ocrx_word' id='word_1_222' title='bbox 649 1695 753 1732; x_wconf 91' lang='lat' dir='ltr'>nos</span> <span class='ocrx_word' id='word_1_223' title='bbox 773 1677 1093 1732; x_wconf 82' lang='lat' dir='ltr'>reformavit</span> <span class='ocrx_word' id='word_1_224' title='bbox 1110 1677 1168 1732; x_wconf 88' lang='lat' dir='ltr'>in</span> <span class='ocrx_word' id='word_1_225' title='bbox 1198 1677 1340 1747; x_wconf 88' lang='lat' dir='ltr'>ipso,</span> <span class='ocrx_word' id='word_1_226' title='bbox 1356 1677 1412 1730; x_wconf 88' lang='lat' dir='ltr'>id</span> <span class='ocrx_word' id='word_1_227' title='bbox 1443 1684 1546 1740; x_wconf 89' lang='lat' dir='ltr'>est,</span> <span class='ocrx_word' id='word_1_228' title='bbox 1569 1682 1632 1730; x_wconf 88' lang='lat' dir='ltr'>ut</span> <span class='ocrx_word' id='word_1_229' title='bbox 1643 1678 1765 1746; x_wconf 87' lang='lat' dir='ltr'>ejus</span> <span class='ocrx_word' id='word_1_230' title='bbox 1795 1677 2048 1730; x_wconf 90' lang='lat' dir='ltr'>membra</span> <span class='ocrx_word' id='word_1_231' title='bbox 2128 1681 2426 1746; x_wconf 75' lang='lat' dir='ltr'>oiriﬁcavit</span> <span class='ocrx_word' id='word_1_232' title='bbox 2458 1694 2553 1731; x_wconf 80' lang='lat' dir='ltr'>nos</span> <span class='ocrx_word' id='word_1_233' title='bbox 2575 1679 2806 1741; x_wconf 76' lang='lat' dir='ltr'>Christo,</span> <span class='ocrx_word' id='word_1_234' title='bbox 2839 1676 2944 1730; x_wconf 92' lang='lat' dir='ltr'>hoc</span> <span class='ocrx_word' id='word_1_235' title='bbox 2955 1675 3094 1729; x_wconf 82' lang='lat' dir='ltr'>dixit</span> <span class='ocrx_word' id='word_1_236' title='bbox 3113 1675 3182 1728; x_wconf 87' lang='lat' dir='ltr'>ad</span> <span class='ocrx_word' id='word_1_237' title='bbox 3203 1671 3530 1734; x_wconf 86' lang='lat' dir='ltr'>Corinthios,</span> <span class='ocrx_word' id='word_1_238' title='bbox 3544 1668 3688 1737; x_wconf 88' lang='lat' dir='ltr'>utqui</span> 
     </span>
    </p>
   </div>
   <div class='ocr_carea' id='block_1_17' title="bbox 452 1752 3685 1838">
    <p class='ocr_par' dir='ltr' id='par_1_17' title="bbox 452 1752 3685 1838">
     <span class='ocr_line' id='line_1_17' title="bbox 452 1752 3685 1838; baseline -0.003 -17"><span class='ocrx_word' id='word_1_239' title='bbox 452 1767 650 1833; x_wconf 72' lang='lat' dir='ltr'>simus,</span> <span class='ocrx_word' id='word_1_240' title='bbox 673 1767 792 1838; x_wconf 89' lang='lat' dir='ltr'>ipse</span> <span class='ocrx_word' id='word_1_241' title='bbox 831 1773 916 1820; x_wconf 90' lang='lat' dir='ltr'>est</span> <span class='ocrx_word' id='word_1_242' title='bbox 936 1771 1125 1820; x_wconf 88' lang='lat' dir='ltr'>autem</span> <span class='ocrx_word' id='word_1_243' title='bbox 1153 1773 1320 1837; x_wconf 86' lang='lat' dir='ltr'>caput</span> <span class='ocrx_word' id='word_1_244' title='bbox 1367 1772 1641 1832; x_wconf 86' lang='lat' dir='ltr'>nostrum,</span> <span class='ocrx_word' id='word_1_245' title='bbox 1675 1766 1860 1836; x_wconf 88' lang='lat' dir='ltr'>ipsum</span> <span class='ocrx_word' id='word_1_246' title='bbox 1891 1752 2106 1822; x_wconf 78' lang='lat' dir='ltr'>enimB</span> <span class='ocrx_word' id='word_1_247' title='bbox 2127 1767 2336 1832; x_wconf 84' lang='lat' dir='ltr'>vivunt,</span> <span class='ocrx_word' id='word_1_248' title='bbox 2378 1768 2497 1837; x_wconf 90' lang='lat' dir='ltr'>jam</span> <span class='ocrx_word' id='word_1_249' title='bbox 2541 1783 2652 1821; x_wconf 89' lang='lat' dir='ltr'>non</span> <span class='ocrx_word' id='word_1_250' title='bbox 2699 1766 2801 1820; x_wconf 83' lang='lat' dir='ltr'>sibi</span> <span class='ocrx_word' id='word_1_251' title='bbox 2848 1767 3054 1828; x_wconf 85' lang='lat' dir='ltr'>vivant,</span> <span class='ocrx_word' id='word_1_252' title='bbox 3088 1764 3186 1817; x_wconf 90' lang='lat' dir='ltr'>sed</span> <span class='ocrx_word' id='word_1_253' title='bbox 3219 1763 3268 1815; x_wconf 88' lang='lat' dir='ltr'>ei</span> <span class='ocrx_word' id='word_1_254' title='bbox 3301 1761 3391 1832; x_wconf 85' lang='lat' dir='ltr'>qui</span> <span class='ocrx_word' id='word_1_255' title='bbox 3429 1775 3522 1831; x_wconf 91' lang='lat' dir='ltr'>pro</span> <span class='ocrx_word' id='word_1_256' title='bbox 3569 1755 3685 1826; x_wconf 82' lang='lat' dir='ltr'>ipsis</span> 
     </span>
    </p>
   </div>
   <div class='ocr_carea' id='block_1_18' title="bbox 451 1848 3696 1926">
    <p class='ocr_par' dir='ltr' id='par_1_18' title="bbox 451 1848 3696 1926">
     <span class='ocr_line' id='line_1_18' title="bbox 451 1848 3696 1926; baseline -0.004 -16"><span class='ocrx_word' id='word_1_257' title='bbox 451 1855 742 1920; x_wconf 83' lang='lat' dir='ltr'>habemus,</span> <span class='ocrx_word' id='word_1_258' title='bbox 789 1857 904 1910; x_wconf 90' lang='lat' dir='ltr'>Deo</span> <span class='ocrx_word' id='word_1_259' title='bbox 959 1861 1280 1926; x_wconf 75' lang='lat' dir='ltr'>praestante,</span> <span class='ocrx_word' id='word_1_260' title='bbox 1313 1859 1598 1908; x_wconf 85' lang='lat' dir='ltr'>auctorem</span> <span class='ocrx_word' id='word_1_261' title='bbox 1647 1855 1772 1908; x_wconf 74' lang='lat' dir='ltr'>vitae</span> <span class='ocrx_word' id='word_1_262' title='bbox 1817 1861 2040 1919; x_wconf 73' lang='lat' dir='ltr'>nostrae,</span> <span class='ocrx_word' id='word_1_263' title='bbox 2129 1863 2383 1910; x_wconf 88' lang='lat' dir='ltr'>mortuus</span> <span class='ocrx_word' id='word_1_264' title='bbox 2411 1863 2495 1910; x_wconf 90' lang='lat' dir='ltr'>est</span> <span class='ocrx_word' id='word_1_265' title='bbox 2522 1863 2579 1910; x_wconf 90' lang='lat' dir='ltr'>et</span> <span class='ocrx_word' id='word_1_266' title='bbox 2607 1855 3027 1921; x_wconf 84' lang='lat' dir='ltr'>resurrexit;et</span> <span class='ocrx_word' id='word_1_267' title='bbox 3054 1853 3212 1918; x_wconf 87' lang='lat' dir='ltr'>illud,</span> <span class='ocrx_word' id='word_1_268' title='bbox 3237 1851 3380 1922; x_wconf 91' lang='lat' dir='ltr'>quod</span> <span class='ocrx_word' id='word_1_269' title='bbox 3397 1848 3696 1914; x_wconf 77' lang='lat' dir='ltr'>dicitzc-ujus</span> 
     </span>
    </p>
   </div>
   <div class='ocr_carea' id='block_1_19' title="bbox 452 1933 3692 2014">
    <p class='ocr_par' dir='ltr' id='par_1_19' title="bbox 452 1933 3692 2014">
     <span class='ocr_line' id='line_1_19' title="bbox 452 1933 3692 2014; baseline -0.004 -16"><span class='ocrx_word' id='word_1_270' title='bbox 452 1945 598 1999; x_wconf 86' lang='lat' dir='ltr'>sicut</span> <span class='ocrx_word' id='word_1_271' title='bbox 651 1945 788 1999; x_wconf 86' lang='lat' dir='ltr'>dicit</span> <span class='ocrx_word' id='word_1_272' title='bbox 833 1945 1033 1999; x_wconf 84' lang='lat' dir='ltr'>Petrus</span> <span class='ocrx_word' id='word_1_273' title='bbox 1069 1943 1355 2014; x_wconf 88' lang='lat' dir='ltr'>apostolus</span> <span class='ocrx_word' id='word_1_274' title='bbox 1395 1942 1531 2012; x_wconf 84' lang='lat' dir='ltr'>(Act.</span> <span class='ocrx_word' id='word_1_275' title='bbox 1573 1948 1648 2012; x_wconf 79' lang='lat' dir='ltr'>Ill)</span> <span class='ocrx_word' id='word_1_276' title='bbox 1691 1961 1702 1995; x_wconf 86' lang='lat'><strong><em>:</em></strong></span> <span class='ocrx_word' id='word_1_277' title='bbox 1757 1945 2047 1997; x_wconf 77' lang='lat' dir='ltr'>Auctorem</span> <span class='ocrx_word' id='word_1_278' title='bbox 2127 1950 2316 2012; x_wconf 78' lang='lat' dir='ltr'>gratia</span> <span class='ocrx_word' id='word_1_279' title='bbox 2346 1963 2540 1999; x_wconf 81' lang='lat' dir='ltr'>sumus</span> <span class='ocrx_word' id='word_1_280' title='bbox 2568 1949 2711 1999; x_wconf 70' lang='lat' dir='ltr'>salvi</span> <span class='ocrx_word' id='word_1_281' title='bbox 2746 1947 2900 2012; x_wconf 75' lang='lat' dir='ltr'>facti,</span> <span class='ocrx_word' id='word_1_282' title='bbox 2937 1946 3056 2014; x_wconf 86' lang='lat' dir='ltr'>jam</span> <span class='ocrx_word' id='word_1_283' title='bbox 3095 1944 3248 1996; x_wconf 86' lang='lat' dir='ltr'>velut</span> <span class='ocrx_word' id='word_1_284' title='bbox 3285 1937 3578 2011; x_wconf 81' lang='lat' dir='ltr'>perfectum</span> <span class='ocrx_word' id='word_1_285' title='bbox 3613 1933 3692 1994; x_wconf 85' lang='lat' dir='ltr'>sit,</span> 
     </span>
    </p>
   </div>
   <div class='ocr_carea' id='block_1_20' title="bbox 451 2020 3692 2106">
    <p class='ocr_par' dir='ltr' id='par_1_20' title="bbox 451 2020 3692 2106">
     <span class='ocr_line' id='line_1_20' title="bbox 451 2020 3692 2106; baseline -0.005 -18"><span class='ocrx_word' id='word_1_286' title='bbox 451 2051 577 2088; x_wconf 79' lang='lat' dir='ltr'>vero</span> <span class='ocrx_word' id='word_1_287' title='bbox 597 2037 718 2088; x_wconf 61' lang='lat' dir='ltr'>vita</span> <span class='ocrx_word' id='word_1_288' title='bbox 745 2036 1113 2100; x_wconf 80' lang='lat' dir='ltr'>interfecistis.</span> <span class='ocrx_word' id='word_1_289' title='bbox 1139 2031 1394 2097; x_wconf 63' lang='lat' dir='ltr'>(Albam,</span> <span class='ocrx_word' id='word_1_290' title='bbox 1425 2033 1583 2096; x_wconf 84' lang='lat' dir='ltr'>Quod</span> <span class='ocrx_word' id='word_1_291' title='bbox 1607 2033 1797 2103; x_wconf 89' lang='lat' dir='ltr'>itaque</span> <span class='ocrx_word' id='word_1_292' title='bbox 1818 2033 1900 2085; x_wconf 88' lang='lat' dir='ltr'>ait</span> <span class='ocrx_word' id='word_1_293' title='bbox 1918 2047 2046 2103; x_wconf 91' lang='lat' dir='ltr'>pro-</span> <span class='ocrx_word' id='word_1_294' title='bbox 2132 2033 2401 2105; x_wconf 84' lang='lat' dir='ltr'>loquitur,</span> <span class='ocrx_word' id='word_1_295' title='bbox 2425 2035 2558 2105; x_wconf 88' lang='lat' dir='ltr'>quia</span> <span class='ocrx_word' id='word_1_296' title='bbox 2591 2035 2652 2088; x_wconf 89' lang='lat' dir='ltr'>in</span> <span class='ocrx_word' id='word_1_297' title='bbox 2689 2051 2788 2106; x_wconf 88' lang='lat' dir='ltr'>spe</span> <span class='ocrx_word' id='word_1_298' title='bbox 2819 2039 2994 2088; x_wconf 89' lang='lat' dir='ltr'>tenet.</span> <span class='ocrx_word' id='word_1_299' title='bbox 3027 2034 3172 2086; x_wconf 86' lang='lat' dir='ltr'>Nam</span> <span class='ocrx_word' id='word_1_300' title='bbox 3203 2025 3544 2100; x_wconf 88' lang='lat' dir='ltr'>apertissime</span> <span class='ocrx_word' id='word_1_301' title='bbox 3580 2020 3692 2076; x_wconf 82' lang='lat' dir='ltr'>alibi</span> 
     </span>
    </p>
   </div>
   <div class='ocr_carea' id='block_1_21' title="bbox 453 2110 3696 2194">
    <p class='ocr_par' dir='ltr' id='par_1_21' title="bbox 453 2110 3696 2194">
     <span class='ocr_line' id='line_1_21' title="bbox 453 2110 3696 2194; baseline -0.005 -17"><span class='ocrx_word' id='word_1_302' title='bbox 453 2129 580 2194; x_wconf 86' lang='lat' dir='ltr'>pter</span> <span class='ocrx_word' id='word_1_303' title='bbox 615 2123 849 2176; x_wconf 86' lang='lat' dir='ltr'>nimiam</span> <span class='ocrx_word' id='word_1_304' title='bbox 895 2123 1228 2176; x_wconf 88' lang='lat' dir='ltr'>charitatem</span> <span class='ocrx_word' id='word_1_305' title='bbox 1256 2137 1436 2174; x_wconf 83' lang='lat' dir='ltr'>suam.</span> <span class='ocrx_word' id='word_1_306' title='bbox 1469 2121 1660 2174; x_wconf 85' lang='lat' dir='ltr'>Nimia</span> <span class='ocrx_word' id='word_1_307' title='bbox 1689 2121 1930 2175; x_wconf 88' lang='lat' dir='ltr'>charitas</span> <span class='ocrx_word' id='word_1_308' title='bbox 1967 2127 2054 2176; x_wconf 88' lang='lat' dir='ltr'>est</span> <span class='ocrx_word' id='word_1_309' title='bbox 2133 2123 2269 2177; x_wconf 90' lang='lat' dir='ltr'>dicit</span> <span class='ocrx_word' id='word_1_310' title='bbox 2300 2141 2312 2176; x_wconf 89' lang='lat'><strong>:</strong></span> <span class='ocrx_word' id='word_1_311' title='bbox 2349 2123 2450 2192; x_wconf 78' lang='lat' dir='ltr'>Spe</span> <span class='ocrx_word' id='word_1_312' title='bbox 2481 2127 2629 2177; x_wconf 85' lang='lat' dir='ltr'>enim</span> <span class='ocrx_word' id='word_1_313' title='bbox 2661 2127 2802 2178; x_wconf 80' lang='lat' dir='ltr'>salvi</span> <span class='ocrx_word' id='word_1_314' title='bbox 2831 2126 2968 2190; x_wconf 81' lang='lat' dir='ltr'>facti</span> <span class='ocrx_word' id='word_1_315' title='bbox 2995 2138 3188 2176; x_wconf 83' lang='lat' dir='ltr'>sumus</span> <span class='ocrx_word' id='word_1_316' title='bbox 3231 2138 3242 2172; x_wconf 93' lang='lat'><strong>:</strong></span> <span class='ocrx_word' id='word_1_317' title='bbox 3277 2118 3504 2186; x_wconf 88' lang='lat' dir='ltr'>ideoque</span> <span class='ocrx_word' id='word_1_318' title='bbox 3531 2117 3582 2165; x_wconf 90' lang='lat' dir='ltr'>et</span> <span class='ocrx_word' id='word_1_319' title='bbox 3621 2110 3696 2162; x_wconf 84' lang='lat' dir='ltr'>hic</span> 
     </span>
    </p>
   </div>
   <div class='ocr_carea' id='block_1_22' title="bbox 452 2197 3697 2284">
    <p class='ocr_par' dir='ltr' id='par_1_22' title="bbox 452 2197 3697 2284">
     <span class='ocr_line' id='line_1_22' title="bbox 452 2197 3697 2284; baseline -0.005 -18"><span class='ocrx_word' id='word_1_320' title='bbox 452 2211 688 2280; x_wconf 79' lang='lat' dir='ltr'>rebelles</span> <span class='ocrx_word' id='word_1_321' title='bbox 724 2227 912 2266; x_wconf 82' lang='lat' dir='ltr'>servos</span> <span class='ocrx_word' id='word_1_322' title='bbox 957 2211 1116 2282; x_wconf 86' lang='lat' dir='ltr'>quasi</span> <span class='ocrx_word' id='word_1_323' title='bbox 1153 2211 1297 2264; x_wconf 86' lang='lat' dir='ltr'>ﬁlios</span> <span class='ocrx_word' id='word_1_324' title='bbox 1325 2209 1579 2280; x_wconf 79' lang='lat' dir='ltr'>diligere.</span> <span class='ocrx_word' id='word_1_325' title='bbox 1611 2210 1770 2264; x_wconf 88' lang='lat' dir='ltr'>Unde</span> <span class='ocrx_word' id='word_1_326' title='bbox 1794 2211 2050 2265; x_wconf 82' lang='lat' dir='ltr'>conside-</span> <span class='ocrx_word' id='word_1_327' title='bbox 2133 2212 2404 2282; x_wconf 87' lang='lat' dir='ltr'>sequitur,</span> <span class='ocrx_word' id='word_1_328' title='bbox 2430 2218 2488 2265; x_wconf 90' lang='lat' dir='ltr'>et</span> <span class='ocrx_word' id='word_1_329' title='bbox 2515 2219 2786 2284; x_wconf 85' lang='lat' dir='ltr'>tanquam</span> <span class='ocrx_word' id='word_1_330' title='bbox 2817 2211 3125 2283; x_wconf 86' lang='lat' dir='ltr'>perfectum</span> <span class='ocrx_word' id='word_1_331' title='bbox 3147 2213 3452 2269; x_wconf 85' lang='lat' dir='ltr'>enumerat,</span> <span class='ocrx_word' id='word_1_332' title='bbox 3477 2200 3611 2273; x_wconf 87' lang='lat' dir='ltr'>quod</span> <span class='ocrx_word' id='word_1_333' title='bbox 3626 2197 3697 2251; x_wconf 72' lang='lat' dir='ltr'>fu-</span> 
     </span>
    </p>
   </div>
   <div class='ocr_carea' id='block_1_23' title="bbox 453 2289 3698 2372">
    <p class='ocr_par' dir='ltr' id='par_1_23' title="bbox 453 2289 3698 2372">
     <span class='ocr_line' id='line_1_23' title="bbox 453 2289 3698 2372; baseline -0.006 -16"><span class='ocrx_word' id='word_1_334' title='bbox 453 2300 696 2356; x_wconf 84' lang='lat' dir='ltr'>randum</span> <span class='ocrx_word' id='word_1_335' title='bbox 723 2305 827 2366; x_wconf 89' lang='lat' dir='ltr'>est,</span> <span class='ocrx_word' id='word_1_336' title='bbox 861 2307 1136 2371; x_wconf 85' lang='lat' dir='ltr'>quantum</span> <span class='ocrx_word' id='word_1_337' title='bbox 1165 2300 1362 2369; x_wconf 83' lang='lat' dir='ltr'>diligat</span> <span class='ocrx_word' id='word_1_338' title='bbox 1384 2301 1503 2370; x_wconf 87' lang='lat' dir='ltr'>jam</span> <span class='ocrx_word' id='word_1_339' title='bbox 1536 2305 1758 2354; x_wconf 85' lang='lat' dir='ltr'>sanctos</span> <span class='ocrx_word' id='word_1_340' title='bbox 1805 2301 2047 2366; x_wconf 71' lang='lat' dir='ltr'>effectos,</span> <span class='ocrx_word' id='word_1_341' title='bbox 2132 2306 2324 2355; x_wconf 89' lang='lat' dir='ltr'>turum</span> <span class='ocrx_word' id='word_1_342' title='bbox 2343 2308 2445 2366; x_wconf 86' lang='lat' dir='ltr'>est,</span> <span class='ocrx_word' id='word_1_343' title='bbox 2471 2297 3236 2372; x_wconf 68' lang='lat' dir='ltr'>etsimul,inquit,excitavit,</span> <span class='ocrx_word' id='word_1_344' title='bbox 3269 2300 3316 2350; x_wconf 89' lang='lat' dir='ltr'>et</span> <span class='ocrx_word' id='word_1_345' title='bbox 3340 2295 3508 2349; x_wconf 79' lang='lat' dir='ltr'>sedere</span> <span class='ocrx_word' id='word_1_346' title='bbox 3524 2289 3698 2358; x_wconf 79' lang='lat' dir='ltr'>feeit-in</span> 
     </span>
    </p>
   </div>
   <div class='ocr_carea' id='block_1_24' title="bbox 455 2378 3699 2464">
    <p class='ocr_par' dir='ltr' id='par_1_24' title="bbox 455 2378 3699 2464">
     <span class='ocr_line' id='line_1_24' title="bbox 455 2378 3699 2464; baseline -0.005 -19"><span class='ocrx_word' id='word_1_347' title='bbox 455 2391 552 2461; x_wconf 85' lang='lat' dir='ltr'>qui</span> <span class='ocrx_word' id='word_1_348' title='bbox 579 2396 803 2445; x_wconf 86' lang='lat' dir='ltr'>tantum</span> <span class='ocrx_word' id='word_1_349' title='bbox 818 2390 1083 2464; x_wconf 83' lang='lat' dir='ltr'>dignatus</span> <span class='ocrx_word' id='word_1_350' title='bbox 1099 2395 1185 2442; x_wconf 88' lang='lat' dir='ltr'>est</span> <span class='ocrx_word' id='word_1_351' title='bbox 1196 2389 1428 2458; x_wconf 84' lang='lat' dir='ltr'>diligere</span> <span class='ocrx_word' id='word_1_352' title='bbox 1448 2394 1785 2459; x_wconf 85' lang='lat' dir='ltr'>peccatores,</span> <span class='ocrx_word' id='word_1_353' title='bbox 1802 2396 1866 2443; x_wconf 90' lang='lat' dir='ltr'>ut</span> <span class='ocrx_word' id='word_1_354' title='bbox 1882 2390 2050 2443; x_wconf 88' lang='lat' dir='ltr'>etiam</span> <span class='ocrx_word' id='word_1_355' title='bbox 2134 2393 2426 2444; x_wconf 53' lang='lat' dir='ltr'>caelestibus</span> <span class='ocrx_word' id='word_1_356' title='bbox 2452 2394 2512 2444; x_wconf 84' lang='lat' dir='ltr'>in</span> <span class='ocrx_word' id='word_1_357' title='bbox 2543 2392 2757 2446; x_wconf 72' lang='lat' dir='ltr'>Chr-isto</span> <span class='ocrx_word' id='word_1_358' title='bbox 2786 2393 2932 2446; x_wconf 81' lang='lat' dir='ltr'>Jesu.</span> <span class='ocrx_word' id='word_1_359' title='bbox 2967 2389 3200 2442; x_wconf 89' lang='lat' dir='ltr'>Certum</span> <span class='ocrx_word' id='word_1_360' title='bbox 3229 2384 3374 2442; x_wconf 87' lang='lat' dir='ltr'>enim</span> <span class='ocrx_word' id='word_1_361' title='bbox 3401 2378 3592 2452; x_wconf 84' lang='lat' dir='ltr'>quiain</span> <span class='ocrx_word' id='word_1_362' title='bbox 3610 2390 3699 2464; x_wconf 53' lang='lat' dir='ltr'>ccef</span> 
     </span>
    </p>
   </div>
   <div class='ocr_carea' id='block_1_25' title="bbox 455 2463 3696 2550">
    <p class='ocr_par' dir='ltr' id='par_1_25' title="bbox 455 2463 3696 2550">
     <span class='ocr_line' id='line_1_25' title="bbox 455 2463 3696 2550; baseline -0.005 -16"><span class='ocrx_word' id='word_1_363' title='bbox 455 2479 596 2534; x_wconf 87' lang='lat' dir='ltr'>Filio</span> <span class='ocrx_word' id='word_1_364' title='bbox 627 2495 730 2542; x_wconf 83' lang='lat' dir='ltr'>suo</span> <span class='ocrx_word' id='word_1_365' title='bbox 764 2463 991 2550; x_wconf 88' lang='lat' dir='ltr'>proprio</span> <span class='ocrx_word' id='word_1_366' title='bbox 1022 2494 1122 2548; x_wconf 92' lang='lat' dir='ltr'>pro</span> <span class='ocrx_word' id='word_1_367' title='bbox 1153 2493 1346 2531; x_wconf 90' lang='lat' dir='ltr'>eorum</span> <span class='ocrx_word' id='word_1_368' title='bbox 1377 2493 1492 2532; x_wconf 90' lang='lat' dir='ltr'>non</span> <span class='ocrx_word' id='word_1_369' title='bbox 1519 2479 1830 2548; x_wconf 87' lang='lat' dir='ltr'>pepercerit</span> <span class='ocrx_word' id='word_1_370' title='bbox 1849 2479 2048 2534; x_wconf 87' lang='lat' dir='ltr'>salute.</span> <span class='ocrx_word' id='word_1_371' title='bbox 2134 2479 2366 2534; x_wconf 88' lang='lat' dir='ltr'>lestibus</span> <span class='ocrx_word' id='word_1_372' title='bbox 2397 2479 2652 2534; x_wconf 87' lang='lat' dir='ltr'>Christus</span> <span class='ocrx_word' id='word_1_373' title='bbox 2677 2481 2797 2550; x_wconf 87' lang='lat' dir='ltr'>jam</span> <span class='ocrx_word' id='word_1_374' title='bbox 2830 2479 3004 2544; x_wconf 90' lang='lat' dir='ltr'>sedet,</span> <span class='ocrx_word' id='word_1_375' title='bbox 3019 2477 3271 2534; x_wconf 89' lang='lat' dir='ltr'>nondum</span> <span class='ocrx_word' id='word_1_376' title='bbox 3289 2479 3472 2528; x_wconf 86' lang='lat' dir='ltr'>autem</span> <span class='ocrx_word' id='word_1_377' title='bbox 3491 2463 3696 2533; x_wconf 82' lang='lat' dir='ltr'>nos,sed</span> 
     </span>
    </p>
   </div>
   <div class='ocr_carea' id='block_1_26' title="bbox 461 2564 3694 2639">
    <p class='ocr_par' dir='ltr' id='par_1_26' title="bbox 461 2564 3694 2639">
     <span class='ocr_line' id='line_1_26' title="bbox 461 2564 3694 2639; baseline -0.005 -17"><span class='ocrx_word' id='word_1_378' title='bbox 461 2569 632 2637; x_wconf 75' lang='lat' dir='ltr'>Cujus</span> <span class='ocrx_word' id='word_1_379' title='bbox 660 2571 849 2634; x_wconf 79' lang='lat' dir='ltr'>gratia</span> <span class='ocrx_word' id='word_1_380' title='bbox 871 2568 1002 2621; x_wconf 48' lang='lat' dir='ltr'>‘estis</span> <span class='ocrx_word' id='word_1_381' title='bbox 1031 2571 1250 2620; x_wconf 74' lang='lat' dir='ltr'>saluati.</span> <span class='ocrx_word' id='word_1_382' title='bbox 1289 2565 1490 2633; x_wconf 58' lang='lat' dir='ltr'>(Hier)</span> <span class='ocrx_word' id='word_1_383' title='bbox 1529 2567 1587 2621; x_wconf 85' lang='lat' dir='ltr'>Si</span> <span class='ocrx_word' id='word_1_384' title='bbox 1617 2583 1730 2620; x_wconf 90' lang='lat' dir='ltr'>non</span> <span class='ocrx_word' id='word_1_385' title='bbox 1759 2574 1891 2622; x_wconf 90' lang='lat' dir='ltr'>sunt</span> <span class='ocrx_word' id='word_1_386' title='bbox 1928 2585 2054 2622; x_wconf 89' lang='lat' dir='ltr'>con-</span> <span class='ocrx_word' id='word_1_387' title='bbox 2135 2567 2269 2639; x_wconf 86' lang='lat' dir='ltr'>quia</span> <span class='ocrx_word' id='word_1_388' title='bbox 2323 2585 2419 2639; x_wconf 88' lang='lat' dir='ltr'>spe</span> <span class='ocrx_word' id='word_1_389' title='bbox 2463 2575 2635 2634; x_wconf 72' lang='lat' dir='ltr'>cena,</span> <span class='ocrx_word' id='word_1_390' title='bbox 2672 2569 2821 2639; x_wconf 89' lang='lat' dir='ltr'>quod</span> <span class='ocrx_word' id='word_1_391' title='bbox 2861 2567 3118 2622; x_wconf 79' lang='lat' dir='ltr'>futurum</span> <span class='ocrx_word' id='word_1_392' title='bbox 3147 2572 3251 2632; x_wconf 86' lang='lat' dir='ltr'>est,</span> <span class='ocrx_word' id='word_1_393' title='bbox 3291 2564 3407 2634; x_wconf 86' lang='lat' dir='ltr'>jam</span> <span class='ocrx_word' id='word_1_394' title='bbox 3449 2565 3694 2616; x_wconf 86' lang='lat' dir='ltr'>tenemus,</span> 
     </span>
    </p>
   </div>
   <div class='ocr_carea' id='block_1_27' title="bbox 460 2641 3698 2727">
    <p class='ocr_par' dir='ltr' id='par_1_27' title="bbox 460 2641 3698 2727">
     <span class='ocr_line' id='line_1_27' title="bbox 460 2641 3698 2727; baseline -0.005 -17"><span class='ocrx_word' id='word_1_395' title='bbox 460 2657 644 2727; x_wconf 69' lang='lat' dir='ltr'>dignae</span> <span class='ocrx_word' id='word_1_396' title='bbox 663 2655 952 2726; x_wconf 86' lang='lat' dir='ltr'>passiones</span> <span class='ocrx_word' id='word_1_397' title='bbox 973 2655 1773 2726; x_wconf 82' lang='lat' dir='ltr'>hujustemporisadfuturam</span> <span class='ocrx_word' id='word_1_398' title='bbox 1789 2657 2049 2726; x_wconf 82' lang='lat' dir='ltr'>gloriam,</span> <span class='ocrx_word' id='word_1_399' title='bbox 2134 2656 2302 2710; x_wconf 88' lang='lat' dir='ltr'>simul</span> <span class='ocrx_word' id='word_1_400' title='bbox 2346 2657 2544 2710; x_wconf 89' lang='lat' dir='ltr'>cedere</span> <span class='ocrx_word' id='word_1_401' title='bbox 2600 2673 2702 2711; x_wconf 90' lang='lat' dir='ltr'>nos</span> <span class='ocrx_word' id='word_1_402' title='bbox 2749 2657 2890 2720; x_wconf 74' lang='lat' dir='ltr'>dixit</span> <span class='ocrx_word' id='word_1_403' title='bbox 2934 2654 2992 2710; x_wconf 84' lang='lat' dir='ltr'>in</span> <span class='ocrx_word' id='word_1_404' title='bbox 3030 2652 3366 2715; x_wconf 86' lang='lat' dir='ltr'>coelestibus,</span> <span class='ocrx_word' id='word_1_405' title='bbox 3399 2646 3629 2702; x_wconf 86' lang='lat' dir='ltr'>nondum</span> <span class='ocrx_word' id='word_1_406' title='bbox 3651 2641 3698 2694; x_wconf 89' lang='lat' dir='ltr'>in</span> 
     </span>
    </p>
   </div>
   <div class='ocr_carea' id='block_1_28' title="bbox 461 2731 3700 2817">
    <p class='ocr_par' dir='ltr' id='par_1_28' title="bbox 461 2731 3700 2817">
     <span class='ocr_line' id='line_1_28' title="bbox 461 2731 3700 2817; baseline -0.005 -14"><span class='ocrx_word' id='word_1_407' title='bbox 461 2760 585 2816; x_wconf 63' lang='lat' dir='ltr'>quae</span> <span class='ocrx_word' id='word_1_408' title='bbox 621 2743 963 2812; x_wconf 57' lang='lat' dir='ltr'>revelabitur</span> <span class='ocrx_word' id='word_1_409' title='bbox 1007 2743 1064 2797; x_wconf 86' lang='lat' dir='ltr'>in</span> <span class='ocrx_word' id='word_1_410' title='bbox 1107 2743 1267 2803; x_wconf 79' lang='lat' dir='ltr'>nobis</span> <span class='ocrx_word' id='word_1_411' title='bbox 1287 2745 1463 2806; x_wconf 75' lang='lat' dir='ltr'>(Rom.</span> <span class='ocrx_word' id='word_1_412' title='bbox 1485 2749 1612 2809; x_wconf 75' lang='lat' dir='ltr'>vm),</span> <span class='ocrx_word' id='word_1_413' title='bbox 1651 2744 1836 2813; x_wconf 84' lang='lat' dir='ltr'>gratia</span> <span class='ocrx_word' id='word_1_414' title='bbox 1873 2745 2054 2816; x_wconf 82' lang='lat' dir='ltr'>magis</span> <span class='ocrx_word' id='word_1_415' title='bbox 2135 2746 2314 2812; x_wconf 90' lang='lat' dir='ltr'>nobis,</span> <span class='ocrx_word' id='word_1_416' title='bbox 2338 2747 2436 2800; x_wconf 89' lang='lat' dir='ltr'>sed</span> <span class='ocrx_word' id='word_1_417' title='bbox 2447 2747 2568 2816; x_wconf 87' lang='lat' dir='ltr'>jam</span> <span class='ocrx_word' id='word_1_418' title='bbox 2589 2747 2647 2800; x_wconf 91' lang='lat' dir='ltr'>in</span> <span class='ocrx_word' id='word_1_419' title='bbox 2666 2745 2800 2810; x_wconf 86' lang='lat' dir='ltr'>illo;</span> <span class='ocrx_word' id='word_1_420' title='bbox 2841 2752 3011 2817; x_wconf 89' lang='lat' dir='ltr'>atque</span> <span class='ocrx_word' id='word_1_421' title='bbox 3045 2749 3110 2798; x_wconf 88' lang='lat' dir='ltr'>ut</span> <span class='ocrx_word' id='word_1_422' title='bbox 3138 2741 3516 2810; x_wconf 84' lang='lat' dir='ltr'>intelligamus</span> <span class='ocrx_word' id='word_1_423' title='bbox 3543 2731 3700 2787; x_wconf 85' lang='lat' dir='ltr'>adhuc</span> 
     </span>
    </p>
   </div>
   <div class='ocr_carea' id='block_1_29' title="bbox 462 2817 3700 2905">
    <p class='ocr_par' dir='ltr' id='par_1_29' title="bbox 462 2817 3700 2905">
     <span class='ocr_line' id='line_1_29' title="bbox 462 2817 3700 2905; baseline -0.001 -18"><span class='ocrx_word' id='word_1_424' title='bbox 462 2847 675 2898; x_wconf 79' lang='lat' dir='ltr'>sumus,</span> <span class='ocrx_word' id='word_1_425' title='bbox 718 2849 890 2903; x_wconf 86' lang='lat' dir='ltr'>quam</span> <span class='ocrx_word' id='word_1_426' title='bbox 929 2848 1096 2903; x_wconf 86' lang='lat' dir='ltr'>opere</span> <span class='ocrx_word' id='word_1_427' title='bbox 1137 2831 1350 2885; x_wconf 87' lang='lat' dir='ltr'>salvati.</span> <span class='ocrx_word' id='word_1_428' title='bbox 1386 2831 1537 2884; x_wconf 83' lang='lat' dir='ltr'>Nihil</span> <span class='ocrx_word' id='word_1_429' title='bbox 1567 2831 1718 2899; x_wconf 81' lang='lat' dir='ltr'>enim</span> <span class='ocrx_word' id='word_1_430' title='bbox 1757 2849 2056 2902; x_wconf 86' lang='lat' dir='ltr'>possumus</span> <span class='ocrx_word' id='word_1_431' title='bbox 2136 2835 2386 2889; x_wconf 79' lang='lat' dir='ltr'>futurum</span> <span class='ocrx_word' id='word_1_432' title='bbox 2419 2835 2676 2905; x_wconf 87' lang='lat' dir='ltr'>sequitur</span> <span class='ocrx_word' id='word_1_433' title='bbox 2703 2842 2760 2889; x_wconf 89' lang='lat' dir='ltr'>et</span> <span class='ocrx_word' id='word_1_434' title='bbox 2779 2835 2952 2888; x_wconf 88' lang='lat' dir='ltr'>dicit:</span> <span class='ocrx_word' id='word_1_435' title='bbox 2986 2817 3372 2888; x_wconf 63' lang='lat' dir='ltr'>ut&#39;ostendcrct</span> <span class='ocrx_word' id='word_1_436' title='bbox 3405 2831 3464 2880; x_wconf 80' lang='lat' dir='ltr'>in</span> <span class='ocrx_word' id='word_1_437' title='bbox 3516 2820 3700 2876; x_wconf 68' lang='grc' dir='ltr'>διἐουῖίδ</span> 
     </span>
    </p>
   </div>
   <div class='ocr_carea' id='block_1_30' title="bbox 461 2909 3702 2994">
    <p class='ocr_par' dir='ltr' id='par_1_30' title="bbox 461 2909 3702 2994">
     <span class='ocr_line' id='line_1_30' title="bbox 461 2909 3702 2994; baseline -0.005 -16"><span class='ocrx_word' id='word_1_438' title='bbox 461 2922 578 2978; x_wconf 78' lang='lat' dir='ltr'>Deo</span> <span class='ocrx_word' id='word_1_439' title='bbox 599 2921 912 2988; x_wconf 72' lang='lat' dir='ltr'>retribuere</span> <span class='ocrx_word' id='word_1_440' title='bbox 932 2938 1033 2994; x_wconf 89' lang='lat' dir='ltr'>pro</span> <span class='ocrx_word' id='word_1_441' title='bbox 1054 2920 1314 2975; x_wconf 89' lang='lat' dir='ltr'>omnibus</span> <span class='ocrx_word' id='word_1_442' title='bbox 1335 2937 1458 2991; x_wconf 68' lang='lat' dir='ltr'>quae</span> <span class='ocrx_word' id='word_1_443' title='bbox 1477 2920 1738 2974; x_wconf 86' lang='lat' dir='ltr'>retribuit</span> <span class='ocrx_word' id='word_1_444' title='bbox 1769 2921 1948 2975; x_wconf 92' lang='lat' dir='ltr'>nobis.</span> <span class='ocrx_word' id='word_1_445' title='bbox 1990 2923 2057 2977; x_wconf 84' lang='lat' dir='ltr'>Et</span> <span class='ocrx_word' id='word_1_446' title='bbox 2137 2926 2641 2992; x_wconf 65' lang='lat' dir='ltr'>supervenientibus</span> <span class='ocrx_word' id='word_1_447' title='bbox 2676 2926 3020 2977; x_wconf 77' lang='lat' dir='ltr'>abundantes</span> <span class='ocrx_word' id='word_1_448' title='bbox 3047 2925 3277 2979; x_wconf 79' lang='lat' dir='ltr'>diuitias</span> <span class='ocrx_word' id='word_1_449' title='bbox 3304 2917 3494 2986; x_wconf 65' lang='lat' dir='ltr'>gratis:</span> <span class='ocrx_word' id='word_1_450' title='bbox 3526 2925 3626 2974; x_wconf 72' lang='lat' dir='ltr'>sua:</span> <span class='ocrx_word' id='word_1_451' title='bbox 3649 2909 3702 2960; x_wconf 73' lang='lat' dir='ltr'>in</span> 
     </span>
    </p>
   </div>
   <div class='ocr_carea' id='block_1_31' title="bbox 463 3001 3705 3081">
    <p class='ocr_par' dir='ltr' id='par_1_31' title="bbox 463 3001 3705 3081">
     <span class='ocr_line' id='line_1_31' title="bbox 463 3001 3705 3081; baseline -0.003 -15"><span class='ocrx_word' id='word_1_452' title='bbox 463 3010 911 3079; x_wconf 65' lang='lat' dir='ltr'>conresuseitavit</span> <span class='ocrx_word' id='word_1_453' title='bbox 949 3017 998 3064; x_wconf 80' lang='lat' dir='ltr'>et</span> <span class='ocrx_word' id='word_1_454' title='bbox 1062 3011 1340 3064; x_wconf 78' lang='lat' dir='ltr'>consedere</span> <span class='ocrx_word' id='word_1_455' title='bbox 1369 3013 1496 3076; x_wconf 81' lang='lat' dir='ltr'>fecit</span> <span class='ocrx_word' id='word_1_456' title='bbox 1552 3013 1614 3078; x_wconf 74' lang='lat' dir='ltr'>in</span> <span class='ocrx_word' id='word_1_457' title='bbox 1651 3013 1944 3065; x_wconf 71' lang='lat' dir='ltr'>cates-tibus</span> <span class='ocrx_word' id='word_1_458' title='bbox 1993 3015 2052 3065; x_wconf 85' lang='lat' dir='ltr'>in</span> <span class='ocrx_word' id='word_1_459' title='bbox 2082 3073 2116 3081; x_wconf 80' lang='lat'><strong>_</strong></span> <span class='ocrx_word' id='word_1_460' title='bbox 2141 3013 2377 3080; x_wconf 80' lang='lat' dir='ltr'>bonitate</span> <span class='ocrx_word' id='word_1_461' title='bbox 2403 3029 2567 3081; x_wconf 76' lang='lat' dir='ltr'>super</span> <span class='ocrx_word' id='word_1_462' title='bbox 2600 3029 2696 3066; x_wconf 82' lang='lat' dir='ltr'>nos</span> <span class='ocrx_word' id='word_1_463' title='bbox 2743 3016 2806 3066; x_wconf 84' lang='lat' dir='ltr'>in</span> <span class='ocrx_word' id='word_1_464' title='bbox 2849 3014 3062 3067; x_wconf 72' lang='lat' dir='ltr'>Christo</span> <span class='ocrx_word' id='word_1_465' title='bbox 3103 3013 3252 3065; x_wconf 83' lang='lat' dir='ltr'>Jesu.</span> <span class='ocrx_word' id='word_1_466' title='bbox 3285 3003 3477 3072; x_wconf 61' lang='lat' dir='ltr'>(Rieu)</span> <span class='ocrx_word' id='word_1_467' title='bbox 3510 3001 3705 3064; x_wconf 64' lang='lat' dir='ltr'>Quanta</span> 
     </span>
    </p>
   </div>
   <div class='ocr_carea' id='block_1_32' title="bbox 463 3073 3702 3173">
    <p class='ocr_par' dir='ltr' id='par_1_32' title="bbox 463 3073 3702 3173">
     <span class='ocr_line' id='line_1_32' title="bbox 463 3073 3702 3173; baseline -0.003 -17"><span class='ocrx_word' id='word_1_468' title='bbox 463 3073 677 3156; x_wconf 63' lang='lat' dir='ltr'>Enr-isto</span> <span class='ocrx_word' id='word_1_469' title='bbox 703 3073 850 3154; x_wconf 69' lang='lat' dir='ltr'>.tesu.</span> <span class='ocrx_word' id='word_1_470' title='bbox 883 3097 1112 3173; x_wconf 81' lang='lat' dir='ltr'>(Amer</span> <span class='ocrx_word' id='word_1_471' title='bbox 1137 3100 1256 3153; x_wconf 87' lang='lat' dir='ltr'>Hoc</span> <span class='ocrx_word' id='word_1_472' title='bbox 1275 3073 1429 3164; x_wconf 88' lang='lat' dir='ltr'>dicit,</span> <span class='ocrx_word' id='word_1_473' title='bbox 1455 3073 1602 3169; x_wconf 80' lang='lat' dir='ltr'>quod</span> <span class='ocrx_word' id='word_1_474' title='bbox 1641 3116 1813 3170; x_wconf 88' lang='lat' dir='ltr'>supra</span> <span class='ocrx_word' id='word_1_475' title='bbox 1841 3117 2054 3154; x_wconf 90' lang='lat' dir='ltr'>memo-</span> <span class='ocrx_word' id='word_1_476' title='bbox 2075 3073 2118 3131; x_wconf 72' lang='grc' dir='ltr'>Ο</span> <span class='ocrx_word' id='word_1_477' title='bbox 2139 3101 2213 3154; x_wconf 88' lang='lat' dir='ltr'>sit</span> <span class='ocrx_word' id='word_1_478' title='bbox 2241 3073 2497 3165; x_wconf 75' lang='lat' dir='ltr'>beneficii</span> <span class='ocrx_word' id='word_1_479' title='bbox 2527 3102 2856 3172; x_wconf 78' lang='lat' dir='ltr'>magnitudo</span> <span class='ocrx_word' id='word_1_480' title='bbox 2896 3107 2954 3154; x_wconf 87' lang='lat' dir='ltr'>et</span> <span class='ocrx_word' id='word_1_481' title='bbox 2989 3116 3158 3171; x_wconf 87' lang='lat' dir='ltr'>quam</span> <span class='ocrx_word' id='word_1_482' title='bbox 3192 3095 3476 3166; x_wconf 77' lang='lat' dir='ltr'>multiplex</span> <span class='ocrx_word' id='word_1_483' title='bbox 3525 3085 3702 3160; x_wconf 67' lang='lat' dir='ltr'>gratia.</span> 
     </span>
    </p>
   </div>
   <div class='ocr_carea' id='block_1_33' title="bbox 461 3175 3704 3262">
    <p class='ocr_par' dir='ltr' id='par_1_33' title="bbox 461 3175 3704 3262">
     <span class='ocr_line' id='line_1_33' title="bbox 461 3175 3704 3262; baseline -0.004 -18"><span class='ocrx_word' id='word_1_484' title='bbox 461 3189 599 3254; x_wconf 72' lang='lat' dir='ltr'>mi,</span> <span class='ocrx_word' id='word_1_485' title='bbox 621 3188 734 3243; x_wconf 79' lang='lat' dir='ltr'>illic</span> <span class='ocrx_word' id='word_1_486' title='bbox 752 3187 971 3244; x_wconf 84' lang='lat' dir='ltr'>futuros</span> <span class='ocrx_word' id='word_1_487' title='bbox 991 3191 1210 3242; x_wconf 86' lang='lat' dir='ltr'>sanctos</span> <span class='ocrx_word' id='word_1_488' title='bbox 1233 3188 1405 3242; x_wconf 88' lang='lat' dir='ltr'>etiam</span> <span class='ocrx_word' id='word_1_489' title='bbox 1442 3206 1507 3242; x_wconf 86' lang='lat' dir='ltr'>ex</span> <span class='ocrx_word' id='word_1_490' title='bbox 1554 3189 1836 3258; x_wconf 85' lang='lat' dir='ltr'>gentibus,</span> <span class='ocrx_word' id='word_1_491' title='bbox 1872 3189 1966 3243; x_wconf 86' lang='lat' dir='ltr'>ubi</span> <span class='ocrx_word' id='word_1_492' title='bbox 2003 3195 2060 3244; x_wconf 89' lang='lat' dir='ltr'>et</span> <span class='ocrx_word' id='word_1_493' title='bbox 2141 3207 2251 3262; x_wconf 86' lang='lat' dir='ltr'>qua</span> <span class='ocrx_word' id='word_1_494' title='bbox 2286 3207 2389 3244; x_wconf 90' lang='lat' dir='ltr'>nos</span> <span class='ocrx_word' id='word_1_495' title='bbox 2435 3190 2657 3244; x_wconf 89' lang='lat' dir='ltr'>Domini</span> <span class='ocrx_word' id='word_1_496' title='bbox 2705 3192 2774 3244; x_wconf 90' lang='lat' dir='ltr'>de</span> <span class='ocrx_word' id='word_1_497' title='bbox 2801 3190 2987 3246; x_wconf 62' lang='lat' dir='ltr'>seculi</span> <span class='ocrx_word' id='word_1_498' title='bbox 3034 3189 3200 3244; x_wconf 85' lang='lat' dir='ltr'>istius</span> <span class='ocrx_word' id='word_1_499' title='bbox 3226 3175 3704 3260; x_wconf 79' lang='lat' dir='ltr'>perturbationibus</span> 
     </span>
    </p>
   </div>
   <div class='ocr_carea' id='block_1_34' title="bbox 463 3263 3707 3349">
    <p class='ocr_par' dir='ltr' id='par_1_34' title="bbox 463 3263 3707 3349">
     <span class='ocr_line' id='line_1_34' title="bbox 463 3263 3707 3349; baseline -0.003 -17"><span class='ocrx_word' id='word_1_500' title='bbox 463 3277 718 3333; x_wconf 75' lang='lat' dir='ltr'>Christus</span> <span class='ocrx_word' id='word_1_501' title='bbox 734 3284 822 3332; x_wconf 89' lang='lat' dir='ltr'>est</span> <span class='ocrx_word' id='word_1_502' title='bbox 834 3283 1002 3348; x_wconf 87' lang='lat' dir='ltr'>caput</span> <span class='ocrx_word' id='word_1_503' title='bbox 1021 3293 1234 3332; x_wconf 87' lang='lat' dir='ltr'>eorum.</span> <span class='ocrx_word' id='word_1_504' title='bbox 1259 3279 1452 3345; x_wconf 58' lang='lat' dir='ltr'>(Hicin)</span> <span class='ocrx_word' id='word_1_505' title='bbox 1471 3277 1894 3349; x_wconf 86' lang='lat' dir='ltr'>Supradixerat,</span> <span class='ocrx_word' id='word_1_506' title='bbox 1911 3280 2058 3348; x_wconf 90' lang='lat' dir='ltr'>quod</span> <span class='ocrx_word' id='word_1_507' title='bbox 2139 3280 2405 3334; x_wconf 87' lang='lat' dir='ltr'>liberatos</span> <span class='ocrx_word' id='word_1_508' title='bbox 2433 3280 2627 3334; x_wconf 87' lang='lat' dir='ltr'>sedere</span> <span class='ocrx_word' id='word_1_509' title='bbox 2667 3280 2796 3334; x_wconf 85' lang='lat' dir='ltr'>fecit</span> <span class='ocrx_word' id='word_1_510' title='bbox 2825 3287 2881 3332; x_wconf 88' lang='lat' dir='ltr'>et</span> <span class='ocrx_word' id='word_1_511' title='bbox 2907 3295 3145 3348; x_wconf 80' lang='lat' dir='ltr'>regnare</span> <span class='ocrx_word' id='word_1_512' title='bbox 3177 3293 3306 3332; x_wconf 89' lang='lat' dir='ltr'>cum</span> <span class='ocrx_word' id='word_1_513' title='bbox 3337 3271 3566 3328; x_wconf 87' lang='lat' dir='ltr'>Christo.</span> <span class='ocrx_word' id='word_1_514' title='bbox 3597 3263 3707 3317; x_wconf 80' lang='lat' dir='ltr'>hinc</span> 
     </span>
    </p>
   </div>
   <div class='ocr_carea' id='block_1_35' title="bbox 461 3357 3708 3440">
    <p class='ocr_par' dir='ltr' id='par_1_35' title="bbox 461 3357 3708 3440">
     <span class='ocr_line' id='line_1_35' title="bbox 461 3357 3708 3440; baseline -0.002 -19"><span class='ocrx_word' id='word_1_515' title='bbox 461 3367 612 3422; x_wconf 73' lang='lat' dir='ltr'>Belis</span> <span class='ocrx_word' id='word_1_516' title='bbox 627 3367 980 3433; x_wconf 79' lang='lat' dir='ltr'>suscitaverit</span> <span class='ocrx_word' id='word_1_517' title='bbox 1002 3367 1289 3420; x_wconf 86' lang='lat' dir='ltr'>Christum</span> <span class='ocrx_word' id='word_1_518' title='bbox 1323 3384 1358 3420; x_wconf 90' lang='lat' dir='ltr'>a</span> <span class='ocrx_word' id='word_1_519' title='bbox 1378 3367 1634 3430; x_wconf 87' lang='lat' dir='ltr'>mortuis,</span> <span class='ocrx_word' id='word_1_520' title='bbox 1668 3373 1726 3420; x_wconf 88' lang='lat' dir='ltr'>et</span> <span class='ocrx_word' id='word_1_521' title='bbox 1753 3368 1948 3421; x_wconf 89' lang='lat' dir='ltr'>sedere</span> <span class='ocrx_word' id='word_1_522' title='bbox 1977 3367 2060 3421; x_wconf 81' lang='lat' dir='ltr'>fe-</span> <span class='ocrx_word' id='word_1_523' title='bbox 2145 3369 2226 3422; x_wconf 88' lang='lat' dir='ltr'>vel</span> <span class='ocrx_word' id='word_1_524' title='bbox 2253 3369 2496 3423; x_wconf 85' lang='lat' dir='ltr'>maxime</span> <span class='ocrx_word' id='word_1_525' title='bbox 2519 3368 2932 3440; x_wconf 87' lang='lat' dir='ltr'>comprobatur,</span> <span class='ocrx_word' id='word_1_526' title='bbox 2953 3368 3173 3439; x_wconf 88' lang='lat' dir='ltr'>quodin</span> <span class='ocrx_word' id='word_1_527' title='bbox 3186 3357 3708 3420; x_wconf 65' lang='lat' dir='ltr'>futurissaculismn</span> 
     </span>
    </p>
   </div>
   <div class='ocr_carea' id='block_1_36' title="bbox 459 3449 3710 3526">
    <p class='ocr_par' dir='ltr' id='par_1_36' title="bbox 459 3449 3710 3526">
     <span class='ocr_line' id='line_1_36' title="bbox 459 3449 3710 3526; baseline -0.005 -16"><span class='ocrx_word' id='word_1_528' title='bbox 459 3455 602 3510; x_wconf 71' lang='lat' dir='ltr'>serit</span> <span class='ocrx_word' id='word_1_529' title='bbox 620 3455 690 3524; x_wconf 74' lang='lat' dir='ltr'>ad</span> <span class='ocrx_word' id='word_1_530' title='bbox 711 3456 998 3510; x_wconf 80' lang='lat' dir='ltr'>dexteram</span> <span class='ocrx_word' id='word_1_531' title='bbox 1020 3471 1182 3510; x_wconf 86' lang='lat' dir='ltr'>suam</span> <span class='ocrx_word' id='word_1_532' title='bbox 1203 3455 1261 3509; x_wconf 88' lang='lat' dir='ltr'>in</span> <span class='ocrx_word' id='word_1_533' title='bbox 1292 3455 1612 3510; x_wconf 73' lang='lat' dir='ltr'>cmlestibus</span> <span class='ocrx_word' id='word_1_534' title='bbox 1639 3472 1810 3526; x_wconf 79' lang='lat' dir='ltr'>supra</span> <span class='ocrx_word' id='word_1_535' title='bbox 1835 3472 2060 3511; x_wconf 90' lang='lat' dir='ltr'>omnem</span> <span class='ocrx_word' id='word_1_536' title='bbox 2141 3458 2258 3524; x_wconf 90' lang='lat' dir='ltr'>uni,</span> <span class='ocrx_word' id='word_1_537' title='bbox 2283 3459 2380 3512; x_wconf 86' lang='lat' dir='ltr'>sed</span> <span class='ocrx_word' id='word_1_538' title='bbox 2412 3458 2672 3512; x_wconf 89' lang='lat' dir='ltr'>omnibus</span> <span class='ocrx_word' id='word_1_539' title='bbox 2701 3474 2862 3512; x_wconf 88' lang='lat' dir='ltr'>suam</span> <span class='ocrx_word' id='word_1_540' title='bbox 2882 3457 3097 3520; x_wconf 82' lang='lat' dir='ltr'>cunctis</span> <span class='ocrx_word' id='word_1_541' title='bbox 3125 3449 3550 3510; x_wconf 38' lang='lat' dir='ltr'>rationa‘bilibus</span> <span class='ocrx_word' id='word_1_542' title='bbox 3575 3455 3710 3496; x_wconf 84' lang='lat' dir='ltr'>crea-</span> 
     </span>
    </p>
   </div>
   <div class='ocr_carea' id='block_1_37' title="bbox 461 3527 3713 3618">
    <p class='ocr_par' dir='ltr' id='par_1_37' title="bbox 461 3527 3713 3618">
     <span class='ocr_line' id='line_1_37' title="bbox 461 3527 3713 3618; baseline -0.004 -20"><span class='ocrx_word' id='word_1_543' title='bbox 461 3544 838 3616; x_wconf 74' lang='lat' dir='ltr'>princip&#39;atum</span> <span class='ocrx_word' id='word_1_544' title='bbox 861 3551 920 3598; x_wconf 90' lang='lat' dir='ltr'>et</span> <span class='ocrx_word' id='word_1_545' title='bbox 938 3548 1274 3617; x_wconf 88' lang='lat' dir='ltr'>potestatem</span> <span class='ocrx_word' id='word_1_546' title='bbox 1293 3551 1350 3598; x_wconf 91' lang='lat' dir='ltr'>et</span> <span class='ocrx_word' id='word_1_547' title='bbox 1370 3544 1634 3598; x_wconf 83' lang='lat' dir='ltr'>virtutem</span> <span class='ocrx_word' id='word_1_548' title='bbox 1657 3551 1713 3598; x_wconf 91' lang='lat' dir='ltr'>et</span> <span class='ocrx_word' id='word_1_549' title='bbox 1729 3545 2062 3600; x_wconf 89' lang='lat' dir='ltr'>dominatio—</span> <span class='ocrx_word' id='word_1_550' title='bbox 2139 3547 2286 3602; x_wconf 90' lang='lat' dir='ltr'>turis</span> <span class='ocrx_word' id='word_1_551' title='bbox 2315 3564 2486 3618; x_wconf 88' lang='lat' dir='ltr'>super</span> <span class='ocrx_word' id='word_1_552' title='bbox 2508 3564 2609 3601; x_wconf 91' lang='lat' dir='ltr'>nos</span> <span class='ocrx_word' id='word_1_553' title='bbox 2639 3554 2968 3602; x_wconf 87' lang='lat' dir='ltr'>ostensurus</span> <span class='ocrx_word' id='word_1_554' title='bbox 2991 3553 3077 3600; x_wconf 90' lang='lat' dir='ltr'>est</span> <span class='ocrx_word' id='word_1_555' title='bbox 3094 3545 3342 3616; x_wconf 87' lang='lat' dir='ltr'>gloriam</span> <span class='ocrx_word' id='word_1_556' title='bbox 3357 3551 3586 3606; x_wconf 87' lang='lat' dir='ltr'>suasque</span> <span class='ocrx_word' id='word_1_557' title='bbox 3599 3527 3713 3584; x_wconf 79' lang='lat' dir='ltr'>divi-</span> 
     </span>
    </p>
   </div>
   <div class='ocr_carea' id='block_1_38' title="bbox 2141 3624 3714 3707">
    <p class='ocr_par' dir='ltr' id='par_1_38' title="bbox 2141 3624 3714 3707">
     <span class='ocr_line' id='line_1_38' title="bbox 2141 3624 3714 3707; baseline -0.008 -17"><span class='ocrx_word' id='word_1_558' title='bbox 2141 3635 2249 3690; x_wconf 87' lang='lat' dir='ltr'>tias</span> <span class='ocrx_word' id='word_1_559' title='bbox 2277 3643 2720 3704; x_wconf 84' lang='lat' dir='ltr'>monstraturus;</span> <span class='ocrx_word' id='word_1_560' title='bbox 2755 3637 2902 3707; x_wconf 90' lang='lat' dir='ltr'>quod</span> <span class='ocrx_word' id='word_1_561' title='bbox 2935 3651 3055 3700; x_wconf 91' lang='lat' dir='ltr'>nos,</span> <span class='ocrx_word' id='word_1_562' title='bbox 3091 3635 3186 3705; x_wconf 88' lang='lat' dir='ltr'>qui</span> <span class='ocrx_word' id='word_1_563' title='bbox 3213 3629 3492 3705; x_wconf 82' lang='lat' dir='ltr'>quondam</span> <span class='ocrx_word' id='word_1_564' title='bbox 3513 3625 3625 3692; x_wconf 83' lang='lat' dir='ltr'>lege</span> <span class='ocrx_word' id='word_1_565' title='bbox 3649 3624 3714 3672; x_wconf 71' lang='lat' dir='ltr'>t0-</span> 
     </span>
    </p>
   </div>
   <div class='ocr_carea' id='block_1_39' title="bbox 2140 3709 3716 3796">
    <p class='ocr_par' dir='ltr' id='par_1_39' title="bbox 2140 3709 3716 3796">
     <span class='ocr_line' id='line_1_39' title="bbox 2140 3709 3716 3796; baseline -0.003 -18"><span class='ocrx_word' id='word_1_566' title='bbox 2140 3725 2416 3779; x_wconf 88' lang='lat' dir='ltr'>nebamur</span> <span class='ocrx_word' id='word_1_567' title='bbox 2442 3726 2664 3792; x_wconf 85' lang='lat' dir='ltr'>inferni,</span> <span class='ocrx_word' id='word_1_568' title='bbox 2699 3731 2756 3778; x_wconf 92' lang='lat' dir='ltr'>et</span> <span class='ocrx_word' id='word_1_569' title='bbox 2785 3731 3015 3796; x_wconf 89' lang='lat' dir='ltr'>propter</span> <span class='ocrx_word' id='word_1_570' title='bbox 3044 3723 3184 3776; x_wconf 89' lang='lat' dir='ltr'>vitia</span> <span class='ocrx_word' id='word_1_571' title='bbox 3216 3729 3386 3792; x_wconf 84' lang='lat' dir='ltr'>atque</span> <span class='ocrx_word' id='word_1_572' title='bbox 3415 3718 3642 3788; x_wconf 56' lang='lat' dir='ltr'>peccata:</span> <span class='ocrx_word' id='word_1_573' title='bbox 3661 3709 3716 3796; x_wconf 62' lang='lat' dir='ltr'>lit</span> 
     </span>
    </p>
   </div>
   <div class='ocr_carea' id='block_1_40' title="bbox 2142 3795 3714 3884">
    <p class='ocr_par' dir='ltr' id='par_1_40' title="bbox 2142 3795 3714 3884">
     <span class='ocr_line' id='line_1_40' title="bbox 2142 3795 3714 3884; baseline -0.01 -18"><span class='ocrx_word' id='word_1_574' title='bbox 2142 3813 2404 3884; x_wconf 88' lang='lat' dir='ltr'>operibus</span> <span class='ocrx_word' id='word_1_575' title='bbox 2431 3814 2634 3881; x_wconf 87' lang='lat' dir='ltr'>carnis,</span> <span class='ocrx_word' id='word_1_576' title='bbox 2667 3815 2748 3869; x_wconf 86' lang='lat' dir='ltr'>ita</span> <span class='ocrx_word' id='word_1_577' title='bbox 2768 3795 2994 3868; x_wconf 86' lang='lat' dir='ltr'>eramus</span> <span class='ocrx_word' id='word_1_578' title='bbox 3023 3819 3080 3866; x_wconf 86' lang='lat' dir='ltr'>et</span> <span class='ocrx_word' id='word_1_579' title='bbox 3109 3808 3372 3883; x_wconf 87' lang='lat' dir='ltr'>supplicii</span> <span class='ocrx_word' id='word_1_580' title='bbox 3441 3795 3714 3859; x_wconf 76' lang='lat' dir='ltr'>destinati;</span> 
     </span>
    </p>
   </div>
   <div class='ocr_carea' id='block_1_41' title="bbox 2141 3898 3712 3973">
    <p class='ocr_par' dir='ltr' id='par_1_41' title="bbox 2141 3898 3712 3973">
     <span class='ocr_line' id='line_1_41' title="bbox 2141 3898 3712 3973; baseline -0.006 -18"><span class='ocrx_word' id='word_1_581' title='bbox 2141 3918 2292 3956; x_wconf 89' lang='lat' dir='ltr'>nunc</span> <span class='ocrx_word' id='word_1_582' title='bbox 2322 3903 2380 3956; x_wconf 86' lang='lat' dir='ltr'>in</span> <span class='ocrx_word' id='word_1_583' title='bbox 2415 3903 2638 3957; x_wconf 88' lang='lat' dir='ltr'>Christo</span> <span class='ocrx_word' id='word_1_584' title='bbox 2666 3919 2986 3973; x_wconf 88' lang='lat' dir='ltr'>regnemus,</span> <span class='ocrx_word' id='word_1_585' title='bbox 3029 3901 3442 3968; x_wconf 85' lang='lat' dir='ltr'>sedeamusque</span> <span class='ocrx_word' id='word_1_586' title='bbox 3486 3905 3604 3946; x_wconf 86' lang='lat' dir='ltr'>cum</span> <span class='ocrx_word' id='word_1_587' title='bbox 3639 3898 3712 3946; x_wconf 72' lang='grc' dir='ltr'>θοι</span> 
     </span>
    </p>
   </div>
   <div class='ocr_carea' id='block_1_42' title="bbox 2140 3978 3716 4062">
    <p class='ocr_par' dir='ltr' id='par_1_42' title="bbox 2140 3978 3716 4062">
     <span class='ocr_line' id='line_1_42' title="bbox 2140 3978 3716 4062; baseline -0.008 -18"><span class='ocrx_word' id='word_1_588' title='bbox 2140 3991 2437 4046; x_wconf 87' lang='lat' dir='ltr'>sedeamus</span> <span class='ocrx_word' id='word_1_589' title='bbox 2463 4009 2576 4046; x_wconf 90' lang='lat' dir='ltr'>non</span> <span class='ocrx_word' id='word_1_590' title='bbox 2605 3993 2664 4046; x_wconf 89' lang='lat' dir='ltr'>in</span> <span class='ocrx_word' id='word_1_591' title='bbox 2693 3992 2893 4046; x_wconf 89' lang='lat' dir='ltr'>humili</span> <span class='ocrx_word' id='word_1_592' title='bbox 2923 4005 3260 4062; x_wconf 85' lang='lat' dir='ltr'>quocunque</span> <span class='ocrx_word' id='word_1_593' title='bbox 3279 3989 3418 4048; x_wconf 89' lang='lat' dir='ltr'>loco,</span> <span class='ocrx_word' id='word_1_594' title='bbox 3450 3979 3543 4036; x_wconf 89' lang='lat' dir='ltr'>sed</span> <span class='ocrx_word' id='word_1_595' title='bbox 3569 3978 3716 4044; x_wconf 73' lang='lat' dir='ltr'>super</span> 
     </span>
    </p>
   </div>
   <div class='ocr_carea' id='block_1_43' title="bbox 458 3633 2058 3704">
    <p class='ocr_par' dir='ltr' id='par_1_43' title="bbox 458 3633 2058 3704">
     <span class='ocr_line' id='line_1_43' title="bbox 458 3633 2058 3704; baseline 0.001 -16"><span class='ocrx_word' id='word_1_596' title='bbox 458 3649 590 3688; x_wconf 86' lang='lat' dir='ltr'>nem</span> <span class='ocrx_word' id='word_1_597' title='bbox 617 3633 675 3688; x_wconf 83' lang='lat' dir='ltr'>et</span> <span class='ocrx_word' id='word_1_598' title='bbox 692 3650 859 3688; x_wconf 86' lang='lat' dir='ltr'>omne</span> <span class='ocrx_word' id='word_1_599' title='bbox 879 3635 1104 3700; x_wconf 79' lang='lat' dir='ltr'>nomen,</span> <span class='ocrx_word' id='word_1_600' title='bbox 1131 3633 1279 3704; x_wconf 90' lang='lat' dir='ltr'>quod</span> <span class='ocrx_word' id='word_1_601' title='bbox 1301 3633 1644 3694; x_wconf 87' lang='lat' dir='ltr'>nominatur,</span> <span class='ocrx_word' id='word_1_602' title='bbox 1666 3651 1778 3688; x_wconf 90' lang='lat' dir='ltr'>non</span> <span class='ocrx_word' id='word_1_603' title='bbox 1800 3635 1982 3688; x_wconf 89' lang='lat' dir='ltr'>solum</span> <span class='ocrx_word' id='word_1_604' title='bbox 1999 3635 2058 3689; x_wconf 89' lang='lat' dir='ltr'>in</span> 
     </span>
    </p>
   </div>
   <div class='ocr_carea' id='block_1_44' title="bbox 459 3720 2054 3789">
    <p class='ocr_par' dir='ltr' id='par_1_44' title="bbox 459 3720 2054 3789">
     <span class='ocr_line' id='line_1_44' title="bbox 459 3720 2054 3789; baseline 0.002 -12"><span class='ocrx_word' id='word_1_605' title='bbox 459 3722 566 3777; x_wconf 86' lang='lat' dir='ltr'>hoc</span> <span class='ocrx_word' id='word_1_606' title='bbox 585 3723 808 3789; x_wconf 64' lang='lat' dir='ltr'>saeculo,</span> <span class='ocrx_word' id='word_1_607' title='bbox 833 3723 930 3776; x_wconf 88' lang='lat' dir='ltr'>sed</span> <span class='ocrx_word' id='word_1_608' title='bbox 953 3723 1120 3776; x_wconf 86' lang='lat' dir='ltr'>etiam</span> <span class='ocrx_word' id='word_1_609' title='bbox 1143 3721 1202 3775; x_wconf 90' lang='lat' dir='ltr'>in</span> <span class='ocrx_word' id='word_1_610' title='bbox 1239 3720 1450 3788; x_wconf 81' lang='lat' dir='ltr'>futuro,</span> <span class='ocrx_word' id='word_1_611' title='bbox 1485 3739 1634 3776; x_wconf 90' lang='lat' dir='ltr'>nunc</span> <span class='ocrx_word' id='word_1_612' title='bbox 1665 3740 1794 3777; x_wconf 90' lang='lat' dir='ltr'>vero</span> <span class='ocrx_word' id='word_1_613' title='bbox 1821 3723 2054 3787; x_wconf 82' lang='lat' dir='ltr'>addidit.</span> 
     </span>
    </p>
   </div>
   <div class='ocr_carea' id='block_1_45' title="bbox 463 3811 2058 3882">
    <p class='ocr_par' dir='ltr' id='par_1_45' title="bbox 463 3811 2058 3882">
     <span class='ocr_line' id='line_1_45' title="bbox 463 3811 2058 3882; baseline 0 -16"><span class='ocrx_word' id='word_1_614' title='bbox 463 3811 598 3882; x_wconf 77' lang='lat' dir='ltr'>quia</span> <span class='ocrx_word' id='word_1_615' title='bbox 615 3813 672 3866; x_wconf 88' lang='lat' dir='ltr'>et</span> <span class='ocrx_word' id='word_1_616' title='bbox 685 3829 789 3866; x_wconf 89' lang='lat' dir='ltr'>nos</span> <span class='ocrx_word' id='word_1_617' title='bbox 815 3811 1168 3873; x_wconf 79' lang='lat' dir='ltr'>suscitaverit</span> <span class='ocrx_word' id='word_1_618' title='bbox 1187 3826 1316 3864; x_wconf 91' lang='lat' dir='ltr'>cum</span> <span class='ocrx_word' id='word_1_619' title='bbox 1355 3827 1420 3864; x_wconf 91' lang='lat' dir='ltr'>eo</span> <span class='ocrx_word' id='word_1_620' title='bbox 1457 3817 1516 3865; x_wconf 89' lang='lat' dir='ltr'>et</span> <span class='ocrx_word' id='word_1_621' title='bbox 1554 3812 1748 3866; x_wconf 84' lang='lat' dir='ltr'>sedere</span> <span class='ocrx_word' id='word_1_622' title='bbox 1777 3812 1972 3866; x_wconf 81' lang='lat' dir='ltr'>fecerit</span> <span class='ocrx_word' id='word_1_623' title='bbox 2000 3813 2058 3866; x_wconf 90' lang='lat' dir='ltr'>in</span> 
     </span>
    </p>
   </div>
   <div class='ocr_carea' id='block_1_46' title="bbox 460 3900 2060 3970">
    <p class='ocr_par' dir='ltr' id='par_1_46' title="bbox 460 3900 2060 3970">
     <span class='ocr_line' id='line_1_46' title="bbox 460 3900 2060 3970; baseline 0 -15"><span class='ocrx_word' id='word_1_624' title='bbox 460 3901 780 3969; x_wconf 75' lang='lat' dir='ltr'>cmlestibus</span> <span class='ocrx_word' id='word_1_625' title='bbox 804 3901 875 3954; x_wconf 87' lang='lat' dir='ltr'>ad</span> <span class='ocrx_word' id='word_1_626' title='bbox 907 3901 1196 3963; x_wconf 80' lang='lat' dir='ltr'>dexteram</span> <span class='ocrx_word' id='word_1_627' title='bbox 1219 3917 1400 3966; x_wconf 81' lang='lat' dir='ltr'>suam.</span> <span class='ocrx_word' id='word_1_628' title='bbox 1427 3900 1710 3970; x_wconf 77' lang='lat' dir='ltr'>Quaeritur</span> <span class='ocrx_word' id='word_1_629' title='bbox 1735 3917 1886 3970; x_wconf 85' lang='lat' dir='ltr'>ergo,</span> <span class='ocrx_word' id='word_1_630' title='bbox 1921 3917 2060 3970; x_wconf 88' lang='lat' dir='ltr'>quo-</span> 
     </span>
    </p>
   </div>
   <div class='ocr_carea' id='block_1_47' title="bbox 459 3988 2059 4059">
    <p class='ocr_par' dir='ltr' id='par_1_47' title="bbox 459 3988 2059 4059">
     <span class='ocr_line' id='line_1_47' title="bbox 459 3988 2059 4059; baseline 0 -16"><span class='ocrx_word' id='word_1_631' title='bbox 459 3989 627 4044; x_wconf 80' lang='lat' dir='ltr'>modo</span> <span class='ocrx_word' id='word_1_632' title='bbox 655 3989 804 4043; x_wconf 88' lang='lat' dir='ltr'>Deus</span> <span class='ocrx_word' id='word_1_633' title='bbox 849 3989 945 4059; x_wconf 88' lang='lat' dir='ltr'>qui</span> <span class='ocrx_word' id='word_1_634' title='bbox 974 4005 1076 4043; x_wconf 88' lang='lat' dir='ltr'>nos</span> <span class='ocrx_word' id='word_1_635' title='bbox 1106 3989 1288 4042; x_wconf 86' lang='lat' dir='ltr'>salvos</span> <span class='ocrx_word' id='word_1_636' title='bbox 1315 3988 1447 4044; x_wconf 87' lang='lat' dir='ltr'>fecit</span> <span class='ocrx_word' id='word_1_637' title='bbox 1477 3995 1533 4043; x_wconf 90' lang='lat' dir='ltr'>et</span> <span class='ocrx_word' id='word_1_638' title='bbox 1562 3988 1853 4046; x_wconf 84' lang='lat' dir='ltr'>suscitavit</span> <span class='ocrx_word' id='word_1_639' title='bbox 1892 3989 2059 4056; x_wconf 84' lang='lat' dir='ltr'>simul</span> 
     </span>
    </p>
   </div>
   <div class='ocr_carea' id='block_1_48' title="bbox 458 4067 3713 4152">
    <p class='ocr_par' dir='ltr' id='par_1_48' title="bbox 458 4067 3713 4152">
     <span class='ocr_line' id='line_1_48' title="bbox 458 4067 3713 4152; baseline -0.004 -22"><span class='ocrx_word' id='word_1_640' title='bbox 458 4077 654 4132; x_wconf 80' lang='lat' dir='ltr'>fecerit</span> <span class='ocrx_word' id='word_1_641' title='bbox 673 4077 872 4130; x_wconf 80' lang='lat' dir='ltr'>sedere</span> <span class='ocrx_word' id='word_1_642' title='bbox 887 4093 1014 4132; x_wconf 88' lang='lat' dir='ltr'>cum</span> <span class='ocrx_word' id='word_1_643' title='bbox 1030 4077 1271 4130; x_wconf 89' lang='lat' dir='ltr'>Christo.</span> <span class='ocrx_word' id='word_1_644' title='bbox 1299 4077 1368 4132; x_wconf 89' lang='lat' dir='ltr'>Et</span> <span class='ocrx_word' id='word_1_645' title='bbox 1379 4077 1736 4148; x_wconf 81' lang='lat' dir='ltr'>quidem,qui</span> <span class='ocrx_word' id='word_1_646' title='bbox 1749 4077 2057 4149; x_wconf 88' lang='lat' dir='ltr'>simplicius</span> <span class='ocrx_word' id='word_1_647' title='bbox 2141 4096 2364 4135; x_wconf 88' lang='lat' dir='ltr'>omnem</span> <span class='ocrx_word' id='word_1_648' title='bbox 2384 4081 2762 4152; x_wconf 88' lang='lat' dir='ltr'>principatum</span> <span class='ocrx_word' id='word_1_649' title='bbox 2791 4085 2848 4134; x_wconf 91' lang='lat' dir='ltr'>et</span> <span class='ocrx_word' id='word_1_650' title='bbox 2886 4085 3246 4152; x_wconf 78' lang='lat' dir='ltr'>potestatem,</span> <span class='ocrx_word' id='word_1_651' title='bbox 3281 4083 3340 4131; x_wconf 86' lang='lat' dir='ltr'>et</span> <span class='ocrx_word' id='word_1_652' title='bbox 3368 4073 3637 4129; x_wconf 83' lang='lat' dir='ltr'>virtutem,</span> <span class='ocrx_word' id='word_1_653' title='bbox 3666 4067 3713 4115; x_wconf 74' lang='lat' dir='ltr'>et</span> 
     </span>
    </p>
   </div>
   <div class='ocr_carea' id='block_1_49' title="bbox 460 4162 3706 4239">
    <p class='ocr_par' dir='ltr' id='par_1_49' title="bbox 460 4162 3706 4239">
     <span class='ocr_line' id='line_1_49' title="bbox 460 4162 3706 4239; baseline -0.002 -19"><span class='ocrx_word' id='word_1_654' title='bbox 460 4171 548 4220; x_wconf 77' lang='lat' dir='ltr'>est</span> <span class='ocrx_word' id='word_1_655' title='bbox 591 4173 980 4236; x_wconf 83' lang='lat' dir='ltr'>responsurus,</span> <span class='ocrx_word' id='word_1_656' title='bbox 1012 4166 1118 4219; x_wconf 87' lang='lat' dir='ltr'>hoc</span> <span class='ocrx_word' id='word_1_657' title='bbox 1144 4165 1362 4230; x_wconf 82' lang='lat' dir='ltr'>asserit,</span> <span class='ocrx_word' id='word_1_658' title='bbox 1397 4165 1544 4236; x_wconf 89' lang='lat' dir='ltr'>quod</span> <span class='ocrx_word' id='word_1_659' title='bbox 1568 4167 1729 4236; x_wconf 85' lang='lat' dir='ltr'>juxta</span> <span class='ocrx_word' id='word_1_660' title='bbox 1757 4167 2053 4238; x_wconf 67' lang='lat' dir='ltr'>praescien-</span> <span class='ocrx_word' id='word_1_661' title='bbox 2133 4168 2844 4239; x_wconf 52' lang='lat' dir='ltr'>dominationem,etfomne</span> <span class='ocrx_word' id='word_1_662' title='bbox 2858 4186 3082 4234; x_wconf 86' lang='lat' dir='ltr'>nomen,</span> <span class='ocrx_word' id='word_1_663' title='bbox 3103 4168 3254 4238; x_wconf 88' lang='lat' dir='ltr'>quod</span> <span class='ocrx_word' id='word_1_664' title='bbox 3267 4162 3706 4221; x_wconf 59' lang='lat' dir='ltr'>nominaturmon</span> 
     </span>
    </p>
   </div>
   <div class='ocr_carea' id='block_1_50' title="bbox 457 4239 3709 4334">
    <p class='ocr_par' dir='ltr' id='par_1_50' title="bbox 457 4239 3709 4334">
     <span class='ocr_line' id='line_1_50' title="bbox 457 4239 3709 4334; baseline -0.002 -26"><span class='ocrx_word' id='word_1_665' title='bbox 457 4253 716 4308; x_wconf 77' lang='lat' dir='ltr'>tiamDei</span> <span class='ocrx_word' id='word_1_666' title='bbox 735 4253 793 4308; x_wconf 89' lang='lat' dir='ltr'>id</span> <span class='ocrx_word' id='word_1_667' title='bbox 817 4254 964 4324; x_wconf 85' lang='lat' dir='ltr'>quod</span> <span class='ocrx_word' id='word_1_668' title='bbox 986 4253 1238 4308; x_wconf 85' lang='lat' dir='ltr'>futurum</span> <span class='ocrx_word' id='word_1_669' title='bbox 1257 4260 1359 4317; x_wconf 89' lang='lat' dir='ltr'>est,</span> <span class='ocrx_word' id='word_1_670' title='bbox 1375 4254 1533 4323; x_wconf 90' lang='lat' dir='ltr'>quasi</span> <span class='ocrx_word' id='word_1_671' title='bbox 1552 4254 1762 4309; x_wconf 87' lang='lat' dir='ltr'>factum</span> <span class='ocrx_word' id='word_1_672' title='bbox 1789 4272 1910 4308; x_wconf 87' lang='lat' dir='ltr'>esse</span> <span class='ocrx_word' id='word_1_673' title='bbox 1933 4257 2052 4325; x_wconf 82' lang='lat' dir='ltr'>jam</span> <span class='ocrx_word' id='word_1_674' title='bbox 2134 4258 2315 4311; x_wconf 88' lang='lat' dir='ltr'>solum</span> <span class='ocrx_word' id='word_1_675' title='bbox 2341 4259 2398 4311; x_wconf 92' lang='lat' dir='ltr'>in</span> <span class='ocrx_word' id='word_1_676' title='bbox 2429 4258 2534 4312; x_wconf 89' lang='lat' dir='ltr'>hoc</span> <span class='ocrx_word' id='word_1_677' title='bbox 2562 4260 2782 4323; x_wconf 68' lang='lat' dir='ltr'>saeculo,</span> <span class='ocrx_word' id='word_1_678' title='bbox 2814 4258 2912 4312; x_wconf 89' lang='lat' dir='ltr'>sed</span> <span class='ocrx_word' id='word_1_679' title='bbox 2951 4257 3125 4311; x_wconf 87' lang='lat' dir='ltr'>etiam</span> <span class='ocrx_word' id='word_1_680' title='bbox 3155 4256 3215 4310; x_wconf 91' lang='lat' dir='ltr'>in</span> <span class='ocrx_word' id='word_1_681' title='bbox 3245 4255 3454 4309; x_wconf 77' lang='lat' dir='ltr'>futuro.</span> <span class='ocrx_word' id='word_1_682' title='bbox 3487 4245 3543 4302; x_wconf 90' lang='lat' dir='ltr'>Si</span> <span class='ocrx_word' id='word_1_683' title='bbox 3580 4239 3709 4334; x_wconf 46' lang='grc' dir='ltr'>θιξίιῐξ</span> 
     </span>
    </p>
   </div>
   <div class='ocr_carea' id='block_1_51' title="bbox 463 4329 3710 4414">
    <p class='ocr_par' dir='ltr' id='par_1_51' title="bbox 463 4329 3710 4414">
     <span class='ocr_line' id='line_1_51' title="bbox 463 4329 3710 4414; baseline -0.004 -18"><span class='ocrx_word' id='word_1_684' title='bbox 463 4341 668 4397; x_wconf 81' lang='lat' dir='ltr'>dixerit</span> <span class='ocrx_word' id='word_1_685' title='bbox 697 4360 709 4396; x_wconf 93' lang='lat'>:</span> <span class='ocrx_word' id='word_1_686' title='bbox 741 4345 798 4397; x_wconf 89' lang='lat' dir='ltr'>et</span> <span class='ocrx_word' id='word_1_687' title='bbox 827 4341 957 4414; x_wconf 87' lang='lat' dir='ltr'>quia</span> <span class='ocrx_word' id='word_1_688' title='bbox 987 4359 1109 4396; x_wconf 88' lang='lat' dir='ltr'>mos</span> <span class='ocrx_word' id='word_1_689' title='bbox 1138 4341 1243 4396; x_wconf 87' lang='lat' dir='ltr'>iste</span> <span class='ocrx_word' id='word_1_690' title='bbox 1273 4343 1348 4396; x_wconf 88' lang='lat' dir='ltr'>sit</span> <span class='ocrx_word' id='word_1_691' title='bbox 1385 4343 1823 4413; x_wconf 83' lang='lat' dir='ltr'>Scripturarum,</span> <span class='ocrx_word' id='word_1_692' title='bbox 1865 4351 1929 4399; x_wconf 86' lang='lat' dir='ltr'>ut</span> <span class='ocrx_word' id='word_1_693' title='bbox 1965 4345 2052 4399; x_wconf 90' lang='lat' dir='ltr'>in-</span> <span class='ocrx_word' id='word_1_694' title='bbox 2136 4343 2390 4400; x_wconf 79' lang='lat' dir='ltr'>Christus</span> <span class='ocrx_word' id='word_1_695' title='bbox 2411 4347 2712 4401; x_wconf 87' lang='lat' dir='ltr'>suscitatus</span> <span class='ocrx_word' id='word_1_696' title='bbox 2733 4347 3022 4401; x_wconf 84' lang='lat' dir='ltr'>amortuis</span> <span class='ocrx_word' id='word_1_697' title='bbox 3043 4345 3201 4399; x_wconf 87' lang='lat' dir='ltr'>sedet</span> <span class='ocrx_word' id='word_1_698' title='bbox 3221 4345 3292 4398; x_wconf 85' lang='lat' dir='ltr'>ad</span> <span class='ocrx_word' id='word_1_699' title='bbox 3315 4342 3596 4396; x_wconf 83' lang='lat' dir='ltr'>dexteram</span> <span class='ocrx_word' id='word_1_700' title='bbox 3626 4329 3710 4384; x_wconf 82' lang='lat' dir='ltr'>Dei</span> 
     </span>
    </p>
   </div>
   <div class='ocr_carea' id='block_1_52' title="bbox 450 4423 3714 4506">
    <p class='ocr_par' dir='ltr' id='par_1_52' title="bbox 450 4423 3714 4506">
     <span class='ocr_line' id='line_1_52' title="bbox 450 4423 3714 4506; baseline -0 -20"><span class='ocrx_word' id='word_1_701' title='bbox 450 4431 678 4488; x_wconf 77' lang='lat' dir='ltr'>tendum</span> <span class='ocrx_word' id='word_1_702' title='bbox 705 4431 898 4487; x_wconf 81' lang='lat' dir='ltr'>futura</span> <span class='ocrx_word' id='word_1_703' title='bbox 913 4438 1164 4504; x_wconf 81' lang='lat' dir='ltr'>tempore</span> <span class='ocrx_word' id='word_1_704' title='bbox 1193 4431 1476 4502; x_wconf 63' lang='lat' dir='ltr'>praterito</span> <span class='ocrx_word' id='word_1_705' title='bbox 1505 4431 1874 4498; x_wconf 86' lang='lat' dir='ltr'>declinentur,</span> <span class='ocrx_word' id='word_1_706' title='bbox 1910 4433 2062 4489; x_wconf 87' lang='lat' dir='ltr'>verbi</span> <span class='ocrx_word' id='word_1_707' title='bbox 2082 4431 2202 4490; x_wconf 90' lang='lat' dir='ltr'>Din</span> <span class='ocrx_word' id='word_1_708' title='bbox 2233 4435 2548 4490; x_wconf 67' lang='lat' dir='ltr'>caelestibus</span> <span class='ocrx_word' id='word_1_709' title='bbox 2576 4452 2746 4506; x_wconf 90' lang='lat' dir='ltr'>super</span> <span class='ocrx_word' id='word_1_710' title='bbox 2763 4451 2995 4489; x_wconf 87' lang='lat' dir='ltr'>omnem</span> <span class='ocrx_word' id='word_1_711' title='bbox 3016 4433 3415 4506; x_wconf 87' lang='lat' dir='ltr'>principatum,</span> <span class='ocrx_word' id='word_1_712' title='bbox 3436 4423 3714 4495; x_wconf 63' lang='grc' dir='ltr'>εῐΡοῐθειε·</span> 
     </span>
    </p>
   </div>
   <div class='ocr_carea' id='block_1_53' title="bbox 456 4520 3712 4591">
    <p class='ocr_par' dir='ltr' id='par_1_53' title="bbox 456 4520 3712 4591">
     <span class='ocr_line' id='line_1_53' title="bbox 456 4520 3712 4591; baseline -0.002 -15"><span class='ocrx_word' id='word_1_713' title='bbox 456 4525 645 4589; x_wconf 79' lang='lat' dir='ltr'>causa,</span> <span class='ocrx_word' id='word_1_714' title='bbox 676 4521 748 4576; x_wconf 89' lang='lat' dir='ltr'>de</span> <span class='ocrx_word' id='word_1_715' title='bbox 773 4537 938 4576; x_wconf 90' lang='lat' dir='ltr'>cruce</span> <span class='ocrx_word' id='word_1_716' title='bbox 965 4520 1190 4576; x_wconf 86' lang='lat' dir='ltr'>Domini</span> <span class='ocrx_word' id='word_1_717' title='bbox 1223 4539 1234 4574; x_wconf 88' lang='lat'><strong>:</strong></span> <span class='ocrx_word' id='word_1_718' title='bbox 1270 4521 1540 4577; x_wconf 75' lang='lat' dir='ltr'>Foderant</span> <span class='ocrx_word' id='word_1_719' title='bbox 1561 4538 1763 4580; x_wconf 83' lang='lat' dir='ltr'>manus</span> <span class='ocrx_word' id='word_1_720' title='bbox 1810 4539 1974 4587; x_wconf 85' lang='lat' dir='ltr'>meas,</span> <span class='ocrx_word' id='word_1_721' title='bbox 2007 4527 2057 4578; x_wconf 78' lang='lat' dir='ltr'>et</span> <span class='ocrx_word' id='word_1_722' title='bbox 2137 4529 2271 4589; x_wconf 88' lang='lat' dir='ltr'>tem,</span> <span class='ocrx_word' id='word_1_723' title='bbox 2306 4530 2364 4580; x_wconf 87' lang='lat' dir='ltr'>et</span> <span class='ocrx_word' id='word_1_724' title='bbox 2390 4524 2658 4578; x_wconf 86' lang='lat' dir='ltr'>virtutem</span> <span class='ocrx_word' id='word_1_725' title='bbox 2691 4532 2748 4580; x_wconf 89' lang='lat' dir='ltr'>et</span> <span class='ocrx_word' id='word_1_726' title='bbox 2775 4531 2994 4591; x_wconf 69' lang='lat' dir='ltr'>caetera,</span> <span class='ocrx_word' id='word_1_727' title='bbox 3029 4531 3087 4577; x_wconf 89' lang='lat' dir='ltr'>et</span> <span class='ocrx_word' id='word_1_728' title='bbox 3115 4539 3217 4576; x_wconf 89' lang='lat' dir='ltr'>nos</span> <span class='ocrx_word' id='word_1_729' title='bbox 3251 4521 3511 4575; x_wconf 87' lang='lat' dir='ltr'>sedemus</span> <span class='ocrx_word' id='word_1_730' title='bbox 3539 4520 3712 4579; x_wconf 68' lang='lat' dir='ltr'>regna-</span> 
     </span>
    </p>
   </div>
   <div class='ocr_carea' id='block_1_54' title="bbox 449 4603 3711 4682">
    <p class='ocr_par' dir='ltr' id='par_1_54' title="bbox 449 4603 3711 4682">
     <span class='ocr_line' id='line_1_54' title="bbox 449 4603 3711 4682; baseline -0.002 -18"><span class='ocrx_word' id='word_1_731' title='bbox 449 4612 606 4682; x_wconf 66' lang='lat' dir='ltr'>pedes</span> <span class='ocrx_word' id='word_1_732' title='bbox 635 4627 778 4668; x_wconf 74' lang='lat' dir='ltr'>meos</span> <span class='ocrx_word' id='word_1_733' title='bbox 817 4613 983 4679; x_wconf 81' lang='lat' dir='ltr'>(Psal.</span> <span class='ocrx_word' id='word_1_734' title='bbox 1017 4615 1163 4676; x_wconf 78' lang='lat' dir='ltr'>XXI);</span> <span class='ocrx_word' id='word_1_735' title='bbox 1206 4616 1264 4664; x_wconf 90' lang='lat' dir='ltr'>et</span> <span class='ocrx_word' id='word_1_736' title='bbox 1300 4609 1431 4664; x_wconf 86' lang='lat' dir='ltr'>alibi</span> <span class='ocrx_word' id='word_1_737' title='bbox 1469 4610 1539 4664; x_wconf 90' lang='lat' dir='ltr'>de</span> <span class='ocrx_word' id='word_1_738' title='bbox 1577 4611 1834 4680; x_wconf 88' lang='lat' dir='ltr'>passione</span> <span class='ocrx_word' id='word_1_739' title='bbox 1871 4611 1994 4680; x_wconf 86' lang='lat' dir='ltr'>ejus</span> <span class='ocrx_word' id='word_1_740' title='bbox 2037 4629 2048 4664; x_wconf 92' lang='lat'>:</span> <span class='ocrx_word' id='word_1_741' title='bbox 2135 4628 2373 4682; x_wconf 87' lang='lat' dir='ltr'>musque</span> <span class='ocrx_word' id='word_1_742' title='bbox 2409 4630 2536 4666; x_wconf 92' lang='lat' dir='ltr'>cum</span> <span class='ocrx_word' id='word_1_743' title='bbox 2593 4613 2837 4676; x_wconf 88' lang='lat' dir='ltr'>Christo,</span> <span class='ocrx_word' id='word_1_744' title='bbox 2881 4629 3108 4667; x_wconf 88' lang='lat' dir='ltr'>necesse</span> <span class='ocrx_word' id='word_1_745' title='bbox 3144 4605 3234 4665; x_wconf 77' lang='lat' dir='ltr'>est</span> <span class='ocrx_word' id='word_1_746' title='bbox 3273 4623 3446 4679; x_wconf 89' lang='lat' dir='ltr'>super</span> <span class='ocrx_word' id='word_1_747' title='bbox 3474 4603 3575 4666; x_wconf 80' lang='lat' dir='ltr'>his,</span> <span class='ocrx_word' id='word_1_748' title='bbox 3605 4610 3711 4667; x_wconf 67' lang='lat' dir='ltr'>quae</span> 
     </span>
    </p>
   </div>
   <div class='ocr_carea' id='block_1_55' title="bbox 454 4683 3713 4774">
    <p class='ocr_par' dir='ltr' id='par_1_55' title="bbox 454 4683 3713 4774">
     <span class='ocr_line' id='line_1_55' title="bbox 454 4683 3713 4774; baseline -0.003 -17"><span class='ocrx_word' id='word_1_749' title='bbox 454 4701 625 4767; x_wconf 69' lang='lat' dir='ltr'>Quasi</span> <span class='ocrx_word' id='word_1_750' title='bbox 651 4701 762 4753; x_wconf 79' lang='lat' dir='ltr'>ouis</span> <span class='ocrx_word' id='word_1_751' title='bbox 811 4701 885 4768; x_wconf 70' lang='lat' dir='ltr'>ad</span> <span class='ocrx_word' id='word_1_752' title='bbox 911 4699 1248 4753; x_wconf 70' lang='lat' dir='ltr'>occisionem</span> <span class='ocrx_word' id='word_1_753' title='bbox 1275 4701 1471 4756; x_wconf 73' lang='lat' dir='ltr'>ductus</span> <span class='ocrx_word' id='word_1_754' title='bbox 1513 4706 1590 4755; x_wconf 78' lang='lat' dir='ltr'>est</span> <span class='ocrx_word' id='word_1_755' title='bbox 1631 4701 1754 4770; x_wconf 79' lang='lat' dir='ltr'>(Isa.</span> <span class='ocrx_word' id='word_1_756' title='bbox 1812 4703 1954 4767; x_wconf 80' lang='lat' dir='ltr'>Lm);</span> <span class='ocrx_word' id='word_1_757' title='bbox 1996 4705 2054 4754; x_wconf 86' lang='lat' dir='ltr'>et</span> <span class='ocrx_word' id='word_1_758' title='bbox 2134 4701 2310 4766; x_wconf 88' lang='lat' dir='ltr'>sedet,</span> <span class='ocrx_word' id='word_1_759' title='bbox 2331 4702 2645 4757; x_wconf 88' lang='lat' dir='ltr'>sedeamus.</span> <span class='ocrx_word' id='word_1_760' title='bbox 2679 4703 2787 4756; x_wconf 89' lang='lat' dir='ltr'>Sed</span> <span class='ocrx_word' id='word_1_761' title='bbox 2817 4703 2912 4774; x_wconf 91' lang='lat' dir='ltr'>qui</span> <span class='ocrx_word' id='word_1_762' title='bbox 2933 4702 3172 4771; x_wconf 85' lang='lat' dir='ltr'>diligens</span> <span class='ocrx_word' id='word_1_763' title='bbox 3209 4701 3387 4766; x_wconf 85' lang='lat' dir='ltr'>lector</span> <span class='ocrx_word' id='word_1_764' title='bbox 3413 4699 3514 4756; x_wconf 87' lang='lat' dir='ltr'>est,</span> <span class='ocrx_word' id='word_1_765' title='bbox 3545 4683 3713 4742; x_wconf 69' lang='lat' dir='ltr'>statim</span> 
     </span>
    </p>
   </div>
   <div class='ocr_carea' id='block_1_56' title="bbox 451 4786 2053 4858">
    <p class='ocr_par' dir='ltr' id='par_1_56' title="bbox 451 4786 2053 4858">
     <span class='ocr_line' id='line_1_56' title="bbox 451 4786 2053 4858; baseline 0.002 -18"><span class='ocrx_word' id='word_1_766' title='bbox 451 4786 635 4856; x_wconf 72' lang='lat' dir='ltr'>adhuc</span> <span class='ocrx_word' id='word_1_767' title='bbox 671 4786 742 4840; x_wconf 84' lang='lat' dir='ltr'>de</span> <span class='ocrx_word' id='word_1_768' title='bbox 776 4786 1000 4857; x_wconf 84' lang='lat' dir='ltr'>injuriis</span> <span class='ocrx_word' id='word_1_769' title='bbox 1036 4787 1387 4858; x_wconf 74' lang='lat' dir='ltr'>ﬂagellorum</span> <span class='ocrx_word' id='word_1_770' title='bbox 1430 4806 1442 4841; x_wconf 93' lang='lat'><strong>:</strong></span> <span class='ocrx_word' id='word_1_771' title='bbox 1488 4789 1675 4844; x_wconf 67' lang='lat' dir='ltr'>Licere</span> <span class='ocrx_word' id='word_1_772' title='bbox 1715 4791 1832 4856; x_wconf 79' lang='lat' dir='ltr'>ejus</span> <span class='ocrx_word' id='word_1_773' title='bbox 1859 4792 2053 4844; x_wconf 81' lang='lat' dir='ltr'>sanati</span> 
     </span>
    </p>
   </div>
   <div class='ocr_carea' id='block_1_57' title="bbox 451 4873 2051 4944">
    <p class='ocr_par' dir='ltr' id='par_1_57' title="bbox 451 4873 2051 4944">
     <span class='ocr_line' id='line_1_57' title="bbox 451 4873 2051 4944; baseline 0.003 -16"><span class='ocrx_word' id='word_1_774' title='bbox 451 4877 646 4929; x_wconf 74' lang='lat' dir='ltr'>sumus</span> <span class='ocrx_word' id='word_1_775' title='bbox 664 4873 850 4944; x_wconf 60' lang='lat' dir='ltr'>(Ibid)</span> <span class='ocrx_word' id='word_1_776' title='bbox 874 4893 891 4938; x_wconf 89' lang='lat'><em>;</em></span> <span class='ocrx_word' id='word_1_777' title='bbox 914 4880 972 4928; x_wconf 89' lang='lat' dir='ltr'>et</span> <span class='ocrx_word' id='word_1_778' title='bbox 999 4874 1131 4930; x_wconf 79' lang='lat' dir='ltr'>alibi</span> <span class='ocrx_word' id='word_1_779' title='bbox 1165 4894 1177 4930; x_wconf 92' lang='lat'><strong>:</strong></span> <span class='ocrx_word' id='word_1_780' title='bbox 1214 4877 1292 4930; x_wconf 77' lang='lat' dir='ltr'>Ab</span> <span class='ocrx_word' id='word_1_781' title='bbox 1318 4878 1714 4944; x_wconf 71' lang='lat' dir='ltr'>iniquitatibus</span> <span class='ocrx_word' id='word_1_782' title='bbox 1729 4879 1924 4944; x_wconf 78' lang='lat' dir='ltr'>populi</span> <span class='ocrx_word' id='word_1_783' title='bbox 1943 4880 2051 4932; x_wconf 85' lang='lat' dir='ltr'>mei</span> 
     </span>
    </p>
   </div>
   <div class='ocr_carea' id='block_1_58' title="bbox 450 4964 2050 5036">
    <p class='ocr_par' dir='ltr' id='par_1_58' title="bbox 450 4964 2050 5036">
     <span class='ocr_line' id='line_1_58' title="bbox 450 4964 2050 5036; baseline 0.001 -18"><span class='ocrx_word' id='word_1_784' title='bbox 450 4966 647 5018; x_wconf 85' lang='lat' dir='ltr'>ductus</span> <span class='ocrx_word' id='word_1_785' title='bbox 675 4964 1092 5017; x_wconf 78' lang='lat' dir='ltr'>estadmortem</span> <span class='ocrx_word' id='word_1_786' title='bbox 1121 4964 1330 5036; x_wconf 80' lang='lat' dir='ltr'>(Ibid.).</span> <span class='ocrx_word' id='word_1_787' title='bbox 1379 4966 1497 5019; x_wconf 88' lang='lat' dir='ltr'>Hoc</span> <span class='ocrx_word' id='word_1_788' title='bbox 1539 4970 1728 5018; x_wconf 88' lang='lat' dir='ltr'>autem</span> <span class='ocrx_word' id='word_1_789' title='bbox 1782 4965 1926 5030; x_wconf 92' lang='lat' dir='ltr'>ideo,</span> <span class='ocrx_word' id='word_1_790' title='bbox 1978 4982 2050 5022; x_wconf 87' lang='lat' dir='ltr'>ne</span> 
     </span>
    </p>
   </div>
   <div class='ocr_carea' id='block_1_59' title="bbox 451 5051 2052 5124">
    <p class='ocr_par' dir='ltr' id='par_1_59' title="bbox 451 5051 2052 5124">
     <span class='ocr_line' id='line_1_59' title="bbox 451 5051 2052 5124; baseline 0.001 -17"><span class='ocrx_word' id='word_1_791' title='bbox 451 5052 587 5124; x_wconf 67' lang='lat' dir='ltr'>quia</span> <span class='ocrx_word' id='word_1_792' title='bbox 611 5051 804 5107; x_wconf 79' lang='lat' dir='ltr'>futura</span> <span class='ocrx_word' id='word_1_793' title='bbox 822 5051 1038 5107; x_wconf 87' lang='lat' dir='ltr'>incerta</span> <span class='ocrx_word' id='word_1_794' title='bbox 1065 5059 1200 5107; x_wconf 83' lang='lat' dir='ltr'>sunt</span> <span class='ocrx_word' id='word_1_795' title='bbox 1226 5053 1568 5119; x_wconf 88' lang='lat' dir='ltr'>hominibus,</span> <span class='ocrx_word' id='word_1_796' title='bbox 1593 5070 1722 5124; x_wconf 86' lang='lat' dir='ltr'>spes</span> <span class='ocrx_word' id='word_1_797' title='bbox 1741 5053 1977 5108; x_wconf 80' lang='lat' dir='ltr'>fluctuet</span> <span class='ocrx_word' id='word_1_798' title='bbox 1995 5059 2052 5108; x_wconf 87' lang='lat' dir='ltr'>et</span> 
     </span>
    </p>
   </div>
   <div class='ocr_carea' id='block_1_60' title="bbox 2133 4775 3716 4861">
    <p class='ocr_par' dir='ltr' id='par_1_60' title="bbox 2133 4775 3716 4861">
     <span class='ocr_line' id='line_1_60' title="bbox 2133 4775 3716 4861; baseline -0.013 -17"><span class='ocrx_word' id='word_1_799' title='bbox 2133 4790 2371 4860; x_wconf 84' lang='lat' dir='ltr'>requirit</span> <span class='ocrx_word' id='word_1_800' title='bbox 2399 4797 2456 4844; x_wconf 90' lang='lat' dir='ltr'>et</span> <span class='ocrx_word' id='word_1_801' title='bbox 2475 4791 2623 4845; x_wconf 87' lang='lat' dir='ltr'>dicet</span> <span class='ocrx_word' id='word_1_802' title='bbox 2653 4810 2664 4844; x_wconf 93' lang='lat'>:</span> <span class='ocrx_word' id='word_1_803' title='bbox 2691 4791 2836 4855; x_wconf 85' lang='lat' dir='ltr'>Quid</span> <span class='ocrx_word' id='word_1_804' title='bbox 2851 4807 2984 4861; x_wconf 85' lang='lat' dir='ltr'>ergo</span> <span class='ocrx_word' id='word_1_805' title='bbox 3006 4791 3030 4844; x_wconf 73' lang='lat' dir='ltr'>&#39;P</span> <span class='ocrx_word' id='word_1_806' title='bbox 3059 4791 3243 4860; x_wconf 83' lang='lat' dir='ltr'>major</span> <span class='ocrx_word' id='word_1_807' title='bbox 3263 4789 3434 4842; x_wconf 88' lang='lat' dir='ltr'>homo</span> <span class='ocrx_word' id='word_1_808' title='bbox 3453 4775 3653 4850; x_wconf 78' lang='lat' dir='ltr'>angelis</span> <span class='ocrx_word' id='word_1_809' title='bbox 3667 4777 3716 4825; x_wconf 84' lang='lat' dir='ltr'>et</span> 
     </span>
    </p>
   </div>
   <div class='ocr_carea' id='block_1_61' title="bbox 2133 4867 3714 4950">
    <p class='ocr_par' dir='ltr' id='par_1_61' title="bbox 2133 4867 3714 4950">
     <span class='ocr_line' id='line_1_61' title="bbox 2133 4867 3714 4950; baseline -0.011 -18"><span class='ocrx_word' id='word_1_810' title='bbox 2133 4879 2347 4937; x_wconf 84' lang='lat' dir='ltr'>cunctis</span> <span class='ocrx_word' id='word_1_811' title='bbox 2371 4880 2424 4933; x_wconf 90' lang='lat' dir='ltr'>in</span> <span class='ocrx_word' id='word_1_812' title='bbox 2442 4881 2581 4934; x_wconf 71' lang='lat' dir='ltr'>ecelo</span> <span class='ocrx_word' id='word_1_813' title='bbox 2593 4879 2967 4950; x_wconf 84' lang='lat' dir='ltr'>potestatibus</span> <span class='ocrx_word' id='word_1_814' title='bbox 2987 4880 3011 4931; x_wconf 70' lang='grc' dir='ltr'>’ἔ</span> <span class='ocrx_word' id='word_1_815' title='bbox 3032 4878 3181 4949; x_wconf 88' lang='lat' dir='ltr'>quod</span> <span class='ocrx_word' id='word_1_816' title='bbox 3201 4877 3334 4948; x_wconf 85' lang='lat' dir='ltr'>quia</span> <span class='ocrx_word' id='word_1_817' title='bbox 3363 4867 3714 4944; x_wconf 83' lang='lat' dir='ltr'>periculosum</span> 
     </span>
    </p>
   </div>
   <div class='ocr_carea' id='block_1_62' title="bbox 2133 4957 3714 5040">
    <p class='ocr_par' dir='ltr' id='par_1_62' title="bbox 2133 4957 3714 5040">
     <span class='ocr_line' id='line_1_62' title="bbox 2133 4957 3714 5040; baseline -0.007 -19"><span class='ocrx_word' id='word_1_818' title='bbox 2133 4974 2220 5028; x_wconf 82' lang='lat' dir='ltr'>est</span> <span class='ocrx_word' id='word_1_819' title='bbox 2233 4969 2589 5038; x_wconf 86' lang='lat' dir='ltr'>respondere,</span> <span class='ocrx_word' id='word_1_820' title='bbox 2627 4969 2976 5040; x_wconf 85' lang='lat' dir='ltr'>principatus</span> <span class='ocrx_word' id='word_1_821' title='bbox 3007 4973 3064 5021; x_wconf 90' lang='lat' dir='ltr'>et</span> <span class='ocrx_word' id='word_1_822' title='bbox 3082 4971 3396 5038; x_wconf 80' lang='lat' dir='ltr'>potestates</span> <span class='ocrx_word' id='word_1_823' title='bbox 3416 4968 3472 5017; x_wconf 90' lang='lat' dir='ltr'>et</span> <span class='ocrx_word' id='word_1_824' title='bbox 3481 4957 3714 5012; x_wconf 60' lang='lat' dir='ltr'>virtutes,</span> 
     </span>
    </p>
   </div>
   <div class='ocr_carea' id='block_1_63' title="bbox 2134 5045 3715 5126">
    <p class='ocr_par' dir='ltr' id='par_1_63' title="bbox 2134 5045 3715 5126">
     <span class='ocr_line' id='line_1_63' title="bbox 2134 5045 3715 5126; baseline -0.004 -16"><span class='ocrx_word' id='word_1_825' title='bbox 2134 5061 2191 5111; x_wconf 83' lang='lat' dir='ltr'>et</span> <span class='ocrx_word' id='word_1_826' title='bbox 2220 5057 2656 5123; x_wconf 87' lang='lat' dir='ltr'>dominationes,</span> <span class='ocrx_word' id='word_1_827' title='bbox 2689 5063 2748 5112; x_wconf 91' lang='lat' dir='ltr'>et</span> <span class='ocrx_word' id='word_1_828' title='bbox 2777 5073 2943 5112; x_wconf 88' lang='lat' dir='ltr'>omne</span> <span class='ocrx_word' id='word_1_829' title='bbox 2972 5073 3198 5120; x_wconf 87' lang='lat' dir='ltr'>nomen,</span> <span class='ocrx_word' id='word_1_830' title='bbox 3217 5053 3368 5126; x_wconf 88' lang='lat' dir='ltr'>quod</span> <span class='ocrx_word' id='word_1_831' title='bbox 3395 5045 3715 5104; x_wconf 65' lang='lat' dir='ltr'>nominaturv</span> 
     </span>
    </p>
   </div>
   <div class='ocr_carea' id='block_1_64' title="bbox 446 5127 3710 5213">
    <p class='ocr_par' dir='ltr' id='par_1_64' title="bbox 446 5127 3710 5213">
     <span class='ocr_line' id='line_1_64' title="bbox 446 5127 3710 5213; baseline -0.001 -17"><span class='ocrx_word' id='word_1_832' title='bbox 446 5141 685 5208; x_wconf 76' lang='lat' dir='ltr'>vacillet,</span> <span class='ocrx_word' id='word_1_833' title='bbox 718 5157 787 5196; x_wconf 75' lang='lat' dir='ltr'>ea</span> <span class='ocrx_word' id='word_1_834' title='bbox 813 5157 936 5213; x_wconf 71' lang='lat' dir='ltr'>quae</span> <span class='ocrx_word' id='word_1_835' title='bbox 976 5141 1126 5197; x_wconf 90' lang='lat' dir='ltr'>Deus</span> <span class='ocrx_word' id='word_1_836' title='bbox 1151 5141 1341 5196; x_wconf 82' lang='lat' dir='ltr'>futura</span> <span class='ocrx_word' id='word_1_837' title='bbox 1386 5142 1661 5211; x_wconf 86' lang='lat' dir='ltr'>cognovit,</span> <span class='ocrx_word' id='word_1_838' title='bbox 1695 5142 1844 5212; x_wconf 88' lang='lat' dir='ltr'>apud</span> <span class='ocrx_word' id='word_1_839' title='bbox 1884 5159 2052 5212; x_wconf 90' lang='lat' dir='ltr'>quem</span> <span class='ocrx_word' id='word_1_840' title='bbox 2133 5161 2246 5200; x_wconf 87' lang='lat' dir='ltr'>non</span> <span class='ocrx_word' id='word_1_841' title='bbox 2259 5147 2439 5201; x_wconf 88' lang='lat' dir='ltr'>solum</span> <span class='ocrx_word' id='word_1_842' title='bbox 2461 5147 2518 5200; x_wconf 90' lang='lat' dir='ltr'>in</span> <span class='ocrx_word' id='word_1_843' title='bbox 2538 5147 2642 5201; x_wconf 91' lang='lat' dir='ltr'>hoc</span> <span class='ocrx_word' id='word_1_844' title='bbox 2661 5147 2882 5211; x_wconf 80' lang='lat' dir='ltr'>saeculo,</span> <span class='ocrx_word' id='word_1_845' title='bbox 2909 5147 3006 5200; x_wconf 88' lang='lat' dir='ltr'>sed</span> <span class='ocrx_word' id='word_1_846' title='bbox 3023 5146 3196 5200; x_wconf 88' lang='lat' dir='ltr'>etiam</span> <span class='ocrx_word' id='word_1_847' title='bbox 3231 5143 3290 5199; x_wconf 90' lang='lat' dir='ltr'>in</span> <span class='ocrx_word' id='word_1_848' title='bbox 3310 5143 3520 5212; x_wconf 84' lang='lat' dir='ltr'>futuro,</span> <span class='ocrx_word' id='word_1_849' title='bbox 3551 5127 3710 5190; x_wconf 68' lang='lat' dir='ltr'>malli-</span> 
     </span>
    </p>
   </div>
   <div class='ocr_carea' id='block_1_65' title="bbox 445 5227 3710 5306">
    <p class='ocr_par' dir='ltr' id='par_1_65' title="bbox 445 5227 3710 5306">
     <span class='ocr_line' id='line_1_65' title="bbox 445 5227 3710 5306; baseline -0.003 -20"><span class='ocrx_word' id='word_1_850' title='bbox 445 5229 587 5286; x_wconf 82' lang='lat' dir='ltr'>nihil</span> <span class='ocrx_word' id='word_1_851' title='bbox 615 5229 942 5300; x_wconf 76' lang='lat' dir='ltr'>ambiguum</span> <span class='ocrx_word' id='word_1_852' title='bbox 985 5236 1089 5296; x_wconf 88' lang='lat' dir='ltr'>est,</span> <span class='ocrx_word' id='word_1_853' title='bbox 1122 5229 1284 5300; x_wconf 87' lang='lat' dir='ltr'>quasi</span> <span class='ocrx_word' id='word_1_854' title='bbox 1308 5231 1429 5298; x_wconf 85' lang='lat' dir='ltr'>jam</span> <span class='ocrx_word' id='word_1_855' title='bbox 1459 5231 1604 5284; x_wconf 77' lang='lat' dir='ltr'>facta</span> <span class='ocrx_word' id='word_1_856' title='bbox 1641 5238 2046 5296; x_wconf 85' lang='lat' dir='ltr'>memorantur,</span> <span class='ocrx_word' id='word_1_857' title='bbox 2134 5251 2242 5300; x_wconf 89' lang='lat' dir='ltr'>me,</span> <span class='ocrx_word' id='word_1_858' title='bbox 2267 5235 2398 5304; x_wconf 89' lang='lat' dir='ltr'>quia</span> <span class='ocrx_word' id='word_1_859' title='bbox 2425 5237 2615 5290; x_wconf 83' lang='lat' dir='ltr'>omnia</span> <span class='ocrx_word' id='word_1_860' title='bbox 2638 5235 2888 5306; x_wconf 83' lang='lat' dir='ltr'>subjecta</span> <span class='ocrx_word' id='word_1_861' title='bbox 2919 5242 3053 5288; x_wconf 88' lang='lat' dir='ltr'>sunt</span> <span class='ocrx_word' id='word_1_862' title='bbox 3090 5233 3325 5305; x_wconf 85' lang='lat' dir='ltr'>pedibus</span> <span class='ocrx_word' id='word_1_863' title='bbox 3357 5227 3582 5287; x_wconf 86' lang='lat' dir='ltr'>Christi,</span> <span class='ocrx_word' id='word_1_864' title='bbox 3611 5231 3710 5272; x_wconf 80' lang='lat' dir='ltr'>non</span> 
     </span>
    </p>
   </div>
   <div class='ocr_carea' id='block_1_66' title="bbox 443 5307 3710 5396">
    <p class='ocr_par' dir='ltr' id='par_1_66' title="bbox 443 5307 3710 5396">
     <span class='ocr_line' id='line_1_66' title="bbox 443 5307 3710 5396; baseline -0.002 -23"><span class='ocrx_word' id='word_1_865' title='bbox 443 5323 544 5374; x_wconf 78' lang='lat' dir='ltr'>aut</span> <span class='ocrx_word' id='word_1_866' title='bbox 581 5317 714 5388; x_wconf 77' lang='lat' dir='ltr'>quia</span> <span class='ocrx_word' id='word_1_867' title='bbox 745 5319 1029 5390; x_wconf 59' lang='lat' dir='ltr'>praeterita</span> <span class='ocrx_word' id='word_1_868' title='bbox 1063 5318 1372 5374; x_wconf 88' lang='lat' dir='ltr'>secundum</span> <span class='ocrx_word' id='word_1_869' title='bbox 1428 5319 1784 5390; x_wconf 87' lang='lat' dir='ltr'>philosophos</span> <span class='ocrx_word' id='word_1_870' title='bbox 1824 5336 2046 5390; x_wconf 88' lang='lat' dir='ltr'>quoque</span> <span class='ocrx_word' id='word_1_871' title='bbox 2127 5321 2417 5378; x_wconf 81' lang='lat' dir='ltr'>adbonam</span> <span class='ocrx_word' id='word_1_872' title='bbox 2439 5332 2674 5396; x_wconf 86' lang='lat' dir='ltr'>partem,</span> <span class='ocrx_word' id='word_1_873' title='bbox 2693 5326 2790 5378; x_wconf 84' lang='lat' dir='ltr'>sed</span> <span class='ocrx_word' id='word_1_874' title='bbox 2811 5325 2882 5378; x_wconf 87' lang='lat' dir='ltr'>ad</span> <span class='ocrx_word' id='word_1_875' title='bbox 2901 5324 3242 5380; x_wconf 84' lang='lat' dir='ltr'>contrariam</span> <span class='ocrx_word' id='word_1_876' title='bbox 3255 5319 3479 5380; x_wconf 84' lang='lat' dir='ltr'>referet,</span> <span class='ocrx_word' id='word_1_877' title='bbox 3503 5307 3710 5366; x_wconf 68' lang='lat' dir='ltr'>utdicat</span> 
     </span>
    </p>
   </div>
   <div class='ocr_carea' id='block_1_67' title="bbox 437 5397 3705 5487">
    <p class='ocr_par' dir='ltr' id='par_1_67' title="bbox 437 5397 3705 5487">
     <span class='ocr_line' id='line_1_67' title="bbox 437 5397 3705 5487; baseline -0.004 -27"><span class='ocrx_word' id='word_1_878' title='bbox 437 5406 562 5466; x_wconf 79' lang='lat' dir='ltr'>ﬁeri</span> <span class='ocrx_word' id='word_1_879' title='bbox 588 5405 794 5463; x_wconf 80' lang='lat' dir='ltr'>infecta</span> <span class='ocrx_word' id='word_1_880' title='bbox 823 5424 934 5462; x_wconf 90' lang='lat' dir='ltr'>non</span> <span class='ocrx_word' id='word_1_881' title='bbox 965 5411 1216 5479; x_wconf 81' lang='lat' dir='ltr'>possunt,</span> <span class='ocrx_word' id='word_1_882' title='bbox 1257 5407 1352 5476; x_wconf 89' lang='lat' dir='ltr'>qui</span> <span class='ocrx_word' id='word_1_883' title='bbox 1401 5407 1702 5474; x_wconf 87' lang='lat' dir='ltr'>audierint,</span> <span class='ocrx_word' id='word_1_884' title='bbox 1728 5409 1889 5482; x_wconf 73' lang='lat' dir='ltr'>quasi</span> <span class='ocrx_word' id='word_1_885' title='bbox 1919 5409 2040 5478; x_wconf 81' lang='lat' dir='ltr'>jam</span> <span class='ocrx_word' id='word_1_886' title='bbox 2124 5427 2220 5464; x_wconf 89' lang='lat' dir='ltr'>eos</span> <span class='ocrx_word' id='word_1_887' title='bbox 2249 5428 2370 5466; x_wconf 88' lang='lat' dir='ltr'>esse</span> <span class='ocrx_word' id='word_1_888' title='bbox 2399 5415 2628 5484; x_wconf 87' lang='lat' dir='ltr'>angelos</span> <span class='ocrx_word' id='word_1_889' title='bbox 2658 5415 2902 5483; x_wconf 84' lang='lat' dir='ltr'>refugas,</span> <span class='ocrx_word' id='word_1_890' title='bbox 2928 5420 2985 5467; x_wconf 86' lang='lat' dir='ltr'>et</span> <span class='ocrx_word' id='word_1_891' title='bbox 2997 5412 3304 5484; x_wconf 75' lang='lat' dir='ltr'>principem</span> <span class='ocrx_word' id='word_1_892' title='bbox 3327 5402 3522 5461; x_wconf 86' lang='lat' dir='ltr'>mundi</span> <span class='ocrx_word' id='word_1_893' title='bbox 3539 5397 3705 5487; x_wconf 80' lang='lat' dir='ltr'>istius,</span> 
     </span>
    </p>
   </div>
   <div class='ocr_carea' id='block_1_68' title="bbox 439 5482 3706 5574">
    <p class='ocr_par' dir='ltr' id='par_1_68' title="bbox 439 5482 3706 5574">
     <span class='ocr_line' id='line_1_68' title="bbox 439 5482 3706 5574; baseline -0 -25"><span class='ocrx_word' id='word_1_894' title='bbox 439 5495 587 5550; x_wconf 78' lang='lat' dir='ltr'>facta</span> <span class='ocrx_word' id='word_1_895' title='bbox 613 5495 858 5551; x_wconf 82' lang='lat' dir='ltr'>habeant</span> <span class='ocrx_word' id='word_1_896' title='bbox 885 5513 1010 5567; x_wconf 79' lang='lat' dir='ltr'>quae</span> <span class='ocrx_word' id='word_1_897' title='bbox 1037 5496 1228 5550; x_wconf 84' lang='lat' dir='ltr'>futura</span> <span class='ocrx_word' id='word_1_898' title='bbox 1257 5501 1407 5549; x_wconf 88' lang='lat' dir='ltr'>sunt.</span> <span class='ocrx_word' id='word_1_899' title='bbox 1440 5496 1602 5551; x_wconf 84' lang='lat' dir='ltr'>Alius</span> <span class='ocrx_word' id='word_1_900' title='bbox 1630 5514 1780 5561; x_wconf 85' lang='lat' dir='ltr'>vero,</span> <span class='ocrx_word' id='word_1_901' title='bbox 1819 5498 1916 5568; x_wconf 88' lang='lat' dir='ltr'>qui</span> <span class='ocrx_word' id='word_1_902' title='bbox 1949 5514 2039 5552; x_wconf 81' lang='lat' dir='ltr'>re-</span> <span class='ocrx_word' id='word_1_903' title='bbox 2124 5505 2181 5554; x_wconf 80' lang='lat' dir='ltr'>et</span> <span class='ocrx_word' id='word_1_904' title='bbox 2198 5482 2638 5574; x_wconf 77' lang='lat' dir='ltr'>Luciferum,qui</span> <span class='ocrx_word' id='word_1_905' title='bbox 2653 5482 3132 5567; x_wconf 79' lang='lat' dir='ltr'>maneoriebatur,</span> <span class='ocrx_word' id='word_1_906' title='bbox 3148 5514 3318 5570; x_wconf 88' lang='lat' dir='ltr'>super</span> <span class='ocrx_word' id='word_1_907' title='bbox 3330 5482 3706 5574; x_wconf 48' lang='lat' dir='ltr'>quibussincl-‘i</span> 
     </span>
    </p>
   </div>
   <div class='ocr_carea' id='block_1_69' title="bbox 434 5571 3704 5674">
    <p class='ocr_par' dir='ltr' id='par_1_69' title="bbox 434 5571 3704 5674">
     <span class='ocr_line' id='line_1_69' title="bbox 434 5571 3704 5674; baseline 0.002 -36"><span class='ocrx_word' id='word_1_908' title='bbox 434 5585 841 5644; x_wconf 74' lang='lat' dir='ltr'>surrectianem</span> <span class='ocrx_word' id='word_1_909' title='bbox 855 5592 914 5640; x_wconf 85' lang='lat' dir='ltr'>et</span> <span class='ocrx_word' id='word_1_910' title='bbox 925 5601 1164 5654; x_wconf 73' lang='lat' dir='ltr'>regnum</span> <span class='ocrx_word' id='word_1_911' title='bbox 1175 5583 1384 5640; x_wconf 83' lang='lat' dir='ltr'>Christi</span> <span class='ocrx_word' id='word_1_912' title='bbox 1399 5584 1728 5674; x_wconf 74' lang='lat' dir='ltr'>spiritaliter</span> <span class='ocrx_word' id='word_1_913' title='bbox 1744 5585 2033 5656; x_wconf 81' lang='lat' dir='ltr'>intelligit,</span> <span class='ocrx_word' id='word_1_914' title='bbox 2122 5603 2250 5644; x_wconf 83' lang='lat' dir='ltr'>cum</span> <span class='ocrx_word' id='word_1_915' title='bbox 2281 5591 2505 5646; x_wconf 81' lang='lat' dir='ltr'>Christo</span> <span class='ocrx_word' id='word_1_916' title='bbox 2531 5571 2590 5647; x_wconf 78' lang='lat' dir='ltr'>in</span> <span class='ocrx_word' id='word_1_917' title='bbox 2639 5593 2751 5646; x_wconf 83' lang='lat' dir='ltr'>ﬁne</span> <span class='ocrx_word' id='word_1_918' title='bbox 2796 5590 3004 5650; x_wconf 78' lang='lat' dir='ltr'>sessuri</span> <span class='ocrx_word' id='word_1_919' title='bbox 3033 5595 3184 5656; x_wconf 82' lang='lat' dir='ltr'>sunt,</span> <span class='ocrx_word' id='word_1_920' title='bbox 3212 5587 3324 5643; x_wconf 81' lang='lat' dir='ltr'>illis</span> <span class='ocrx_word' id='word_1_921' title='bbox 3352 5592 3577 5656; x_wconf 64' lang='lat' dir='ltr'>quoque</span> <span class='ocrx_word' id='word_1_922' title='bbox 3615 5571 3704 5646; x_wconf 49' lang='grc' dir='ltr'>*τέ’</span> 
     </span>
    </p>
   </div>
  </div>
