3880 6146
200 310 286 368 405

591 305 1167 366 ΕΝΑΒΒΑΉΟΞΝῘΙΠ
1202 307 1280 364 ΙΝ
1321 306 1472 364 EPP.
1517 308 1725 368 PAULI

1811 311 1904 368 ,IB.
1947 312 2296 368 ινα-ΙΝ
2337 311 2557 368 EPIST.
2599 309 2695 364 AD
2731 309 2980 364 EPHES.

3318 303 3422 360 406

199 432 394 487 bucntes
406 428 751 496 beneﬁcium,
772 428 868 500 qui
881 428 1462 484 nuncinﬁ'enietmale
1475 430 1745 499 |libertate
1761 437 1809 496 A
1828 435 2044 491 decimo
2085 438 2298 507 psalmo
2349 437 2518 492 simul
2547 435 2793 507 positum
2833 435 3053 490 divom
3085 435 3372 506 signiﬁcat
3401 451 3419 487 :

198 537 280 574 sua
293 519 568 574 abutentes
585 519 797 589 passim
826 524 1097 588 vagantur
1111 525 1167 572 et
1186 537 1287 590 per
1306 521 1612 590 praecipitia
1625 537 1743 576 cor-

198 615 336 670 ruunt
342 613 708 678 peccatorum.
733 608 873 662 Cum
893 614 1083 662 autem
1092 609 1233 663 tales
1255 608 1552 664 habuerint
1569 627 1743 665 sesso-

196 715 266 754 res
276 698 420 767 juxta
434 697 750 752 sedentium
769 698 1110 752 voluntatem
1128 698 1399 769 incipient
1414 698 1736 768 gubernari.

193 787 286 840 Hoc
310 802 445 854 vero,
469 786 614 856 quod
636 786 750 842 ait:
775 794 834 840 ut
854 789 1147 841 ostenderet
1176 789 1236 841 in
1261 792 1471 841 sazcults
1495 805 1741 858 superve-

195 877 432 931 nientibus
449 876 796 930 abundantes
809 877 1040 932 diuitias
1061 880 1256 943 gratiae
1281 893 1392 930 sua
1409 881 1471 930 in
1502 878 1740 931 bonitate

192 980 419 1034 uiperae:
431 968 490 1018 in
502 965 576 1019 0h
584 965 944 1031 ristoJe-su,ad
955 965 1108 1020 illam
1119 965 1549 1035 intelligentiam
1563 973 1741 1021 trans-

191 1053 318 1120 feret,
337 1053 477 1123 quod
508 1070 623 1108 non
651 1053 828 1111 simus
846 1054 1047 1108 merito
1069 1059 1281 1122 nostro,
1297 1056 1394 1109 sed
1411 1055 1599 1126 gratia
1620 1057 1743 1125 ejus

187 1143 367 1210 salvati,
397 1151 452 1196 et
479 1143 714 1212 majoris
743 1141 1008 1198 bonitatis
1031 1143 1301 1198 indicium
1332 1144 1406 1197 sit
1433 1161 1533 1214 pro
1554 1161 1744 1215 pecca-

185 1230 362 1286 toribus
381 1232 578 1302 magis,
600 1248 769 1302 quam
788 1249 890 1304 pro
903 1233 1073 1302 justis
1087 1233 1251 1300 mori,
1271 1253 1294 1283 ι
1313 1251 1412 1304 pro
1435 1233 1577 1288 bono
1591 1233 1742 1288 enim

181 1320 377 1376 forsitan
405 1321 529 1391 quis
549 1321 761 1376 audeat
779 1322 1027 1388 interire,
1055 1342 1078 1376 ν
1113 1330 1172 1376 et
1189 1323 1424 1379 daturus
1454 1323 1613 1378 nobis
1645 1323 1735 1390 sit,

185 1427 283 1480 quia
305 1427 400 1464 nec
435 1411 636 1466 oculus
665 1411 819 1477 vidit,
853 1428 956 1466 nec
987 1413 1144 1468 auris
1173 1412 1402 1478 audivit,
1437 1429 1539 1468 nec
1568 1413 1626 1468 in
1645 1429 1742 1467 cor

180 1499 384 1555 hominis
404 1501 818 1557 ascenderunt:
851 1517 974 1572 quae
1004 1501 1195 1555 omnia
1223 1519 1288 1556 ex
1317 1508 1475 1572 parte
1499 1502 1618 1571 jam
1648 1502 1741 1556 ἀθ-

1824 526 2022 579 Manus
2055 533 2158 580 tua:
2177 530 2422 593 fecerunt
2449 543 2529 578 mc
2557 531 2603 577 rt
2623 528 3038 592 plasmaverunt
3059 541 3141 579 me
3165 543 3182 576 :
3203 525 3422 579 nam

1824 614 2068 682 primum
2114 616 2519 678 locum‘tenet,
2565 613 2766 668 deinde
2809 612 3150 684 plasmatio:
3193 617 3252 666 et
3287 613 3421 683 quia

1823 703 2120 758 creationis
2149 711 2205 757 et
2239 704 2576 759 conditionis
2617 719 2829 760 nomen
2863 701 2934 756 ad
2965 717 3173 771 magna
3195 717 3422 773 semper

1823 793 1965 846 solet
1992 810 2162 863 opera
2189 793 2459 864 copulari,
2493 791 2644 847 verbi
2672 809 2843 846 causa
2872 811 2882 843 :
2919 792 3017 846 illa
3042 790 3178 844 urbs
3195 789 3421 846 condit:

1823 888 1926 945 est,
1945 888 2008 934 et
2033 882 2104 935 ab
2131 883 2294 937 initio
2310 889 2532 937 creatis
2554 887 2643 935 est
2658 881 2922 947 mundus,
2942 885 3004 934 at
3029 879 3420 950 unusquique

1825 977 2144 1024 sanctorum
2176 987 2275 1041 per
2303 971 2458 1024 varia
2484 972 2750 1040 dogmata
2775 975 2945 1039 atque
2973 969 3208 1056 v‘irtutes
3235 967 3298 1021 in
3325 983 3418 1022 se-

1825 1060 2063 1129 metipso
2093 1060 2336 1115 mundus
2357 1067 2445 1113 est
2461 1065 2634 1124 totus,
2659 1065 2959 1129 propterea
2981 1074 3131 1113 mne
3155 1057 3332 1112 acati
3360 1057 3416 1110 in

1825 1148 2046 1204 Christo
2071 1149 2331 1214 dicimur,
2353 1155 2411 1202 et
2431 1149 2604 1202 creati
2623 1149 2681 1202 in
2701 1147 2961 1219 operibus
2981 1146 3142 1201 bonis
3160 1147 3276 1200 sive
3289 1159 3416 1217 qua

1825 1237 1930 1307 ipsi
1951 1237 2203 1303 fecimus,
2222 1238 2306 1292 vel
2325 1237 2524 1292 facturi
2543 1253 2756 1302 sumus,
2772 1237 2886 1290 sive
2903 1237 2963 1290 in
2983 1236 3107 1290 aliis
3121 1235 3414 1301 credatis,

1821 1327 1892 1379 ad
1913 1344 2036 1397 quae
2065 1333 2256 1382 nostra
2280 1326 2629 1381 conversatio
2655 1325 3046 1380 transferenda
3067 1331 3170 1390 est,
3203 1330 3266 1380 ut
3292 1340 3416 1395 qua:

1822 1416 2157 1486 prwparavit
2175 1417 2342 1480 Deus,
2363 1416 2420 1470 in
2440 1415 2550 1469 illis
2571 1413 2942 1481 ambulemus,
2961 1429 3284 1486 spemagna
3296 1413 3417 1482 jam

1822 1504 1982 1559 nobis
1995 1505 2146 1571 data,
2169 1505 2306 1562 dum
2325 1505 2383 1560 in
2404 1503 2491 1559 his
2518 1503 2860 1559 ambulaturi
2887 1519 3102 1568 sumus,
3127 1517 3250 1573 qua
3266 1501 3417 1556 Deus

173 1588 290 1642 derit
312 1589 366 1643 in
403 1588 630 1645 Christo
657 1590 811 1656 Jesu,
846 1590 978 1662 quia
1009 1591 1228 1646 nullum
1260 1589 1472 1662 absque
1518 1591 1738 1646 Christo
1822 1608 2160 1664 magnopere
2199 1594 2548 1664 praeparavit.
2591 1593 2660 1648 Et
2703 1593 2837 1663 quia
2879 1592 3054 1646 semel
3091 1592 3165 1645 ad
3209 1604 3416 1646 nomen

173 1677 344 1732 bonum
369 1677 473 1734 dici
506 1679 921 1749 potest.Gratia
933 1681 1735 1747 enimestissatratiperﬁdem,
1821 1690 2090 1740 creatum
2129 1683 2401 1748 venimus,
2433 1689 2490 1737 et
2516 1682 2796 1753 sapientia
2823 1682 2882 1736 in
2913 1678 3225 1735 Proverbiis
3263 1679 3416 1734 Snio-

171 1772 206 1822 ξι
225 1767 310 1820 hoc
336 1783 442 1820 non
470 1774 551 1822 est
582 1785 649 1822 ea:
677 1769 843 1834 vobis,
873 1770 973 1824 Dei
991 1772 1138 1822 enim
1167 1770 1377 1822 donum
1407 1773 1500 1834 est,
1537 1785 1646 1822 non
1675 1786 1739 1822 cr
1756 1759 1801 1818 Β
1821 1772 2004 1825 monis
2024 1789 2082 1825 se
2102 1778 2348 1828 creatam
2368 1772 2738 1826 dicitinitium
2755 1771 2971 1824 viarum
2988 1770 3213 1826 Domini
3227 1769 3412 1837 (Prin.

169 1857 396 1923 operibus,
411 1861 561 1909 utne
583 1859 709 1925 quis
729 1860 1022 1924 glorietur.
1047 1857 1200 1918 Ideo,
1218 1857 1420 1928 inquit,
1443 1856 1734 1912 abundan-
1819 1865 1947 1928 νω),
1989 1861 2263 1931 multique
2295 1860 2514 1924 timore,
2549 1877 2621 1914 ne
2650 1860 2938 1914 Christum
2977 1864 3298 1913 creaturam
3334 1857 3416 1911 di-

167 1955 233 1998 tas
269 1944 477 1998 divitias
515 1947 722 2016 gratiae
765 1963 879 2001 suae
923 1946 982 2002 in
1029 1946 1278 2001 bonitate
1316 1947 1735 2017 superventuris
1817 1966 1942 2004 cere
1962 1949 2388 2020 compellantur,
2411 1955 2592 2004 totum
2609 1949 2820 2004 Christi
2837 1948 3168 2020 mysterium
3183 1953 3412 2018 negant,

166 2033 343 2088 seculis
369 2041 709 2089 ostensurus
737 2042 841 2101 est,
876 2037 1008 2106 quia
1034 2036 1222 2106 gratia
1263 2036 1400 2090 salvi
1437 2037 1570 2090 tacti
1601 2036 1734 2102 estis
1817 2047 1882 2093 ut
1909 2039 2097 2092 dicant
2126 2057 2238 2094 non
2259 2038 2545 2094 Christum
2576 2038 2635 2094 in
2665 2039 2769 2092 hac
2790 2037 3083 2108 sapientia,
3102 2036 3199 2090 sed
3219 2035 3416 2090 mundi

167 2137 244 2190 per
265 2123 420 2178 ﬁdem
437 2140 556 2178 non
580 2141 683 2194 per
718 2140 889 2195 opera
916 2142 926 2175 :
955 2131 1013 2178 et
1035 2125 1154 2180 haec
1185 2125 1307 2196 ipsa
1337 2126 1492 2188 ﬁdes,
1533 2142 1647 2180 non
1667 2141 1735 2180 ex
1815 2129 2150 2198 sapientiam
2171 2129 2494 2197 signiﬁcari.
2518 2129 2630 2182 Nos
2652 2127 2824 2180 libere
2846 2127 3276 2197 proclamamus,
3299 2138 3414 2178 non

167 2209 398 2280 vobis,sed
441 2230 511 2267 ex
547 2230 639 2280 eo,
676 2213 774 2284 qui
802 2214 1014 2268 vocavit
1043 2231 1155 2268 vos.
1209 2215 1326 2270 Hoc
1364 2221 1554 2268 autem
1584 2215 1729 2279 ideo,
1816 2234 1936 2272 esse
1955 2218 2261 2288 periculum
2283 2234 2413 2271 eum
2429 2217 2614 2270 dicere
2629 2221 2964 2278 creaturam,
2982 2225 3410 2284 quemvcrmem

163 2317 215 2352 ne
237 2300 452 2356 forsitan
474 2301 647 2357 nobis
669 2303 932 2373 cogitatio
953 2304 1172 2358 occulta
1195 2303 1550 2374 subreperet:
1572 2304 1620 2356 si
1635 2321 1735 2374 per
1816 2312 1873 2359 et
1897 2307 2202 2372 hominem,
2239 2312 2295 2360 et
2321 2306 2668 2367 cruciﬁxum,
2703 2309 2762 2357 et
2789 2302 3260 2367 maledictionem,
3291 2307 3412 2356 tota

163 2405 301 2459 opera
327 2397 515 2447 nostra
545 2392 754 2446 salvati
783 2409 893 2446 non
923 2410 1139 2457 sumus,
1163 2400 1312 2446 certe
1333 2394 1415 2446 vel
1437 2411 1538 2464 per
1565 2394 1734 2448 ﬁdem
1817 2396 1934 2466 spei
1982 2402 2184 2449 nostra:
2233 2395 2438 2448 ﬁducia
2481 2394 2832 2456 conﬁtemur,
2875 2391 3136 2457 maxime,
3176 2405 3305 2444 curn
3345 2402 3411 2443 ex

163 2478 322 2533 saluti
349 2497 572 2542 sumus,
598 2487 656 2534 et
683 2481 793 2534 alio
811 2498 1019 2550 genere
1048 2489 1302 2536 nostrum
1333 2489 1436 2547 est,
1462 2484 1608 2552 quod
1625 2483 1733 2536 sal-
1815 2484 2032 2538 duobus
2059 2483 2342 2538 versiculis
2363 2484 2458 2554 qni
2478 2482 2815 2553 praecedunt,
2831 2481 2954 2552 ipsa
2978 2479 3258 2551 sapientia
3277 2492 3408 2550 prb-

163 2583 338 2622 vamur.
357 2570 599 2624 Addidit
625 2569 817 2640 itaque
845 2578 900 2622 et
929 2570 1085 2636 dixit,
1111 2571 1275 2625 tidem
1303 2589 1527 2642 quoque
1553 2572 1732 2641 ipsum
1817 2574 2004 2628 mittat
2030 2591 2150 2627 esse
2187 2573 2465 2626 dicturam
2503 2589 2626 2642 quae
2664 2575 2790 2642 post
2837 2571 3040 2624 saecula
3067 2575 3238 2636 sunt;
3279 2581 3408 2622 cum

162 2672 246 2710 non
271 2669 463 2712 nostra:
497 2659 811 2712 voluntatis
843 2677 984 2725 esse,
1016 2659 1114 2714 sed
1156 2659 1252 2713 Dei
1287 2661 1534 2714 muneris
1569 2679 1578 2713 :
1620 2678 1732 2714 non
1814 2669 2004 2717 autem
2019 2663 2273 2716 Christus
2295 2661 2497 2716 saecula
2514 2660 2724 2727 fecerit,
2747 2667 2802 2713 et
2820 2677 2944 2730 quae
2961 2657 3408 2729 deincepsloqui—

163 2746 280 2816 quod
307 2747 546 2802 liberum
583 2748 798 2802 homini
829 2749 1062 2802 tollatur
1098 2748 1413 2814 arbitrium,
1450 2754 1506 2802 et
1538 2766 1732 2804 secun-
1811 2759 1924 2816 tur,
1955 2769 2022 2805 ea
2048 2752 2180 2816 sint,
2201 2767 2324 2822 «ius:
2354 2757 2480 2821 post
2505 2750 2708 2804 secula
2735 2749 3019 2802 dicturum
3047 2765 3108 2801 se
3134 2763 3257 2802 esse
3285 2759 3408 2818 pro-

159 2835 264 2889 dum
289 2837 420 2892 illud
450 2837 716 2908 Apostoli
749 2838 818 2890 ad
851 2838 1130 2892 Romanos
1163 2857 1173 2890 :
1216 2838 1342 2892 Non
1370 2838 1443 2890 sit
1472 2839 1726 2893 volentis.
1812 2842 2049 2907 miserit,
2081 2841 2152 2895 ad
2183 2838 2962 2909 incarnationis-mysterium,
2994 2853 3106 2891 non
3144 2835 3215 2890 ad
3246 2841 3408 2891 natu-

159 2939 306 2995 neque
327 2927 637 2992 currentis,
663 2927 760 2982 sed
779 2927 879 2980 Dei
901 2926 1426 2990 n1isereﬂtis(ﬂom.r
1441 2939 1480 2994 xl
1505 2945 1516 2980 :
1535 2943 1728 2982 verum
1811 2947 1931 2984 ram
1959 2930 2059 2984 Dei
2084 2929 2378 2983 referenda
2396 2934 2545 2993 sunt,
2573 2945 2697 2998 quas
2718 2931 3048 2998 sequuntur,
3071 2926 3205 2980 licet
3223 2924 3282 2979 in
3301 2925 3406 2979 Ha-

158 3015 274 3082 quod
293 3015 508 3078 arbitrii
541 3015 670 3086 ipsa
691 3014 918 3070 libertas
947 3016 1126 3070 Deum
1148 3015 1316 3074 habet
1335 3023 1640 3082 auctorem,
1666 3023 1730 3074 ut
1757 3081 1787 3086 ﬂ
1810 3017 1972 3074 bracis
1991 3018 2272 3074 codicibus
2293 3034 2405 3072 non
2432 3017 2734 3071 habeatur:
2759 3036 2784 3068 (ι
2799 3013 3071 3070 deinus
3089 3014 3299 3069 creavit
3315 3027 3404 3069 me

157 3101 210 3153 ad
233 3102 366 3158 illius
403 3104 750 3159 beneﬁcium
788 3111 990 3160 cuncta
1036 3105 1370 3170 referantur,
1401 3121 1528 3160 cum
1557 3105 1728 3160 etiam
1746 3081 1788 3143 Ο
1807 3108 2033 3162 initium
2049 3109 2264 3162 viarum
2286 3124 2533 3173 suarum,
2559 3127 2584 3159 ι)
2608 3105 2705 3160 sed
2725 3123 2735 3156 :
2759 3107 3027 3160 Dominus
3045 3105 3278 3173 possedit
3297 3119 3399 3158 nis.

155 3189 326 3246 bonum
347 3211 446 3252 nos
476 3195 628 3248 velle
658 3195 780 3265 ipse
809 3194 1143 3265 permiserit.
1181 3195 1297 3250 Hoc
1327 3199 1517 3248 autem
1544 3200 1728 3250 totum
1809 3197 1963 3252 Inter
1991 3197 2400 3268 possessionem
2439 3203 2497 3250 et
2532 3195 2874 3250 creationem
2924 3194 3102 3247 multa
3135 3192 3406 3248 distantia

156 3291 431 3352 propterea,
455 3301 534 3338 ne
551 3285 683 3354 quis
696 3284 972 3354 glorietur
987 3301 1021 3338 a
1039 3284 1339 3354 semetipso
1361 3291 1418 3338 et
1431 3300 1542 3340 non
1564 3301 1598 3340 a
1610 3285 1726 3338 Deo
1810 3293 1896 3340 est
1909 3305 1920 3341 :
1937 3288 2070 3358 quia
2080 3287 2174 3358 qui
2196 3286 2531 3357 possidetur,
2551 3285 2599 3338 is
2616 3284 2810 3355 utique
2825 3289 2928 3350 est,
2942 3289 3112 3354 atque
3125 3281 3399 3347 subsistit,

154 3385 248 3424 esse
271 3373 570 3427 salvaturn.
589 3374 778 3442 (.4ug.)
796 3373 864 3428 Et
893 3390 962 3426 ne
991 3374 1168 3444 ipsam
1198 3373 1303 3426 sibi
1333 3374 1533 3428 saltem
1556 3374 1724 3428 ﬁdem
1809 3382 1867 3430 et
1891 3383 1977 3430 est
2011 3375 2289 3446 proprius,
2322 3374 2418 3444 qui
2456 3373 2772 3444 possidetur
2814 3389 2826 3423 :
2867 3377 3088 3426 creator
3125 3385 3256 3425 vero
3284 3370 3400 3438 ille,

154 3459 212 3510 sic
243 3470 594 3531 arrogarent,
628 3469 692 3516 ut
725 3479 837 3516 non
870 3462 1249 3532 intelligerent
1287 3462 1554 3518 divinitus
1601 3480 1723 3518 esse
1808 3465 1904 3535 qui
1929 3481 2043 3520 non
2070 3471 2194 3519 erat
2219 3471 2524 3535 antequam
2552 3465 2732 3528 ﬁeret,
2765 3466 2865 3516 aut
2885 3467 3034 3515 certe
3065 3460 3135 3514 de
3155 3475 3222 3514 eo
3251 3459 3403 3531 quod

152 3545 396 3615 donatam,
414 3551 574 3606 sicut
590 3551 740 3606 idem
754 3552 1055 3622 Apostolus
1069 3552 1178 3606 alio
1199 3552 1318 3606 loco
1332 3552 1486 3617 dicit,
1509 3558 1572 3607 ut
1592 3553 1725 3608 ﬁde-
1806 3559 1945 3618 erat,
1979 3553 2314 3608 transfertur
2341 3553 2400 3608 in
2439 3551 2609 3618 aliud,
2645 3552 2791 3606 sicut
2819 3557 2878 3604 et
2907 3565 3010 3605 nos
3037 3564 3188 3604 nunc
3225 3550 3401 3604 creati

154 3634 204 3688 lis
226 3647 359 3694 esset
384 3640 838 3696 misericordiam
867 3646 1218 3696 consecutus.
1246 3642 1348 3696 Hic
1379 3659 1602 3712 quoque
1629 3641 1723 3696 ad-
1805 3643 2045 3698 dicimur
2073 3643 2132 3696 in
2153 3643 2375 3696 Christo
2407 3643 2540 3696 Jesu
2566 3660 2576 3694 :
2611 3640 2805 3711 utique
2834 3657 2946 3694 non
2976 3640 3111 3710 quia
3128 3644 3260 3693 ante
3286 3653 3400 3692 non

149 3724 300 3792 iunxit
324 3735 497 3800 atque
517 3729 608 3782 ait
632 3747 644 3780 :
675 3746 701 3778 α
723 3734 782 3786 et
807 3731 913 3784 hoc
936 3747 1048 3784 non
1075 3747 1142 3786 ex
1165 3729 1336 3796 vobis,
1361 3731 1460 3785 sed
1491 3731 1591 3786 Dei
1619 3732 1720 3785 do-
1804 3732 2030 3796 fuimus,
2066 3732 2163 3786 sed
2192 3731 2366 3786 creati
2395 3731 2456 3784 in
2493 3730 2754 3800 operibus
2801 3729 2977 3783 bonis.
3021 3729 3183 3792 Quod
3223 3727 3398 3782 David

151 3828 257 3870 nam
283 3823 380 3887 est,
402 3835 520 3872 non
548 3835 616 3872 ex
636 3819 918 3890 operibus,
942 3835 1013 3874 ne
1041 3819 1182 3876 forte
1203 3819 1328 3890 quis
1356 3820 1672 3876 extollatur.
1691 3840 1716 3872 ι)
1803 3837 2025 3892 quoque
2053 3820 2112 3874 in
2143 3821 2366 3874 Psalmo
2392 3819 2726 3889 deprecatur
2745 3817 2936 3871 dicens
2960 3835 2974 3870 :
2997 3817 3100 3872 Cor
3120 3819 3401 3871 mundum

153 3904 348 3971 (Arabia)
364 3908 588 3964 Verum
608 3913 713 3974 est,
736 3908 869 3978 quia
882 3909 1064 3964 omnis
1080 3908 1393 3980 gratiarum
1413 3910 1558 3964 actio
1577 3910 1724 3964 salu-
1805 3927 1927 3965 ιιι-θα
1954 3914 2017 3964 in
2047 3927 2149 3976 me,
2169 3910 2485 3978 Deus(Psal.
2510 3913 2584 3976 ιι),
2605 3913 2664 3960 et
2684 3912 2835 3961 certe
2855 3906 3130 3962 mundum
3153 3919 3251 3960 cor
3267 3911 3399 3961 ante

147 3992 495 4067 tisncstraead
517 3997 702 4052 Deum
724 3997 1015 4052 referenda
1040 4004 1146 4064 est,
1170 3998 1264 4068 qui
1284 3998 1721 4054 misericordiam
1803 4005 2162 4072 conspectum
2189 3999 2290 4053 Dei
2328 3997 2620 4062 habuerat,
2655 3997 2879 4068 quando
2917 3995 2987 4050 de
3031 4010 3098 4051 eo
3127 3993 3398 4051 Dominus

151 4096 278 4140 suam
305 4086 463 4144 nobis
495 4091 752 4158 prastat,
773 4092 838 4140 ut
866 4093 1122 4147 errantes
1141 4093 1428 4146 revocaret
1456 4087 1528 4140 ad
1548 4087 1720 4142 vitam
1803 4089 2141 4162 loquebatur
2172 4107 2182 4140 :
2217 4089 2414 4144 Inveni
2425 4087 2602 4141 David
2622 4089 2807 4153 ﬁlium
2825 4089 2967 4139 Jcasc
2979 4087 3281 4140 secundum
3305 4099 3398 4138 cor

151 4181 641 4246 etnouquaarentes
655 4192 847 4234 verum
862 4176 1372 4246 iter;ideoquenon
1386 4177 1721 4246 cstglorian—
1800 4195 1990 4234 meum
2037 4178 2174 4244 (Act.
2227 4178 2364 4245 xm);
2411 4175 2511 4230 sed
2551 4175 2697 4230 sicut
2733 4173 2812 4228 ibi
2852 4174 3064 4228 creatio
3109 4174 3392 4230 instaura-

151 4256 256 4316 dum
279 4263 434 4320 nobis
462 4265 526 4319 in
559 4264 720 4326 nobis
751 4265 904 4336 ipsis,
929 4266 1026 4319 sed
1053 4265 1112 4320 in
1141 4266 1272 4328 Deo,
1308 4265 1404 4336 qui
1434 4281 1535 4320 nos
1566 4282 1720 4336 rege-
1798 4267 2010 4322 tionem
2037 4273 2218 4332 sonat,
2250 4266 2331 4322 ita
2359 4271 2416 4320 et
2445 4265 2504 4319 in
2531 4263 2691 4319 nobis
2723 4269 2780 4318 et
2807 4263 2867 4320 in
2895 4263 3118 4318 Chrito
3148 4275 3250 4333 per
3277 4261 3398 4316 sin-

152 4352 338 4464 neravit-
356 4353 659 4464 nativitatis
688 4354 898 4454 ccelesti
919 4371 1020 4454 per
1048 4354 1574 4464 iidem‘Christi,lad
1607 4355 1719 4456 hoc
1733 4405 1782 4464 Β
1801 4356 1936 4426 gula
1952 4373 2124 4464 opera
2133 4361 2191 4412 et
2199 4354 2480 4464 profectus
2499 4359 2767 4464 creatur-.1:
2777 4358 2946 4422 atque
2958 4351 3204 4450 conditio
3217 4351 3394 4420 accipi

1801 4451 2004 4516 potest,
2037 4449 2102 4500 ut
2127 4443 2375 4516 quotidie
2396 4443 2456 4496 in
2485 4441 2858 4503 credentibus,
2889 4439 2986 4509 qui
3013 4439 3164 4492 varie
3193 4452 3394 4492 ecun-

1798 4534 1933 4589 dum
1960 4534 2162 4586 merita
2189 4538 2407 4587 montes
2425 4532 2689 4584 dicuntur
2703 4533 2760 4582 et
2779 4527 2948 4581 valles
2960 4533 3018 4581 et
3039 4527 3206 4580 colles
3226 4533 3395 4597 atque

1797 4623 2154 4692 campestria,
2197 4621 2456 4675 Christus
2490 4624 2733 4682 creatus,
2765 4619 2951 4682 natus,
2982 4615 3241 4670 conditus
3287 4623 3390 4670 est.

1871 4715 2094 4779 Propter
2123 4712 2266 4777 quod
2305 4723 2567 4761 memores
2597 4711 2753 4760 estote
2789 4707 2935 4773 quod
2973 4706 3278 4774 aliquando
3304 4721 3394 4760 vos

1797 4807 1974 4871 gentes
1997 4802 2167 4853 eratis
2183 4801 2244 4852 in
2273 4813 2459 4859 carne,
2482 4798 2581 4864 qui
2607 4797 2944 4849 dicebamim'
2959 4798 3300 4864 praputium
3325 4797 3395 4849 ab

1797 4908 1877 4955 ea,
1894 4906 2010 4958 qua
2027 4891 2238 4942 dicitur
2252 4888 2598 4941 circumcisio
2613 4889 2632 4937 ί
2637 4902 2673 4937 η
2690 4901 2856 4938 carne
2873 4900 3052 4938 manu
3072 4886 3241 4952 facta,
3259 4887 3394 4954 quia

1797 4983 1964 5033 eratis
1995 4983 2058 5032 in
2088 4981 2186 5031 illo
2207 4983 2438 5044 tempore
2465 4977 2584 5027 sine
2609 4975 2822 5028 Christo
2845 4977 3082 5028 alienati
3109 4990 3146 5026 α
3170 4989 3393 5027 conuer-

1796 5071 2004 5122 satione
2015 5067 2183 5120 Israel
2198 5071 2246 5119 et
2265 5067 2496 5132 hospites
2521 5068 2968 5156 testamentorum
2983 5064 3387 5130 promissionis,

1795 5175 1940 5226 spem
1973 5172 2080 5210 non
2113 5157 2362 5209 habentes
2392 5156 2567 5206 ctsinc
2597 5154 2700 5206 Deo
2719 5148 2792 5205 'in
2822 5153 2918 5204 hoc
2950 5152 3158 5203 mundo
3179 5148 3390 5220 (Amb.)

1794 5246 2125 5299 Commonet
2167 5251 2384 5313 gentes,
2419 5247 2483 5296 ut
2523 5239 2948 5295 reminiscentes
2986 5238 3120 5308 quid
3160 5238 3390 5308 fuerint,

1793 5340 1957 5389 erant
1974 5335 2125 5388 enim
2145 5333 2395 5386 carnales
2426 5337 2483 5385 et
2502 5330 2620 5384 sine
2641 5328 2980 5399 spe,nullam
3005 5327 3393 5398 promissionis

1793 5423 2246 5477 communionem
2278 5419 2548 5474 habentes
2572 5419 2900 5473 Iudaeorum
2925 5416 2984 5470 in
3014 5416 3237 5471 Christo
3267 5419 3388 5486 (Ju-

1793 5513 1926 5567 daeis
1954 5512 2106 5566 enim
2136 5510 2444 5580 promissus
2471 5515 2596 5562 erat
2623 5506 2901 5572 Christus,
2940 5522 3055 5560 non
3081 5505 3385 5576 gentibus),

1797 5599 2129 5672 propensius
2156 5599 2370 5670 gratias
2398 5603 2570 5668 agant
2587 5597 2702 5650 Deo
2729 5612 2831 5666 per
2849 5595 3156 5660 Christum,
3180 5595 3276 5664 qui
3294 5597 3394 5648 nu-

153 4443 197 4492 ut
225 4436 370 4496 bonis
399 4442 672 4519 operibus
711 4443 1020 4511 exercitati,
1061 4460 1184 4515 quae
1218 4445 1368 4500 Deus
1406 4443 1568 4498 nobis
1595 4445 1716 4513 jam

151 4529 324 4584 renatis
344 4530 598 4593 decrevit
615 4532 893 4602 promissa
913 4549 1232 4588 mereamur
1251 4533 1520 4604 accipere.
1538 4534 1715 4602 Ipsius

154 4619 268 4670 enim
285 4635 477 4676 minus
494 4621 722 4688 factura
745 4624 918 4674 creati
938 4625 998 4678 in
1011 4623 1227 4678 Christo
1239 4625 1365 4678 Jesu
1385 4625 1445 4676 in
1463 4625 1714 4690 operibus

154 4702 288 4772 bonis,
308 4725 426 4778 quae
453 4712 794 4778 preparavit
823 4712 978 4777 Deus,
1012 4717 1073 4764 ut
1108 4714 1168 4764 in
1201 4714 1316 4766 illis
1345 4713 1710 4766 ambulemus.

157 4792 317 4865 liber.)
347 4797 559 4855 Reddit
579 4814 780 4854 causas
797 4816 970 4870 quare
988 4800 1172 4869 gratia
1185 4800 1382 4854 salvati
1402 4815 1596 4854 sumus
1616 4816 1716 4870 per

155 4881 304 4952 ﬁdem,
324 4892 380 4940 et
401 4887 512 4941 hoc
527 4887 715 4959 ipsum
735 4903 848 4944 non
869 4906 934 4942 ex
955 4889 1129 4955 nobis,
1152 4889 1248 4944 sed
1271 4906 1336 4944 ex
1361 4906 1594 4944 munere
1615 4888 1716 4943 Dei

153 4970 300 5026 dicens
331 4995 342 5028 :
378 4978 568 5046 Ipsius
597 4981 748 5032 enim
778 4983 1038 5034 creatura
1075 4996 1285 5042 sunms,
1310 4979 1414 5034 hoc
1441 4985 1544 5044 est,
1567 4977 1714 5047 quod

155 5058 359 5130 mimus,
386 5066 540 5138 quod
579 5067 881 5137 spiramus,
915 5067 1063 5137 quod
1093 5067 1457 5137 intelligimus
1496 5074 1554 5120 et
1591 5083 1712 5119 cre-

154 5147 768 5226 derepossumus,ipsius
797 5162 899 5221 est,
918 5156 1051 5227 quia
1074 5157 1192 5227 ipse
1220 5157 1475 5210 conditor
1502 5163 1710 5211 noster.

155 5234 234 5290 Sed
251 5240 541 5313 diligenter
557 5244 812 5304 observa,
835 5245 968 5315 quia
983 5263 1094 5300 non
1113 5245 1334 5310 dixerit,
1357 5245 1536 5316 Ipsius
1565 5246 1709 5314 ﬁgu-

157 5327 263 5380 ηιϋο
288 5348 486 5385 sumus
514 5338 683 5404 atque
713 5333 1025 5404 plasmatio,
1053 5336 1150 5389 sed
1175 5339 1346 5403 ipsius
1365 5338 1590 5402 factura
1614 5351 1708 5387 su-

157 5429 263 5468 mus.
283 5419 586 5480 Plasmatio
599 5422 806 5494 quippe
821 5423 1093 5493 originem
1108 5425 1176 5478 de
1191 5431 1356 5478 terrae
1367 5425 1500 5478 limo
1512 5423 1706 5483 trahit,

155 5501 328 5562 Mum
348 5511 655 5580 verojuxta
687 5511 1116 5568 similitudinem
1145 5520 1204 5568 et
1222 5514 1529 5584 imaginem
1555 5529 1711 5567 sum-

156 5595 236 5656 Ρείῐ
276 5598 581 5666 exordium,
625 5601 773 5672 quod
808 5601 867 5654 in
908 5603 1214 5660 centesimo
1255 5619 1477 5673 quoque
1521 5609 1714 5658 octavo
