3892 6158
575 167 598 200 ἱ

455 296 557 352 407

1046 298 1107 351 Β.
1151 297 1419 352 RABANI
1459 298 1689 353 MAURI
1738 299 2071 353 ARCHIEP.
2113 299 2437 355 MOGUNT.
2480 258 2776 352 op'ERUM
2815 293 2996 348 PARS
3034 294 3128 346 III.

3576 299 3664 352 408

455 423 758 476 sericordia
787 438 891 476 sua
915 422 1047 477 fecit
1064 422 1188 476 illos
1207 423 1508 493 participes
1529 423 1888 493 spiritalium,
1919 441 2047 478 cum
2064 428 2114 486 Α
2130 425 2268 491 facti
2311 426 2432 476 estis
2468 439 2632 492 prope
2661 425 2723 474 in
2766 422 3035 487 sanguine
3067 420 3282 474 Christi.
3319 421 3457 474 Deus
3489 421 3668 492 ubique

455 516 645 566 essent
663 511 932 565 carnales.
956 511 1088 564 Ideo
1107 517 1297 565 tamen
1317 511 1680 579 circumcisio,
1706 513 1784 566 ait
1803 515 1860 568 in
1883 531 2048 568 carne

457 617 630 655 manu
649 601 886 666 facta,ut
903 601 1246 671 significaret
1273 607 1331 654 et
1349 602 1518 656 aliam
1539 620 1650 656 non
1671 604 2048 660 manufactam

456 689 784 759 spiritalem.
815 691 1008 755 (Hier.)
1031 690 1237 744 Gentes
1269 691 1536 762 Ephesios
1564 693 1624 746 in
1653 709 1820 746 carne
1848 711 2049 748 vocans

457 777 702 832 ostendit
728 777 785 831 in
813 779 1015 849 spiritu
1046 796 1166 833 esse
1193 797 1304 833 non
1334 787 1550 850 gentes,
1575 781 1720 836 sicut
1739 784 2050 838 econtrario

456 865 633 920 Judaei
671 865 730 919 in
759 866 960 936 spiritu
995 874 1192 938 gentes
1221 874 1354 922 sunt
1387 875 1445 923 et
1473 870 1529 923 in
1559 887 1725 924 carne
1763 872 2046 928 Israelita.

457 954 870 1018 Quadrifariam
899 957 1074 1010 Judaei
1104 958 1430 1012 dividuntur
1457 963 1515 1012 et
1539 965 1735 1029 gentes
1759 979 1769 1012 :
1796 961 1890 1014 alii
1923 967 2052 1016 sunt

459 1044 518 1097 in
550 1059 716 1098 carne
737 1031 1046 1099 circumcisi
1077 1051 1134 1100 et
1161 1047 1221 1101 in
1242 1048 1464 1118 spiritu,
1488 1049 1668 1119 qualis
1697 1049 1804 1102 fuit
1833 1051 2053 1122 Moyses

457 1138 516 1186 et
534 1134 740 1198 Aaron,
771 1135 1009 1204 apostoli
1035 1139 1092 1188 et
1120 1136 1450 1204 Nathanael,
1474 1139 1634 1208 cujus
1663 1141 1940 1193 occultum
1962 1141 2054 1194 Ju-

459 1221 739 1276 daismum
769 1223 1042 1277 Dominus
1069 1224 1294 1278 intuens
1317 1227 1400 1279 ait
1428 1244 1438 1277 :
1473 1229 1600 1280 Ecce
1629 1245 1745 1282 vere
1777 1231 2050 1294 Israelita,

461 1313 524 1363 in
555 1326 660 1384 quo
701 1311 860 1364 dolus
895 1328 1006 1366 non
1046 1318 1119 1366 est
1161 1315 1340 1382 (Joan.
1373 1318 1430 1382 1).
1471 1315 1578 1368 Alii
1613 1333 1714 1370 nec
1757 1333 1923 1370 carne
1954 1335 2055 1372 nec

459 1397 662 1468 spiritu
697 1399 1007 1454 circumcisi
1045 1408 1195 1468 sunt,
1243 1403 1424 1473 qualis
1467 1404 1574 1458 fuit
1607 1405 2053 1461 Nabuchodono-

461 1503 556 1540 sor
583 1491 640 1540 et
675 1487 894 1542 Pharao
934 1495 989 1542 et
1027 1490 1192 1544 hodie
1235 1490 1536 1546 barbarum
1579 1500 1634 1547 et
1677 1495 2052 1550 Romanarum

457 1575 714 1644 gentium
761 1577 1082 1644 multitudo,
1129 1597 1251 1650 quae
1309 1599 1422 1636 non
1471 1585 1709 1637 credunt
1747 1585 1803 1638 in
1851 1586 2050 1638 Deum.

461 1664 656 1731 Tertii,
689 1665 784 1736 qui
813 1672 1036 1721 tantum
1064 1669 1124 1722 in
1154 1686 1320 1724 carne
1347 1677 1481 1725 sunt
1506 1673 1818 1727 circumcisi
1848 1682 1904 1728 et
1939 1675 2052 1744 spi-

2131 519 2233 579 est,
2259 519 2315 566 et
2343 519 2494 565 totus
2525 511 2728 580 ubique
2754 518 2856 573 est,
2884 525 2917 562 a
2947 524 3056 578 quo
3085 508 3205 578 quis
3234 514 3408 579 potest
3433 511 3666 580 separari,

2131 619 2258 656 cum
2287 602 2345 654 in
2373 618 2437 654 eo
2457 601 2569 654 sint
2583 598 2810 653 omnia?
2835 603 2891 651 et
2913 598 3035 668 ipse
3063 614 3161 667 per
3178 598 3488 668 prophetam
3508 599 3670 668 loqua-

2131 698 2226 744 tur
2247 709 2258 742 :
2285 709 2311 742 α
2330 691 2443 758 Ego
2458 691 2608 744 Deus
2637 688 3089 760 appropinquans
3107 693 3162 739 et
3183 703 3290 739 non
3309 687 3374 740 de
3395 687 3561 756 longe.
3580 707 3598 736 ι
3616 687 3672 741 Et

2131 779 2426 832 Psalmista
2445 783 2714 832 testatur:
2745 796 2770 829 α
2795 776 2852 830 Si
2875 775 3173 828 ascendere
3195 775 3250 827 in
3278 775 3484 836 caelum,
3505 780 3563 828 tu
3581 775 3674 826 illic

2133 887 2191 922 es
2213 885 2225 919 τ
2249 869 2294 922 si
2315 867 2652 922 descendero
2678 866 2734 919 in
2761 865 3059 928 infernum,
3081 865 3228 918 ades.
3255 882 3280 915 ν
3300 864 3432 916 Cum
3457 863 3610 931 igitur
3625 863 3674 914 in

2133 959 2253 1029 ipso
2266 958 2378 1011 sint
2389 957 2595 1023 omnia,
2617 955 2806 1026 procul
2816 961 3007 1008 tamen
3022 953 3090 1007 ab
3105 952 3289 1022 impiis
3312 952 3518 1016 dicitur,
3539 953 3674 1020 juxta

2133 1047 2290 1112 illud,
2311 1068 2330 1096 ι
2346 1047 2508 1116 longe
2523 1050 2608 1098 est
2618 1044 2888 1099 Dominus
2904 1043 2972 1096 ab
2991 1041 3194 1112 impiis.
3215 1061 3236 1091 ι
3253 1043 3414 1106 Iste,a
3426 1056 3526 1111 quo
3545 1038 3676 1108 impii

2134 1138 2296 1206 longe
2334 1144 2483 1199 sunt,
2535 1135 2746 1188 vicinus
2795 1140 2880 1186 est
2919 1132 3140 1186 sanctis.
3184 1130 3424 1200 Denique
3464 1130 3584 1182 dum
3622 1127 3680 1179 ab

2137 1225 2386 1297 Ephesiis
2400 1231 2545 1278 esset
2558 1224 2768 1294 procul,
2783 1223 2840 1276 in
2851 1221 3122 1292 sanguine
3134 1221 3158 1274 J
3167 1237 3261 1272 esu
3275 1235 3436 1292 prope
3449 1217 3520 1270 eis
3530 1217 3680 1268 factus

2135 1322 2238 1368 est.
2273 1315 2342 1370 Et
2369 1313 2692 1384 diligentius
2725 1311 3076 1376 intuendum,
3110 1309 3255 1380 quod
3285 1307 3482 1377 absque
3509 1320 3680 1358 cruore

2137 1405 2396 1459 DominiJ
2405 1421 2502 1456 esu
2522 1419 2686 1456 nemo
2707 1401 3117 1472 appropinquet
3130 1400 3263 1452 Deo.
3283 1397 3500 1470 Ambr.l
3520 1393 3686 1446 Adhuc
3748 1404 3752 1412 '

2138 1478 2348 1547 donum
2377 1499 2434 1546 et
2464 1491 2706 1562 gratiam
2735 1491 2836 1545 Dei
2865 1489 3236 1551 commendat,
3263 1485 3347 1538 cui
3375 1499 3469 1536 nos
3497 1497 3688 1550 semper

2137 1585 2288 1638 velut
2329 1582 2594 1636 obnoxios
2635 1581 2847 1650 gratias
2898 1579 3015 1632 vult
3062 1578 3285 1631 referre.
3329 1573 3526 1628 Idcirco
3563 1569 3686 1621 enim

2137 1672 2411 1743 sanguine
2439 1669 2644 1724 Christi
2668 1669 2946 1740 proximos
2974 1683 3075 1720 nos
3096 1667 3212 1719 Deo
3236 1661 3408 1716 factos
3431 1662 3686 1712 memorat.

463 1752 1343 1824 ritumincircumcisumhabent,
1360 1763 1428 1815 ad
1452 1779 1589 1832 quos
1604 1765 1878 1833 propheta
1889 1765 2052 1817 dicit:
2085 1759 2223 1827 But,
2251 1768 2522 1832 quantum
2550 1761 2812 1812 affectum
2834 1757 2980 1810 circa
2997 1772 3100 1809 nos
3120 1753 3323 1808 habeat
3348 1751 3506 1812 Deus,
3532 1752 3690 1799 osten-

437 1843 958 1898 -Circumcz‘dimini
993 1849 1096 1901 Deo
1132 1855 1324 1914 restro,
1372 1858 1419 1904 et
1453 1855 1618 1904 nolite
1664 1855 2058 1908 circumcillcl'e

467 1946 691 1985 carnem
731 1937 995 2002 prae-pulit
1039 1941 1206 1990 vestri
1233 1940 1364 2004 (Jer.
1397 1944 1504 2006 xv);
1555 1947 1610 1994 et
1651 1941 1784 1995 alibi
1819 1959 1830 1994 :
1865 1943 2058 1997 Omnes

465 2024 646 2088 gentes
667 2023 1049 2078 incircumcisi
1076 2041 1242 2081 carne
1274 2047 1288 2082 :
1321 2029 1514 2082 domus
1542 2047 1666 2083 vero
1691 2033 1862 2087 Israel
1890 2036 2062 2087 incir-

467 2111 700 2163 cumcisi
726 2117 859 2166 sunt
880 2115 1034 2166 corde
1063 2117 1280 2182 (Jerem.
1316 2120 1405 2187 IV).
1439 2119 1705 2186 Extremi,
1741 2121 1809 2174 de
1862 2121 2064 2192 quibus

469 2213 619 2251 nunc
647 2198 868 2266 dicitur,
906 2221 926 2252 ¢
963 2203 1096 2273 quia
1123 2203 1424 2275 aliquando
1451 2225 1548 2262 vos
1575 2216 1774 2279 gentes
1804 2211 1976 2264 eratis
2007 2211 2062 2265 in

469 2302 654 2351 carne,
679 2288 775 2358 qui
803 2289 1136 2346 dicebamini
1157 2295 1492 2366 praeputium
1523 2297 1593 2350 ab
1622 2315 1689 2352 ea
1718 2317 1840 2369 quae
1861 2300 2068 2353 dicitur

469 2375 817 2431 circumcisio
838 2379 896 2433 in
923 2396 1090 2434 carne
1113 2399 1284 2437 manu
1314 2383 1477 2451 facta,
1507 2405 1532 2438 »
1559 2388 1740 2458 qualis
1763 2389 1926 2442 hodie
1947 2388 2068 2442 uni—

470 2480 632 2520 versa
651 2471 737 2520 est
747 2466 916 2522 turba
934 2471 1283 2526 credentium
1296 2479 1354 2527 et
1367 2481 1523 2529 totus
1538 2493 1602 2529 ex
1623 2477 1896 2530 Gentibus
1911 2494 2070 2532 mun-

471 2553 576 2606 dus
603 2559 690 2608 est
717 2556 934 2626 plenus.
972 2559 1056 2612 Ad
1087 2560 1500 2616 distinctionem
1529 2564 1703 2634 igitur
1729 2567 2069 2636 spiritalium

474 2641 741 2696 Gentium
781 2645 1120 2711 Judmorum,
1165 2650 1388 2719 Ephesii
1437 2653 1644 2706 Gentes
1691 2661 1960 2709 vocantur
2012 2657 2070 2709 in

474 2745 664 2795 carne,
690 2732 822 2802 quia
846 2737 1152 2789 secundum
1177 2739 1444 2809 Spiritum
1468 2741 1734 2796 Israelitae
1753 2750 1902 2796 sunt.
1926 2747 2070 2800 Nam

477 2823 535 2872 et
553 2818 612 2872 in
640 2819 750 2874 alio
779 2821 900 2876 loco
920 2841 1188 2880 carneum
1217 2827 1388 2882 Israel
1415 2829 1703 2901 Scriptura
1733 2849 2072 2888 commemo-

2140 1852 2316 1914 deret,
2352 1849 2445 1921 qui
2468 1865 2568 1920 pro
2599 1847 2758 1901 nobis
2787 1846 2988 1900 Filium
3016 1861 3180 1898 suum
3211 1841 3351 1894 mori
3375 1835 3621 1909 permisit,
3645 1839 3694 1885 ut

2143 1948 2199 1994 et
2225 1957 2325 1994 nos
2353 1939 2410 1992 in
2438 1938 2545 1992 fide
2577 1939 2698 2007 ejus
2725 1936 3010 1998 dun-antes,
3037 1931 3294 1987 omnibus
3318 1926 3489 1981 exitiis
3508 1940 3598 1994 pro
3618 1922 3696 1974 illo

2144 2029 2304 2084 nobis
2341 2028 2530 2093 illatis,
2573 2043 2686 2080 non
2722 2025 3003 2087 cedamus,
3038 2022 3276 2076 scientes
3315 2018 3434 2089 plus
3471 2014 3610 2066 illum
3643 2008 3697 2060 de

2145 2118 2304 2173 nobis
2329 2117 2554 2182 mereri,
2585 2132 2755 2186 quam
2775 2130 2964 2184 quaeea
2975 2129 3142 2182 mque
3161 2111 3230 2164 ab
3251 2105 3482 2162 inimicis
3500 2105 3698 2172 possunt

2146 2207 2358 2261 inferri.
2375 2207 2474 2260 Ille
2496 2205 2665 2262 enim,
2691 2221 2818 2257 cum
2845 2203 2919 2256 sit
2939 2201 3214 2256 Dominus
3245 2204 3300 2251 et
3327 2193 3524 2249 nullius
3546 2193 3696 2258 egeat.

2149 2296 2351 2351 obtulit
2371 2313 2430 2349 se
2460 2312 2560 2366 pro
2582 2293 2758 2353 nobis,
2778 2299 2843 2346 ut
2871 2308 2982 2346 non
3007 2291 3106 2356 illi,
3133 2289 3230 2344 sed
3254 2285 3408 2341 nobis
3426 2281 3698 2353 proficeret.

2149 2388 2263 2440 Nos
2275 2386 2424 2438 enim
2437 2383 2656 2437 etiamsi
2670 2382 2827 2436 nobis
2838 2399 2948 2434 non
2962 2381 3260 2452 proﬁceret
3269 2377 3406 2430 forte
3419 2379 3705 2441 cogeremur

2151 2475 2292 2529 mori
2311 2491 2411 2544 pro
2433 2474 2551 2545 ipso
2572 2472 2812 2527 Domino
2830 2471 2972 2524 servi
2997 2488 3006 2522 :
3037 2475 3248 2540 quanto
3275 2463 3448 2534 magis
3471 2473 3587 2512 cum
3614 2469 3704 2545 non

2151 2540 2332 2618 solum
2347 2540 2618 2625 illius,sed
2633 2565 2689 2614 et
2699 2565 2890 2613 nostra
2903 2576 3050 2612 mors
3064 2557 3225 2611 nobis
3237 2556 3454 2626 praestet
3467 2540 3705 2601 effectum!

2222 2656 2334 2721 Ipse
2363 2657 2433 2705 est
2457 2655 2604 2704 enim
2635 2667 2744 2719 pru-
2772 2653 2978 2714 nostra,
3005 2651 3104 2716 qui
3125 2649 3254 2715 fecit
3285 2649 3510 2708 utraque
3536 2646 3704 2730 ini-uri,

2156 2739 2348 2812 (Hier.)
2380 2741 2580 2794 Dicens
2613 2757 2623 2791 τ
2657 2741 2843 2792 Parem
2877 2753 3052 2790 meam
3085 2738 3153 2790 do
3174 2735 3334 2793 ro’n's,
3368 2742 3536 2822 parem
3557 2724 3710 2822 fit-’m‘

2155 2847 2258 2899 quo
2288 2831 2432 2883 vobis
2460 2831 2636 2896 (Joan.
2679 2830 2803 2890 xxv).
2833 2825 3125 2890 Quomodo
3164 2823 3316 2878 enim
3349 2816 3605 2889 sapientia
3638 2825 3710 2860 sa-

478 2923 610 2962 rans
639 2909 754 2963 ait:
801 2911 971 2966 Videte
1002 2915 1172 2968 Israel
1191 2919 1493 2971 secundum
1523 2936 1746 2974 carnem.
1765 2923 1819 2992 (Ι
1841 2923 1960 2976 Cor.
1994 2927 2067 2991 κ),

2157 2919 2372 2990 pientes
2401 2918 2550 2983 facit,
2585 2923 2642 2970 et
2663 2915 2885 2986 justitia
2905 2916 3108 2985 justos,
3138 2921 3200 2967 et
3229 2909 3579 2965 sanetiﬁcatio
3607 2913 3713 2951 san-

481 2997 614 3068 quia
631 2997 689 3052 in
707 2999 909 3070 spiritu
939 3017 1050 3056 non
1081 3010 1204 3058 erat
1217 3005 1408 3060 Israel.
1435 3008 1670 3062 Pulchre
1692 3015 1882 3064 autem
1903 3013 2073 3065 etiam
2159 3013 2296 3072 ctos,
2312 3013 2369 3061 et
2381 3007 2492 3060 vita
2512 3006 2776 3071 viventes,
2795 3005 2873 3057 sic
2894 3011 2950 3057 et
2972 3003 3088 3074 ipse
3115 3020 3226 3074 pax
3243 3000 3374 3054 facit
3389 3013 3484 3050 nos
3503 2994 3713 3085 pacatos.

479 3085 648 3140 verba
665 3088 988 3144 moderatus
1017 3098 1104 3145 est
1125 3111 1135 3145 :
1171 3095 1276 3160 Qui
1302 3097 1636 3152 (licebamini
1649 3105 2006 3167 pra-patiam,
2028 3109 2067 3154 ei

2161 3103 2226 3150 ut
2245 3097 2527 3150 dicamus:
2553 3111 2674 3148 cum
2699 3095 2784 3147 his
2804 3097 2903 3162 qui
2926 3095 3157 3146 oderunt
3192 3105 3398 3161 pacem,
3429 3099 3567 3137 cram
3594 3093 3718 3148 plm-

481 3182 651 3230 eralz's
679 3179 748 3230 ab
776 3194 982 3248 eamne
1007 3182 1219 3235 dicitur
1245 3186 1592 3239 circmncz’sio
1621 3190 1684 3241 in
1705 3205 1870 3242 (carne
1901 3206 2078 3244 manu
2162 3189 2295 3254 ﬁcus
2307 3185 2476 3252 (Psal.
2496 3188 2652 3250 CXIX).
2678 3184 2736 3237 Si
2767 3189 2955 3236 autem
2987 3181 3248 3235 Christus
3277 3177 3608 3232 Cl‘edentlum
3633 3181 3716 3237 Pax

481 3267 648 3332 facta,
684 3281 795 3320 non
825 3284 936 3339 quo
964 3269 1038 3323 sit
1067 3270 1432 3340 circumcisio,
1461 3275 1558 3328 sed
1579 3293 1688 3346 quo
1713 3277 1834 3348 ipsa
1852 3277 1958 3332 sibi
1977 3279 2082 3332 hoc
2163 3283 2264 3341 est,
2300 3275 2616 3346 quicunque
2645 3273 2764 3326 sine
2790 3289 2923 3337 Pace
2951 3279 3052 3336 est:
3085 3272 3498 3338 εοηεθηιιοηίθτ
3521 3256 3721 3356 nmina-

485 3369 689 3408 nomen
717 3363 985 3424 assumat,
1021 3366 1077 3413 et
1101 3360 1176 3414 sit
1203 3379 1330 3415 vere
1365 3363 1713 3419 circumcisio
1737 3347 2076 3430 manufacta,
2161 3364 2257 3418 bet
2287 3365 2588 3418 Christum.
2623 3363 2730 3430 Qui
2764 3364 2890 3430 fecit
2919 3367 3155 3428 utraque
3193 3375 3390 3420 unum,
3423 3359 3468 3406 et
3513 3347 3716 3402 medim”

485 3459 597 3496 non
629 3445 840 3516 Spiritu
871 3447 1072 3502 :simul
1111 3456 1168 3504 et
1194 3450 1334 3506 illud
1361 3459 1446 3506 est
1475 3455 1897 3520 attendendum,
1934 3457 2081 3527 quod
2158 3457 2426 3522 parietem
2458 3455 2704 3506 maccria'
2733 3455 2939 3504 solvens
2970 3452 3305 3503 inimicitias
3337 3449 3398 3498 in
3435 3453 3590 3494 carne
3614 3448 3714 3486 sua.

486 3547 604 3596 nos,
622 3549 762 3604 quos
781 3534 902 3589 sine
914 3537 1136 3592 Christo
1156 3539 1426 3594 alienatos
1448 3543 1732 3612 quondam
1749 3561 1782 3597 a
1795 3562 2082 3600 conversa-

485 3621 639 3676 tione
656 3623 831 3677 Israel
859 3641 982 3679 esse
1002 3630 1352 3695 memoravit,
1376 3636 1434 3683 et
1452 3633 1776 3701 peregrinos
1797 3651 1831 3687 a
1851 3635 2084 3704 promis-

487 3710 736 3765 sionibus
759 3717 816 3766 et
844 3719 1183 3770 testamento
1203 3717 1323 3782 Dei,
1348 3735 1495 3772 nunc
1514 3727 1810 3792 postquam
1839 3722 1895 3776 in
1927 3724 2084 3777 Chri-

487 3805 639 3854 stum
657 3801 1012 3869 credidimus,
1028 3804 1175 3859 sicut
1193 3809 1654 3878 repromissiones
1670 3817 1728 3864 et
1745 3816 2084 3868 testamenta

487 3889 612 3958 ejus
638 3890 960 3962 accipimus,
994 3892 1075 3946 ita
1111 3911 1332 3965 quoque
1371 3899 1848 3954 conversationem
1879 3902 2083 3955 habere

487 3976 742 4030 dicamur
760 3978 952 4044 Israel,
971 3983 1248 4050 quomodo
1261 3987 1608 4040 conversatio
1621 3989 1880 4042 universa
1893 3990 2084 4059 legalis

489 4064 744 4134 expletur
768 4065 826 4120 in
869 4065 1046 4120 nobis.
1079 4069 1224 4132 Quia
1262 4072 1515 4128 videlicet
1556 4075 1640 4128 lex
1671 4077 1940 4147 spiritalis
1977 4085 2078 4142 est,

490 4158 548 4207 et
573 4153 754 4224 magis
781 4155 1250 4212 circumcidamur
1275 4166 1332 4214 et
1348 4161 1756 4218 sabbatizemus
1775 4167 1835 4220 in
1857 4167 2077 4237 spiritu,

2163 3542 2405 3607 (Ambr.)
2433 3542 2632 3594 Pacem
2663 3540 2794 3593 fecit
2833 3540 2980 3592 inter
3017 3535 3499 3592 circumcisionem
3539 3533 3589 3579 et
3615 3537 3727 3593 pm?-

2164 3631 2383 3702 putium
2397 3631 2580 3702 passio
2595 3629 2918 3684 Salvatoris.
2931 3627 3289 3681 Inimicitiam
3307 3623 3592 3688 enim,qu«'£
3603 3610 3726 3663 νειυῖ

2165 3720 2348 3792 paries
2385 3720 2570 3773 media
2613 3725 2753 3783 erat,
2787 3723 2844 3771 et
2889 3715 3170 3770 dividebat
3215 3707 3670 3796 circumcisionelu

2164 3789 2522 3880 praeputio,et
2540 3807 2876 3880 praeputium
2901 3823 2934 3860 a
2960 3805 3404 3864 circumcisione,
3429 3799 3563 3852 hanc
3592 3789 3726 3844 $0]Vlt

2165 3899 2436 3962 Salvator,
2461 3899 2600 3952 dans
2629 3898 2830 3967 legem,
2855 3903 2920 3949 ut
2949 3912 3129 3966 neque
3160 3895 3391 3949 Iudaeus
3418 3891 3724 3960 praesumens

2163 3987 2232 4041 de
2259 3987 2674 4040 circumcisione
2706 3985 3030 4055 reprobaret
3061 3984 3366 4046 Gentilem,
3401 3990 3572 4046 neque
3598 3971 3722 4066 Cren-

2162 4075 2278 4128 tilis
2293 4076 2434 4128 ﬁdus
2453 4077 2521 4130 de
2541 4077 2832 4146 praeputio,
2851 4073 2904 4127 id
2927 4079 3029 4138 est,
3047 4075 3114 4127 de
3136 4071 3460 4143 paganitate
3477 4063 3725 4118 abomina-

2165 4171 2322 4218 retur
2332 4165 2586 4219 Judaeum
2604 4184 2614 4221 :
2632 4165 2728 4218 sed
2750 4171 2812 4217 ut
2831 4163 2994 4216 ambo
3015 4163 3285 4228 innovati,
3307 4158 3472 4214 unius
3483 4147 3725 4208 Deiﬁdem

488 4241 769 4314 spiritales
797 4243 1049 4300 victimas
1065 4248 1380 4315 offerentes,
1405 4250 1632 4305 illorum
1661 4255 1870 4324 templo
1886 4231 2085 4310 altari-
2167 4259 2538 4324 sequerentur
2557 4253 2615 4307 in
2633 4253 2873 4307 Christo.
2890 4253 3095 4308 Omnia
3113 4253 3269 4305 enim
3293 4265 3414 4320 quae
3443 4238 3618 4338 docuit
3633 4231 3728 4338 $81-

489 4348 598 4402 que
617 4331 934 4398 destructis,
953 4351 1054 4389 nos
1067 4336 1473 4393 Deofructuum
1496 4347 1817 4396 nostrorum
1841 4343 2086 4400 decimas
2168 4350 2343 4407 vator,
2393 4349 2526 4396 tunc
2583 4342 2844 4407 firmavit,
2887 4341 3110 4412 quando
3165 4338 3444 4402 surrexit;
3492 4331 3728 4403 parietem

489 4421 816 4491 offeramus;
840 4439 943 4478 nos
965 4423 1318 4481 immolemus
1337 4443 1548 4499 agnum
1567 4429 2006 4498 immaculatum,
2029 4441 2084 4488 et
2102 4433 2374 4497 Dtamen,
2400 4431 2495 4502 qui
2526 4431 2742 4485 medius
2771 4437 2910 4494 erat.
2931 4430 3183 4485 diVidenS
3211 4429 3361 4483 inter
3389 4427 3562 4516 lege?)
3589 4417 3730 4516 fido-
3761 4449 3768 4456 ’

485 4511 717 4566 accincti
745 4512 985 4581 lumbos,
1016 4515 1257 4586 expediti
1286 4517 1492 4588 pascha
1517 4520 1876 4575 comedamus
1899 4541 1911 4586 ;
1939 4522 2085 4576 sicut
2165 4538 2289 4574 rum
2311 4527 2369 4574 et
2391 4521 2785 4591 gentilitatem,
2812 4520 3111 4574 maceriam
3136 4519 3254 4573 sive
3273 4531 3461 4588 sepem
3489 4504 3731 4578 signiﬁca'

486 4601 636 4654 enim
665 4601 1013 4658 circumcisio
1051 4603 1258 4660 dicitur
1297 4607 1355 4660 in
1390 4624 1558 4662 carne
1589 4625 1761 4663 manu
1789 4609 1963 4677 facta;
2005 4611 2086 4665 ita
2167 4611 2262 4675 vit,
2285 4610 2343 4664 id
2373 4617 2474 4673 est,
2501 4626 2612 4664 non
2629 4609 2900 4680 parietem
2922 4609 3198 4675 stabilem,
3227 4622 3412 4678 neque
3442 4601 3729 4680 robustum}

486 4691 558 4744 ad
589 4689 1000 4746 distinctionem
1042 4695 1165 4764 ejus
1191 4695 1525 4766 intelligitur
1549 4697 1663 4752 alia
1691 4715 1810 4752 esse
1841 4699 2080 4754 circum-

484 4779 638 4845 cisio,
675 4796 797 4850 quze
834 4796 945 4833 non
973 4781 1064 4846 sit,
1098 4783 1244 4838 sicut
1277 4784 1536 4851 diximus,
1587 4804 1759 4841 manu
1789 4789 1951 4855 facta,
1985 4790 2080 4842 sed

484 4867 704 4938 spiritu.
725 4868 884 4932 Quod
903 4875 1094 4924 autem
1113 4871 1210 4938 ait,
1242 4892 1268 4923 ει
1285 4891 1442 4944 spem
1472 4892 1582 4929 non
1605 4875 1875 4931 habentes
1889 4885 1945 4932 et
1962 4878 2081 4932 sine

483 4957 600 5012 Deo
628 4957 686 5012 in
705 4958 810 5012 hoc
830 4959 1058 5025 mundo,
1085 4981 1106 5011 ››
1125 4977 1235 5014 non
1259 4979 1369 5033 quo
1388 4965 1576 5034 plures
1597 4965 1747 5031 deos,
1776 4973 2080 5038 antequam

484 5045 541 5099 in
571 5045 856 5101 Christum
884 5047 1439 5147 crederent\Ephesii
1463 5070 1572 5106 non
1596 5053 1896 5108 habuerint
1912 5060 2080 5125 atque

478 5135 728 5190 venerati
741 5136 874 5204 sint,
891 5137 987 5191 sed
1010 5154 1121 5208 quo
1144 5135 1241 5208 qdi
1255 5138 1463 5209 absque
1483 5158 1612 5195 vero
1624 5142 1739 5196 Deo
1751 5143 1844 5206 sit,
1863 5145 2081 5197 nullum

477 5225 656 5278 Deum
675 5224 898 5280 habeat.
916 5227 985 5280 Et
1010 5226 1392 5296 significanter
1419 5229 1672 5284 additum
1693 5239 1796 5297 est,
1826 5233 1946 5287 sine
1967 5234 2081 5287 Deo

475 5313 534 5365 in
545 5313 1066 5380 mundo;habebant
1077 5315 1282 5386 quippe
1295 5317 1670 5389 Deum,quem
1685 5338 1778 5374 eos
1790 5321 2081 5375 habituras

474 5402 625 5455 Deus
645 5406 776 5456 ante
795 5411 1150 5473 cognoverat,
1167 5410 1226 5459 et
1244 5406 1388 5475 apud
1417 5407 1822 5476 praescientiam
1847 5411 1947 5464 Dei
1969 5427 2080 5464 non

470 5495 634 5544 erant
651 5489 772 5544 sine
784 5491 919 5558 Deo,
934 5494 1031 5547 sed
1044 5494 1103 5548 in
1125 5494 1334 5548 mundo
1353 5502 1516 5549 erant
1533 5495 1743 5567 absque
1759 5499 1893 5552 Deo.
1921 5500 2081 5552 Nunc

469 5584 650 5632 aettem
679 5582 735 5633 in
765 5580 977 5634 Christo
994 5585 1118 5636 Jesu
1138 5599 1244 5638 ros.
1269 5587 1688 5652 qm’aliquando
1705 5590 1875 5639 eratis
1899 5589 2074 5654 longe.

2167 4700 2300 4770 quia
2348 4715 2530 4769 neque
2577 4677 2874 4753 Gentilitas
2929 4700 3092 4752 ﬁrma
3129 4715 3220 4751 res
3278 4677 3418 4758 erat,
3481 4685 3630 4761 quasi
3678 4677 3736 4778 ab

2164 4789 2390 4842 homine
2441 4789 2685 4851 inventa,
2737 4805 2924 4858 neque
2971 4787 3320 4842 circumcisio
3366 4789 3423 4838 et
3459 4784 3736 4867 neomeulfe

2166 4894 2422 4931 escarum
2462 4883 2520 4930 et
2560 4877 2980 4940 sacrificiorum,
3013 4877 3100 4930 vel
3145 4875 3510 4929 sabbatorum
3549 4859 3738 4920 stabilis

2165 4973 2222 5020 et
2250 4968 2358 5020 fixa
2387 4965 2732 5032 observatio;
2757 4967 2836 5019 sic
2859 4967 3008 5020 enim
3031 4967 3164 5019 data
3191 4972 3344 5029 sunt,
3369 4967 3435 5017 ut
3459 4953 3733 5047 cessareuiw

2165 5055 2495 5109 adveniente
2514 5055 2764 5110 Christo:
2788 5055 3040 5128 quamvis
3063 5055 3212 5134 enim
3232 5056 3383 5108 Deus
3399 5042 3734 5105 haecdederit.

2165 5145 2260 5197 sed
2293 5144 2360 5197 ad
2397 5151 2636 5214 tempus,
2659 5145 2784 5197 fidei
2818 5150 3008 5198 autem
3030 5146 3196 5196 ﬁrma
3212 5150 3269 5197 et
3296 5142 3418 5196 sine
3449 5141 3738 5192 successore

2165 5239 2250 5286 est
2264 5233 2795 5304 praedicatioiegem
2811 5251 2860 5287 m
2870 5235 3206 5288 andatorum
3231 5233 3458 5285 decretis
3470 5233 3733 5314 crae-naua

2167 5330 2224 5375 ut
2255 5325 2388 5376 duos
2417 5325 2613 5376 condat
2646 5328 2705 5375 in.
2735 5327 3032 5390 semetipso,
3059 5325 3121 5374 in
3151 5337 3332 5375 unum
3363 5331 3564 5372 norum
3587 5312 3740 5405 han-'11-

2165 5429 2283 5464 nem
2317 5414 2525 5478 ﬁlciens
2543 5429 2748 5479 pacem.
2777 5413 2890 5464 Hoc
2919 5417 3021 5476 est,
3057 5411 3202 5482 quod
3234 5424 3406 5479 supra
3435 5403 3738 5494 summatim

2165 5499 2487 5564 memoravi,
2507 5499 2638 5570 quia
2667 5501 2865 5568 legem,
2895 5517 3017 5569 quae
3039 5500 3171 5553 data
3199 5503 3322 5552 erat
3346 5491 3550 5550 Iudaeis
3571 5490 3626 5542 in
3655 5498 3743 5537 Cll‘-

2164 5589 2522 5654 cumcisione,
2548 5596 2604 5641 et
2628 5589 2685 5644 in
2716 5589 3045 5655 neomeniis,
3073 5595 3130 5642 et
3158 5591 3217 5643 in
3241 5587 3401 5644 escis.
3432 5590 3489 5637 et
3508 5581 3563 5633 in
3592 5577 3742 5632 sacri-
