3880 6146
217 300 301 354 409

594 300 1165 361 ENARRATIONUM
1204 308 1279 362 IN
1319 309 1469 363 EPP.
1513 310 1726 368 PAULI
1766 315 1899 369 LIB.
1946 316 2115 371 XVII.
2144 348 2205 355 —
2247 316 2323 369 IN
2365 314 2584 369 EPIST.
2627 315 2724 369 AD
2764 315 3010 371 EPHES.

3338 319 3442 375 410

214 423 340 488 ﬁciis,
362 428 413 477 et
437 423 492 476 in
514 422 761 489 sabbato,
794 429 1097 495 evacuavit,
1136 431 1240 483 hoc
1261 438 1364 497 est,
1398 452 1614 488 cessare
1634 438 1753 506 jam
1770 441 1821 498 Α
1840 440 2119 510 Scriptum
2133 446 2217 493 est
2229 440 2611 511 quippeineo:
2653 441 2767 493 νίας
2778 444 2893 508 ejus
2904 443 3083 495 vidiet
3102 447 3301 498 sanant
3315 461 3439 498 eum

210 512 360 583 jussit,
390 512 512 582 quia
565 514 721 567 oneri
775 522 914 581 erat,
962 524 1019 570 et
1063 517 1141 571 sic
1193 519 1325 573 fecit
1352 540 1562 592 pacem.
1603 526 1759 579 Unde

214 602 376 655 Petrus
428 603 709 672 apostolus
768 604 902 658 dicit
936 607 993 659 in
1048 608 1277 661 Actibus
1333 614 1755 685 apostolorum:

215 692 328 757 Quid
342 695 608 758 imponitis
638 696 847 760 jugum
870 712 1040 763 supra
1063 702 1317 752 cervicem
1340 703 1760 771 fratrum,quod

216 796 348 847 neque
368 786 542 847 Intres
583 786 762 834 nostri
810 800 977 851 nequc
1026 802 1120 838 nos
1147 794 1373 854 portare
1427 795 1710 857 potuimus
1736 799 1760 846 ?

213 872 314 922 tiri.
337 872 439 937 XV.)

267 958 317 1009 (7t
342 958 601 1013 exhiberet
618 966 669 1013 et
700 967 1078 1017 reconciliaret
1100 968 1287 1019 ambos
1312 971 1369 1020 in
1401 985 1512 1021 uno
1542 987 1761 1037 corpore

208 1048 288 1098 Deo
306 1063 395 1114 per
420 1064 655 1101 cmccm.
685 1050 921 1104 Sublata
950 1053 1246 1108 inimicitia
1274 1064 1454 1109 morte
1476 1060 1766 1117 sua,(‘.hri-

207 1141 301 1187 stus
326 1136 467 1205 prius
497 1139 736 1207 populos
754 1140 901 1193 inter
919 1159 976 1193 se
1002 1145 1377 1198 reconciliavit
1400 1165 1409 1212 ;
1433 1147 1630 1200 deinde
1653 1150 1764 1202 Deo

206 1222 327 1277 Patri
342 1225 760 1294 paciﬁcosfecit,
781 1238 843 1283 ut
879 1231 1131 1284 homines
1171 1241 1385 1287 natura}
1418 1237 1602 1302 unius,
1631 1238 1759 1307 quia

203 1313 371 1366 diversi
408 1314 537 1367 facti
568 1315 799 1371 fuerant
828 1336 925 1387 per
970 1338 1235 1387 errorem,
1276 1324 1528 1377 membra
1572 1327 1757 1380 effice-

202 1408 368 1455 rentur
383 1404 546 1457 unius
560 1407 814 1476 corporis
836 1409 978 1474 novi,
995 1413 1155 1480 cujus
1176 1420 1343 1481 caput
1365 1414 1620 1468 Christus
1650 1429 1751 1469 est.

202 1492 501 1558 Inter/iciens
532 1498 873 1550 inimicitias
887 1501 943 1550 in
974 1504 1270 1568 semetipso,
1294 1508 1339 1554 ct
1374 1508 1763 1559 rcnicnscran-

200 1582 417 1645 gch'mrir
441 1599 632 1649 parem
657 1587 819 1649 robis,
856 1590 955 1654 qui
983 1592 1136 1654 longe
1162 1592 1367 1655 fuistis,
1405 1597 1451 1643 ct
1472 1610 1653 1659 pacem
1677 1596 1761 1647 his

198 1672 278 1734 qui
309 1684 356 1735 p:
521 1677 796 1738 quoniam
844 1692 942 1743 per
987 1680 1167 1743 ipsum
1198 1679 1461 1731 habemus
1490 1698 1760 1734 accessum

1842 534 1887 581 et
1902 534 2209 582 consolatus
2222 547 2343 581 sum
2362 547 2424 581 ru
2436 548 2481 581 in
2494 570 2505 587 ,
2532 536 2579 581 et
2593 524 2718 581 dedi
2731 533 2782 582 ei
2793 534 3217 584 consolationem
3232 550 3415 587 veram
3426 575 3439 592 ,

1838 634 2025 685 [lllllt’ilt
2053 635 2216 685 super
2234 636 2416 685 pacein
2451 619 2536 670 his
2567 621 2668 686 qui
2688 623 2841 684 longe
2879 624 3041 670 crant
3070 625 3117 671 ct
3147 625 3245 687 qui
3281 638 3443 689 prope

1843 706 1973 775 (Ιδα.
2007 718 2154 773 LVII),
2178 712 2234 759 et
2251 708 2364 760 haec
2394 707 2620 777 quidem
2641 708 2801 777 juxta
2830 707 3113 777 vulgatam
3136 708 3440 763 editionem

1842 795 1992 848 dicta
2030 796 2160 848 sint.
2225 796 2502 848 Caeterum
2554 795 2647 866 qui
2704 796 2840 849 illud
2900 797 3153 866 Apostoli
3198 797 3336 865 legit
3373 799 3441 851 de

1844 884 2065 937 Christo
2096 885 2463 937 memorantis
2488 903 2499 936 :
2534 886 2722 937 Pacem
2752 887 2961 950 faciens
2981 902 3083 953 per
3106 890 3442 953 sanguinem

1850 977 2027 1025 crucis
2081 990 2189 1025 suae
2243 975 2329 1025 his
2375 977 2473 1041 qui
2526 978 2581 1026 in
2618 979 2767 1025 terra
2823 980 3001 1039 erant,
3047 980 3093 1027 ct
3144 976 3229 1027 his
3259 978 3437 1044 quiin

1850 1065 2011 1117 artis.
2037 1068 2093 1114 et
2127 1068 2326 1115 caetera
2358 1080 2480 1131 qua?
2516 1063 2571 1115 in
2614 1062 2809 1115 eodem
2859 1062 3123 1117 dicuntur
3150 1063 3289 1128 loco,
3329 1080 3437 1116 non

1850 1150 2069 1219 putabit
2091 1168 2207 1209 nos,
2228 1151 2506 1219 quijuxta
2530 1150 2787 1220 spiritum
2806 1152 2975 1203 Israel
2994 1168 3256 1204 vocamur
3268 1151 3439 1205 fuisse

1841 1240 2023 1307 longe,
2046 1246 2101 1292 et
2114 1241 2137 1291 .l
2150 1240 2355 1302 udmos,
2374 1240 2469 1308 qui
2484 1241 2876 1293 tantummodo
2918 1240 3087 1293 Israel
3118 1256 3440 1311 nuncupen-

1841 1334 1934 1381 tur
1962 1327 2019 1381 in
2046 1344 2229 1389 carne,
2249 1328 2417 1380 fuisse
2444 1345 2634 1398 prope,
2664 1334 2721 1381 et
2750 1328 2892 1380 hanc
2914 1334 3090 1381 totam
3112 1329 3432 1399 intelligen-

1837 1417 1975 1469 tiam
1997 1417 2067 1469 ad
2089 1418 2316 1485 angelos
2332 1417 2681 1488 virtutesque
2712 1417 2981 1482 caelestes,
3019 1423 3077 1469 et
3105 1418 3175 1470 ad
3214 1419 3432 1471 animas

1844 1504 2180 1575 temperabit
2210 1506 2503 1570 humanas,
2526 1506 2672 1576 quod
2695 1505 2750 1558 in
2772 1522 2871 1558 suo
2885 1506 3141 1559 Christus
3162 1507 3435 1575 sanguine

1844 1600 2069 1646 terrena
2091 1600 2143 1645 et
2161 1594 2407 1646 ccclestia
2431 1595 2725 1663 copularit,
2747 1611 2869 1664 qua}
2893 1594 3040 1647 inter
3059 1611 3117 1647 se
3134 1603 3302 1647 antea
3330 1595 3438 1649 dis-

1844 1682 2102 1735 sidebant
2127 1701 2137 1749 ;
2174 1690 2230 1735 et
2260 1682 2436 1735 bonus
2466 1690 2659 1752 pastor
2685 1683 2999 1735 morbidum
3030 1684 3099 1736 ad
3124 1691 3341 1736 montes
3360 1700 3444 1736 re-

198 1758 322 1807 ambt
355 1762 405 1809 in
431 1776 459 1808 ις
496 1778 541 1809 τι)
560 1762 782 1828 Spiritu
804 1766 878 1815 ad
896 1767 1131 1817 Patrem.
1157 1765 1372 1837 (Amo)
1394 1769 1545 1822 Idem
1560 1788 1755 1823 sensus
1779 1770 1823 1827 B
1847 1778 2075 1841 portans
2104 1788 2277 1833 ovem,
2314 1772 2507 1823 fecerit
2538 1789 2657 1824 esse
2692 1789 2819 1824 cum
2850 1772 3082 1832 caeteris,
3115 1772 3437 1825 drachmam

198 1846 563 1901 estintcrfi‘cit
585 1850 737 1903 enim
762 1851 1112 1907 inimicitiam
1138 1855 1190 1907 in
1215 1874 1292 1921 se,
1312 1858 1443 1910 dum
1462 1876 1559 1927 pro
1578 1860 1759 1912 omni-

196 1932 399 1988 bustum
422 1937 485 1990 Iu
506 1938 633 1991 imis
664 1957 832 2009 quam
851 1943 1419 2009 gentilibusmortuus
1442 1954 1552 2000 est:
1579 1949 1760 2000 omni-

195 2022 277 2076 bus
302 2042 442 2078 (πω
466 2028 695 2096 prolicit
722 2046 870 2082 mors
913 2032 1233 2087 Salvatoris.
1261 2036 1576 2104 Resurgens
1608 2037 1758 2089 enim

195 2130 221 2163 a
259 2116 496 2181 mortuis.
550 2117 823 2172 damnata
874 2127 1072 2183 morte,
1110 2140 1230 2192 qum
1269 2125 1495 2177 tenebat
1541 2142 1753 2181 omnes.

194 2204 405 2255 ostendit
432 2225 460 2276 ι,
492 2223 611 2258 iam
661 2224 817 2276 spem
864 2208 1134 2264 haberent
1179 2214 1467 2267 credentes
1514 2215 1571 2267 in
1607 2233 1756 2269 eum.

195 2289 310 2343 Hinc
327 2294 617 2346 .‘vandavit
636 2296 1106 2364 praedicationem,
1143 2318 1251 2370 qua
1279 2319 1471 2355 omnes
1494 2321 1758 2357 convoca-

191 2386 357 2433 rentur
383 2382 451 2435 ad
482 2383 674 2436 Deum
704 2385 931 2439 Patrem
974 2388 1029 2440 in
1053 2389 1267 2443 unitate
1290 2392 1548 2461 Spiritus,
1592 2394 1763 2446 scissa

191 2468 453 2535 discordia,
490 2479 561 2525 ut
606 2472 722 2525 sive
752 2475 948 2541 Judaei,
976 2478 1070 2547 qui
1126 2496 1296 2550 prope
1324 2481 1448 2534 ideo
1478 2483 1757 2549 dicuntur,

191 2559 298 2627 quia
318 2559 570 2629 ipsorum
595 2563 851 2631 patribus
864 2566 1006 2619 facta
1019 2569 1315 2637 promissio
1328 2576 1435 2629 est;
1469 2572 1583 2624 sive,
1614 2572 1763 2624 Gen-

190 2648 307 2711 tiles,
344 2651 434 2719 qui
479 2652 615 2704 ideo
653 2652 817 2723 longe
851 2655 1130 2721 dicuntur,
1169 2658 1300 2727 quia
1320 2660 1417 2712 Dei
1444 2661 1623 2727 legem
1652 2678 1765 2713 non

191 2744 493 2808 receperunt
544 2741 740 2794 datam
789 2760 889 2812 per
933 2745 1180 2815 Moysen,
1235 2747 1453 2801 sublato
1486 2750 1764 2819 praeterito

187 2825 673 2900 ritu,susciperent
715 2832 881 2885 ﬁdem
918 2834 1142 2899 Christi,
1162 2853 1260 2906 per
1283 2854 1449 2906 quam
1485 2839 1766 2891 efﬁceren-

188 2923 263 2969 tur
290 2933 479 2971 unum.
520 2920 720 2985 (Ηίρν.)
736 2922 1040 2991 Postquam
1060 2941 1190 2993 ergo
1213 2926 1546 2995 sapientiam
1560 2928 1761 2991 carnis,

187 3022 286 3075 quae
304 3014 383 3061 est
396 3008 635 3061 inimica
668 3010 800 3075 Deo,
837 3011 891 3062 in
914 3029 1015 3066 sua
1042 3014 1285 3067 salvator
1306 3032 1471 3068 carne
1492 3017 1768 3069 destruxit

1845 1878 1966 1930 quae
1988 1861 2231 1930 perierat
2255 1861 2535 1913 drachn‘iis
2570 1877 2690 1929 quae
2713 1861 2874 1913 salvze
2901 1861 3124 1913 fuerant
3151 1862 3441 1932 copulave-

1844 1950 1917 2002 rit
1942 1952 2093 2018 (Lur.
2120 1954 2230 2016 xv),
2286 1956 2341 2001 et
2379 1950 2645 2002 mandata
2678 1950 2881 2018 legalia
2910 1950 2979 2001 ad
3016 1949 3111 2002 illa
3143 1951 3441 2002 retraxerit

1842 2038 2123 2107 dogmata,
2158 2038 2225 2090 ad
2260 2055 2497 2107 quorum
2547 2044 2743 2108 typum
2784 2043 2840 2091 et
2870 2038 3173 2107 imaginem
3222 2040 3443 2107 Moyses

1843 2146 1963 2197 quia
1976 2134 2161 2180 essent
2174 2128 2231 2179 in
2244 2127 2602 2181 tabernaculo
2614 2126 2935 2179 fabricanda
2947 2128 3440 2197 conspexit.Atque

1841 2217 1917 2269 ita
1941 2216 2081 2277 ﬁeri,
2114 2223 2177 2269 ut
2198 2233 2327 2269 crux
2352 2216 2577 2269 Domini
2603 2233 2714 2268 non
2759 2216 2940 2267 solum
2972 2222 3155 2280 terrae,
3181 2216 3277 2267 sed
3299 2216 3437 2267 coelo

1842 2305 2132 2375 profuerit,
2166 2321 2276 2357 non
2305 2311 2529 2357 tantum
2562 2303 2900 2368 hominibus,
2922 2304 3018 2364 sed
3052 2312 3108 2355 et
3132 2304 3363 2371 angelis,
3384 2310 3442 2356 et

1843 2394 2023 2447 omnis
2042 2400 2299 2447 creatura
2316 2392 2535 2445 Domini
2557 2393 2644 2446 sui
2657 2409 2852 2445 cruore
2884 2392 3155 2445 mundata
3168 2392 3259 2444 sit.
3281 2392 3441 2454 Quod

1844 2490 2031 2535 autem
2064 2484 2161 2546 ait,
2200 2489 2261 2535 ut.
2293 2484 2425 2534 duos
2468 2485 2721 2534 mndcrrt
2756 2484 2813 2533 in
2845 2484 3123 2549 semetipso
3158 2484 3217 2533 in
3261 2497 3439 2533 unum

1849 2589 2043 2624 norim:
2077 2573 2371 2631 hmnincm,
2391 2571 2607 2640 etquod
2636 2570 2816 2639 magis
2831 2570 3052 2622 videtur
3072 2568 3343 2639 superiori
3374 2570 3443 2621 de

1846 2660 2050 2713 Iuda-is
2063 2668 2230 2729 atque
2248 2660 2564 2713 Gentilibus
2589 2659 2776 2712 sensui
2804 2659 3118 2719 convenire,
3139 2657 3217 2710 sic
3230 2674 3343 2710 suae
3357 2657 3441 2711 in-

1850 2749 2170 2817 telligentize
2187 2748 2501 2819 coeptabat,
2520 2755 2581 2801 ut
2598 2748 2749 2801 dicat
2764 2749 3048 2801 hominem
3074 2746 3442 2816 juxtaimagi-

1848 2855 1976 2891 nem
2028 2844 2084 2890 et
2131 2838 2555 2891 similitudinem
2612 2837 2712 2891 Dei
2752 2837 2978 2902 factum,
3030 2836 3285 2889 eamdem
3313 2843 3440 2906 post

1848 2926 2354 2979 reconciliationem
2388 2926 2620 2979 formam
2645 2933 3197 2994 reccpturum,quam
3221 2930 3278 2976 et
3298 2936 3443 2977 nunc

1849 3016 2033 3083 angeli
2058 3015 2282 3080 habent,
2318 3022 2372 3068 et
2394 3016 2511 3086 ipse
2541 3014 2867 3085 perdiderit.
2889 3015 3108 3067 Novum
3131 3019 3321 3066 autem
3344 3013 3441 3065 ho-

186 3104 230 3146 et
254 3106 530 3168 pmcepta
558 3099 761 3165 legalia
788 3102 1120 3169 evangelicis
1145 3103 1500 3171 dogmatibus
1517 3122 1763 3159 commu-
1782 3090 1825 3149 Ο
1848 3105 2054 3158 minem
2077 3122 2196 3158 esse
2216 3104 2367 3169 dicit,
2390 3105 2480 3174 qui
2501 3103 2750 3174 quotidie
2766 3109 3147 3167 renovatur,et
3158 3101 3443 3154 habitatu-

124 3204 132 3211 ε
182 3186 394 3249 tavit,ut
424 3188 496 3240 de
533 3189 732 3241 Judaeo
763 3197 929 3259 atque
958 3191 1164 3243 Gentili
1196 3209 1370 3245 unum
1389 3195 1655 3264 populum
1690 3196 1766 3247 fa-

183 3282 310 3327 ceret
355 3276 773 3341 Christianum,
813 3279 1193 3346 evangelizans
1234 3282 1408 3348 nobis,
1464 3284 1558 3352 qui
1603 3285 1764 3352 longe

181 3379 397 3430 eramus,
445 3372 507 3418 et
554 3366 810 3436 reliquiis
860 3369 1200 3433 Iudaeorum,
1240 3371 1334 3440 qui
1364 3372 1431 3423 de
1471 3373 1643 3425 Israel
1669 3390 1767 3442 per

182 3452 458 3521 Apostolos
502 3456 890 3515 crediderunt,
946 3474 1139 3527 pacem
1177 3465 1344 3529 atque
1390 3462 1760 3525 concordiam,

181 3547 289 3593 tunc
318 3560 417 3612 per
453 3545 649 3614 ipsum
686 3546 1019 3599 accessimus
1069 3548 1139 3599 ad
1169 3548 1366 3611 Deum,
1402 3555 1457 3601 et
1486 3567 1660 3602 unum
1712 3551 1766 3603 in

181 3628 367 3699 Spiritu
384 3640 613 3703 patrem
631 3650 731 3686 nos
749 3635 953 3687 habere
972 3637 1355 3704 cognovimus;
1397 3639 1766 3707 completum-

180 3734 268 3786 que
288 3726 369 3773 est
394 3723 563 3787 illud,
598 3723 813 3792 quodin
828 3724 1125 3792 Evangelio
1139 3726 1409 3778 Dominus
1440 3727 1771 3796 loquebatur

182 3806 379 3862 dicens:
411 3813 472 3865 ιν
508 3814 609 3877 ﬁat
647 3829 794 3864 unus
810 3819 999 3879 pastor
1029 3819 1078 3866 et
1110 3831 1253 3867 unus
1281 3814 1431 3881 ἀγινεῖ.
1486 3817 1663 3880 (Joan.
1686 3820 1764 3883 Χ).

180 3895 235 3949 Et
258 3898 487 3953 iterum:
522 3901 595 3953 Et
624 3904 772 3953 alias
801 3919 916 3953 ores
947 3904 1111 3955 habeo
1140 3920 1258 3970 qua
1288 3921 1397 3956 non
1426 3911 1557 3957 sunt
1586 3922 1648 3957 ex
1676 3906 1772 3959 hoc

181 3989 294 4038 erili
325 3990 520 4059 (Ibidr)
553 4007 565 4053 ;
595 4006 697 4041 nos
713 3990 1035 4058 signiﬁcans
1065 4009 1127 4044 ex
1156 3992 1771 4063 gentibuscongregan-

182 4072 281 4127 dos.
320 4077 635 4131 Inimicitia
669 4085 879 4137 autem,
913 4097 1035 4149 qua)
1066 4080 1123 4132 in
1146 4081 1447 4134 Salvatoris
1478 4098 1643 4134 carne
1673 4083 1770 4134 dc-

183 4169 375 4218 structa
408 4175 517 4231 est,
558 4167 728 4220 etiam
775 4185 875 4237 per
906 4186 1128 4221 crucem
1170 4176 1255 4222 est
1286 4169 1592 4223 ἰιηρινῇξηω.
1624 4172 1772 4224 Scri-

182 4258 321 4319 ptum
340 4263 429 4308 est
445 4256 623 4317 enim.
647 4263 707 4307 ut
732 4261 1107 4310 reconciliaret
1130 4263 1427 4325 utrumque
1452 4263 1507 4311 in
1534 4277 1641 4311 uno
1660 4277 1773 4311 cor-

180 4355 289 4405 pore
301 4346 528 4412 [κοψεν
540 4361 639 4397 cru
647 4362 757 4398 cem
774 4350 831 4398 in
841 4350 1107 4412 fer/{ciens
1121 4350 1483 4400 inimicitiam
1500 4351 1557 4400 in
1574 4366 1652 4413 ea,
1663 4365 1772 4401 non

184 4435 237 4481 ut
259 4430 311 4484 in
339 4432 562 4486 Latinis
574 4434 855 4486 codicibus
872 4434 1122 4487 habebur
1140 4438 1196 4487 in
1218 4440 1516 4503 semetipso,
1544 4444 1772 4507 propter

184 4518 341 4574 Grmci
372 4523 732 4592 pronominis
746 4518 1263 4590 ambiguitatem,év
1299 4520 1438 4594 αὐτῷ
1469 4525 1772 4589 enim,etin

188 4610 609 4679 insemctipsomt
632 4615 693 4665 in
716 4629 794 4676 ea,
824 4612 877 4664 id
902 4618 1002 4677 est,
1019 4613 1076 4665 in
1104 4629 1283 4677 cruce,
1313 4613 1547 4683 intelligi
1567 4621 1768 4684 potest,

184 4699 465 4766 quiacrux,
484 4701 540 4754 id
552 4694 909 4769 εεῐβταυρὸς,
918 4702 1080 4770 juxta
1091 4704 1312 4755 Graecos
1322 4704 1544 4770 generis
1558 4720 1772 4755 mascu-

186 4784 268 4840 lini
284 4798 385 4843 est.
401 4791 519 4844 Lex
534 4806 758 4861 quoque
772 4791 1165 4843 mandatorum
1191 4790 1458 4844 subversa
1470 4798 1555 4844 est
1575 4792 1631 4845 in
1642 4794 1773 4861 dog-

186 4878 755 4950 matibus,postquam
784 4880 1131 4933 circumcisae
1162 4886 1217 4932 et
1249 4880 1642 4947 sabbatismus,
1678 4882 1773 4951 qui

189 4967 397 5020 relictus
430 4976 519 5021 est.
540 4969 748 5039 populo
778 4968 897 5033 Dei,
930 4975 987 5021 et
1018 4969 1231 5022 Pascha
1260 4976 1317 5022 et
1345 4970 1692 5029 Pentecoste,
1720 4977 1775 5024 et

189 5070 282 5109 non
309 5074 586 5128 apparere
629 5057 685 5109 in
708 5063 1005 5126 conspectu
1037 5058 1135 5110 Dei
1160 5075 1415 5125 vacuum,
1450 5065 1581 5111 sunt
1609 5060 1776 5112 altius

192 5143 739 5217 intelligenda,quam
756 5152 1101 5209 resonant,et
1118 5146 1187 5199 ab
1203 5147 1350 5200 occid
1359 5153 1486 5200 ente
1499 5146 1686 5200 littera
1697 5164 1778 5201 re-

191 5233 736 5306 cedentes,co:pimus
747 5233 1118 5287 viviﬁcantem
1136 5235 1407 5305 Spiritum
1420 5237 1598 5306 sequi.
1619 5236 1777 5300 Quod

194 5328 365 5377 autem
378 5326 479 5388 ait,
490 5329 901 5391 venienspaccm
917 5340 1047 5376 evan
1053 5328 1135 5391 gcl
1141 5328 1261 5377 izar
1270 5329 1309 5377 it
1324 5328 1481 5389 robis,
1492 5328 1651 5394 qui/u
1662 5330 1779 5379 istis

195 5410 352 5477 longe,
376 5414 482 5465 hoc
495 5420 596 5479 est,
619 5411 911 5477 Gentibus,
928 5419 984 5465 et
1000 5429 1193 5482 pacem
1210 5414 1297 5465 his
1310 5414 1403 5484 qui
1419 5431 1609 5484 prope,
1626 5414 1681 5466 id
1695 5420 1781 5467 est

195 5498 408 5565 Iudaeis,
430 5502 648 5556 videtur
667 5501 808 5554 mihi
822 5502 891 5553 de
912 5502 1058 5555 Isaia
1069 5501 1193 5555 aliis
1206 5502 1384 5555 verbis
1394 5504 1779 5556 testimonium

197 5590 501 5655 protulisse,
532 5598 590 5643 et
599 5590 904 5659 Scriptum
917 5590 1197 5645 sententia
1207 5590 1445 5646 abusum
1463 5593 1620 5662 quasi
1648 5610 1771 5657 sua,

1848 3211 1943 3247 rus
1964 3200 2047 3246 est
2077 3194 2131 3246 in
2155 3211 2294 3246 novo
2326 3194 2551 3253 mundo,
2578 3194 2802 3262 quando
2820 3193 2927 3244 erit
2945 3193 3145 3244 coelum
3164 3208 3369 3243 novum
3389 3198 3447 3243 et

1848 3288 1999 3336 terra
2037 3300 2195 3347 nova.
2226 3291 2277 3335 (ἡ
2305 3283 2576 3336 ῗιὶῐήῐυιτιιε
2604 3290 2690 3335 est
2718 3281 2945 3333 calicem
2990 3283 3015 3333 J
3024 3298 3121 3333 esu
3148 3297 3353 3332 novum
3385 3280 3443 3332 in

1850 3389 2021 3441 regno
2042 3371 2163 3434 Dei,
2180 3377 2236 3425 et
2262 3377 2591 3425 cantaturus
2620 3372 2899 3424 canticum
2926 3386 3130 3421 novum
3155 3375 3212 3421 et
3226 3368 3444 3421 Veteris

1849 3461 2097 3530 Novique
2128 3461 2471 3514 Testamenti
2488 3460 2723 3513 lectione
2738 3458 3023 3528 gaudebit.
3054 3459 3197 3512 lllud
3222 3474 3442 3527 quoque

1849 3550 1993 3619 quod
2008 3550 2139 3621 alibi
2156 3550 2444 3602 scribitur:
2462 3551 2586 3602 Ercc
2603 3552 3087 3615 fllri'oonimaqua?
3103 3563 3254 3599 nunc
3267 3550 3447 3598 orien-

1853 3639 2345 3706 tur/ls.x1.m).sic
2376 3639 2597 3699 sentiet,
2628 3644 2691 3689 ut
2719 3636 3053 3706 principium
3074 3633 3447 3687 innovationis

1852 3729 1909 3781 in
1940 3727 2199 3797 praesenti
2214 3727 2414 3779 saeculo
2438 3727 2555 3777 fieri
2571 3723 3445 3793 aestimetCaeterum,perfectam

1852 3824 2408 3884 consummatamque
2428 3814 2729 3865 novitatem
2760 3813 2999 3866 necdum
3019 3811 3077 3863 in
3107 3811 3213 3863 isto
3245 3811 3446 3863 saeculo

1853 3910 2012 3976 putet
2032 3904 2296 3974 compleri
2315 3920 2494 3973 posse.
2515 3903 2582 3955 Et
2594 3902 2873 3971 quomodo
2890 3918 3036 3953 nunc
3049 3916 3148 3969 per
3158 3899 3445 3968 speculum

1856 3994 2105 4046 videmus
2136 3993 2190 4045 in
2206 3993 2521 4061 aenigmate.
2548 3977 2681 4045 ttinc
2694 3997 2882 4044 autem
2915 3990 3055 4042 facie
3077 3990 3147 4042 ad
3180 3988 3379 4040 faciem
3405 3990 3451 4055 tl

1857 4086 1976 4135 ti'or.
2000 4081 2115 4149 xm)
2146 4100 2155 4132 :
2191 4083 2271 4134 sic
2299 4089 2354 4134 et.
2388 4081 2849 4135 instaurationem
2868 4079 2996 4133 novi
3026 4077 3285 4135 hominis,
3317 4083 3448 4130 tunc

1855 4173 2017 4241 plene
2052 4172 2405 4241 perfectoque
2423 4170 2831 4240 complendum,
2857 4185 2981 4220 cum
3004 4168 3252 4220 caelestia
3278 4174 3450 4219 terre—

1856 4277 2041 4329 naque
2070 4261 2283 4313 fuerint
2305 4261 2583 4330 copulata,
2617 4268 2673 4311 et
2704 4260 2759 4312 in
2800 4276 2913 4311 uno
2950 4257 3163 4327 Spiritu
3201 4261 3257 4308 et
3283 4272 3449 4308 sensu

1856 4350 2162 4419 eademque
2195 4349 2474 4401 sententia
2500 4346 2978 4401 accesserimusad
3002 4344 3450 4397 Patrem.Nescio

1857 4438 1989 4507 quid
2004 4439 2111 4490 tale
2129 4438 2253 4490 etin
2268 4438 2512 4507 Epistula
2529 4438 2656 4501 alia,
2674 4437 2717 4488 si
2735 4435 2857 4504 quis
2874 4441 3063 4485 tamen
3089 4448 3211 4484 eam
3230 4432 3445 4500 recipit,

1856 4527 2223 4596 prudentibus
2242 4526 2553 4596 quibusque
2585 4522 2882 4576 lectoribus
2898 4520 3215 4573 subindicat
3225 4519 3414 4571 dicens
3433 4538 3443 4570 :

1858 4617 1927 4669 lli
1938 4633 2019 4667 om
2031 4633 2121 4667 ncs
2136 4619 2381 4669 lcstimon
2394 4618 2448 4666 iu
2459 4632 2510 4665 in
2523 4615 2841 4679 accipientes
2852 4611 2998 4676 ﬁdei,
3014 4626 3123 4661 non
3140 4612 3449 4660 retulerunt

1852 4720 2010 4772 prom
2024 4708 2271 4755 issioncm
2292 4720 2325 4755 (ι
2358 4705 2458 4755 Ι)ίό
2469 4718 2567 4768 pro
2591 4700 2740 4751 nobis
2756 4700 2949 4749 melius
2962 4698 3098 4765 quid
3112 4697 3446 4764 providente.

1862 4798 1919 4845 ut
1952 4809 2062 4844 non
2108 4794 2304 4858 absque
2347 4792 2499 4843 nobis
2557 4790 3084 4840 consummarcntm'
3116 4787 3296 4851 (Hebr.
3334 4788 3448 4853 XI);

1856 4886 2153 4950 prepterea
2165 4886 2220 4932 et
2232 4880 2489 4932 universa
2500 4882 2754 4930 creatura
2770 4874 3446 4944 congemiscitnobiscum,

1859 4970 1952 5040 qui
1986 4971 2041 5021 in
2066 4969 2426 5022 tabernaculo
2467 4967 2573 5019 isto
2607 4965 3045 5034 ingemiscimus,
3078 4968 3135 5015 et
3171 4962 3446 5023 condolet,
3508 5008 3523 5019 ,

1861 5059 1991 5128 quia
2008 5059 2267 5111 timorem
2286 5057 2385 5110 Dei
2418 5056 2473 5108 in
2504 5060 2664 5107 utero
2696 5053 3072 5123 concepimus,
3109 5050 3448 5114 etdolemus,

1860 5153 1917 5200 et
1935 5129 2320 5216 priestolamur
2348 5144 2744 5197 revelationem
2770 5142 3015 5196 ﬁliorum
3036 5139 3157 5204 Dei,
3174 5146 3237 5191 ut
3260 5138 3327 5191 de
3359 5156 3451 5191 va-

1862 5236 2037 5288 nitate
2061 5235 2365 5299 servitutis,
2397 5234 2486 5287 cui
2518 5250 2665 5285 nunc
2697 5232 2948 5300 subjecta
2977 5234 3079 5294 est,
3094 5227 3382 5292 liberetur,
3401 5234 3456 5280 et

1864 5328 1963 5377 tiat
1990 5340 2135 5377 unus
2164 5329 2351 5392 pastor
2374 5330 2431 5376 et
2448 5339 2592 5376 unus
2612 5339 2764 5392 grex,
2792 5326 2849 5372 et
2870 5317 3049 5371 oratio
3070 5317 3459 5387 Deicomplea-

1860 5420 1955 5467 tur
1976 5413 2239 5466 dicentis:
2270 5414 2387 5466 Fiat
2410 5417 2660 5465 roluntas
2685 5417 2780 5462 tua
2812 5411 2875 5461 in
2892 5411 3015 5460 cu‘lo
3045 5413 3091 5459 ct
3122 5411 3185 5460 in
3210 5414 3379 5460 terra.

1932 5505 2074 5569 Ergo
2123 5506 2246 5569 jam
2297 5518 2405 5555 non
2444 5503 2567 5553 estis
2613 5501 2839 5566 hospites
2872 5503 2919 5550 et
2947 5498 3182 5559 adrenw,
3223 5497 3313 5548 scd
3333 5498 3456 5549 estis

1863 5597 1998 5645 σίδας
2026 5597 2345 5645 sanctorum
2378 5597 2425 5643 et
2455 5590 2735 5643 domestici
2763 5588 2875 5639 Dei.
2913 5586 3000 5641 Ad
3032 5584 3086 5637 id
3110 5583 3256 5654 quod
3288 5598 3459 5650 supra
