3892 6158
441 290 540 349 tu

439 417 676 485 dixerat,
714 437 738 469 α
770 418 1051 489 peregrini
1069 423 1536 474 testamentorum
1566 425 1623 474 et
1649 421 2100 491 repromissio-A

441 508 549 574 nis,
584 527 608 560 δ)
627 524 774 563 nunc
785 507 1104 578 respondet,
1131 505 1256 576 ergo
1275 513 1400 577 jam
1433 525 1545 562 non
1573 511 1954 578 estishospites,
1977 512 2035 565 id

440 603 542 662 est,
559 596 839 668 peregrini
855 615 867 662 ;
883 597 1016 650 etad
1034 597 1192 662 illud,
1209 599 1354 668 quod
1376 598 1740 667 praemiserat,
1763 600 2032 655 «alienati

437 703 472 741 a
499 685 919 740 conversatione
930 687 1122 753 Israel,
1151 705 1176 739 »
1209 687 1376 740 modo
1393 689 1710 758 respondet,
1745 693 1869 744 estis
1896 693 2032 744 ci-oes

438 780 761 830 sanctorum
787 780 836 828 et
865 777 1148 830 domestici
1173 777 1288 830 Dei.
1317 777 1616 844 (Missus)
1637 778 1781 841 Quia
1803 780 1897 848 qui
1926 779 2031 834 ali-

365 851 380 865 ’
439 863 662 935 quando
680 863 844 933 longe
872 863 1053 918 fuistis
1081 881 1194 919 non
1207 863 1477 920 habentes
1489 867 2032 936 repromissionesde

437 953 661 1007 Christo
681 954 767 1007 vel
800 954 982 1008 salute
1011 961 1223 1008 vestra:
1248 971 1398 1008 nunc
1419 972 1548 1009 vero
1562 972 1736 1026 prope
1747 959 1902 1024 estis,
1919 974 2030 1012 non

434 1044 618 1097 solum
633 1059 823 1114 prope,
842 1043 940 1097 sed
954 1044 1125 1097 etiam
1147 1044 1292 1098 cives
1316 1049 1658 1098 sanctorum.
1678 1046 2027 1114 Supera'di/i-

435 1134 546 1185 cati
553 1148 717 1199 super
728 1133 1541 1202 fundamentumApostolorum
1554 1136 2002 1202 etProphetarum
2013 1179 2024 1190 .

431 1219 676 1290 (Ambr.)
699 1222 816 1275 Hoc
827 1227 914 1275 est
927 1239 1100 1293 supra
1116 1239 1322 1276 novum
1348 1228 1404 1276 et
1427 1230 1584 1278 vetus
1605 1225 2028 1280 Testamentum

433 1309 706 1364 collocati.
725 1311 884 1374 Quod
899 1311 1048 1364 enim
1059 1312 1297 1382 apostoli
1311 1312 1774 1382 praedicaverunt,
1788 1315 2029 1385 prophe—

433 1403 505 1452 tae
531 1397 783 1452 futurum
811 1399 1092 1469 dixerunt,
1125 1401 1377 1470 quamvis
1406 1402 1555 1456 dicat
1583 1403 1651 1456 ad
1683 1404 2028 1457 Corinthios:

434 1489 588 1551 Deus,
613 1487 816 1558 inquit,
835 1492 1084 1556 primum
1101 1493 1286 1558 posuit
1309 1494 1371 1543 in
1399 1491 1636 1545 Ecclesia
1661 1497 1942 1562 apostolos,
1957 1510 2032 1546 se-

431 1577 610 1629 cundo
624 1579 917 1644 prophetas
937 1579 986 1646 (Ι
998 1579 1118 1632 Car.
1133 1584 1225 1648 xu)
1244 1598 1255 1644 ;
1279 1579 1377 1633 sed
1392 1580 1448 1633 hi
1469 1579 1566 1634 alii
1577 1582 1862 1652 prophetae
1873 1589 2024 1636 sunt.

1024 292 1088 350 Β.
1129 290 1403 350 RABANI
1441 289 1673 351 MAURI
1710 293 2047 351 ARCHIEP.
2089 293 2414 386 MOGUNT.
2454 291 2754 350 OPIRUM
2789 292 2974 350 PARS
3011 295 3109 350 ΙΙΙ.

3554 300 3642 363 4η

2717 419 2952 475 CAPUT
3005 421 3101 476 ΙΠ.

2117 531 2410 583 Ρνιτγηιίιίε
2437 528 2721 596 Apostolus
2741 530 2814 580 ad
2833 530 3110 583 orandum
3143 545 3241 598 pro
3267 532 3648 602 Ephesiisdispo—

2185 603 2522 665 sitionem,et
2546 615 2650 666 pro
2678 602 2753 652 eis
2781 605 2922 666 orat,
2957 604 3130 654 totum
3141 603 3335 657 bonum
3361 621 3536 660 eorum
3560 609 3648 661 Deo

2187 672 2558 724 attribuenda.

2183 779 2365 846 Hujus
2393 781 2478 832 rei
2505 780 2694 844 gratia
2719 795 2811 845 ego
2855 781 3066 834 Paulus
3093 782 3302 834 vinetus
3337 782 3525 838 Christi
3547 787 3654 839 Jssu

2106 881 2210 934 pro
2239 869 2384 920 vobis
2407 869 2674 934 gentibus,
2711 870 2762 921 si
2792 873 2974 921 tamen
2997 871 3230 923 audistis
3247 872 3655 939 dispensationem

2113 958 2308 1020 gratize
2331 957 2448 1022 Dei,
2482 973 2599 1025 quae
2627 957 2760 1010 data
2788 961 2864 1010 est
2893 957 3036 1011 mihi
3065 962 3128 1011 in
3154 960 3311 1025 vobis,
3333 964 3572 1028 quoniam
3585 978 3653 1015 se-

2113 1045 2359 1099 cundum
2397 1048 2783 1099 reuelationem
2813 1047 2955 1099 mihi
2983 1053 3173 1101 notum
3193 1050 3393 1114 factum
3413 1055 3483 1102 est
3500 1065 3658 1102 sacra-

2111 1137 2722 1202 mentum,sicutsupra
2733 1137 2933 1203 scripsi
2943 1139 3004 1189 in
3033 1139 3196 1201 brevi,
3219 1143 3380 1205 prout
3389 1142 3587 1206 potestis
3601 1142 3657 1192 le-

2111 1228 2290 1288 gentes
2302 1225 2608 1290 intelligere
2625 1225 2987 1291 prudentiam
3003 1241 3178 1279 meam
3191 1227 3252 1279 in
3263 1229 3512 1292 mysterio
3520 1227 3659 1280 Chri-

2113 1313 2186 1363 sti
2198 1311 2398 1380 (Hier.)
2413 1312 2697 1376 Quantum
2729 1312 2800 1366 ad
2819 1315 3272 1384 consequentiam
3289 1314 3545 1368 sermonis
3565 1321 3662 1370 tex-

2114 1401 2563 1472 tumqueeloquii
2573 1403 2835 1472 pertinet,
2867 1402 3027 1467 adid,
3053 1405 3200 1474 quod
3217 1403 3492 1474 praemisit,
3520 1405 3662 1472 hujus

2116 1493 2198 1542 rei
2219 1493 2410 1556 gratia
2439 1507 2530 1558 ego
2561 1493 2772 1548 Paulus
2799 1494 3015 1545 vinctus
3033 1495 3158 1546 Jesu
3184 1493 3399 1557 Christi,
3420 1508 3515 1560 pro
3540 1494 3663 1548 vobis

2112 1579 2389 1644 Gentibus,
2421 1579 2849 1648 diligentissime
2877 1581 3280 1651 perquirentes,
3306 1581 3441 1635 nihil
3467 1581 3600 1651 quod
3623 1581 3679 1634 ei-

431 1664 534 1718 Illo
565 1665 714 1718 enim
739 1666 859 1720 loco
879 1667 949 1720 de
980 1667 1332 1722 ordinatione
1356 1671 1612 1724 Ecclesiae
1640 1673 1917 1742 disputat;
1938 1673 2028 1726 hic
2048 1736 2086 1742 _
2111 1667 2434 1733 reddiderit,
2465 1668 2751 1738 potuimus
2795 1669 3064 1722 invenire.
3100 1671 3294 1741 Neque
3331 1671 3473 1724 enim
3505 1670 3628 1722 dixit
3653 1689 3662 1722 :

430 1769 560 1807 vero
581 1753 650 1807 de
661 1755 1028 1810 fundamento
1045 1758 1300 1812 Ecclesiae
1324 1778 1336 1825 ;
1361 1761 1645 1830 prophetae
1667 1736 1817 1814 enim
1845 1763 2032 1832 dispo—
2048 1736 2094 1798 Β
2117 1755 2299 1826 Hujus
2313 1757 2392 1810 rei
2413 1736 2598 1826 gratia
2609 1774 2711 1828 ego
2731 1759 2940 1812 Paulus
2953 1759 3056 1813 hoc
3086 1760 3172 1812 vel
3201 1736 3428 1825 bocfeci,
3461 1757 3540 1812 vel
3551 1757 3667 1811 illud

427 1849 682 1910 suerunt,
703 1850 759 1898 et
776 1847 1015 1916 apostoli
1043 1847 1412 1903 fundamenta
1429 1851 1707 1920 jecerunt.
1724 1851 1882 1904 Unde
1894 1851 2033 1905 dicit
2113 1845 2293 1912 docui,
2308 1847 2406 1900 sed
2433 1864 2707 1916 suspensa
2737 1853 3002 1902 manente
3024 1849 3306 1902 sententia
3321 1855 3669 1918 transgressus

427 1933 700 1987 Dominus
717 1935 788 1987 ad
820 1934 1051 1990 Petrum
1077 1955 1088 1989 :
1115 1936 1292 2006 Super
1323 1942 1489 1992 istam
1506 1946 1723 2008 petram
1759 1931 2030 2007 .rdiﬁcabo

427 2021 728 2076 Ecatesiam
756 2039 935 2078 meam
962 2027 1174 2093 (Matth.
1208 2033 1337 2093 ΠΙ),
1375 2028 1480 2082 hoc
1507 2033 1608 2093 est,
1645 2029 1702 2081 in
1729 2029 2028 2083 Catholicae

428 2109 557 2163 ﬁdei
589 2110 935 2167 confessione
979 2119 1227 2169 statuam
1259 2116 1451 2170 ﬁdeles
1478 2118 1548 2170 ad
1574 2117 1764 2171 vitam.
1799 2119 1942 2172 Nam
1971 2125 2028 2172 et

426 2199 600 2253 David
615 2201 892 2272 disposuit
921 2204 1152 2258 domum
1183 2205 1302 2272 Dei,
1339 2211 1394 2260 et
1414 2207 1657 2276 signavit
1693 2209 1895 2274 locum,
1928 2208 2026 2262 ubi

427 2288 607 2354 ﬁeret,
652 2290 918 2345 Salomon
958 2307 1088 2346 vero
1117 2293 1372 2348 fundavit
1391 2311 1536 2349 eam.
1568 2298 1636 2349 In
1666 2301 1780 2365 ipso
1810 2313 2026 2351 summa

427 2381 700 2444 angulari
717 2383 899 2447 lapide
917 2382 1132 2436 Chr-isto
1153 2386 1298 2448 Jesu,
1324 2387 1383 2437 in
1399 2402 1504 2453 quo
1531 2403 1613 2438 ein
1623 2389 1711 2439 nis
1742 2389 2026 2454 aediﬁcatio

367 2529 378 2536 ι
425 2471 760 2547 constructa,
782 2473 972 2524 crescit
989 2475 1050 2524 in
1069 2477 1332 2541 templum
1349 2479 1602 2527 sanctum
1617 2477 1680 2527 in
1703 2476 2024 2539 Do‘minojn

423 2569 528 2622 quo
547 2560 597 2608 et
612 2571 699 2609 vos
713 2560 1132 2626 cordi/immitti
1142 2563 1205 2614 in
1220 2563 1600 2616 habitaculum
1621 2566 1719 2617 Dei
1731 2566 1789 2617 in
1803 2565 2021 2632 Spiritu

422 2645 714 2714 sancto(Ex
729 2645 956 2700 Hieron.
969 2649 1048 2707 [In
1067 2666 1175 2719 quo
1189 2657 1348 2704 etvos
1362 2651 1584 2722 Ephesii
1599 2652 1950 2706 aediﬁcamini
1963 2653 2019 2706 in

425 2733 696 2802 templum
709 2749 776 2788 ex
801 2735 1229 2808 vivislapidibus
1259 2739 1374 2794 Deo
1405 2757 1644 2794 summo.
1662 2741 1876 2805 Quodsi
1899 2743 2020 2796 uni-

422 2835 582 2878 versa
595 2821 886 2878 aediﬁcatio
909 2825 1022 2880 sive
1047 2843 1113 2880 ex
1123 2828 1346 2891 Judaeis,
1364 2830 1478 2882 sive
1494 2846 1558 2882 ex
1580 2830 1853 2884 Gentibus
1866 2848 2020 2884 cons-

420 2915 624 2969 tructa,
648 2918 705 2966 et
722 2916 1114 2985 compaginata
1143 2933 1242 2986 per
1275 2919 1606 2988 angularem
1625 2919 1886 2990 lapidem,
1923 2924 2017 2991 qui

420 3000 559 3053 duos
575 3001 818 3071 parietes
851 3005 1159 3074 conjungit,
1203 3008 1404 3060 crescit
1441 3008 1499 3060 in
1533 3023 1711 3062 unum
1741 3011 2014 3080 templum

419 3089 587 3142 unius
603 3089 702 3144 Dei
738 3109 748 3144 :
779 3107 963 3146 nonne
981 3093 1141 3148 nobis
1154 3096 1306 3149 omni
1329 3097 1516 3150 labore
1546 3098 1883 3152 studendum
1907 3105 2009 3162 est,

416 3178 694 3233 utﬁamus
709 3179 789 3234 illi
801 3181 1032 3252 lapides,
1059 3184 1126 3237 de
1145 3185 1348 3254 quibus
1378 3186 1648 3257 scriptum
1661 3194 1745 3240 est
1762 3205 1774 3240 :
1791 3191 2014 3256 Lapides

417 3271 598 3321 sancti
627 3273 923 3324 volvantur
969 3288 1134 3341 super
1164 3279 1370 3328 terram
1404 3279 1584 3342 (Zach.
1611 3284 1683 3342 ιχ)
1713 3296 1725 3342 ;
1785 3285 1842 3330 et
1885 3295 2012 3332 cum

417 3354 690 3412 fuerimus
725 3359 832 3412 vivi
869 3361 1096 3432 lapides-
1128 3379 1193 3416 ex
1222 3365 1372 3418 omni
1425 3371 1582 3434 parte
1611 3366 1804 3432 delati,
1839 3367 2005 3434 leves,

415 3445 594 3514 politi,
621 3448 834 3502 nullam
849 3449 1120 3506 habentes
1141 3451 1546 3520 scabredinem,
1577 3455 1922 3510 aediﬁcamur
1950 3458 2009 3510 in

413 3535 687 3605 templum
716 3542 773 3590 et
801 3537 1072 3594 faciamus
1101 3541 1158 3594 in
1181 3541 1598 3614 nobismetipsis
1624 3544 2008 3600 habitaculum

413 3623 547 3689 Deo,
570 3630 633 3678 ut
651 3625 918 3695 dignetur
932 3629 990 3684 in
1021 3630 1233 3700 Spiritu
1252 3638 1444 3686 sancto
1461 3633 1715 3689 habitare
1736 3635 1792 3688 in
1825 3635 2002 3690 nobis.

413 3712 610 3784 (Δηώ.)
638 3713 792 3774 Duos
819 3717 970 3773 enim
993 3720 1298 3790 populosin
1311 3737 1369 3774 se
1401 3723 1648 3793 suscepit
1662 3723 1917 3778 Salvator
1952 3732 2009 3779 et

410 3799 541 3855 fecit
567 3815 743 3858 unum
771 3805 832 3860 in
851 3807 1107 3875 Domino,
1141 3809 1287 3864 sicut
1314 3815 1371 3863 et
1397 3811 1540 3882 lapis
1569 3813 1854 3882 angularis
1867 3813 2007 3868 duos

2111 1933 2181 1987 ad
2211 1935 2323 1989 alia
2348 1942 2450 2000 est,
2477 1936 2586 1988 nisi
2631 1937 2774 1990 forte
2809 1937 3164 2006 ignoscentes
3220 1937 3290 2003 ei,
3317 1935 3458 2008 quod
3483 1941 3536 1988 et
3568 1936 3669 2007 ipse

2109 2023 2392 2078 confessus
2423 2029 2510 2078 est
2526 2025 2716 2079 dicens
2743 2043 2754 2078 :
2779 2027 2848 2079 Et
2874 2029 2925 2078 si
2952 2029 3245 2095 imperitus
3290 2041 3544 2088 sermone,
3575 2039 3670 2078 non

2109 2116 2293 2166 tamen
2323 2117 2556 2167 scientia
2580 2116 2660 2180 (ΙΙ
2693 2115 2814 2168 Cor.
2849 2117 2944 2181 XI),
2981 2131 3247 2169 sensuum
3278 2114 3452 2184 magis
3479 2128 3670 2184 quiera-

2107 2218 2234 2256 mus
2273 2203 2331 2256 in
2361 2219 2427 2256 eo
2455 2203 2729 2268 ordinem,
2768 2220 2938 2274 quam
2967 2203 3286 2269 verborum,
3315 2203 3407 2275 qui
3442 2203 3517 2257 sic
3535 2201 3670 2256 reddi

2107 2296 2292 2360 potest
2324 2308 2335 2342 ε
2389 2292 2570 2361 Hujus
2599 2293 2681 2346 rei
2711 2292 2897 2362 gratia
2935 2309 3038 2362 ego
3093 2294 3309 2346 Paulus
3327 2292 3533 2345 vinctus
3556 2291 3668 2343 Jesu

2108 2379 2318 2433 Christi
2339 2385 2396 2434 et
2424 2381 2641 2435 vinctus
2671 2397 2771 2451 pro
2801 2380 2972 2447 vobis,
3009 2381 3105 2452 qui
3146 2382 3282 2436 estis
3303 2397 3366 2435 ex
3403 2377 3668 2442 Gentibus,

2107 2468 2338 2537 cognovi
2369 2469 2726 2539 mysterium,
2749 2475 2814 2523 ut
2829 2469 2982 2524 vobis
3002 2469 3374 2542 quoqueillud
3394 2467 3666 2532 traderem,

2106 2557 2251 2611 sicut
2269 2557 2328 2610 in
2353 2557 2456 2612 hac
2472 2557 2668 2612 eadem
2682 2558 2930 2628 Epistola
2947 2559 3098 2612 haud
3128 2561 3362 2630 paulum
3381 2559 3532 2628 [ante
3559 2571 3675 2627 pau-

2103 2645 2304 2715 lulum]
2327 2662 2452 2700 sum
2484 2646 2720 2700 locutus.
2756 2645 3395 2702 Debetisautemaudire
3409 2646 3673 2716 dispensa-

2100 2734 2312 2788 tionem
2337 2735 2535 2803 gratite
2564 2735 2685 2800 Dei,
2714 2752 2836 2806 quae
2874 2736 3007 2789 data
3032 2743 3120 2790 est
3147 2737 3290 2791 mihi
3313 2736 3371 2790 in
3398 2735 3562 2801 vobis,
3593 2733 3673 2804 qui

2103 2823 2238 2878 estis
2258 2840 2323 2876 ex
2350 2823 2643 2884 Gentibus,
2678 2841 2778 2894 pro
2811 2825 3012 2894 quibus
3058 2832 3117 2880 et
3151 2827 3373 2879 vinctus
3417 2839 3536 2878 sum
3561 2824 3675 2876 Jesu

2103 2912 2310 2966 Christi
2329 2930 2340 2964 :
2369 2913 2613 2967 vinctum
2627 2919 2818 2967 autem
2833 2915 2960 2968 Jssu
2973 2913 3185 2968 Christi
3200 2913 3439 2968 Paulum
3458 2928 3572 2966 esse
3589 2925 3676 2983 pro

2099 3000 2379 3071 gentibus,
2405 3008 2588 3071 potest
2621 3008 2678 3056 et
2697 3003 2765 3055 de
2796 3003 3065 3072 mysterio
3087 3003 3411 3074 [martyrio]
3431 2999 3672 3069 intelligi,

2097 3091 2244 3160 quod
2293 3090 2482 3145 Romae
2525 3091 2584 3144 in
2613 3091 2833 3145 vincula
2869 3094 3178 3162 conjectus,
3213 3093 3361 3146 hanc
3389 3089 3678 3162 Epistolam

2097 3178 2332 3244 miserit,
2360 3195 2424 3233 eo
2451 3185 2722 3249 tempore,
2751 3197 2862 3250 quo
2891 3182 2960 3234 ad
2995 3181 3481 3246 Philemonem,et
3498 3179 3670 3233 adCo—

2095 3268 2387 3328 lossenses,
2409 3274 2466 3322 et
2481 3269 2550 3324 ad
2565 3269 2952 3340 Philippenses
2972 3271 3031 3324 in
3052 3271 3162 3324 alio
3193 3273 3318 3325 loco
3329 3271 3560 3340 scriptas
3571 3281 3678 3320 esse

2095 3358 2546 3424 monstravimus;
2571 3359 2658 3412 vel
2679 3364 2828 3412 certe
2841 3360 2976 3430 quia
2993 3360 3051 3413 in
3065 3360 3158 3430 plu
3165 3361 3330 3414 ribus
3345 3359 3478 3413 locis
3491 3358 3679 3412 lectum

2092 3452 2196 3512 est,
2245 3445 2527 3502 vinculum
2574 3447 2750 3501 animi
2798 3465 3000 3518 corpus
3043 3447 3149 3502 hoc
3210 3449 3344 3515 dici,
3385 3464 3494 3519 quo
3537 3444 3679 3517 qui“!i

2090 3535 2280 3589 clausa
2306 3535 2496 3590 anima
2513 3542 2774 3590 teneatur
2795 3537 2850 3590 in
2871 3553 3110 3603 carcere,
3135 3538 3385 3592 dicimus
3403 3541 3683 3609 propterea

2091 3624 2327 3678 Paulum
2342 3625 2588 3696 corporis
2602 3625 2836 3679 nexibus
2850 3627 3094 3680 coerceri
3111 3646 3122 3693 ;
3159 3644 3270 3681 nec
3279 3627 3486 3682 reverti
3502 3632 3557 3679 et
3573 3639 3682 3686 esse

2087 3728 2215 3766 cum
2263 3713 2504 3780 Christo,
2548 3719 2611 3769 ut
2640 3714 2886 3785 perfecta
2906 3715 2964 3768 in
2993 3707 3208 3770 Gentes
3229 3735 3335 3787 per
3353 3733 3484 3770 eum
3503 3711 3685 3786 praedi-

2087 3801 2233 3855 catio
2267 3803 2643 3872 compleatur;
2677 3803 2808 3857 licet
2827 3805 3058 3874 quidam
3079 3805 3259 3860 alium
3283 3821 3512 3860 sensum
3526 3801 3682 3857 inhoc

409 3889 652 3960 parietes
670 3895 989 3951 continetin
1006 3897 1222 3952 unitate
1252 3899 1452 3954 domus
1483 3902 1754 3959 ﬁrmatos.
1790 3902 2006 3956 Fideles

2099 3892 2207 3942 loco
2267 3891 2642 3958 introducant,
2704 3893 2852 3962 quod
2897 3893 3106 3946 Paulus
3163 3893 3601 3965 praedestinatus
3635 3893 3685 3944 et

409 3977 560 4032 enim
588 3984 912 4052 superﬁcies
933 3992 1066 4038 sunt
1092 3988 1286 4057 templi
1309 3988 1408 4041 Dei
1447 3989 1505 4042 in
1528 3990 1741 4058 spiritu
1771 4007 2004 4044 comer.
2087 3979 2469 4034 sanctiﬁcatus
2499 3997 2566 4034 ex
2585 3987 2748 4034 utero
2772 3981 2971 4036 matris
2991 3999 3104 4036 sua:
3123 3983 3198 4036 ad
3231 3981 3682 4054 praedicationem

406 4072 613 4134 sentes,
629 4075 694 4122 ut
704 4070 922 4138 possint
937 4072 1187 4128 heredes
1207 4077 1330 4130 ﬁeri
1349 4078 1589 4131 caelestis
1617 4078 1999 4133 habitationis.
2086 4067 2354 4122 Gentium
2387 4073 2692 4140 εηιθειιιειιη
2717 4077 3044 4124 nasceretur
3046 4111 3058 4136 ν
3103 4079 3308 4142 Ροεῐεα
3335 4071 3560 4126 Vincula
3576 4082 3684 4122 ca"

409 4157 848 4238 (dlbanJPotest
877 4168 1067 4216 autem
1085 4165 1268 4218 omnis
1289 4165 1582 4220 aedifica—tio
1611 4183 1780 4238 super
1806 4168 2003 4223 funda—
2083 4155 2171 4209 ηίε
2200 4158 2496 4227 αεεθΡθΓίῑ·
2533 4159 2578 4212 Ρ
2583 4164 2676 4212 “to
2716 4164 2926 4224 autem:
2975 4159 3124 4230 (ἱαοά
3162 4169 3224 4215 εἴ
3263 4160 3470 4216 Vitiosa
3497 4161 3556 4214 in
3591 4158 3684 4211 hoc

405 4234 660 4300 mentum
707 4249 1090 4318 apostolorum
1135 4254 1652 4325 prophetarumque
1681 4234 2002 4311 constructa

2104 4261 2203 4297 oco
2235 4245 2475 4300 elocutio
2504 4247 2578 4321 sit
2611 4265 2622 4298 :
2655 4264 2757 4317 pro
2781 4263 2845 4302 eo
2875 4247 3027 4301 enim
3069 4249 3220 4318 quod
3265 4249 3468 4323 debuit
3485 4249 3680 4310 dicere,

405 4347 518 4387 non
549 4333 730 4390 solum
763 4351 884 4404 nos,
905 4339 1003 4392 sed
1034 4345 1091 4393 et
1116 4341 1370 4395 caelestes
1388 4343 1707 4413 signiﬁcare
1739 4345 2013 4413 virtutes,

2099 4353 2110 4382 ‹
2133 4333 2302 4402 hujus
2312 4334 2393 4387 rei
2411 4335 2596 4404 gratia
2631 4352 2734 4405 ego
2754 4337 2960 4390 Paulus
2973 4337 3192 4391 vinctus
3203 4340 3232 4392 ,ἰ
3240 4355 3345 4393 esu
3365 4337 3576 4392 Christi
3592 4351 3684 4408 pro

405 4427 469 4476 ut
495 4424 738 4480 universi
763 4427 975 4498 pariter
1001 4431 1140 4485 ﬁant
1167 4429 1546 4486 habitaculum
1577 4433 1676 4488 Dei
1695 4434 1754 4488 in
1783 4436 1997 4506 Spiritu

2099 4421 2236 4476 :obis
2259 4423 2551 4488 Gentibus,
2585 4425 2813 4494 cognovi
2837 4425 3192 4496 mysterium,
3217 4428 3374 4482 sicut
3408 4425 3601 4496 scripsi
3630 4425 3682 4478 in

403 4518 614 4566 sancto.
650 4507 917 4571 Summus
953 4535 1084 4572 vero
1126 4519 1267 4591 lapis
1315 4537 1416 4591 per
1459 4537 1624 4592 quem
1655 4523 1845 4577 omnia
1872 4541 1999 4578 con-

2099 4511 2318 4574 nodico,
2333 4519 2500 4582 prout
2510 4513 3002 4586 potestislegentes
3023 4513 3407 4586 intelligere,»
3423 4516 3522 4583 ait,
3551 4534 3575 4567 ί(
3593 4515 3685 4568 hu-

395 4601 594 4670 juncta
615 4609 765 4670 sunt,
799 4606 1058 4662 Christus
1087 4615 1173 4663 est
1213 4610 1314 4663 Dei
1346 4611 1538 4675 Filius,
1573 4611 1714 4682 lapis
1734 4613 1996 4683 praecisus
2073 4600 2168 4668 ius
2202 4600 2284 4653 ι’θί
2307 4600 2493 4669 gratia
2515 4617 2618 4670 ⁸80
2661 4602 2870 4656 ΡειυῙυε
2897 4603 3114 4657 Vinetus
3141 4605 3466 4658 secundum
3487 4603 3684 4657 Γενθλε·

401 4687 470 4740 de
491 4696 682 4744 monte
704 4691 824 4744 sine
853 4695 1110 4750 manibus
1143 4699 1302 4766 (Dan.
1336 4700 1412 4766 Π),
1447 4699 1516 4752 de
1547 4715 1656 4770 quo
1695 4701 1997 4756 Psalmista
2076 4687 2310 4754 ίίοηθῐητ
2359 4690 2646 4758 cognitum
2687 4691 2898 4744 {aetum
2943 4698 3030 4746 est
3084 4691 3226 4746 mihi
3303 4691 3682 4748 ministerium

401 4781 644 4832 testatur
668 4779 884 4834 dicens:
922 4786 1176 4852 Lapidem
1207 4803 1366 4855 quem
1382 4789 1992 4859 reprobareruntzediﬁ-

401 4872 602 4934 cantes,
634 4868 724 4923 hic
775 4872 956 4938 factus
1009 4879 1082 4926 est
1125 4877 1187 4927 in.
1226 4881 1390 4943 caput
1444 4880 1662 4943 anguli,
1693 4893 1728 4932 a
1760 4880 1992 4934 Domino

398 4956 611 5023 factum
677 4964 754 5012 est
801 4963 953 5015 istud
984 4963 1156 5034 (Psal.
1231 4969 1394 5032 cxvu)
1455 4982 1466 5017 :
1529 4967 1860 5036 reprobatus
1908 4975 1992 5022 est

398 5046 603 5118 quippe
634 5065 668 5102 a
687 5049 1002 5118 Pharisaeis,
1028 5053 1124 5122 qui
1146 5053 1478 5108 videbantur
1506 5054 1646 5125 legis
1663 5057 1992 5111 Dominiha—

397 5133 528 5188 bere
565 5137 822 5192 notitiam
855 5140 1360 5210 Deiqueltemplum
1404 5143 1676 5210 legalibus
1715 5145 1990 5201 aediﬁcare

397 5225 697 5291 mandatis,
732 5233 786 5282 et
816 5234 1195 5298 assumptusa
1231 5231 1348 5284 Deo
1391 5231 1449 5284 in
1477 5234 1805 5302 angularem
1847 5235 1987 5306 lapi-

395 5312 542 5378 dem,
567 5319 632 5367 ut
659 5315 797 5369 duos
827 5318 1068 5388 parietes
1088 5318 1208 5388 ipse
1241 5319 1459 5372 medius
1487 5322 1990 5396 contineret,etper

395 5401 553 5455 illum
585 5408 817 5474 uterque
850 5408 1088 5477 p0pulus
1116 5408 1186 5460 ad
1226 5408 1404 5461 Deum
1446 5409 1684 5465 haberet
1703 5429 1986 5468 accessum

393 5494 450 5542 et
477 5489 684 5544 Gentes
703 5493 1183 5549 coaediﬁcarentur
1228 5497 1432 5566 populo
1461 5498 1562 5550 Dei
1591 5499 1650 5553 in
1679 5517 1852 5555 unam
1885 5501 1984 5556 do-

392 5593 548 5632 mum
572 5579 882 5650 spiritalem
910 5583 1026 5638 Deo
1047 5583 1554 5656 dignissimumque
1581 5588 1979 5644 habitaculum.

2081 4775 2492 4850 [mysterium],
2527 4798 2552 4831 »
2587 4785 2644 4832 et
2661 4780 2896 4849 reliqua.
2925 4779 2982 4834 Si
3001 4797 3132 4834 vero
3151 4782 3282 4851 quis
3303 4787 3497 4853 potest
3515 4781 3680 4834 etiam

2071 4866 2232 4934 juxta
2246 4867 2521 4921 sermonis
2532 4867 2852 4938 eloquiique
2878 4873 3198 4924 contextum
3219 4871 3434 4925 docere
3452 4873 3683 4942 Aposto-

2076 4954 2192 5008 lum
2220 4955 2391 5010 fuisse
2413 4955 2740 5026 perfectum,
2773 4965 2830 5010 et
2859 4957 2917 5010 in
2945 4957 3084 5011 artis
3125 4961 3525 5027 grammaticae
3554 4959 3684 5012 vitia

2073 5059 2186 5098 non
2213 5043 2532 5111 incurrisse,
2569 5045 2662 5098 ille
2718 5046 2905 5116 potius
2953 5049 3364 5103 auscultandus
3423 5057 3532 5116 est.
3572 5048 3684 5102 Nos

2073 5131 2511 5204 quotiescunque
2524 5135 3147 5198 solmcismum,auttale
3161 5137 3296 5206 quid
3313 5145 3678 5193 annotamus.

2072 5237 2184 5274 non
2209 5223 2538 5292 Apostolum
2571 5223 2876 5293 pulsamus,
2901 5231 2966 5277 ut
2987 5225 3244 5278 malevoli
3276 5227 3680 5288 criminantur;

2070 5309 2166 5362 sed
2181 5311 2362 5379 magis
2381 5312 2632 5380 Apostoli
2652 5317 2959 5366 assertores
2979 5329 3195 5378 sumus,
3229 5316 3390 5384 quod
3412 5316 3684 5370 Hebraeus

2070 5413 2136 5450 ex
2150 5398 2400 5452 Hebraeis
2421 5399 2630 5472 absque
2649 5400 2932 5454 Rhetorici
2953 5401 3227 5456 sermonis
3248 5402 3448 5458 nitore
3480 5410 3540 5457 et
3566 5418 3682 5455 ver-

2069 5485 2266 5542 borum
2279 5488 2697 5558 compositione,
2707 5493 2763 5542 et
2774 5489 2978 5559 eloquii
2992 5496 3284 5546 venustate
3294 5508 3604 5562 nunquam
3613 5491 3682 5544 ad

2067 5575 2237 5632 ﬁdem
2253 5575 2462 5631 Christi
2476 5580 2658 5632 totum
2683 5578 2959 5633 mundum
2979 5579 3351 5635 transducere
3381 5581 3675 5642 valuisset,

2067 5663 2177 5718 nisi
2197 5664 2632 5735 evangelizasset
2639 5683 2790 5734 eum,
2813 5667 2998 5724 nonin
3009 5668 3288 5741 sapientia
3301 5669 3491 5738 verbi,
3510 5669 3613 5726 sed
3623 5669 3681 5723 in
