3880 6146
228 285 306 355 413

225 516 302 567 ego.
319 514 418 550 cum
434 497 669 547 venissem
694 493 767 545 ait
785 508 892 558 vos,
914 493 1120 559 fratres
1136 494 1262 553 mei,
1281 495 1405 544 veni
1422 508 1531 545 non
1555 495 1615 545 in
1635 510 1729 546 su—

228 590 429 641 blimitate
452 585 701 635 sermonis
732 584 831 634 aut
869 582 1167 648 sapientia,
1199 583 1554 635 annuntians
1584 583 1729 635 vobis

226 675 517 729 testimonium
543 670 774 731 Christi;
807 674 864 721 et
891 684 1115 722 rursum
1149 686 1161 720 :
1195 669 1261 723 Et
1290 672 1515 724 verbum
1544 688 1728 725 meum

224 761 523 831 upredicatio
542 775 674 824 mea,
712 774 821 812 non
854 761 915 810 in
937 760 1203 811 suasoriis
1222 760 1503 828 sapientia;
1530 760 1723 827 verbis,

220 839 283 905 κά
292 854 337 902 in
348 850 611 901 ostensione
621 849 855 915 spiritus
875 852 923 899 et
943 849 1187 910 virtutis,
1211 851 1271 901 ut
1287 848 1413 912 ﬁdes
1429 854 1601 902 restra
1617 864 1727 901 non

219 943 268 991 sit
284 941 328 989 in
338 938 573 1004 sapientia
587 937 881 989 hominum
894 936 984 988 sed
998 938 1057 989 in
1072 938 1276 988 virtute
1288 937 1401 990 Dei.
1411 937 1521 990 Istc
1532 937 1725 1007 igitur,

215 1027 281 1096 qui
298 1024 596 1078 soloecismos
618 1023 677 1076 in
699 1023 875 1077 verbis
894 1024 1043 1089 facit,
1071 1024 1166 1094 qui
1186 1041 1299 1078 non
1319 1030 1503 1096 potest
1522 1026 1726 1096 hyper-

213 1115 335 1168 baton
346 1113 545 1167 reddere
559 1114 1010 1183 sententiamque
1029 1113 1728 1177 concludere,audactersi-

210 1203 247 1256 bi
257 1201 882 1272 vendicatsapientiam,et
893 1202 1317 1271 dicitzquoniam
1334 1204 1633 1257 secundum
1648 1222 1727 1259 rc-

206 1295 463 1346 eetationem
476 1295 690 1357 cognitu
701 1309 752 1344 in
764 1298 839 1345 est
858 1292 1003 1344 mihi
1022 1295 1349 1358 mysterium
1372 1295 1513 1345 sicut
1531 1296 1729 1361 scripsi

206 1384 247 1434 in
266 1381 497 1434 modieo.V
502 1397 590 1434 ere
611 1380 763 1434 enim
786 1380 831 1434 si
849 1381 972 1450 quis
982 1380 1276 1451 superiora
1293 1381 1462 1449 hujus
1482 1382 1727 1453 epistola}

202 1470 557 1540 contempletur,
585 1469 795 1524 videbit
822 1469 872 1523 ei
902 1470 1148 1525 revelata
1187 1470 1457 1541 mysteria
1488 1488 1727 1541 quorum

197 1564 365 1628 partem
383 1559 670 1628 quamdam
692 1559 969 1614 modicam
988 1577 1087 1614 suo
1101 1576 1359 1614 sermone
1380 1560 1723 1630 perstrinxit,

197 1664 279 1701 non
296 1652 391 1700 tam
411 1648 761 1719 totum,quod
778 1654 1009 1703 noverat
1018 1648 1322 1719 proferens,
1346 1666 1515 1720 quam
1536 1658 1726 1704 osten-

566 274 1137 344 ENARRATIONUu
1170 275 1250 339 in
1288 275 1442 345 Epp,
1484 276 1698 345 usus;
1738 277 1874 347 L13.
1917 277 2089 347 xvii.
2118 307 2183 320 —
2210 278 2290 333 IN
2328 277 2550 346 EPIST.
2590 276 2687 343 ap
2728 276 2974 332 EPHES.
3057 342 3063 355 ,
3302 278 3323 343 4

230 412 378 465 virtute
387 406 534 462 Dei.N
537 420 619 466 am
634 403 820 474 etipse
840 401 911 456 ad
933 400 1253 467 Corinthios
1276 402 1355 456 ait
1370 403 1424 468 (Ι
1439 402 1559 457 Cor.
1577 405 1729 473 u):Et
1744 404 1795 462 A
1814 404 2056 473 majores
2075 403 2297 459 divitias
2318 402 2541 474 Egypti
2562 400 2841 461 thesauris
2872 401 3234 473 opprobrium
3250 402 3406 458 Chri-

2136 194 2169 205 .-

3302 277 3403 333 414

1813 492 1883 546 sti
1912 492 2216 545 arbitratus
2254 497 2357 545 est.
2394 492 2462 545 Et
2492 491 2664 547 Isaias
2695 508 2705 542 :
2736 492 2882 555 Ecce,
2914 489 3116 561 inquit,
3160 493 3313 559 virgo
3342 496 3404 547 in

1814 586 1966 636 utero
1994 585 2219 651 accipiet
2268 587 2316 634 et
2352 584 2533 650 pariet
2581 583 2769 648 [ilium
2802 582 2932 647 (Isa.
2970 583 3061 647 vn)
3089 598 3101 645 ;
3138 583 3196 634 et
3222 579 3357 634 alibi
3388 600 3398 633 :

1825 672 1983 736 Virga
2011 673 2149 725 Jcsse
2178 676 2225 725 et
2254 672 2354 739 qui
2380 676 2635 737 exsurget
2661 671 2733 722 ad
2764 670 3111 736 regnandum
3143 671 3205 721 in
3232 671 3405 735 genti—

1812 761 1927 825 bus,
1965 762 2025 813 in
2057 763 2168 829 ipso
2188 765 2368 829 gentes
2394 760 2692 828 sperabunt
2713 760 2840 827 (Isa.
2864 760 2939 829 ιι)
2966 777 2979 825 ς
3007 763 3064 812 et
3082 774 3151 813 ne
3172 757 3403 826 longum

1809 849 1909 901 ﬁat
1926 864 2106 920 pauca
2123 848 2192 902 de
2212 848 2442 921 psalmis
2461 847 2663 914 dixisse
2682 847 2925 903 sufﬁciat
2947 866 2959 901 :
2991 847 3316 905 Adorabunt
3339 850 3401 902 in

1810 943 2086 1009 conspectu
2120 942 2234 1007 ejus
2274 954 2458 991 omnes
2499 939 2734 1007 familia
2771 940 3023 1003 gentium
3056 938 3219 1005 (Psat.
3244 938 3398 1009 xxx),

1811 1032 1868 1079 et
1896 1027 2098 1081 iterum
2135 1066 2145 1078 .
2185 1027 2379 1081 Omnes
2406 1032 2587 1094 gentes
2617 1029 2851 1080 servient
2880 1028 2931 1080 ei
2962 1027 3126 1091 (Psal.
3152 1028 3321 1096 LXXI),
3346 1031 3403 1081 et

1811 1116 1990 1169 adhuc
2022 1114 2375 1177 manifestius
2405 1115 2474 1169 de
2512 1115 2719 1186 p0pulo
2759 1114 2932 1170 Israel
2970 1119 3028 1168 et
3061 1114 3131 1168 de
3162 1114 3401 1167 Domino

1811 1205 2095 1259 Salvatore
2121 1224 2130 1257 :
2170 1207 2333 1259 Visita
2354 1208 2571 1259 vineam
2600 1207 2765 1258 istam
2786 1210 2835 1258 et
2851 1206 3046 1273 perﬁce
3059 1220 3201 1268 eam,
3230 1220 3399 1272 quam

1804 1297 2080 1362 plantavit
2100 1296 2318 1348 dextera
2333 1300 2450 1359 tua,
2470 1299 2690 1363 etsuper
2711 1296 2921 1358 virum,
2938 1294 3402 1361 quemconﬁrma-

1809 1386 1880 1436 sti
1909 1385 2012 1436 tibi
2033 1384 2194 1449 (Psal.
2226 1387 2430 1451 anux).
2452 1384 2628 1453 Cujus
2645 1382 2817 1436 etiam
2837 1381 3086 1454 corporis
3108 1382 3399 1454 dispensus

1810 1471 1889 1526 tio
1908 1471 2188 1527 indicatur
2207 1472 2265 1524 in
2285 1471 2754 1543 consequentibus
2773 1489 2783 1523 :
2800 1474 2897 1541 ﬂat
2921 1487 3119 1526 manus
3135 1475 3230 1532 tua
3240 1487 3401 1539 super

1810 1564 1997 1615 cirum
2018 1563 2245 1615 dextera;
2266 1567 2386 1615 true.
2412 1564 2526 1615 Aut
2546 1561 2719 1631 igitur
2740 1562 2903 1631 juxta
2934 1560 3261 1617 Montanum
3298 1575 3400 1633 pas

1808 1650 2084 1705 triarchas
2096 1656 2152 1704 et
2164 1652 2465 1722 prophetas
2476 1651 2534 1704 in
2547 1651 2750 1704 exstasi
2768 1651 2982 1705 locutos
2996 1648 3397 1721 accipiendum,

196 1735 297 1789 dens
314 1753 368 1789 ex
384 1737 589 1791 modico
621 1738 717 1809 qui
743 1744 971 1793 taceret.
995 1740 1163 1793 Prout
1183 1742 1399 1807 potestis
1422 1742 1724 1808 intelligere
1744 1731 1791 1791 Β
1811 1746 1867 1794 et
1896 1739 2138 1797 nescisse
2169 1740 2300 1810 quid
2336 1739 2597 1805 dixerint,
2630 1744 2747 1805 aut,
2780 1740 2827 1793 si
2874 1740 2979 1793 hoc
3013 1738 3252 1810 impium
3293 1742 3397 1804 est,

194 1828 387 1891 tegentes,
405 1825 596 1896 inquit,
613 1844 837 1881 sensum
854 1844 1058 1889 meum,
1073 1832 1181 1880 sire
1194 1831 1403 1896 sapient
1413 1831 1523 1881 iam
1538 1832 1593 1882 in
1612 1846 1726 1896 any-

192 1916 317 1966 sterio
336 1915 537 1979 Uhristi,
564 1916 673 1970 hoc
701 1922 786 1969 est
814 1916 951 1969 illud
975 1916 1120 1986 quod
1140 1916 1200 1971 in
1232 1917 1555 1987 praefatione
1581 1918 1723 1971 dixi-

188 2019 306 2056 mus:
323 2003 516 2057 nullam
540 2005 921 2076 Epistolarum
942 2005 1098 2059 Pauli
1121 2012 1279 2059 tanta
1296 2005 1500 2059 habere
1522 2014 1726 2077 myste-

185 2091 262 2155 ria,
314 2098 413 2147 tam
468 2094 775 2148 reconditis
832 2094 1085 2148 sensibus
1150 2094 1417 2161 involuta,
1478 2112 1618 2165 quos
1672 2102 1729 2150 et

182 2182 428 2250 Apostolus
454 2198 623 2239 nosse
654 2200 715 2237 se
740 2183 1035 2253 gloriatur,
1061 2188 1118 2236 et
1134 2183 1293 2237 nobis
1315 2183 1586 2241 indicatos
1609 2184 1727 2251 bre-

184 2269 288 2335 viter
310 2272 563 2339 ostendit,
596 2278 660 2326 ut
685 2272 957 2326 attentius
986 2290 1109 2343 quae
1154 2280 1288 2327 sunt
1324 2274 1531 2344 scripta
1570 2274 1724 2344 lega-

178 2374 287 2412 mus.
319 2361 538 2425 (.-tmbr.)
581 2361 858 2423 Quoniam
886 2361 1361 2433 dispensationem
1385 2363 1583 2417 divina:
1611 2364 1722 2417 cle-

180 2448 374 2513 mentiae,
394 2466 510 2519 quae
531 2449 711 2503 fuerit
726 2457 858 2504 ante
880 2451 1151 2507 mundum
1172 2468 1307 2521 erga
1326 2452 1562 2505 salutem
1585 2470 1723 2520 gen-

179 2534 286 2587 tium
301 2538 554 2603 ostendit,
575 2555 724 2592 nunc
744 2556 803 2592 se
818 2539 1094 2608 legatione
1117 2540 1285 2609 hujus
1301 2540 1431 2594 doni
1452 2540 1608 2610 fungi
1625 2541 1725 2595 Dei

175 2625 691 2692 provisione,Christo
714 2627 988 2693 mittente,
1011 2628 1276 2682 declarat.
1294 2628 1564 2682 Dominus
1575 2630 1725 2683 enim

174 2719 273 2780 post
291 2717 751 2771 resurrectionem
782 2733 941 2770 suam
972 2718 1266 2787 Apostolos
1298 2734 1427 2772 suos
1464 2718 1581 2771 vice
1623 2735 1726 2772 sua

173 2801 293 2855 misit
338 2806 664 2884 praedicare,
700 2806 849 2860 hunc
899 2806 1146 2875 dirigens
1194 2806 1265 2861 ad
1306 2807 1725 2861 conversionem

173 2891 495 2958 gentium,sic
518 2894 676 2948 enim
698 2895 838 2949 dixit
857 2895 925 2949 ad
955 2911 1083 2949 eum
1116 2913 1126 2947 :
1175 2897 1326 2953 Vade.
1350 2913 1441 2963 ego
1472 2900 1627 2963 longe
1655 2898 1727 2950 ad

1808 1829 2037 1899 spiritus
2081 1829 2286 1899 quippe
2338 1826 2741 1900 prophetarum
2782 1827 3071 1899 prophetis
3114 1827 3400 1897 subjectus

1809 1926 1911 1985 est,
1934 1918 2330 1973 intellexerunt
2352 1919 2545 1989 utique
2569 1935 2691 1989 qua:
2709 1917 2881 1981 locuti
2900 1921 3048 1971 sunt.
3068 1916 3136 1973 Et
3164 1916 3212 1983 si
3231 1916 3399 1981 intel-

1808 2008 2081 2074 lexerunt,
2107 2008 2376 2079 quaeritur
2404 2006 2683 2078 quomodo
2712 2007 2919 2061 Paulus
2938 2005 3089 2061 dicat
3109 2004 3255 2076 quod
3275 2004 3401 2069 aliis

1806 2096 2264 2165 generationibus
2291 2113 2403 2152 non
2430 2096 2536 2150 fuit
2564 2101 2781 2160 notum,
2808 2094 2980 2149 fuisse
3012 2092 3218 2149 Christi
3247 2095 3399 2165 Apo-

1808 2186 1965 2240 stolis
1985 2186 2311 2239 revelatum.
2333 2186 2448 2239 Aut
2468 2185 2641 2255 igitur
2659 2184 2796 2239 illud
2820 2190 2906 2238 est
2925 2181 3396 2253 respondendum,

1810 2275 1956 2345 quod
1988 2280 2149 2329 caute
2171 2275 2468 2344 Apostolus
2489 2274 2889 2344 signanterque
2910 2277 3148 2337 testatus
3168 2270 3403 2329 sitﬁlius

1808 2364 2099 2418 hominum
2126 2364 2382 2433 ignotum
2416 2364 2585 2417 fuisse
2618 2363 2968 2434 mysterium,
2999 2376 3111 2415 non
3142 2358 3273 2423 ﬁliis
3299 2358 3401 2413 Dei

1807 2454 1877 2507 ad
1900 2470 2038 2525 quos
2074 2453 2322 2523 loquitur
2346 2470 2358 2504 :
2383 2453 2491 2520 Ego
2520 2455 2642 2506 (tiri
2674 2472 2688 2505 :
2720 2454 2814 2505 Dii
2843 2454 2966 2505 estis
2996 2455 3043 2515 et
3070 2451 3180 2517 ﬁlii
3210 2451 3401 2513 egreetsi

1806 2532 1990 2596 omnes
2013 2544 2153 2610 (Psal
2162 2583 2173 2594 .
2194 2542 2562 2610 1.xxx1).Quod
2577 2541 2789 2597 scilicet
2804 2540 2882 2607 hi,
2904 2539 2999 2610 qui
3010 2537 3270 2609 spiritum
3299 2538 3399 2601 ad-

1805 2630 2048 2701 optionis
2061 2635 2411 2699 acceperunt,
2433 2630 2502 2687 de
2515 2628 2715 2699 quibus
2731 2627 3060 2699 patriarcha:
3080 2632 3138 2680 et
3157 2624 3399 2697 prophe-

1805 2725 1874 2772 tae
1904 2719 2148 2783 fuerunt,
2187 2718 2287 2772 Dei
2326 2718 2557 2773 scierint
2593 2722 3026 2781 sacramentum,
3071 2720 3172 2770 aut
3208 2714 3254 2767 si
3298 2714 3401 2768 hoc

1808 2825 1918 2875 non
1950 2808 2236 2879 recipitur,
2270 2814 2328 2861 et
2356 2808 2402 2861 si
2430 2807 2669 2861 nimium
2700 2806 3002 2861 violentum
3052 2810 3111 2859 et
3146 2808 3400 2867 coactum

1807 2898 2044 2961 videtur,
2069 2896 2199 2961 illuc
2228 2913 2411 2950 sermo
2427 2895 2707 2963 transibit,
2732 2902 2797 2949 ut
2829 2895 2998 2960 dicat,
3030 2910 3142 2951 non
3172 2891 3401 2959 definite

170 2985 311 3041 gentes
326 2985 539 3036 mittam
573 2989 635 3037 te.
661 2982 949 3037 Dominico
972 3000 1104 3053 ergo
1134 2983 1301 3038 verbo
1322 3001 1457 3038 usus
1478 2989 1724 3050 est,cum
1757 3052 1783 3055 ι
1809 2993 1864 3041 et
1900 2986 2239 3055 generaliter
2272 2985 2475 3041 dixisse
2506 2986 2743 3039 Paulum
2778 2985 2905 3038 aliis
2941 2980 3402 3054 generationibus

170 3064 316 3133 dicina
340 3087 531 3140 pacem
552 3072 709 3127 vobis
725 3072 818 3142 qui
832 3073 1387 3143 longe,etpacemh_is
1404 3073 1720 3144 quijuxta,»
1744 3052 1787 3110 ί)
1809 3075 1976 3128 fuisse
1998 3075 2254 3144 ignotum
2295 3074 2521 3129 omnino
2552 3074 2777 3128 Domini
2817 3077 3251 3139 sacramentum,
3300 3069 3399 3138 sed

168 3172 185 3201 ς
204 3156 241 3207 si
257 3162 432 3213 tamen
454 3160 703 3214 audistis
723 3160 1197 3231 dispensationem
1212 3162 1426 3231 gratiae,
1452 3179 1575 3233 quae
1593 3163 1725 3218 data

165 3248 228 3303 est
248 3245 391 3302 nobis
419 3249 477 3303 in
508 3266 631 3303 vos.
664 3249 799 3303 Vult
827 3266 921 3302 eos
951 3250 1093 3307 scire
1123 3250 1255 3320 quia
1291 3251 1389 3305 Dei
1430 3252 1644 3321 judicio
1691 3269 1725 3306 a

162 3332 343 3401 Christo
370 3338 583 3399 missus
633 3346 718 3393 est
753 3340 1055 3409 praedicare
1089 3339 1351 3409 gentibus
1392 3341 1723 3411 mysterium

335 3426 453 3481 Dei.
474 3448 499 3479 «
517 3427 843 3482 Secundum
855 3428 1478 3495 revelationemmotum
1488 3430 1628 3483 mihi
1647 3430 1724 3485 fa-

156 3520 276 3573 ctum
285 3522 365 3568 est
375 3516 889 3587 mysterium,sicut
898 3524 1028 3570 ante
1038 3515 1233 3587 scripsi
1247 3517 1302 3570 in
1316 3518 1725 3588 modico,prout

156 3604 347 3666 potestis
356 3605 617 3675 legentes
627 3606 939 3675 intelligere
950 3606 1091 3676 prud
1099 3605 1310 3663 entiam
1326 3624 1509 3660 meam
1524 3608 1581 3661 in
1596 3626 1719 3678 my-

154 3690 287 3746 sterio
303 3694 532 3749 Christi.
556 3715 582 3747 υ
598 3696 893 3748 Ostensam
907 3694 1010 3749 sibi
1026 3695 1308 3764 signiﬁcat
1324 3697 1719 3763 revelationem

156 3783 367 3848 mysterii
390 3784 516 3850 Dei,
547 3784 618 3837 de
641 3800 750 3854 quo
772 3783 927 3854 prius
947 3783 1190 3839 breviter
1204 3802 1264 3838 se
1286 3793 1564 3842 memorat
1582 3786 1719 3841 seri.—

153 3868 312 3937 psisse,
342 3872 449 3926 hoc
496 3879 591 3927 est
634 3880 964 3944 temperate,
999 3880 1168 3944 prout
1214 3880 1477 3945 poterant
1522 3892 1721 3946 capere

155 3960 480 4023 prudentiam
511 3962 769 4043 Apostoli
797 3963 859 4015 in
887 3969 1239 4017 sacramento
1271 3964 1499 4018 Christi.

205 4046 343 4113 Quod
358 4054 496 4105 aliis
516 4054 969 4120 generationibus
987 4068 1096 4127 non
1111 4057 1185 4105 est
1204 4056 1358 4120 agnit
1370 4071 1461 4106 mn
1483 4056 1567 4120 ﬁli
1572 4056 1615 4105 is
1634 4054 1724 4106 ho-

154 4138 518 4206 minum,sicut
546 4156 700 4193 nunc
719 4144 1017 4205 revelatum
1032 4145 1103 4193 est
1116 4144 1319 4197 sanctis
1335 4144 1586 4209 apostolis
1608 4147 1655 4210 ej
1662 4159 1722 4195 us

153 4228 186 4273 et
190 4228 454 4295 prophetis
478 4232 545 4283 in
566 4231 791 4297 spiritu,
812 4246 917 4285 esse
936 4234 1117 4297 gentes
1137 4231 1428 4285 coheredes
1448 4237 1494 4283 et
1507 4247 1723 4285 concor-

146 4320 325 4376 poratcs
356 4323 405 4371 et
429 4320 740 4386 participes
772 4320 1158 4385 promissionis
1204 4322 1265 4373 in
1315 4321 1529 4383 Christo
1574 4323 1715 4383 Jesu,

1807 3165 1886 3229 sic
1905 3165 2184 3235 quomodo
2206 3180 2355 3217 nunc
2374 3164 2682 3218 revelatum
2709 3168 2795 3217 est
2812 3162 3020 3227 sanctis
3042 3167 3099 3216 et
3134 3158 3399 3232 apostolis

1806 3255 2046 3308 nescisse
2060 3254 2405 3324 patriarchas
2439 3259 2651 3306 veteres
2679 3258 2737 3311 et
2766 3252 3084 3322 prOphetas.
3116 3250 3285 3315 Aliud
3315 3256 3401 3315 est

1806 3344 1955 3398 enim
1978 3344 2033 3397 in
2053 3343 2253 3413 spiritu
2273 3349 2509 3399 ventura
2530 3358 2882 3411 cognoscere,
2913 3341 3067 3396 aliud
3087 3357 3154 3401 ea
3172 3356 3400 3405 cernere

1805 3450 1973 3503 opere
2001 3432 2297 3503 completa.
2332 3432 2489 3489 Unde
2519 3438 2576 3485 et
2602 3433 2846 3486 Joannes
2876 3436 3174 3501 propterea
3218 3430 3417 3499 major.

1804 3522 2090 3595 prophetis
2112 3520 2372 3575 omnibus
2396 3520 2619 3585 dicitur,
2636 3520 2768 3589 quia
2780 3536 2947 3590 quem
2960 3519 3144 3572 caeteri
3163 3519 3399 3588 prophe-

1800 3610 2206 3679 taverunt,ipse
2218 3609 2506 3680 conspexit
2517 3616 2571 3662 et
2582 3609 2758 3677 digito
2770 3607 3390 3665 demonstravitdicens:

1803 3701 1928 3754 Ecce
1938 3700 2059 3765 Agn
2072 3717 2131 3751 us
2148 3701 2381 3753 Dei:eece
2397 3701 2495 3766 qui
2513 3701 2654 3775 tollit
2664 3701 2882 3764 peccata
2903 3698 3105 3750 mundi
3131 3699 3307 3764 (Joan.
3334 3697 3390 3764 ι).

1801 3789 1967 3843 Juxta
1981 3804 2147 3859 quem
2158 3803 2384 3845 sensum
2396 3792 2454 3838 et
2466 3786 2605 3845 illud
2630 3786 2829 3856 exponi
2856 3790 3041 3855 potest
3058 3803 3069 3836 :
3091 3786 3147 3838 Μ
3150 3786 3256 3845 ulti
3269 3799 3396 3851 pro-

1798 3879 1968 3946 pheta;
1983 3882 2029 3931 et
2041 3879 2187 3946 justi
2207 3878 2820 3944 cupierimtviderequw
2839 3876 3104 3939 videtis,et
3125 3887 3235 3926 non
3247 3872 3396 3937 vide-

1808 3972 1962 4031 runt;
1984 3971 2031 4021 et
2046 3968 2242 4021 audire
2254 3983 2371 4035 qua"
2391 3966 2677 4030 auditis,et
2690 3979 2802 4021 non
2818 3964 3123 4025 audierunt
3144 3962 3292 4027 (Luc.
3318 3963 3392 4029 κ).

1806 4057 1933 4111 Haec
1948 4055 2123 4126 igitur
2137 4055 2324 4109 videre
2337 4060 2394 4108 et
2408 4054 2604 4113 audire
2619 4051 2935 4125 cupiebant,
2953 4051 3085 4123 quia
3101 4050 3293 4113 futura
3310 4066 3399 4104 co-

1802 4151 2130 4215 gnoverant.
2147 4145 2305 4209 Quod
2327 4144 2372 4197 si
2394 4142 2981 4209 nesciebantventura,
3002 4140 3281 4213 quomodo
3296 4139 3397 4199 de-

1806 4234 2053 4289 siderare
2070 4241 2198 4305 pote
2205 4238 2479 4303 rant,quze
2492 4233 2713 4303 penitus
2734 4231 3104 4302 ignorabant?
3130 4229 3395 4299 Legimus

1806 4323 1864 4385 in
1888 4340 2188 4393 regnorum
2200 4322 2357 4376 libris
2369 4322 2670 4383 Dominum
2688 4320 2969 4381 Salomoni
2982 4320 3041 4373 in
3052 4319 3270 4374 somnio
3280 4317 3397 4388 pol-

147 4404 789 4475 pcrEvangetium,cujus
804 4408 984 4475 factus
1004 4423 1127 4460 sum
1146 4410 1401 4467 minister
1420 4393 1785 4464 secundumD
1804 4411 2065 4466 licentem
2095 4418 2263 4482 atque
2291 4411 2570 4467 dicentem
2606 4429 2616 4464 :
2645 4413 2751 4467 Pro
2781 4427 2837 4468 eo
2864 4411 3007 4478 quod
3026 4411 3217 4477 petisti
3246 4423 3281 4461 a
3310 4422 3396 4460 me

145 4490 317 4549 donum
337 4499 547 4562 gratia:
568 4497 684 4561 Dei,
708 4512 825 4564 qua:
854 4498 985 4549 data
1016 4501 1091 4549 est
1119 4499 1260 4550 mihi
1286 4500 1584 4551 secundum
1605 4515 1720 4566 ope-

149 4584 385 4638 rationem
418 4588 658 4639 virtutis
702 4588 835 4653 ejus.
875 4586 1075 4653 (Hien)
1104 4586 1439 4656 Mystcrium
1486 4586 1714 4655 Christi,

143 4671 258 4736 quod
285 4689 349 4735 ex
379 4682 553 4744 parte
584 4690 755 4743 supra
774 4674 1073 4745 Apostolus
1102 4681 1432 4730 consecutus
1453 4682 1556 4740 est,
1584 4693 1717 4747 quo-

145 4760 273 4814 modo
292 4764 421 4817 aliis
443 4758 911 4833 generationibus
928 4763 1099 4827 fuerit
1117 4763 1374 4833 ignotum
1394 4765 1612 4835 plenius
1633 4783 1715 4821 re-

141 4853 469 4907 tractandum
529 4851 767 4917 videtur,
832 4858 1097 4909 utrumne
1160 4853 1462 4919 Abraham,
1523 4854 1711 4920 Jacob,

144 4934 341 5008 Moyses,
378 4942 585 5007 Isaias,
623 4948 679 4995 et
716 4942 901 4995 caeteri
932 4942 1224 5011 Prolihetae
1255 4943 1392 4996 illud
1424 4943 1713 5013 ignorave-

138 5022 235 5093 rint,
256 5032 549 5087 annon?A
570 5029 773 5100 quibus
789 5048 910 5085 esse
931 5031 1258 5101 praedictum
1281 5032 1581 5086 adventum
1610 5033 1717 5086 Do-

138 5115 241 5170 mini
262 5128 319 5174 et
336 5120 702 5175 vocationem
714 5121 969 5189 gentium
983 5121 1272 5190 Scriptura
1291 5127 1710 5175 commemorat.

134 5201 382 5267 Abraham
447 5209 663 5280 quippe
719 5208 855 5262 vidit
900 5209 1050 5262 diem
1098 5209 1220 5279 ejus
1267 5216 1323 5262 et
1361 5211 1580 5265 lmtatus
1630 5216 1715 5264 est

136 5294 277 5352 "tuan.
312 5301 462 5365 VIII},
505 5304 563 5351 et
598 5297 804 5351 dicitur
834 5298 884 5351 ei
916 5315 926 5351 :
964 5299 1357 5355 Benedic-enth
1402 5302 1463 5351 in
1508 5302 1712 5353 semine

137 5384 199 5434 tua
227 5402 417 5441 omnes
464 5392 649 5455 gentes
679 5387 828 5452 (Gen.
878 5391 1042 5457 XXII);
1075 5394 1131 5450 et
1174 5387 1342 5443 Jacob
1387 5388 1568 5455 de,eo
1616 5388 1712 5459 qui

132 5471 368 5535 oriundus
398 5482 562 5531 esset
589 5493 655 5533 ex
684 5477 711 5531 J
720 5476 830 5531 uda
859 5476 1179 5546 prophetica
1200 5476 1448 5547 loquitur
1477 5495 1487 5528 :
1515 5479 1579 5531 Et
1604 5481 1710 5545 ipse

132 5562 202 5612 erit
218 5567 554 5633 exspectatio
567 5568 820 5632 gentium,
839 5564 991 5633 (Gen.
1018 5568 1193 5636 scut).
1228 5565 1452 5636 Moyses
1486 5582 1708 5637 quoque

1804 4504 2025 4555 verbum
2060 4504 2208 4556 istud
2236 4506 2285 4554 et
2317 4518 2425 4557 non
2451 4503 2639 4570 petisti
2669 4502 2771 4555 tibi
2809 4501 2921 4557 dies
2968 4501 3188 4562 multos,
3225 4511 3394 4563 neque

1794 4594 2089 4658 postulasti
2098 4592 2215 4645 divi
2219 4593 2343 4655 tias,
2353 4607 2520 4658 neque
2529 4606 2605 4644 an
2613 4592 2753 4646 imas
2764 4591 3128 4645 inimicorum
3143 4590 3389 4649 tuorum,

1797 4681 1888 4731 sed
1911 4682 2099 4747 petisti
2127 4685 2187 4732 ut
2216 4681 2549 4746 intelligeres
2595 4683 2643 4733 et
2685 4679 2910 4733 audires
2941 4678 3248 4746 judicium,
3283 4688 3394 4732 ecce

1797 4771 1901 4834 feci
1932 4770 2151 4823 verbum
2184 4774 2343 4822 tuum
2365 4773 2416 4821 et
2434 4770 2560 4821 dedit
2582 4769 2683 4823 tibi
2702 4783 2793 4821 cor
2809 4767 3072 4835 prudens,
3095 4770 3155 4820 ut
3176 4767 3392 4833 sapiet“

1797 4860 1871 4909 sis
1893 4863 1968 4919 tu,
1990 4863 2035 4909 et
2054 4862 2234 4924 postea
2257 4862 2569 4923 nonsurget
2585 4858 2791 4911 similis
2806 4859 2892 4910 tui
2924 4857 3162 4924 (IIlReg.
3200 4857 3295 4923 In).
3328 4854 3397 4909 Et

1800 4946 2076 5015 quomodo
2098 4945 2324 5016 quidam
2343 4950 2545 5015 putant
2563 4945 2830 5015 apostolis
2846 4945 3057 4999 Christi
3086 4944 3393 5001 revelatum

1797 5051 1917 5088 esse
1940 5035 2290 5105 mysterium,
2316 5035 2464 5104 quod
2482 5034 2737 5103 ignotum
2754 5034 2939 5089 fuerat
2954 5033 3391 5097 Salomoni,cum

1798 5124 2063 5194 apostolis
2095 5123 2354 5181 omnibus
2383 5122 2781 5193 sapientiorem
2818 5122 2987 5177 fuisse
3011 5122 3385 5186 Salomonem,

1800 5218 1857 5265 et
1890 5218 2039 5266 retro
2064 5211 2400 5282 patriarchis
2431 5227 2530 5265 vox
2559 5212 2750 5269 divina
2777 5210 3025 5282 pollicita
3054 5210 3129 5265 sit
3142 5210 3164 5261 'l
3195 5209 3290 5281 qui
3321 5209 3391 5265 de

1795 5318 1854 5355 se
1885 5318 2107 5371 quoque
2126 5302 2247 5372 ipso
2269 5302 2516 5372 loquitur
2534 5302 2880 5359 confidenter
2903 5319 2913 5352 :
2940 5301 3078 5355 Deus
3107 5301 3291 5358 docuit
3308 5318 3391 5358 me

1795 5406 1888 5458 sap
1896 5393 2125 5448 tentiam
2139 5395 2187 5443 et
2200 5394 2537 5447 intellectum
2549 5396 2869 5447 sanctorum
2881 5386 3362 5460 cognovi(8ap.vn)
3373 5432 3385 5443 .

1794 5479 1908 5533 Nec
1928 5495 2040 5539 non
2062 5484 2119 5532 et
2138 5478 2311 5535 David
2343 5479 2412 5532 de
2433 5480 2668 5537 scientia
2694 5477 2897 5534 occulti
2926 5479 3161 5552 mysterl
3181 5478 3391 5548 gloria-

1791 5574 1886 5630 tur
1912 5568 2103 5627 dicens
2142 5587 2152 5620 ς
2188 5570 2405 5633 Incerta
2444 5575 2491 5623 et
2520 5573 2731 5626 occulta
2761 5569 3046 5635 sapientia
3073 5574 3180 5626 tua
3207 5572 3393 5627 mani.-
