3892 6158
471 297 575 350 415

991 263 1000 275 “
1063 293 1123 345 Β.
1169 291 1438 346 RABANI
1493 290 1724 344 MAURI
1761 289 2098 345 ARCHIEP.

2142 291 2468 345 MOGUNT.
2513 285 2810 342 OPERUM
2846 283 3030 337 PARS
3068 284 3163 338 III.
3596 291 3680 344 Mt}

472 424 686 489 festasti
714 421 874 484 mihi,
913 424 970 471 et
999 418 1070 472 ad
1101 433 1229 470 eum
1253 417 1348 486 qui
1377 417 1482 470 sibi
1519 417 1588 469 de
1628 417 1907 488 sapientia
1938 436 2070 488 sup-
2089 417 2370 479 Aduobus
2417 415 2618 479 verbis,
2645 413 2699 466 id
2731 418 2832 474 est,
2876 411 2934 463 in
2963 427 3028 462 eo
3049 412 3191 480 quod
3232 413 3323 476 ait,
3360 415 3610 468 coheredes
3643 423 3678 469 et

471 507 774 580 plaudebat
795 505 945 560 Deus
977 505 1230 576 loquitur
1259 522 1359 575 per
1385 506 1722 575 prophetam
1761 525 1770 558 :
1804 508 2074 575 Nunquid

472 600 774 666 sapientior
802 613 852 648 es
881 597 1106 649 Dan-icio
1140 595 1348 659 (Ezrch.
1375 593 1598 657 xxvm)?
1628 596 1740 648 Aut
1768 595 1859 648 ille
1881 595 2068 664 igitur,

473 687 542 741 de
573 703 681 756 quo
711 700 883 754 supra
896 684 1014 753 jam
1037 683 1425 750 disseruimus,
1451 683 1726 736 tenendus
1749 688 1834 736 est
1853 701 2066 751 sensus,

471 776 553 829 ita
581 773 929 844 patriarchas
959 778 1016 825 et
1045 773 1366 842 prophetas,
1399 779 1463 824 ut
1493 788 1640 825 nunc
1683 773 1948 842 apostolis
1979 791 2069 826 re-

473 865 714 916 velatum
737 868 840 927 est,
866 861 1074 914 Christi
1093 862 1378 930 ignorasse
1399 861 1752 932 mysterium,
1773 863 1905 932 quia
1921 863 2071 916 aliud

473 957 558 1005 est
587 959 778 1005 tenere
811 951 944 1021 quid
975 949 1252 1016 manibus,
1284 949 1434 1003 aliud
1469 950 1527 1002 in
1569 949 1771 1019 spiritu
1815 951 2071 1004 futurum

474 1040 794 1112 praevidere.
810 1038 1550 1108 Autdicendum,_quomodo
1571 1055 1681 1092 non
1707 1043 1838 1092 sunt
1860 1039 2071 1092 similes

473 1128 642 1182 facies
663 1128 927 1193 faciebas,
948 1127 1028 1181 sic
1060 1144 1162 1180 nec
1187 1143 1306 1180 esse
1337 1127 1505 1180 corda
1531 1127 1810 1189 cordibus,
1835 1134 1888 1180 et
1911 1129 2072 1196 juxta

473 1218 804 1289 Apostolum
834 1217 1054 1270 diversa
1100 1233 1220 1269 esse
1263 1216 1619 1281 charismata,
1655 1215 1826 1269 alium
1868 1217 2072 1270 habere

476 1306 850 1377 prophetiam,
885 1305 1059 1358 alium
1087 1321 1297 1374 genera
1339 1305 1681 1373 linguarum,
1717 1305 1888 1357 alium
1927 1307 2073 1358 dona

475 1395 849 1456 curationum,
884 1394 1054 1447 alium
1087 1393 1485 1464 opitulationes
1529 1400 1586 1446 et
1613 1393 2068 1463 gubernationes,

474 1483 635 1537 illum
665 1499 786 1536 esse
823 1483 1154 1553 sapientem,
1189 1483 1337 1536 hunc
1383 1483 1624 1548 ﬁdelem,
1657 1483 1826 1536 istum
1867 1484 2073 1553 pollere

461 1564 820 1626 conscientia
845 1579 1210 1636 secretorum,
1245 1572 1406 1624 illum
1437 1571 1673 1641 simplici
1707 1579 1926 1625 tantum
1968 1573 2074 1624 fide

479 1678 598 1714 esse
629 1666 975 1714 contentum.
1008 1661 1202 1730 Neque
1241 1661 1393 1713 enim
1427 1678 1620 1714 omnes
1661 1661 1718 1714 in
1757 1661 2076 1730 exemplum

2155 509 2581 574 ('0n.c-n'porales,
2610 508 2848 573 poterat,
2883 500 2938 552 in
2961 516 3072 552 uno
3096 516 3314 570 corpore
3339 500 3586 556 diversum
3604 505 3684 558 ali-

2157 597 2288 666 quid
2312 593 2602 665 suspicari.
2631 593 2707 645 Ex
2739 599 2804 642 eo
2836 595 3025 642 autem
3055 589 3196 658 quod
3225 589 3422 642 addidit
3451 609 3472 641 ‹‹
3496 597 3681 646 etcom-

2155 679 2921 755 participesrepromissionis
2937 677 2993 730 in
3017 677 3231 730 Christo
3251 679 3274 731 ,Ι
3283 695 3391 732 esu.
3409 681 3596 732 »omnis
3613 699 3687 750 pe-

2154 775 2308 827 nitus
2331 772 2626 826 diversitas
2643 773 2932 840 amputata
2960 773 3060 819 est.
3093 766 3191 820 Ubi
3209 766 3462 820 enimuua
3479 781 3688 838 compar-

2154 863 2401 934 ticipatio
2465 868 2566 926 est,
2614 859 2876 914 universa
2930 856 3245 909 communia
3299 861 3436 908 sunt.
3491 858 3689 911 Pulchre

2153 953 2322 1007 etiam
2349 951 2583 1014 addidit,
2599 966 2698 1018 per
2717 949 3100 1014 Evangelium,
3129 948 3279 1011 cujus
3300 947 3581 1012 ﬂzclussum
3605 951 3690 998 mi-

2157 1045 2328 1096 nister
2342 1041 2544 1093 second
2552 1055 2643 1091 um
2656 1039 2799 1090 dona
2821 1037 3035 1104 gratim,
3055 1052 3170 1102 quae
3191 1035 3315 1086 data
3335 1039 3403 1085 cst
3421 1035 3691 1102 mihijurtn

2155 1133 2518 1198 Operaiinncm
2552 1128 2780 1180 rirtutis
2801 1128 2936 1193 ejus,
2965 1130 3029 1176 ut
3047 1123 3144 1176 Dei
3173 1123 3420 1191 gratiam,
3439 1139 3539 1175 non
3557 1139 3692 1174 suum

2156 1219 2421 1272 meritum
2455 1219 2891 1274 demonstraret,
2919 1211 3128 1265 sciebat
3149 1227 3203 1264 se
3227 1227 3454 1280 namque
3483 1227 3697 1280 persecu-

2155 1315 2334 1360 torem
2364 1306 2552 1364 f'uisse,
2587 1312 2644 1358 et
2675 1302 2891 1358 Christi
2921 1299 3222 1355 Ecclesiam
3247 1306 3511 1351 vastasse:
3536 1315 3591 1350 ex
3609 1315 3698 1367 qua

2158 1396 2474 1449 humilitate
2521 1393 2860 1462 arrogantia:
2899 1391 3124 1462 penitus
3167 1389 3368 1441 crimen
3413 1387 3697 1440 excluditur.

2157 1503 2325 1555 super
2373 1502 2540 1554 quam
2600 1481 2858 1536 nonnulli
2907 1497 3035 1533 eum
3089 1475 3577 1548 reprehendendum
3614 1492 3697 1544 pu-

2159 1580 2297 1636 tant,
2333 1573 2464 1643 quia
2492 1572 2597 1625 sibi
2635 1570 2836 1624 dixerit
2885 1568 3214 1639 mysterium
3245 1567 3549 1629 revelatuin,
3581 1565 3698 1632 quod

2116 1702 2119 1705 -
2159 1663 2492 1732 patriarchis
2521 1669 2578 1713 et
2619 1659 2906 1730 prOphetis
2947 1657 3117 1710 fuerit
3160 1657 3422 1724 ignotum.
3453 1669 3699 1722 nunquam

479 1749 794 1803 Salomonis
823 1749 891 1802 de
919 1750 1137 1803 naturis
1165 1748 1474 1802 bestiarum
1495 1755 1552 1802 et
1577 1751 1864 1817 volucrum
1886 1756 1941 1802 et
1965 1741 2146 1803 her-B
2167 1752 2314 1804 enim
2342 1750 2674 1803 humilitatis
2705 1748 3010 1818 discipulus
3044 1745 3222 1797 verbis
3251 1742 3560 1810 aii-regantur
3585 1740 3703 1793 intu-

475 1837 695 1901 barum,
713 1837 972 1891 similiter
991 1843 1123 1890 sunt
1144 1838 1334 1904 locuti,
1362 1845 1426 1891 ut
1453 1837 1811 1908 disputarent
1858 1857 1890 1892 a
1920 1840 2084 1892 cedro

478 1925 676 1980 Libani
704 1943 880 1996 usque
910 1927 978 1980 ad
1010 1927 1334 1998 hyssopum,
1364 1944 1486 1996 quae
1507 1927 1642 1980 exiit
1665 1945 1766 1997 per
1788 1928 2078 1998 parietem,

480 2015 797 2068 econtrario
822 2015 1084 2069 Salomon
1097 2016 1298 2068 nonita
1314 2015 1546 2068 forsitan
1559 2015 1760 2069 viderit
1785 2023 1848 2068 ut
1866 2018 2084 2086 Moyses

481 2119 679 2157 omnes
693 2105 906 2175 species
923 2103 1280 2157 victimarum
1298 2111 1354 2158 et
1371 2105 1601 2158 cultura!
1615 2106 1714 2158 Dei
1738 2124 1749 2170 ;
1769 2122 1869 2157 nec
1882 2105 1931 2157 ei
1944 2106 2084 2159 facie

481 2193 550 2246 ad
581 2193 782 2266 faciem
813 2193 1086 2247 Dominus
1115 2193 1187 2248 sit
1235 2194 1470 2257 locutus,
1508 2211 1610 2246 nec
1655 2210 1913 2246 vasorum
1958 2201 2084 2247 tan-

481 2287 597 2334 tam
639 2283 722 2336 vel
785 2281 1061 2346 habuerit,
1121 2283 1203 2334 vel
1260 2283 1598 2336 intellexerit
1652 2283 2076 2353 snpellectilem,

479 2387 718 2440 quorum
749 2376 948 2442 typum
976 2371 1056 2424 illi
1091 2371 1146 2424 in
1178 2375 1368 2424 monte
1399 2372 1670 2424 Dominus
1713 2372 1981 2425 ostendit.
2018 2373 2084 2425 Et

479 2460 756 2529 quomodo
773 2460 1103 2530 patriarchae
1125 2467 1179 2512 et
1202 2460 1486 2530 prophetae
1518 2460 1838 2531 habuerunt
1866 2462 2070 2531 aliqua,

483 2565 604 2618 quae
653 2549 935 2617 apostolos
985 2565 1097 2601 non
1140 2549 1402 2601 habuisse
1455 2530 1795 2602 credendum
1844 2555 1947 2615 est,
1997 2551 2076 2602 sic

482 2636 818 2688 o'contrario
843 2653 942 2705 pro
964 2637 1384 2706 opportunitate
1414 2639 1681 2708 temporis
1699 2643 1754 2691 et
1773 2655 1873 2708 pro
1904 2639 2077 2691 Evan-

485 2723 614 2792 gelii
647 2725 1039 2794 praedicatione
1070 2725 1386 2778 habuerunt
1415 2727 1651 2795 apostoli
1681 2727 1860 2796 magis
1880 2734 2076 2781 notum

487 2815 818 2884 mysterium
842 2813 1068 2878 Christi,
1104 2815 1250 2883 quod
1283 2815 1532 2868 scierunt
1563 2815 1790 2884 quidem
1815 2823 1870 2868 et
1900 2818 2077 2871 sancti

479 2902 792 2972 antiquitus
820 2902 941 2966 viri,
968 2903 1063 2954 sed
1095 2920 1206 2956 non
1237 2903 1316 2956 ita
1345 2909 1408 2956 ut
1439 2905 1695 2973 apostoli,
1724 2905 1924 2975 quibus
1944 2923 2078 2976 pree-

477 2991 700 3044 dicandi
722 2991 1026 3045 necessitas
1042 2991 1418 3044 incumbebat.
1441 2993 1598 3056 Quod
1622 2999 1810 3046 autem
1835 2995 1938 3047 hoc
1954 3012 2076 3065 my-

476 3079 731 3145 sterium,
767 3079 915 3149 quod
939 3080 1090 3136 sicut
1120 3096 1268 3133 nunc
1313 3081 1435 3133 aliis
1463 3082 1918 3151 generationibus
1965 3101 2076 3136 non

473 3167 582 3240 fuit
593 3168 901 3221 revelatum
917 3169 940 3220 ’ἶ
963 3169 1156 3238 utique
1171 3169 1302 3222 illud
1313 3210 1325 3232 ,
1335 3171 1482 3239 quod
1494 3171 1768 3240 sequitur,
1779 3195 1797 3218 (ι
1811 3189 1929 3224 esse
1943 3190 2075 3242 gen-

476 3264 561 3309 tes
591 3257 906 3311 cobaeredes
951 3262 1008 3310 et
1053 3259 1493 3328 concorporales,
1545 3266 1601 3312 et
1648 3261 2072 3330 comparticipes

477 3345 864 3414 promissionis
882 3345 937 3398 in
962 3345 1184 3399 Christo
1204 3349 1230 3400 J
1238 3364 1355 3411 esu,
1375 3364 1474 3417 per
1485 3349 1856 3417 evangelium,
1880 3367 1977 3402 »ευ
1978 3351 2072 3419 jus

476 3433 655 3488 factus
685 3442 770 3487 est
791 3435 998 3488 Paulus
1021 3435 1294 3500 minister,
1318 3437 1624 3489 secundum
1649 3438 1860 3490 donum
1875 3440 2073 3508 gratia:

479 3523 738 3593 Dei,quae
752 3524 882 3576 data
900 3531 985 3576 est
1016 3525 1064 3576 ei
1091 3525 1254 3594 juxta
1283 3525 1662 3594 operationem
1689 3526 1908 3579 virtutis
1928 3530 2069 3595 ejus.

478 3611 602 3665 Scio
620 3613 1024 3682 appositionem
1046 3614 1456 3682 conjunctionis
1486 3619 1619 3681 (jus,
1655 3632 1756 3684 per
1785 3633 1950 3685 quam
1986 3617 2071 3669 di-

476 3700 640 3765 citur,
673 3703 980 3766 cohmrcdcs,
1017 3707 1065 3754 et
1097 3707 1518 3770 concorporalcs,
1559 3709 1606 3756 ct
1637 3708 2066 3772 compu-Nic-ipes,

479 3789 798 3843 indecorum
821 3790 1000 3843 facere
1021 3791 1078 3843 in
1103 3790 1300 3844 Latino
1321 3792 1679 3856 sententiam,
1696 3794 1792 3846 sed
1824 3795 1956 3863 quia
1973 3795 2071 3848 ha-

475 3878 638 3932 betur
657 3879 714 3932 in
735 3879 943 3940 Graeco,
963 3885 1017 3932 et
1031 3879 1236 3947 singuli
1257 3896 1562 3944 sermones,
1597 3882 1840 3952 syllabae,
1866 3883 2067 3953 apices,

477 3972 702 4038 puncta,
737 3966 794 4018 in
834 3967 1036 4019 divinis
1079 3967 1384 4036 Scripturis
1424 3970 1589 4038 plena
1621 3975 1754 4023 sunt
1793 3971 2070 4037 sensibus,

480 4060 776 4124 propterea
801 4055 975 4122 magis
1001 4057 1256 4107 volumus
1274 4056 1333 4107 in
1350 4059 1749 4126 compositione
1771 4066 2076 4112 structum-

483 4160 589 4211 que
619 4143 934 4207 verborum,
967 4160 1134 4212 quam
1167 4143 1541 4212 intelligentia
1569 4147 1892 4216 periclitari.
1926 4151 2075 4201 Gen-

481 4239 564 4285 tes
593 4231 800 4284 idcirco
820 4232 1134 4284 cohaerech
1153 4238 1285 4284 sunt
1305 4234 1517 4296 Israeli,
1551 4235 1683 4300 sive,
1709 4237 1852 4306 quod
1878 4238 2076 4290 melius

485 4321 845 4387 arbitramur,
879 4320 1100 4374 Christo
1142 4321 1458 4375 cohaeredes
1503 4329 1651 4390 sunt,
1687 4329 1749 4377 ut
1785 4325 2080 4379 luereditas

482 4417 674 4463 nostra
703 4411 851 4464 Deus
896 4410 987 4476 sit,
1015 4415 1071 4463 et
1109 4411 1424 4465 cohaeredes
1461 4413 1688 4465 Christi.
1717 4416 1874 4476 Quod
1917 4421 1972 4467 et
2018 4416 2074 4467 in

477 4499 586 4553 alio
618 4500 736 4552 loco
765 4499 1036 4569 scriptum
1059 4506 1144 4552 est
1166 4503 1336 4566 (Hom.
1369 4504 1482 4569 vni)
1517 4520 1526 4552 :
1579 4505 1818 4555 [heredes
1851 4506 2076 4560 [160.co-

479 4590 708 4642 ha’redcs
736 4593 919 4641 autem
945 4591 1184 4656 Christi;
1218 4607 1330 4642 non
1359 4591 1504 4660 quod
1559 4591 1743 4661 aliqua
1786 4592 1934 4645 inter
1972 4611 2072 4646 nos

478 4675 753 4746 possessio
777 4676 1180 4741 dividatur,sed
1199 4679 1344 4747 quod
1367 4678 1484 4748 ipse
1505 4680 1578 4733 sit
1605 4681 1876 4733 Dominus
1897 4682 2070 4735 luere-

480 4764 624 4816 ditas
661 4769 855 4816 nostra
883 4769 1052 4832 atque
1082 4766 1375 4834 possessio.
1404 4769 1671 4820 Dominus
1709 4770 1933 4838 quippe,
1970 4772 2066 4836 ait,

477 4853 763 4904 hm‘cdiias
794 4857 982 4904 nostra
1015 4857 1107 4904 est.
1127 4853 1194 4906 Et
1222 4853 1384 4906 alibi:
1409 4858 1675 4908 Dominus
1703 4874 1835 4925 pars
1870 4876 2002 4919 mea,
2024 4867 2070 4913 ct

478 4941 764 4992 hereditas
783 4956 904 4993 mea
926 4937 1087 5011 (Psal.
1108 4943 1222 5008 xv).
1247 4942 1683 5013 Concorporales
1708 4953 1898 4999 autem
1929 4947 2066 5000 illud

477 5029 772 5098 significat,
805 5034 868 5082 ut
897 5029 1372 5098 quemadmodum
1403 5032 1459 5085 in
1489 5050 1598 5086 uno
1631 5051 1861 5104 corpore
1894 5037 2071 5090 multa

477 5123 610 5171 sunt
637 5117 909 5180 membra,
943 5115 1096 5170 verbi
1124 5117 1324 5186 gratia,
1348 5121 1512 5183 oculi,
1537 5139 1954 5186 manus,aures.
1972 5143 2068 5194 pe-

477 5206 595 5270 des,
628 5213 821 5260 venter
853 5213 910 5260 et
936 5222 1141 5275 genua,
1175 5212 1232 5259 et
1259 5223 1386 5260 cum
1417 5209 1473 5262 in
1506 5227 1617 5263 uno
1647 5219 1780 5264 sunt
1815 5230 2064 5283 corpore,

476 5293 686 5348 habent
713 5295 1056 5349 differentias
1085 5312 1233 5357 suas,
1259 5301 1324 5349 ut
1343 5313 1440 5366 pro
1471 5317 1528 5350 se
1558 5299 1792 5354 invicem
1814 5303 2072 5356 laetentur

474 5389 532 5435 et
576 5382 821 5447 doleant,
861 5384 940 5437 sic
983 5384 1195 5438 scilicet
1233 5384 1480 5438 diversas
1523 5388 1731 5443 habent
1771 5391 1984 5460 gratias
2011 5391 2067 5444 hi

477 5471 572 5540 qui
595 5469 652 5548 in
675 5471 894 5526 Christo
915 5473 1292 5538 crediderunt,
1318 5473 1376 5526 in
1399 5491 1510 5529 uno
1531 5482 1720 5532 tamen
1747 5479 1862 5532 sint
1882 5480 2068 5532 Eccle-

475 5559 569 5613 siae
589 5575 818 5630 corpore
847 5561 1192 5630 conglobati;
1225 5567 1280 5614 et
1329 5563 1387 5614 in
1427 5565 1808 5634 superioribus
1843 5568 2070 5636 quidem

2168 1846 2458 1903 mesceret,
2498 1837 2880 1906 Evangelium,
2916 1837 3074 1905 cujus
3105 1833 3358 1886 minister
3387 1837 3480 1894 est,
3515 1846 3611 1882 non
3634 1829 3701 1880 sui

2169 1929 2355 1982 meriti
2389 1929 2576 1981 (licens
2597 1928 2784 1990 fuisse,
2811 1926 2907 1977 sed
2929 1925 3124 1993 gratiae
3149 1922 3266 1976 Dei.
3287 1921 3390 1984 Qui
3408 1921 3582 1973 volunt
3600 1934 3703 1987 pro-

2170 2019 2365 2088 phetas
2395 2035 2507 2071 non
2541 2017 2877 2069 intellexisse
2909 2014 3055 2083 quod
3087 2013 3361 2073 dixerunt,
3398 2017 3450 2061 et
3492 2006 3631 2078 quasi
3661 2007 3704 2058 in

2167 2106 2368 2159 exstasi
2388 2107 2618 2168 locutos,
2647 2120 2773 2157 cum
2806 2101 3064 2173 praesenti
3095 2099 3424 2156 testimonio,
3449 2095 3571 2148 illud
3599 2112 3706 2164 quo-

2169 2213 2276 2265 que
2306 2195 2450 2264 quod
2481 2195 2550 2246 ad
2582 2195 2859 2246 Romanos
2905 2191 2961 2243 in
2993 2190 3271 2260 plerisque
3302 2184 3564 2239 codicibus
3589 2183 3708 2236 inve-

2166 2284 2336 2346 nitur,
2359 2283 2428 2335 ad
2448 2281 2932 2335 confirmationem
2947 2279 3030 2333 sui
3045 2277 3320 2348 dogmatis
3331 2275 3544 2328 trahunt
3559 2274 3708 2341 legen-

2166 2380 2250 2425 tes
2275 2391 2285 2424 :
2319 2375 2382 2425 Ei
2407 2377 2590 2425 autem
2624 2374 2722 2439 qui
2747 2375 2912 2438 potest
2946 2386 3032 2421 ros
3059 2369 3484 2432 rolwrarcjurm
3511 2363 3710 2427 Evange-

2163 2466 2305 2515 lium.
2339 2479 2519 2514 meum
2554 2466 2599 2513 of.
2626 2457 3428 2528 prmdicalioue-inJcsuChristi
3452 2452 3705 2505 secundum

2161 2554 2542 2603 rccclalioncm
2567 2550 2820 2615 mystcrii
2841 2548 3173 2614 temporibus
3201 2545 3414 2598 διηνθιιέ
3443 2541 3599 2604 taciti,
3623 2554 3711 2589 nm-

2164 2641 2412 2706 ni/‘csiaii
2431 2644 2610 2690 autem
2637 2655 2668 2690 η
2681 2653 2786 2688 mu-
2801 2653 2898 2703 μω·
2917 2638 3226 2702 scripturas
3243 2633 3563 2701 propheticus
3580 2632 3622 2679 et
3639 2627 3713 2677 ad-

2162 2735 2382 2780 rentum
2417 2729 2644 2781 Domini
2675 2728 2852 2778 nostri
2880 2728 3003 2778 Jcsu.
3026 2725 3250 2786 Christi,
3279 2729 3335 2774 et
3353 2719 3554 2788 reliqua
3567 2719 3706 2782 (Hom.

2159 2835 2222 2869 xv
2235 2823 2292 2886 ι).
2310 2817 2522 2880 Quibus
2543 2815 2786 2867 breviter
2806 2813 3262 2884 respondendum
3293 2817 3392 2874 est,
3413 2804 3714 2876 temporibUs

2162 2905 2460 2975 przeteritis
2501 2905 2734 2958 tacitura
2777 2904 2947 2957 fuisse
2999 2902 3206 2955 Christi
3256 2897 3586 2969 mysterium.
3625 2909 3713 2944 non

2163 2995 2310 3064 apud
2344 3011 2456 3057 eos,
2479 2994 2574 3063 qui
2606 2993 2742 3046 illud
2766 2992 3016 3045 futurum
3040 2989 3462 3060 pollicebantur,
3486 2984 3570 3038 sed
3593 2980 3710 3051 apud

2098 3063 2140 3121 Ο
2161 3083 2447 3136 universas
2475 3089 2690 3151 gentes,
2727 3081 2928 3150 quibus
2956 3084 3150 3150 postea
3198 3077 3598 3131 manifestatum
3633 3076 3714 3121 est.

2161 3173 2229 3225 Et
2259 3173 2470 3242 pariter
2521 3171 2926 3228 annotandum,
2971 3170 3116 3239 quod
3167 3170 3571 3220 sacramentum
3615 3157 3718 3212 fidei

2159 3268 2378 3325 nostrae,
2406 3261 2510 3313 nisi
2535 3277 2634 3330 per
2653 3259 2960 3328 scripturas
2991 3257 3347 3328 propheticus
3376 3260 3432 3306 et
3459 3253 3719 3306 adventum

2159 3349 2364 3402 Christi
2397 3366 2508 3402 non
2525 3349 2706 3400 valeat
2721 3347 2976 3400 revelari.
2993 3346 3372 3414 Sciantigitur
3401 3341 3490 3414 qui
3517 3337 3719 3411 prophe-

2157 3446 2244 3491 tas
2269 3455 2381 3491 non
2406 3439 2746 3506 intelligunt,
2779 3453 2879 3489 nec
2906 3436 3046 3487 scire
3071 3436 3414 3497 (lesiderant,
3441 3433 3716 3484 asserentes

2156 3545 2214 3580 se
2243 3534 2464 3579 tantum
2485 3527 2780 3591 Evangelio
2802 3541 2921 3577 esse.
2949 3530 3264 3585 contentos,
3292 3520 3491 3576 Christi
3540 3514 3721 3570 nescire

2155 3616 2506 3686 mysterium,
2555 3615 2704 3684 quod
2754 3632 2784 3666 a
2837 3613 3183 3683 temporibus
3235 3610 3454 3666 aeternis
3493 3603 3718 3678 gentibus

2155 3706 2369 3758 cunctis
2391 3704 2561 3757 fuerit
2579 3704 2856 3772 ignotum.
2879 3706 2937 3770 (Α
2951 3705 3076 3766 mh.)
3097 3703 3217 3754 Hoc
3240 3699 3532 3771 Apostolus
3549 3690 3718 3747 asserit

2157 3801 2444 3847 ostensum
2475 3810 2510 3845 a
2541 3792 2780 3846 Domino
2813 3798 3066 3861 tempore
3099 3791 3331 3852 Christi,
3357 3787 3499 3859 quod
3527 3781 3722 3837 latebat.

2158 3884 2289 3952 quia
2335 3889 2531 3950 gentes
2578 3882 2879 3952 participes
2919 3881 3120 3934 futura:
3170 3884 3362 3933 essent
3407 3875 3591 3946 gratia:
3623 3884 3724 3940 pro-

2157 3971 2341 4025 missae.
2372 3973 2428 4024 in
2461 3973 2616 4038 lege;
2655 3971 2798 4039 quod
2833 3975 3119 4022 ostensum
3143 3969 3282 4021 dicit
3307 3957 3724 4038 prmdicatoribus

2159 4061 2365 4112 sumitis
2397 4065 2452 4112 et
2482 4061 2788 4130 prophetis,
2814 4060 2864 4111 id
2899 4064 3001 4122 est,
3024 4059 3294 4128 apostolis
3323 4065 3378 4109 et
3407 4054 3540 4122 legis
3569 4047 3722 4118 expla-

2159 4149 2466 4203 nat-oribus.
2502 4165 2612 4201 non
2641 4148 2928 4218 prephetis
2971 4146 3252 4198 veteribus
3280 4165 3291 4211 ;
3328 4141 3574 4214 quamvis
3601 4135 3725 4189 enim

2161 4239 2228 4291 ad
2239 4238 2594 4290 mitterentur
2608 4237 2762 4306 prius
2773 4238 2842 4289 ad
2857 4238 3034 4300 legem
3047 4235 3308 4302 gentiles.
3334 4234 3430 4287 sed
3445 4222 3726 4285 circumcidi

2157 4326 2531 4395 jubclmntur;
2567 4332 2622 4378 et
2643 4327 2926 4396 prOphetze
2958 4325 3208 4378 scierunt
3237 4330 3436 4394 gentes
3465 4315 3728 4390 participes

2163 4416 2378 4468 futuras
2409 4415 2538 4468 doni
2569 4415 2688 4477 Dei,
2715 4433 2844 4467 nam
2876 4415 2976 4466 hoc
2998 4414 3457 4482 significaverunt
3479 4405 3652 4462 multis
3680 4402 3724 4452 in

2161 4505 2292 4556 locis
2341 4523 2350 4556 :
2395 4505 2491 4556 sed
2532 4505 2635 4556 hoc
2675 4503 2858 4570 latuit,
2893 4503 3023 4573 quia
3075 4503 3194 4555 sine
3236 4497 3645 4554 circumcisione
3685 4497 3731 4540 et

2157 4594 2402 4646 sabbatis
2435 4600 2489 4645 et.
2520 4593 2828 4644 nemneniis
2861 4600 2914 4644 et
2945 4591 3160 4644 ca'teris
3190 4591 3419 4643 talibus.
3438 4584 3623 4656 gratiae
3637 4577 3720 4633 Dei

2155 4684 2356 4736 futura)
2378 4688 2565 4734 essent
2589 4682 2906 4751 participes,
2933 4687 2998 4732 ut
3017 4679 3226 4748 absque
3250 4681 3372 4748 lege
3402 4675 3722 4743 susciperem

2157 4773 2325 4824 ﬁdem
2340 4770 2549 4824 Christi
2562 4776 2618 4822 et
2636 4770 3131 4822 salvarenturnlioc
3148 4767 3410 4838 estquod
3441 4763 3588 4822 dicit,
3607 4785 3624 4809 ιι
3641 4755 3733 4826 Spl-

2156 4861 2268 4913 ritu
2293 4879 2411 4912 esse
2435 4867 2630 4928 gentes
2655 4859 2972 4911 cohteredes
3001 4864 3056 4910 et
3072 4860 3505 4926 concorporatas
3519 4858 3572 4905 et
3587 4843 3737 4920 parti-

2154 4951 2301 5019 cipes
2321 4948 2710 5018 promissionis
2729 4949 2850 5016 ejus
2867 4947 2922 4999 in
2939 4947 3179 4999 Christo.
3209 4966 3232 4992 ι)
3251 4945 3359 5009 Qui
3387 4945 3537 4998 enim
3559 4935 3735 5009 spirit"

2154 5039 2330 5090 Deum
2347 5038 2480 5090 colit
2501 5055 2666 5108 opere
2689 5037 2826 5106 legis
2857 5053 2995 5106 Opus
3030 5052 3141 5088 non
3171 5034 3363 5088 habet.
3389 5037 3491 5087 Per
3519 5031 3738 5090 Erangt-

2154 5129 2292 5178 lium
2328 5129 2443 5191 ejus
2471 5129 2652 5194 facius
2669 5144 2793 5178 sum
2811 5127 3390 5177 minislcrsei-mulina
3405 5125 3606 5174 donum
3627 5129 3738 5180 gral-

2156 5219 2243 5268 tiar
2272 5217 2385 5279 Dei,
2438 5232 2554 5282 qum
2593 5217 2721 5268 data
2763 5220 2837 5267 est
2880 5215 3018 5266 mihi
3058 5215 3364 5266 secundum.
3392 5208 3733 5277 opm-aliorum!

2153 5307 2380 5356 rirtutis
2401 5307 2534 5371 ejus.
2557 5304 2662 5356 I’er
2683 5303 3136 5373 praedicationem
3153 5297 3454 5354 ministerii
3481 5295 3564 5348 sui
3575 5288 3738 5359 cogni-

2153 5399 2275 5446 tum
2303 5393 2504 5446 asserit
2544 5390 2774 5457 donum,
2805 5392 2952 5462 quod
2993 5389 3268 5460 disposuit
3310 5389 3464 5440 Deus
3500 5377 3737 5453 gentibus

2147 5484 2306 5552 juxta
2322 5482 2547 5534 virtutis
2566 5499 2679 5536 suae
2701 5481 3104 5552 operationem.
3127 5477 3396 5549 Operatio
3418 5473 3568 5528 enim
3587 5467 3740 5521 virtu-

2153 5571 2225 5622 tis
2253 5571 2375 5639 ejus
2403 5577 2507 5634 est,
2529 5570 2658 5638 quia
2687 5569 2971 5622 Christum
2992 5566 3281 5622 suscitavit
3317 5583 3352 5617 a
3381 5560 3635 5616 mortuis.
3661 5554 3739 5604 (le-
