3880 6146
241 266 329 319 ii?

646 270 1218 333 ENARRATIONUM
1258 281 1335 334 IN
1375 281 1525 335 EPP.
1570 283 1782 337 PAULI
1823 281 1960 336 LIB.
2006 278 2177 331 XVII.
2214 307 2278 317 ——
2309 278 2388 331 IN
2427 278 2650 332 EPIST.
2678 279 2774 332 AD
2816 280 3063 335 EPHES.

3389 285 3492 342 418

242 390 363 442 victa
398 400 594 453 morte,
645 395 699 450 in
754 416 864 468 qua
898 407 1106 457 'omnes
1145 405 1377 459 salvavit
1406 427 1421 460 :
1466 407 1809 478 dispensatio
1828 413 1873 468 A
1899 406 2011 470 Dei,
2041 421 2157 474 qua:
2186 422 2395 459 mecum
2425 411 2501 459 est
2535 408 2584 473 ll
2617 406 2737 460 Cor.
2765 407 2879 472 xv).
2916 407 3154 478 Propter
3184 424 3353 479 quam
3383 410 3490 463 hu-

236 488 399 532 tamen
430 481 712 553 Evangelii
734 490 855 556 ejus
888 490 1002 544 haec
1032 499 1136 559 est,
1163 512 1273 564 qua
1301 497 1490 565 agnita
1514 504 1598 550 est
1620 498 1808 551 volun~

238 578 308 619 tas
332 570 445 627 Dei,
481 573 616 640 quia
636 582 831 643 gentes
865 579 984 632 sine
1015 600 1184 652 opere
1217 585 1354 654 legis
1378 587 1591 639 salvare
1623 588 1807 641 decre-

237 658 311 710 \it.
342 660 473 711 ﬁli/1i
491 665 726 716 minimo
748 672 994 721 omnium
1026 678 1345 726 sanctormn
1372 678 1501 728 (lata
1525 682 1597 727 est
1619 662 1805 744 gratia

234 749 338 798 har.
372 748 579 817 (.‘unb.)
623 753 895 809 Ilumiliat
935 776 1012 811 se.
1047 777 1176 812 cum
1214 780 1272 814 se
1316 763 1612 817 minimum
1649 766 1801 829 dicit,

233 837 385 889 N'lCIIS
420 839 799 896 humilitatem
825 848 1133 915 profectum
1166 851 1389 905 habere.
1416 855 1560 907 Nam
1588 861 1803 908 tantam

229 927 441 991 gratiam
468 928 575 981 sibi
602 931 793 985 datam
816 935 966 991 dicit.
1005 944 1065 990 ut
1094 939 1300 991 donum
1342 941 1463 1001 hoc,
1498 944 1643 1011 quod
1675 950 1803 996 ante

229 1014 455 1080 ignotum
475 1018 584 1071 fuit
606 1024 905 1090 praeteritis
937 1027 1172 1089 saeculis,
1208 1029 1311 1081 sibi
1341 1038 1555 1084 asserat
1584 1049 1804 1085 conces-

226 1122 348 1168 sum,
381 1108 557 1160 uthoc
592 1111 982 1167 manifestaret
996 1117 1280 1183 gentibus.
1308 1119 1464 1172 Unde
1484 1121 1629 1173 enim
1646 1122 1803 1174 mini-

225 1211 328 1245 unus
354 1201 681 1251 sanctorum
698 1202 951 1255 omnium
971 1205 1141 1258 videri
1164 1212 1365 1276 potest,
1391 1210 1483 1278 qui
1499 1215 1799 1279 antequam

225 1283 597 1352 baptizaretur,
616 1306 711 1341 vas
724 1291 1009 1345 electionis
1022 1296 1332 1365 appellatus
1346 1304 1448 1350 est.
1471 1300 1528 1351 L't
1545 1302 1600 1351 in
1628 1303 1802 1351 natio—

226 1391 248 1417 n
260 1376 336 1423 532::
348 1391 363 1421 ς
375 1382 599 1439 (range!
608 1382 688 1429 [ἐπ
698 1397 747 1431 in
770 1384 826 1431 in
838 1385 1070 1449 restim!)
1079 1388 1118 1435 il
1123 1402 1173 1435 es
1191 1388 1417 1438 divitias
1439 1388 1509 1439 (7h
1520 1391 1621 1439 ris!
1630 1392 1664 1439 ί.
1684 1388 1801 1440 Ele-

223 1476 349 1513 ctum
363 1480 418 1515 se
433 1464 721 1533 probatad
736 1471 1152 1537 piat-dicandum
1169 1474 1377 1526 donum
1402 1475 1497 1527 Dei
1523 1475 1579 1527 in
1595 1476 1800 1529 divitiis

224 1551 863 1622 imtomprehensibilibus
882 1560 1105 1625 Christi,
1125 1579 1261 1631 quas
1277 1563 1539 1631 gentibus
1565 1566 1683 1633 jam
1707 1566 1817 1625 de-_

221 1641 431 1709 speratis
444 1644 640 1710 largiri
665 1647 932 1713 dignatus
948 1656 1116 1709 est,ut
1132 1651 1251 1703 sine
1266 1670 1432 1720 opere.
1454 1654 1806 1706 salvarentur

1891 496 2209 559 militatem,
2266 495 2401 548 dum
2452 495 2702 547 omnium
2760 501 3086 550 sanctorum
3120 502 3207 550 est
3242 497 3487 561 inﬁmus,

1892 585 2024 639 data
2054 594 2139 637 est
2161 586 2208 637 ei
2238 585 2421 653 gratia
2454 585 2567 638 htec
2596 586 2654 637 in
2683 585 2965 654 gentibus,
3004 592 3067 639 ut
3086 588 3493 656 evangelizaret

1892 673 2302 741 investigabiles
2335 673 2555 726 divitias
2587 672 2813 735 Christi,
2848 680 2905 725 et
2943 674 3169 727 doceret
3197 676 3488 746 dispensa—

1890 765 2102 815 tionem
2150 762 2403 833 mysterii
2452 762 2730 815 abconditi
2784 780 2817 815 a
2865 763 3080 816 saeculis
3125 764 3181 816 in
3225 765 3358 823 Deo,
3394 767 3487 837 qui

1890 852 2145 904 universa
2195 852 2420 904 creavit.
2469 853 2522 905 Si
2570 851 2984 920 investigabiles
3043 852 3248 907 divitiae
3280 854 3485 907 Christi

1888 946 2037 1005 sunt,
2073 939 2895 1009 quomodo‘evangelizanturin
2912 942 3153 1011 populo?
3187 942 3233 995 si
3254 941 3485 997 abscon—

1887 1028 2064 1081 ditum
2099 1036 2184 1081 est
2216 1047 2250 1081 a
2277 1029 2491 1081 saeculis
2523 1029 2855 1099 mysterium
2886 1029 2944 1081 in
2968 1030 3102 1095 Deo,
3129 1048 3239 1101 qua
3269 1033 3484 1087 ratione

1883 1135 1985 1188 per
2019 1119 2252 1170 Paulum
2280 1119 2563 1188 profertur
2592 1118 2649 1171 in
2679 1118 2924 1187 gentes?
2967 1119 3065 1173 sed
3096 1118 3482 1191 investigabile

1885 1212 1941 1258 et
1969 1206 2358 1259 absconditum
2390 1206 2688 1277 dupliciter
2716 1206 3091 1273 sentiendum,
3118 1217 3217 1262 aut
3232 1211 3379 1280 quod
3403 1210 3483 1263 in-

1887 1295 2238 1364 vestigabiles
2265 1301 2395 1348 ante
2430 1296 2632 1349 divitim
2660 1295 2888 1361 fuerint,
2925 1303 2980 1349 et
3026 1314 3172 1351 nunc
3204 1303 3330 1369 post
3372 1300 3481 1352 Do-

1887 1383 2021 1436 mini
2038 1391 2242 1454 apertze
2256 1385 2369 1436 sint
2382 1386 2817 1454 passionen'i,aut
2836 1391 3003 1449 certe,
3023 1403 3144 1456 quae
3160 1394 3365 1441 natura
3381 1405 3481 1441 sua

1887 1472 2101 1525 homini
2136 1473 2609 1542 ininvestigabilia
2640 1480 2819 1538 erant,
2858 1474 2989 1539 haec,
3035 1475 3149 1529 Deo
3180 1477 3478 1530 revelante.

1890 1566 2021 1613 sunt
2053 1561 2295 1630 cognita.
2318 1562 2457 1624 Quia
2483 1561 2632 1613 aliud
2663 1568 2746 1613 est
2763 1562 2832 1613 ad
2854 1569 3130 1615 secretum
3157 1564 3481 1617 curiositate

1890 1649 2114 1719 prOpria
2142 1650 2459 1719 pervenire,
2477 1650 2625 1719 quod
2656 1656 2951 1719 postquam
2982 1651 3271 1705 inventum
3291 1653 3479 1717 fuerit,

220 1731 498 1796 pertidem.
528 1734 599 1785 Et
619 1736 981 1790 manifestum
999 1743 1100 1799 est,
1123 1741 1253 1809 quia
1269 1758 1430 1793 nemo
1450 1743 1805 1811 egi-tgiunwt
1824 1717 1866 1773 Β
1886 1739 2089 1791 desinit
2122 1757 2242 1791 esse
2264 1738 2707 1807 ininvestigabile
2731 1758 2741 1791 :
2769 1739 2921 1792 aliud
2946 1740 3169 1809 propria
3190 1741 3483 1811 diligentia

220 1820 499 1873 maximum
516 1840 730 1876 munus
748 1844 850 1895 per
867 1826 1153 1894 indignam
1172 1829 1343 1881 mittit
1366 1847 1681 1899 personam.
1700 1833 1804 1883 0s-

219 1910 424 1961 tendens
457 1928 598 1979 ergo
621 1923 897 1982 quantum
928 1934 961 1967 a
990 1918 1103 1969 Deo
1126 1925 1425 1984 tuerentur,
1446 1920 1701 1972 humiliat
1726 1925 1806 1972 ta-

220 2014 414 2057 mense,
431 2006 493 2052 ut
510 2002 787 2056 meritum
804 2006 925 2073 ejus
937 2012 1165 2059 crescat.
1177 2008 1239 2060 Et
1254 2011 1354 2065 [tiu
1366 2026 1411 2059 m
1426 2012 1581 2061 inure
1599 2026 1680 2061 om
1692 2026 1800 2073 nos,

215 2106 312 2153 qua"
334 2093 399 2139 sit
416 2091 701 2157 (ἰδ’-ςινπηκαί
710 2096 762 2144 io
784 2099 1120 2148 sacramenti
1138 2097 1415 2149 abscondit
1425 2101 1485 2149 in
1504 2101 1713 2150 sareulis
1744 2102 1803 2151 in

216 2178 409 2243 Dim/[Nl
442 2183 641 2233 omnia
671 2186 893 2234 crcm'it.
924 2184 1151 2236 Missum
1185 2202 1242 2236 se
1273 2186 1405 2237 dicit
1419 2186 1800 2255 duplicimodo

215 2265 386 2318 docere.
412 2276 621 2336 gentes
654 2270 1003 2340 mysterium,
1040 2274 1186 2341 quod
1218 2274 1324 2326 fuit
1352 2274 1407 2327 in
1440 2276 1571 2339 Deo,
1597 2293 1657 2327 ex
1694 2294 1803 2345 quo

215 2360 323 2405 sunt
340 2358 545 2411 omnia.
565 2368 631 2409 ut
652 2376 755 2427 per
776 2377 903 2413 eum
928 2361 1145 2414 discant
1175 2380 1237 2414 ac
1268 2362 1585 2431 intelligant
1618 2365 1804 2416 Chris-

215 2454 313 2496 tum
342 2463 563 2515 semper
602 2448 657 2499 in
684 2449 799 2501 Deo
832 2457 886 2502 et
916 2451 1062 2519 apud
1086 2452 1284 2509 Deum,
1310 2457 1366 2503 et
1390 2452 1520 2521 quia
1548 2453 1665 2505 sine
1694 2453 1802 2505 cir-

213 2535 523 2588 cumcisione
541 2542 605 2589 et
626 2538 843 2590 czeteris
859 2539 995 2607 legis
1012 2540 1289 2593 mandatis
1302 2541 1576 2611 disposuit
1591 2544 1803 2594 salvare

217 2634 406 2689 gentes.
443 2626 679 2695 Indigni
714 2627 863 2680 enim
892 2628 1099 2681 inventi
1132 2635 1260 2681 sunt
1284 2630 1460 2682 Judaei
1493 2636 1713 2683 tantum
1740 2649 1803 2683 ac

214 2713 357 2765 talem
388 2714 606 2768 habere
645 2717 950 2783 doctorem,
986 2718 1061 2769 sic
1107 2719 1257 2770 enim
1296 2718 1471 2771 Judaei
1503 2720 1805 2773 credebant

215 2801 260 2852 in
285 2802 593 2867 Christum,
629 2812 693 2857 ut
720 2806 901 2874 legem
931 2814 1121 2859 tamen
1152 2814 1458 2871 servarent,
1493 2809 1639 2877 quod
1680 2809 1800 2860 odi-

214 2888 300 2941 bile
326 2898 407 2944 est
426 2893 590 2962 apud
618 2895 819 2947 Deum.
843 2896 1095 2966 Denique
1118 2896 1313 2949 dicunt
1351 2898 1590 2966 apostoli
1613 2898 1681 2949 ad
1708 2914 1800 2950 co-

212 2982 500 3047 apostolum
537 3000 714 3035 suum
748 2984 984 3036 Paulum
1025 3003 1034 3035 :
1082 2988 1245 3047 Vides,
1269 2988 1469 3052 frater,
1507 2991 1633 3053 quot
1666 2990 1800 3039 mit-

1887 1827 2025 1879 illud
2060 1846 2280 1897 quoque
2312 1847 2471 1898 posse
2503 1828 2993 1898 comprehendere,
3017 1829 3111 1881 sed
3131 1832 3482 1900 pergratiam

1886 1915 2005 1967 Dei.
2039 1917 2197 1979 Quod
2229 1933 2357 1970 cum
2380 1918 2573 1970 scieris
2591 1924 2647 1970 et
2666 1917 2881 1970 czeteris
2905 1935 3126 1987 quoque
3148 1921 3476 1983 ostenderis,

1886 2004 2255 2058 nihilominus
2311 2005 2695 2073 investigabile
2749 2013 3085 2076 perseverat,
3160 2008 3294 2061 dum
3356 2008 3476 2073 tibi,

1888 2100 2161 2163 quantum
2193 2094 2251 2147 in
2292 2102 2345 2146 te
2376 2102 2477 2158 est,
2508 2095 2613 2147 l'uit
2641 2101 2944 2164 antequam
2976 2096 3369 2150 ostenderetur
3395 2114 3481 2150 oc-

1888 2184 2121 2235 cultum.
2172 2184 2405 2236 Divitias
2454 2184 2660 2235 Christi
2703 2183 3136 2253 investigabiles,
3183 2186 3251 2237 ad
3296 2187 3482 2255 ipsum
3542 2170 3561 2181 '

1888 2289 2108 2341 quoque
2124 2273 2430 2338 Christum,
2449 2273 2679 2341 loquens
2692 2272 2988 2324 Psalmista
3008 2278 3251 2326 testatur
3270 2274 3477 2327 dicens:

1890 2364 2059 2425 ()uam
2088 2364 2315 2427 inﬁnita
2341 2363 2638 2413 multitudo
2659 2362 2917 2413 bonitatis
2942 2367 3239 2429 (umquam
3264 2364 3482 2416 abscon-

1885 2452 1964 2500 dit
1990 2452 2308 2501 timentibus
2335 2456 2380 2501 te
2412 2456 2427 2501 ,ν
2445 2450 2612 2517 (Psal.
2656 2452 2810 2516 xxx.)
2843 2450 2939 2502 Ilae
2970 2449 3237 2503 bonitatis
3273 2451 3476 2505 divitia:

1887 2537 1955 2589 ab
1977 2538 2236 2590 omnibus
2264 2544 2413 2590 retro
2451 2538 2667 2591 saeculis
2690 2537 3026 2591 abseonditm
3058 2539 3351 2593 fuerantin
3377 2540 3483 2594 Do-

1884 2627 2055 2691 mino,
2093 2628 2188 2696 qui
2218 2634 2437 2680 creator
2465 2634 2551 2679 est
2577 2627 2848 2679 omnium.
2879 2628 2981 2680 Ubi
3012 2629 3403 2682 suntMarcion
3427 2636 3483 2683 et

1891 2716 2217 2769 Valentinus
2242 2724 2298 2768 ct
2317 2716 2787 2777 omneshzeretici,
2812 2716 2906 2786 qui
2929 2718 3170 2769 alterum
3193 2718 3408 2783 mundi,
3427 2718 3481 2772 id

1886 2810 1971 2858 est
1981 2805 2364 2869 visibilium,et
2378 2807 2617 2858 alterum
2640 2812 2899 2858 asserunt
2915 2806 3274 2859 invisibilium
3294 2808 3481 2861 condi-

1884 2899 2081 2959 torem,
2110 2891 2257 2947 hunc
2274 2896 2490 2963 justum
2508 2912 2627 2947 esse
2648 2894 2913 2959 dicentes,
2932 2895 3089 2947 illum
3108 2897 3292 2949 nescio
3312 2913 3477 2967 quem

1884 3000 2107 3053 semper
2136 2984 2410 3052 ignotum,
2437 2989 2661 3036 tantum
2689 2982 2916 3041 bonum,
2945 2984 3040 3053 qui
3071 2986 3238 3038 Pater
3268 2986 3476 3039 Christi

214 3071 277 3119 tia
292 3075 483 3123 suntin
508 3074 711 3151 Judaa
741 3075 1167 3137 crcdmztium,ct
1194 3092 1376 3127 omnes
1405 3078 1497 3126 isti
1524 3078 1801 3127 annuhzto-
1822 3062 1863 3120 Ο
1885 3072 1996 3123 sit?
2024 3073 2157 3125 Ecce
2186 3074 2337 3126 Deus
2366 3073 2422 3124 in
2448 3090 2557 3142 quo
2588 3072 2921 3142 mysterium
2946 3073 3153 3125 Christi
3188 3073 3257 3126 ab
3294 3074 3475 3127 omni-

215 3174 282 3207 ι-ςς
311 3167 435 3213 sunt
475 3164 621 3225 legis
655 3164 791 3225 (.lct.
840 3164 971 3227 xxi).
1018 3162 1176 3215 Unde
1206 3163 1415 3215 factum
1462 3170 1565 3225 est,
1600 3170 1662 3215 ut
1708 3180 1802 3215 vas

213 3246 469 3301 electionis
501 3249 582 3302 ad
613 3256 812 3319 gentes
855 3251 1131 3303 docendas
1182 3252 1389 3304 missus
1420 3258 1584 3313 esset,
1618 3256 1679 3304 ut
1716 3253 1801 3304 vel

214 3333 299 3404 ipsi
330 3338 452 3390 ﬁdei
486 3339 586 3391 sui
630 3339 1040 3408 plenitudinem
1072 3340 1360 3405 haberent,
1388 3341 1524 3393 nihil
1557 3342 1624 3393 de
1656 3342 1796 3409 lege,

213 3426 290 3477 sed
310 3428 360 3478 in
392 3429 509 3481 solo
538 3427 766 3480 Christo
787 3436 1093 3497 sperantes.
1114 3429 1406 3482 Manifesto
1435 3431 1583 3483 enim
1617 3448 1803 3482 sacra-

213 3526 373 3568 mento
391 3517 608 3569 Christi
624 3518 737 3569 tale
758 3518 966 3570 donum
984 3519 1176 3571 datum
1201 3524 1301 3581 est,
1323 3519 1469 3588 quod
1495 3520 1800 3588 perfectum

211 3604 382 3657 salutis
412 3606 657 3659 haberet
686 3608 962 3659 ell‘ectum.
987 3608 1141 3661 Sicut
1156 3607 1306 3660 enim
1338 3607 1391 3659 in
1417 3624 1619 3674 magna
1653 3614 1796 3675 vota,

213 3694 426 3747 maxima
458 3696 676 3748 duntur
706 3698 1067 3765 apOphm-eta,
1092 3696 1168 3749 ita
1204 3703 1261 3748 et
1296 3698 1590 3763 magniﬁco
1614 3698 1796 3749 mani—

214 3782 387 3836 festato
414 3786 714 3856 mysterio,
737 3785 923 3853 gaudii
955 3794 1007 3837 ct
1030 3786 1232 3839 lretitiec
1248 3803 1413 3839 causa
1428 3792 1545 3837 tam
1574 3786 1797 3855 egregio

215 3888 419 3926 munere
433 3874 631 3927 donati
656 3882 787 3926 sunt
808 3876 1061 3927 homines
1078 3876 1223 3944 quod
1243 3875 1348 3927 illis
1373 3876 1507 3926 satis
1522 3876 1595 3927 sit
1614 3876 1682 3927 ad
1711 3893 1797 3927 co-

214 3961 339 4027 piam
356 3965 687 4016 salutarem.
711 3966 903 4027 illiw.)
930 3964 1051 4016 Non
1071 3969 1203 4033 puto
1223 3965 1537 4032 apostolum
1556 3964 1793 4016 Paulum

213 4064 318 4102 cum
332 4054 665 4105 mentissuae
677 4053 1040 4105 concordasse
1059 4060 1290 4111 secreto,
1308 4059 1369 4105 ut
1392 4070 1517 4104 vere
1538 4070 1595 4104 se
1612 4053 1793 4105 omni-

214 4136 297 4191 bus
324 4142 533 4193 sanctis
551 4142 811 4193 intimum
836 4158 956 4194 esse
971 4141 1190 4205 dixerit,
1214 4140 1363 4193 verbi
1383 4156 1569 4203 causa,
1597 4142 1682 4193 his
1701 4141 1795 4211 qui

214 4230 417 4282 erantin
445 4231 686 4300 Epheso,
709 4229 801 4299 qui
816 4229 873 4282 in
885 4230 1171 4287 Corintho.
1190 4229 1283 4299 qui
1302 4230 1357 4281 in
1378 4229 1790 4293 Thessalonica,

215 4317 279 4367 vel
308 4320 395 4387 qui
426 4326 549 4372 toto
573 4319 707 4372 orbe
730 4319 1103 4381 crediderant,
1130 4319 1272 4388 quod
1310 4336 1435 4371 cum
1463 4318 1794 4371 humilitatis

1886 3159 1987 3213 bus
2017 3168 2167 3213 retro
2199 3162 2413 3213 saiculis
2438 3161 2827 3213 absconditum
2846 3154 2966 3227 fuit,
2983 3167 3203 3215 creator
3217 3180 3337 3215 esse
3353 3180 3475 3215 om-

1885 3249 2041 3302 nium
2074 3250 2425 3319 przedicatur.
2458 3268 2522 3302 cx
2547 3268 2655 3320 quo
2686 3251 3001 3303 ostenditur
3018 3250 3167 3303 idem
3198 3268 3317 3304 esse
3331 3250 3478 3305 Deus

1886 3339 2025 3391 Novi
2059 3344 2113 3391 et
2161 3340 2380 3391 Veteris
2408 3339 2771 3391 Testamenti.
2810 3340 2999 3392 Potest
3042 3347 3237 3393 autem
3269 3347 3479 3411 myste-

1886 3426 2033 3479 rium
2064 3443 2098 3479 a
2126 3428 2338 3479 saeculis
2370 3428 2756 3481 absconditum
2779 3433 2835 3479 et
2864 3428 3028 3480 aliter
3048 3428 3303 3497 intelligi,
3328 3430 3475 3499 quod

1885 3515 2004 3584 ipsa
2033 3515 2167 3568 illud
2200 3517 2401 3568 szeeula
2432 3516 2830 3584 ignoraverint,
2866 3518 2968 3569 hoc
3000 3523 3102 3581 est,
3127 3534 3321 3570 omnes
3362 3519 3477 3587 spi:

1885 3604 2023 3655 tales
2055 3610 2110 3656 et
2139 3604 2498 3657 rationabiles
2536 3612 2825 3669 creaturae,
2861 3622 2984 3673 qua:
3012 3606 3071 3658 in
3103 3607 3319 3659 saeculis
3348 3605 3473 3659 fue-

1884 3700 2050 3759 runt;
2086 3694 2347 3745 saeculum
2393 3694 2597 3763 quippe
2628 3710 2726 3762 pro
2769 3693 2853 3745 his
2885 3694 3225 3763 frequenter,
3276 3712 3395 3763 quze
3421 3695 3477 3747 in

1883 3782 2083 3834 sacculo
2114 3787 2424 3845 versantur,
2460 3782 2747 3850 accipitur,
2778 3782 2923 3834 sicut
2950 3784 3160 3835 Paulus
3198 3783 3267 3834 ad
3303 3783 3471 3835 Gala-

1878 3877 1964 3922 tas
1996 3870 2244 3939 loquitur
2271 3870 2500 3922 dicens:
2532 3871 2593 3923 Ut
2623 3887 2665 3922 ei
2686 3874 2785 3937 ipe:
2804 3876 2854 3923 et
2876 3888 2970 3923 nos
3009 3874 3070 3923 (te
3089 3874 3347 3938 prwscuti
3373 3889 3468 3923 s.r-

1878 3963 1998 4011 culo
2031 3975 2266 4025 nequam
2301 3959 2434 4025 (Gai.
2462 3962 2525 4023 I);
2552 3958 2679 4010 etin
2695 3957 3161 4026 alioloco(Ep/zos.
3187 3963 3245 4027 Ii)
3272 3976 3283 4009 :
3308 3960 3367 4012 Ut
3391 3976 3468 4011 os—

1880 4049 2114 4100 tenderet
2138 4052 2199 4099 in.
2218 4051 2464 4099 venturis
2483 4050 2709 4110 szrcut-is,
2738 4063 2837 4116 pro
2860 4065 2924 4100 eo
2949 4047 3096 4116 quod
3120 4055 3221 4113 est,
3249 4047 3336 4100 his
3356 4063 3469 4100 0m—

1880 4136 2061 4209 nibus,
2083 4153 2203 4206 qum
2228 4137 2283 4189 in
2306 4135 2828 4206 supervenientibus
2849 4137 3065 4189 saeculis
3076 4136 3268 4190 futura
3288 4143 3465 4190 erant.

1956 4228 2013 4279 Ut
2037 4230 2333 4279 innotescat
2356 4227 2702 4294 principibus
2724 4231 2773 4279 ct
2798 4227 3149 4293 potestatibus
3176 4229 3236 4279 in
3254 4229 3470 4280 cales-li-

1881 4317 1976 4367 Ims
2004 4332 2103 4383 per
2142 4317 2437 4369 Ecclesium
2466 4318 2830 4382 multiformis
2859 4319 3133 4382 sapientia
3157 4317 3254 4368 Dei
3286 4332 3472 4368 secun-

217 4406 455 4461 indicium
471 4409 564 4469 sit,
590 4427 651 4461 se
671 4409 924 4461 omnium
949 4414 1271 4461 sanctorum
1302 4408 1589 4460 infirmum
1612 4409 1796 4461 dicere
1815 4385 1863 4442 D
1879 4407 2012 4457 dum.
2032 4408 2815 4472 plur/tuitionem.sa‘culorum,
2832 4420 3001 4470 quam
3022 4404 3147 4468 [ircit
3170 4420 3226 4455 τη
3253 4404 3468 4458 Christo

219 4497 469 4550 mendacii
500 4504 586 4549 est
609 4497 983 4555 reatus.aliud
1002 4498 1057 4549 in
1082 4504 1305 4567 pectore
1318 4498 1571 4549 clausum
1590 4496 1795 4549 habere.

219 4582 346 4636 aliud
376 4586 431 4637 in
462 4587 661 4653 lingua
682 4602 957 4655 promere.
991 4585 1404 4655 Reperiendum
1436 4590 1521 4637 est
1540 4602 1672 4653 ergo
1703 4602 1795 4636 ar-

219 4682 549 4739 gumentum,
567 4692 678 4744 quo
700 4684 755 4727 et
780 4675 985 4727 Paulus
1004 4692 1129 4727 vere
1152 4674 1409 4727 omnibus
1436 4674 1644 4727 sanctis
1668 4674 1795 4726 inli-

222 4775 326 4813 Inus
337 4763 585 4819 fuerit.et
597 4770 787 4816 tamen
808 4781 917 4816 non
935 4765 1002 4815 de
1015 4764 1321 4833 apostolica
1336 4762 1599 4815 ceciderit
1619 4762 1797 4829 digni-

222 4852 335 4902 tate.
356 4853 628 4923 Loquitur
658 4853 927 4906 Dominus
950 4852 1005 4905 in
1039 4852 1334 4922 Evangelio
1358 4852 1427 4903 ad
1450 4851 1755 4921 discipulos
1779 4867 1789 4902 :

226 4942 314 5002 Qui
334 4946 443 4995 ruit
475 4946 535 4995 in.
566 4944 711 4995 vobis
744 4945 923 5009 major
944 4959 1063 5005 esse,
1091 4945 1187 5008 ﬁat
1212 4947 1463 4993 omnium
1500 4944 1685 4992 minor
1706 4958 1723 5003 ;
1748 4945 1794 4992 et

226 5033 308 5091 qui
336 5035 446 5083 ruit
468 5049 569 5083 esse
594 5034 832 5098 primus,
859 5035 929 5083 sit
951 5035 1201 5082 onmium
1247 5033 1571 5082 novissimus
1598 5030 1793 5096 (.llru'c.

228 5120 304 5179 IX):
327 5120 467 5187 quod
501 5121 709 5173 Paulus
728 5136 894 5189 opere
915 5118 1229 5189 complebat
1246 5119 1465 5172 diccns'
1490 5121 1625 5170 Puto
1646 5119 1795 5169 enim

230 5210 339 5270 quia
372 5211 505 5261 Deus
538 5226 633 5261 nos
680 5213 940 5276 apostolos
992 5211 1311 5261 novissimos
1364 5208 1594 5259 ostendit.
1636 5208 1797 5272 quasi

234 5301 376 5347 morti
412 5300 721 5351 destinatos.
777 5296 1049 5351 Omnibus
1094 5298 1286 5366 igitur,
1336 5296 1429 5365 qui
1476 5313 1534 5347 se
1568 5302 1796 5364 propter

234 5384 489 5440 Christum
519 5388 771 5440 inﬁrmos
791 5403 911 5439 esse
936 5386 1252 5456 cupiebant,
1282 5385 1565 5455 apostolus
1587 5383 1795 5437 Paulus

238 5473 483 5529 infirmior
510 5483 648 5541 erat,
682 5480 739 5529 et
764 5474 970 5528 idcirco
992 5477 1189 5545 major.
1219 5476 1485 5529 Omnibus
1511 5478 1679 5537 enim,
1707 5472 1793 5524 in-

239 5563 359 5630 quit,
384 5568 491 5619 illis
528 5569 653 5634 plus
695 5565 961 5629 laboravi,
1002 5581 1110 5618 non.
1140 5570 1327 5618 autem
1350 5581 1459 5631 ego,
1494 5564 1582 5615 sed
1606 5564 1794 5630 gratia

1877 4496 2002 4545 Jrsu.
2034 4495 2260 4545 Domino
2293 4499 2494 4543 nostro.
2532 4493 2769 4562 (.ilmbr.)
2799 4492 2934 4543 Tam
2952 4490 3091 4541 bene
3113 4490 3179 4541 de
3215 4491 3318 4542 hoc
3340 4507 3469 4544 sen-

1879 4582 1951 4633 sit
1984 4584 2148 4641 Deus,
2184 4588 2247 4634 ut
2278 4598 2387 4633 non
2422 4582 2603 4633 solum
2645 4579 2907 4648 gentibus
2950 4579 3098 4630 hunc
3137 4578 3468 4647 magistrum

1880 4669 2056 4731 daret,
2090 4688 2281 4722 verum
2320 4669 2489 4721 etiam
2520 4673 2583 4720 ut
2614 4685 2711 4736 per
2745 4684 2871 4719 eum
2904 4666 3109 4719 veritas
3141 4667 3348 4720 Christi
3381 4668 3468 4720 in-

1880 4764 2129 4811 notescat
2148 4757 2437 4827 spiritibus
2465 4756 2518 4807 in
2544 4755 2877 4815 ccelestibus,
2907 4755 3001 4825 qui
3036 4762 3168 4809 sunt
3190 4756 3469 4828 principes

1880 4852 1935 4899 et
1966 4853 2286 4915 potestates.
2314 4847 2626 4898 Potestates
2657 4844 2801 4909 ideo,
2828 4844 2959 4914 quia
2982 4845 3323 4914 potentiores
3340 4853 3472 4900 sunt

1884 4935 2028 4987 inter
2074 4940 2301 4987 easteros
2350 4932 2582 5003 spiritus
2618 4950 2630 4984 ε
2665 4933 2942 5003 principes
2986 4940 3177 4987 autem
3225 4952 3289 4987 eo
3322 4936 3469 5005 quod

1880 5023 2263 5093 pl'lnClpL‘llth‘
2290 5021 2677 5093 potestatibus.
2704 5029 2766 5075 ut
2789 5029 3152 5091 agnoscentes
3170 5040 3268 5092 per
3282 5024 3469 5076 Eccle-

1879 5114 2038 5173 siam,
2065 5130 2185 5181 qua:
2217 5110 2521 5164 multifario
2552 5111 2621 5164 ad
2644 5110 2814 5163 vitam
2845 5116 3083 5164 attracta
3113 5116 3215 5176 est,
3236 5111 3291 5163 in
3315 5113 3472 5166 Chri-
3520 5119 3537 5125 ’

1880 5210 1964 5255 sto
1996 5202 2159 5255 unius
2188 5201 2287 5253 Dei
2325 5217 2551 5252 manere
2586 5200 2934 5271 mysterium,
2972 5200 3232 5253 desinant
3279 5200 3346 5252 ab
3378 5219 3466 5255 er-

1878 5309 2023 5344 rore.
2058 5290 2211 5343 Idem
2240 5290 2388 5343 enim
2411 5290 2614 5358 agitur,
2658 5296 2721 5343 ut
2751 5288 3068 5360 praedicatio
3100 5290 3473 5343 ecclesiastica

1878 5381 2045 5434 etiam
2079 5379 2164 5431 his
2197 5379 2466 5449 proficiat,
2483 5388 2539 5432 et
2558 5380 2821 5432 deserant
2843 5393 3134 5431 assensum
3155 5379 3473 5450 tyrannidis

1877 5469 2103 5533 diaboli,
2140 5484 2251 5537 qua
2304 5485 2362 5520 se
2420 5468 2685 5521 adversus
2731 5467 2832 5520 Dei
2882 5465 3049 5519 unius
3101 5468 3270 5523 ﬁdem
3298 5468 3474 5538 impia

1877 5556 2310 5631 pnesumptione
2336 5557 2591 5610 armavit.
2625 5555 2731 5619 Qui
2770 5572 2967 5610 sensus
2997 5555 3055 5609 in
3085 5560 3302 5628 psalmo
3332 5556 3471 5609 vice-
