3892 6158
479 244 580 312 419

1070 237 1128 306 is.
1173 229 1442 306 totum
1483 228 1714 307 iuxtim
1750 229 2052 306 manu

2137 236 2449 308 nouum.
2491 236 2790 308 ornavit
2826 236 3010 307 ﬁAa‘s‘
3047 237 3141 309 ni.

3594 244 3680 322 rio'

475 383 616 436 simo
654 381 822 438 tertio
851 378 1206 450 praescriptus
1236 382 1338 440 est,
1370 374 1462 429 ubi
1499 377 1646 430 Deus
1690 375 2461 448 universitatisAsir'nplicem
2493 379 2680 443 ﬁdem,
2718 377 2813 431 sed
2864 379 3226 450 multiplicem
3265 390 3317 437 et
3361 383 3680 444 niuiﬁfariam

475 471 748 526 Dominus
777 467 1214 532 demonstratur,
1249 465 1470 518 dicente
1491 463 1590 518 Dei
1615 465 1825 536 Spiritu
1846 465 2067 536 perDa—

475 558 591 612 vid:
617 559 844 612 Domini
865 561 940 609 est
975 562 1124 610 terra
1157 561 1203 608 et
1229 555 1518 624 plenitudo
1544 559 1678 624 ejus,
1715 557 1864 608 orbis
1886 560 2066 608 terra-

475 665 606 702 rum
634 652 683 700 et
712 648 964 700 universi
985 647 1086 713 qui
1115 646 1368 698 habitant
1399 647 1458 698 in
1478 659 1553 697 eo.
1591 645 1781 712 (Aug)
1813 645 1904 697 Sic
1935 657 2067 714 ergo

477 735 583 790 fuit
605 734 992 790 absconditum
1023 733 1126 787 hoc
1164 732 1497 804 mysterium
1527 749 1560 786 a
1599 729 1812 786 saaeulis
1842 733 1900 786 in
1929 733 2064 791 Deo.

472 827 537 880 ut
566 825 942 878 innotesceret
979 827 1169 876 tamen
1222 821 1565 893 principibus
1595 827 1650 874 et
1697 821 2067 892 potestatibus

472 915 530 968 in
560 913 879 969 caelestibus
915 928 1016 984 per
1052 911 1357 966 Ecclesium
1390 911 1749 964 multiformis
1789 911 2067 982 sapientia

471 987 590 1069 Dei,
619 1003 754 1075 quia.
781 999 857 1056 ibi
889 1001 1150 1076 primitus
1189 1001 1452 1065 Ecclesia,
1497 1017 1606 1070 quo
1647 1007 1772 1072 post
1821 1014 2067 1054 resurre-

470 1092 712 1146 ctionem
745 1094 802 1145 et
830 1090 937 1145 ista
963 1090 1206 1146 Ecclesia
1234 1090 1628 1160 congreganda
1657 1097 1759 1156 est,
1796 1093 1860 1143 ut
1889 1089 2066 1144 simus

471 1183 713 1254 aquales
759 1179 858 1234 ﬁlii
915 1178 1036 1234 Dei.
1091 1181 1361 1248 (Hicron.)
1393 1179 1560 1232 Juxta
1605 1179 1812 1232 donum
1842 1180 2059 1250 gratiae.

435 1263 592 1344 'qua3
615 1270 747 1324 data
777 1274 862 1322 est
889 1267 1154 1340 Apostolo
1171 1273 1234 1322 ut
1263 1269 1670 1338 evangelizaret
1697 1268 2062 1337 ininvestiga-

472 1357 608 1414 biles
639 1358 858 1412 divitias
889 1357 1114 1423 Christi,
1148 1362 1204 1410 et
1233 1357 1457 1410 doceret
1476 1357 1534 1410 in
1563 1356 1825 1427 gentibus
1858 1363 2064 1429 myste-

471 1449 635 1514 rium,
667 1446 816 1519 quod
851 1464 886 1500 a
925 1445 1138 1501 saeculis
1179 1445 1364 1499 fuerat
1402 1445 1657 1515 ignotum
1696 1464 1706 1498 :
1741 1447 1946 1500 idcirco
1978 1441 2062 1499 id-

469 1536 654 1608 ipsum
683 1538 1100 1589 sacramentum
1126 1540 1212 1588 est
1235 1534 1286 1587 ei
1318 1534 1641 1594 revelatum.
1668 1541 1731 1588 ut
1753 1549 1862 1589 non
1879 1535 2062 1589 solum

467 1623 750 1696 gentibus,
767 1623 865 1678 sed
884 1627 940 1678 et
949 1623 1354 1696 principatibus
1368 1629 1424 1677 et
1436 1623 1836 1694 postestatibus
1852 1639 1951 1696 per
1965 1625 2062 1678 Ec-

2152 480 2272 520 esse
2305 467 2655 538 sapientiam,
2691 471 2755 521 ut
2784 483 2894 522 non
2917 470 3098 522 solum
3126 473 3272 526 varia
3301 472 3384 541 sit,
3416 475 3504 530 sed
3533 479 3683 533 multa

2151 556 2421 610 varietate
2441 556 2722 610 distincta.
2750 558 3000 628 Respicis
3031 575 3200 614 cunas
3228 562 3442 628 Christi,
3472 563 3579 620 vide
3599 585 3682 638 pa-

2152 645 2290 698 riter
2320 651 2376 698 et
2403 647 2624 700 ccelum.
2667 647 2999 716 Vagientem
3031 648 3088 702 in
3118 667 3355 721 praesepe
3381 653 3594 708 intueris
3618 656 3684 710 in-

2152 734 2382 798 fantem,
2408 736 2504 788 sed
2526 737 2753 806 angelos
2774 737 2941 790 simul
2968 739 3218 792 ausculta
3229 740 3522 795 laudantes.
3540 744 3686 798 Hero-

2150 823 2727 894 despersequitur,sed
2739 826 2978 880 adorant
2987 827 3153 896 Magi.
3168 827 3424 896 Ignorant
3437 829 3683 898 Pharisaei,

2149 911 2244 965 sed
2275 913 2438 966 stella
2463 913 2832 968 demonstrat.
2859 915 3190 984 Baptizatur
3228 933 3261 970 a
3296 935 3462 983 servo,
3494 919 3580 973 sed
3604 937 3686 974 vox

2149 1001 2388 1072 desuper
2401 1002 2500 1056 Dei
2531 1001 2840 1058 intonantis
2864 1003 3110 1058 auditur.
3132 1007 3300 1078 Aquis
3327 1007 3594 1078 mergitur,
3607 1009 3687 1062 sed

2147 1091 2405 1144 columba
2433 1091 2738 1157 descendit,
2763 1092 2877 1146 imo
2901 1093 3142 1164 Spiritus
3160 1095 3218 1148 in
3233 1094 3574 1150 columba.Ad
3589 1115 3690 1168 pas-

2147 1179 2363 1234 sionem
2394 1181 2547 1234 venit
2575 1185 2633 1234 et
2660 1181 2778 1252 pati
2809 1183 2988 1247 timet,
3014 1184 3131 1236 vult
3158 1185 3390 1238 transire
3417 1185 3692 1252 calicem,et

2147 1269 2536 1340 Petrum,quia
2549 1270 2778 1324 calicem
2786 1271 3290 1338 timebat,accusat.
3314 1271 3450 1338 Quid
3471 1273 3564 1328 hac
3579 1275 3692 1328 stul—

2145 1357 2271 1411 titia
2283 1357 3692 1434 prudentius,varietatedistinctius,sa.pientiaobscu-

2146 1445 2281 1510 rius,
2317 1463 2488 1518 quam
2520 1448 2650 1501 fecit
2680 1449 2829 1502 Deus
2860 1449 2918 1502 in
2949 1449 3172 1505 Christo
3202 1452 3330 1504 Jesu
3359 1451 3579 1506 Domino
3605 1469 3690 1505 no-

2145 1536 2298 1589 stro?
2317 1536 2470 1590 Licet
2495 1537 2644 1590 enim
2665 1555 2697 1591 a
2720 1537 3000 1608 plerisque
3017 1541 3322 1594 secundum
3344 1539 3578 1594 ordinem
3586 1541 3694 1609 jun-

2143 1630 2475 1696 cturamque
2489 1627 2762 1680 sermonis
2779 1627 3022 1682 Ecclesia
3039 1628 3184 1682 facta
3197 1629 3427 1699 intelligi
3447 1627 3620 1700 possit,
3650 1635 3696 1682 et

469 1712 698 1768 clesiam
741 1713 1036 1767 manifesta
1077 1713 1238 1766 ﬁeret
1285 1712 1577 1783 multiplex
1615 1711 1892 1784 sapientia
1937 1713 2054 1778 Dei,
2077 1706 2123 1764 B
2146 1713 2410 1791 πρὸοεσις,
2439 1713 2493 1767 id
2526 1721 2628 1780 est,
2647 1718 2965 1783 propositio,
2993 1733 3163 1788 quam
3177 1733 3380 1787 genere
3400 1716 3620 1772 neutrali
3647 1716 3694 1770 in

469 1819 592 1875 quae
617 1803 779 1873 juxta
797 1802 1146 1874 propositum
1180 1806 1432 1856 veterum
1461 1802 1791 1856 saeculorum
1815 1803 1949 1855 olim
1971 1802 2064 1856 de-

438 1892 696 1958 ‘stinata,
718 1908 866 1946 nunc
889 1893 1281 1945 consummata
1301 1890 1523 1945 videtur
1540 1890 1596 1944 in
1619 1890 1860 1946 Christo.
1887 1891 1944 1945 Si
1967 1908 2063 1945 au-

467 1985 584 2034 tem
605 1979 1010 2052 principatibus
1032 1982 1088 2034 et
1101 1979 1472 2051 potestatibus
1499 1979 1555 2034 in
1586 1979 1756 2046 cce-lis,
1783 1996 1922 2050 quas
1939 1996 2063 2034 san-

467 2075 586 2123 ctas
622 2069 1022 2140 ministrasque
1063 2069 1312 2140 accipere
1348 2069 1618 2123 debemus
1645 2067 1796 2132 (licet
1833 2066 2063 2140 quidam

467 2157 776 2230 principem
796 2159 1422 2228 aerisistiusetangelos
1434 2159 1557 2229 ejus
1570 2157 2056 2229 interpretentur),

467 2245 659 2318 ignota
695 2245 802 2302 fuit
837 2248 1128 2319 multiplex
1167 2247 1446 2319 sapientia
1490 2248 1610 2315 Dei,
1647 2261 1768 2318 quae
1797 2261 1945 2301 nunc
1983 2247 2062 2300 eis

466 2351 568 2408 per
593 2337 896 2392 Ecclesiam
921 2337 1165 2392 revelata
1183 2341 1285 2401 est,
1311 2342 1522 2408 quanto
1534 2337 1714 2406 magis
1728 2335 2061 2408 patriarchis

467 2431 523 2478 et
549 2425 838 2497 prophetis
859 2426 1054 2498 ignota
1083 2425 1207 2494 fuit,
1242 2443 1382 2500 quos
1413 2443 1588 2498 supra
1630 2440 1742 2480 non
1773 2425 2061 2496 ignorasse

464 2515 798 2584 mysterium
842 2515 1071 2581 Christi,
1096 2514 1192 2569 sed
1242 2515 1322 2568 ita
1367 2518 1432 2568 ut
1481 2515 1782 2586 apostolos,
1819 2513 2060 2568 nescisse

464 2601 930 2656 monstravimus!
952 2601 1241 2674 Multiplex
1263 2602 1468 2673 quippe
1489 2601 1767 2672 sapientia
1796 2601 1916 2666 Dei,
1939 2618 2060 2672 qua)

466 2707 726 2744 sermone
739 2689 931 2746 Graeco
953 2691 1324 2756 πολυποίκιλος
1335 2696 1500 2762 ,et,ut
1511 2691 1591 2744 ita
1605 2690 1806 2752 dicam,
1816 2687 2058 2744 multifa-

465 2777 550 2832 ria
588 2778 922 2851 appellatur,
955 2796 1057 2852 per
1100 2777 1401 2832 Ecclesiam
1433 2779 1532 2832 Dei
1580 2795 1728 2833 nunc
1763 2783 1820 2832 et
1850 2777 2057 2850 princi-

464 2867 689 2940 patibus
711 2872 769 2922 et
785 2867 1157 2940 potestatibus
1178 2867 1422 2922 revelata
1443 2871 1546 2933 est,
1573 2883 1741 2939 quam
1755 2867 1887 2922 olim
1909 2869 2058 2923 Deus

463 2941 708 3012 futuram
731 2956 789 3010 in
819 2974 922 3011 sua
949 2961 1138 3010 mente
1167 2957 1505 3023 decreverat,
1541 2963 1598 3011 et
1627 2973 1775 3011 nunc
1797 2974 1916 3012 esse
1938 2971 2114 3052 per-C

463 3045 687 3113 fectam,
721 3063 788 3100 ex
809 3063 874 3100 eo
903 3047 1054 3118 quod
1081 3047 1352 3111 videmus,
1371 3047 1746 3116 agnoscimus.
1783 3048 1932 3101 Crux
1954 3048 2056 3102 ita-

461 3151 570 3206 que
601 3134 828 3201 Christi,
863 3153 977 3190 non
1011 3135 1192 3190 solum
1229 3135 1408 3201 nobis,
1441 3137 1538 3189 sed
1587 3142 1644 3190 et
1674 3136 1888 3204 angelis
1916 3153 2052 3189 cun-

459 3223 674 3296 ctisque
703 3225 764 3279 in
795 3224 933 3279 coelo
962 3223 1262 3279 virtutibus
1293 3225 1520 3296 profuit,
1547 3229 1604 3279 et
1631 3223 1853 3295 aperuit
1873 3241 2054 3279 sacra-

459 3319 714 3368 mentum
737 3314 885 3387 quod
904 3319 1034 3368 ante
1065 3313 1408 3368 nesciebant.
1445 3314 1698 3384 Denique
1749 3312 1819 3368 ad
1849 3314 2050 3368 coelum

457 3413 585 3456 cum
604 3419 834 3474 corpore
860 3401 1164 3458 Dominum
1194 3407 1568 3457 revertentem
1601 3402 1880 3456 mirantur
1895 3408 1953 3456 et
1972 3402 2052 3456 di-

456 3494 624 3547 cunt:
652 3493 784 3560 Quis
814 3497 888 3546 est
902 3495 996 3546 iste
1019 3495 1116 3561 qui
1146 3493 1391 3546 ascendit
1413 3493 1476 3545 de
1501 3493 1691 3557 Edom,
1718 3493 1940 3558 [uirida
1971 3509 2050 3546 re-

455 3584 713 3636 stimenta
743 3585 858 3650 ejus
889 3598 952 3635 er
973 3583 1142 3634 Bozor
1175 3580 1280 3651 [ΑΙ.
1319 3581 1528 3650 Bosra],
1578 3583 1656 3634 sic
1681 3582 1957 3648 formosus
1988 3583 2048 3634 in

455 3674 592 3724 stola
621 3671 862 3725 candida
885 3671 1054 3737 ?(Isa.
1097 3674 1267 3738 ani.)
1299 3669 1366 3724 Et
1393 3669 1448 3723 in
1479 3669 1593 3723 alio
1621 3668 1742 3723 loco
1771 3687 1782 3721 :
1818 3671 1948 3736 Quis
1974 3676 2046 3722 rsl

455 3761 552 3812 iste
581 3761 688 3814 Rea-
704 3763 893 3827 gloria
916 3765 939 3811 Ρ
953 3761 1223 3814 Dominus
1239 3762 1513 3812 virtutum
1527 3761 1638 3827 ipse
1657 3764 1731 3812 est
1745 3775 1840 3811 rex
1857 3761 2047 3826 gloria:

453 3847 618 3918 (Psal.
651 3852 820 3916 xxm).
862 3848 987 3902 Non
1018 3853 1281 3920 putemus
1331 3847 1502 3917 igitur
1549 3847 1606 3900 in
1637 3845 1897 3917 Ecclesia
1929 3863 2048 3900 esse

855 4186 1214 4252 SEQUITUR
1251 4185 1485 4242 CAPUT
1523 4184 1622 4242 III.

522 4277 745 4346 Propter
767 4277 911 4346 quod
933 4283 1054 4346 peto
1088 4293 1155 4331 ne
1185 4277 1450 4344 deﬁciatis
1488 4279 1551 4330 in
1585 4279 2044 4331 tribulationibus

450 4368 584 4419 meis
603 4380 708 4434 pro
737 4367 904 4432 vobis,
927 4383 1045 4436 quas
1068 4370 1144 4419 est
1171 4368 1355 4433 gloria
1377 4370 1572 4419 vestra.
1599 4365 1814 4436 (Greg.)
1836 4366 2044 4420 Eccein

448 4451 811 4510 tribulatione
831 4455 1050 4526 positus
1069 4453 1209 4508 alios
1223 4455 1568 4521 exhortatur,
1593 4459 1650 4509 et
1664 4453 1722 4508 in
1743 4456 1864 4522 hoc,
1892 4456 2042 4526 quod

448 4543 566 4616 ipse.
578 4545 837 4608 sustinet,
847 4544 984 4598 alios
997 4543 1374 4598 roboratNon
1388 4544 1538 4598 enim
1552 4545 1797 4600 filiorum
1809 4559 2040 4600 suorum

448 4631 632 4687 fuerat
652 4650 806 4688 more
822 4633 1154 4688 struthionis
1175 4632 1398 4700 oblitus,
1419 4634 1516 4688 sed
1547 4634 1836 4689 metuebat
1851 4635 2037 4698 nimis,

450 4737 520 4774 ne
548 4722 670 4791 ejus
699 4721 957 4793 discipuli
982 4723 1039 4776 in
1059 4723 1426 4795 praedicatore
1457 4739 1560 4778 suo
1590 4729 1675 4778 tot
1705 4724 2045 4794 persecutio-

449 4813 586 4864 num
615 4809 822 4882 probra
847 4819 1156 4880 cernentes,
1181 4813 1348 4868 ﬁdem
1380 4815 1438 4866 in
1461 4825 1526 4868 eo
1549 4813 2034 4884 Deidespicerent,

448 4900 644 4954 contra
663 4915 831 4970 quam
863 4898 1174 4958 innumerae
1187 4902 1512 4973 passionum
1539 4904 1890 4958 contumeliae
1906 4920 2042 4974 prae-

446 4987 716 5055 valerent,
750 4992 807 5042 et
831 4989 1038 5044 idcirco
1068 4991 1255 5046 minus
1276 4991 1576 5045 dolebatin
1599 4992 1914 5057 tormentis,
1942 4992 2038 5045 sed

447 5077 626 5150 magis
655 5077 785 5132 ﬁliis
814 5078 883 5132 de
911 5085 1321 5135 tormentorum
1348 5095 1582 5134 suorum
1601 5080 2040 5134 tentationemc-

442 5165 654 5230 tucbat,
697 5167 853 5239 parvi
887 5169 1167 5240 pendebat
1196 5169 1253 5222 in
1283 5187 1342 5222 se
1371 5170 1570 5238 plagas
1602 5170 1869 5240 corporis,
1901 5170 2038 5223 dum

442 5255 773 5309 formidaret
792 5257 850 5310 in
864 5258 992 5311 ﬁliis
1009 5259 1200 5329 plagas
1214 5258 1430 5324 cordis‘;
1453 5258 1570 5328 ipse
1587 5259 1850 5329 patiendo
1862 5259 2035 5312 susci-

439 5343 631 5415 piebat
657 5344 888 5399 vulnera
918 5351 1348 5410 tormentorum,
1389 5346 1486 5400 sed
1522 5347 1664 5402 ﬁlios
1693 5347 2031 5402 consolando

441 5431 674 5487 curabat
692 5433 924 5488 vulnera
945 5435 1217 5490 cordium.
1234 5437 1541 5490 Pen’semus
1563 5449 1697 5508 ergo
1726 5437 1886 5508 cujus
1903 5437 2034 5491 cha-

439 5519 624 5578 ritatis
669 5521 840 5578 fuerit
875 5524 1024 5580 inter
1050 5522 1272 5580 dolores
1301 5525 1557 5597 proprios
1585 5525 1714 5581 aliis
1755 5525 2030 5584 timuisse.

2145 1801 2344 1856 Latino
2373 1820 2630 1857 sermone
2636 1807 2984 1874 propositum
3007 1805 3276 1861 habemus
3297 1823 3614 1878 expressam,
3629 1811 3698 1858 ta-

2145 1907 2274 1944 men
2315 1892 2592 1962 sapientia
2637 1893 2816 1962 magis
2846 1893 2906 1948 in
2955 1895 3181 1950 Christo
3220 1895 3366 1950 facta
3409 1899 3580 1966 potest
3620 1907 3695 1948 re-

2143 1995 2342 2034 sonare
2373 1997 2542 2052 quam
2561 1987 2779 2036 caetera:
2814 1984 3052 2037 Faluum
3080 1987 3181 2053 qui
3181 2001 3278 2053 ppu
3303 1987 3398 2039 Dei
3424 1986 3696 2052 sapientius

2145 2075 2218 2122 est
2249 2070 2564 2124 hominibus
2589 2072 2778 2138 (1001'.
2813 2075 2874 2139 ι).
2910 2072 3068 2135 Quod
3101 2073 3148 2127 si
3180 2073 3238 2127 in
3270 2072 3485 2127 Christo
3531 2087 3700 2127 secun-

2145 2156 2278 2210 dum
2307 2157 2573 2228 mysticos
2601 2159 2919 2213 intellectus
2935 2159 3145 2214 dicitur
3164 2161 3314 2216 facta
3342 2160 3618 2231 sapientia,
3634 2159 3702 2214 in-

2145 2245 2405 2318 telligant
2415 2247 2607 2302 Ariani
2622 2247 2832 2302 frustra
2853 2266 2911 2302 se
2931 2250 3002 2303 de
3023 2250 3121 2304 illo
3153 2247 3699 2320 testimoniogloriari,

2147 2334 2204 2388 in
2227 2351 2336 2406 quo
2357 2335 2635 2407 sapientia
2662 2336 2718 2390 in
2749 2337 2910 2391 initio
2940 2338 3160 2393 viarum
3197 2341 3296 2394 Dei
3323 2345 3557 2393 creatam
3583 2353 3634 2392 se
3659 2343 3707 2390 et

2143 2423 2396 2492 genitam
2416 2425 2670 2496 loqui-tur
2697 2431 2754 2480 et
2780 2424 3092 2481 fundatam.
3128 2429 3200 2482 Et
3225 2427 3416 2499 utique
3439 2427 3705 2498 juxtaillos

2145 2511 2192 2566 si
2218 2519 2407 2567 creata
2428 2519 2530 2578 est,
2572 2521 2709 2568 nata
2738 2531 2858 2569 esse
2890 2531 3000 2570 non
3039 2519 3246 2588 potuit.
3291 2517 3346 2572 Si
3378 2523 3556 2571 autem
3593 2521 3706 2570 nata

2143 2606 2246 2668 est,
2280 2603 2560 2673 quomodo
2592 2609 2650 2657 et
2678 2605 2913 2658 fundata
2940 2605 3148 2660 dicitur
3181 2615 3238 2661 et
3265 2613 3452 2661 creata
3479 2607 3501 2658 ’ἶ
3530 2608 3590 2660 In
3619 2621 3706 2672 quo

2141 2691 2398 2745 habemus
2415 2693 2528 2758 fidu
2536 2695 2676 2746 ciam
2697 2697 2744 2746 el
2757 2709 3026 2748 accessum
3041 2698 3101 2750 in
3119 2697 3460 2762 conﬁdentia
3464 2709 3558 2763 per
3569 2693 3700 2760 ﬁdem

2141 2783 2274 2846 ejus.
2284 2781 2550 2850 Magnum
2563 2785 2647 2834 est
2661 2797 2794 2851 ergo
2807 2798 2918 2836 non
2933 2782 3112 2838 solum
3128 2801 3234 2838 nos
3245 2782 3700 2843 habereﬁduciam,

2141 2867 2237 2920 sed
2261 2868 2432 2922 etiam
2451 2869 2656 2923 habere
2674 2887 2800 2924 eam
2816 2871 2874 2924 in
2885 2871 3246 2926 conﬁdentia.
3269 2874 3384 2927 Nec
3405 2876 3608 2926 tantum
3624 2870 3703 2922 ha-

2139 2956 2271 3010 bere
2286 2974 2589 3024 accessum,
2606 2959 2704 3013 sed
2718 2965 2782 3013 ut
2792 2960 2910 3032 ipse
2923 2961 3138 3015 ﬁrmior
3149 2962 3509 3026 sitaccessus,
3525 2958 3703 3013 habere

2138 3045 2298 3099 illum
2323 3046 2381 3101 in
2412 3048 2768 3114 conﬁdentia,
2803 3051 2962 3120 cujus
3003 3050 3224 3106 ﬁduciae
3259 3057 3428 3122 atque
3457 3063 3699 3111 accessus,

2136 3134 2477 3207 principium
2507 3141 2563 3191 et
2594 3137 2770 3208 origo,
2802 3138 2940 3191 fides
2968 3139 3029 3192 in
3050 3141 3277 3196 Christo
3310 3146 3413 3194 est.
3437 3138 3539 3204 Qui
3555 3137 3705 3208 igitur

2137 3225 2329 3278 omnia
2344 3225 2562 3280 ratione
2583 3233 2638 3280 et
2647 3227 2744 3280 0rd
2753 3227 2843 3280 ine
2869 3226 3018 3291 facit,
3034 3228 3142 3280 isie
3154 3230 3338 3283 credit
3357 3230 3415 3284 in
3447 3227 3703 3283 Christum

2135 3330 2452 3368 sermonem
2483 3321 2650 3386 atque
2677 3316 2950 3370 rationem
2974 3335 2986 3382 ;
3011 3317 3104 3387 qui
3119 3318 3458 3389 sapientiam
3485 3313 3707 3388 potuerit

2134 3404 2628 3473 comprehendere,
2654 3405 2832 3458 credit
2848 3405 2906 3458 in
2929 3406 3216 3460 Christum
3233 3407 3563 3479 sapientiam
3585 3423 3594 3456 :
3619 3402 3700 3474 qui

2133 3491 2472 3546 intellexerit
2491 3493 2802 3559 veritatem,
2826 3494 3006 3548 credit
3017 3493 3076 3548 in
3092 3496 3384 3551 Christum
3397 3495 3670 3550 veritatem
3692 3509 3702 3542 ε

2120 3580 2228 3650 'qui
2240 3581 2578 3636 intellexerit
2587 3583 3143 3653 justitiam,creditin
3167 3601 3300 3640 eum
3309 3583 3705 3656 justitian1.Nec

2132 3685 2273 3740 Opus
2299 3677 2384 3724 est
2403 3671 2568 3741 plura
2593 3672 2798 3736 dicere,
2833 3688 2962 3725 cum
2991 3673 3326 3744 frequenter
3366 3674 3501 3727 mihi
3529 3685 3701 3726 neces-

2132 3757 2270 3812 sitas
2290 3759 2607 3814 incubuerit
2637 3761 2900 3815 similiter
2927 3761 2997 3814 de
3029 3763 3258 3818 Christo
3289 3761 3612 3818 disserendi.

2061 4193 2113 4251 D
2193 4190 2500 4260 Pensemus
2509 4189 2672 4260 cujus
2684 4191 2973 4245 charitatis
2984 4191 3059 4245 sit
3068 4191 3321 4248 ﬁliorum
3331 4192 3570 4248 salutem
3581 4187 3712 4242 inter

2129 4295 2230 4332 sua
2252 4279 2594 4333 detrimenta
2624 4281 2912 4350 requirere
2941 4285 2998 4334 et
3024 4287 3238 4336 statum
3273 4281 3485 4336 mentis
3510 4279 3568 4334 in
3595 4291 3711 4348 pro-

2127 4366 2290 4420 ximis
2329 4369 2502 4422 etiam
2541 4384 2606 4422 ex
2645 4385 2749 4422 sua
2785 4370 3098 4439 dejectione
3140 4372 3454 4426 custodire.
3493 4361 3714 4435 (Auier

2127 4458 2462 4510 Commonet
2490 4474 2560 4510 ne
2590 4459 2916 4512 scandalum
2930 4459 3222 4528 patiantur
3233 4465 3475 4530 propter
3505 4452 3711 4512 tribula-

2123 4545 2324 4610 tiones,
2358 4561 2480 4618 quae
2510 4547 2717 4600 sanctis
2728 4547 3000 4618 aperﬁdis
3017 4547 3352 4616 irrogantur
3371 4568 3386 4616 ;
3405 4548 3479 4602 ad
3492 4543 3712 4617 gloriam

2125 4635 2276 4688 enim
2288 4636 2535 4706 pertinet
2555 4636 2802 4698 illorum,
2825 4636 2873 4690 si
2889 4636 2947 4689 in
2961 4636 3336 4692 tribulatione
3347 4634 3603 4707 αλφευῆ
3613 4646 3712 4687 non

2123 4722 2335 4778 fuerint
2363 4725 2722 4779 scandalizati
2753 4725 3031 4795 discipuli,
3068 4742 3168 4796 spe
3197 4727 3307 4781 hac
3331 4725 3563 4790 ﬁrmati,
3597 4721 3716 4794 quin

2127 4813 2375 4868 ﬁdelium
2387 4828 2660 4884 pressurae
2671 4814 2846 4868 futuri
2861 4815 3048 4868 saeculi
3057 4815 3240 4884 gloria
3263 4817 3580 4887 erigantur.
3597 4811 3712 4866 Hanc

2125 4903 2275 4956 enim
2307 4903 2555 4958 ﬁdelium
2568 4903 2824 4975 probatio
2855 4910 2958 4968 est,
2995 4903 3044 4956 si
3075 4904 3205 4958 ﬁdei
3221 4921 3342 4960 suae
3364 4902 3716 4978 spemadver—

2096 4997 2264 5046 -tant.
2294 4993 2639 5064 [llieron.)Id
2675 4994 2824 5064 quod
2846 4993 3080 5047 Latinus
3094 4995 3409 5050 translator
3431 4989 3712 5064 expressit.

2123 5097 2190 5135 ne
2211 5083 2493 5149 deﬁciatis,
2511 5089 2696 5153 potest
2703 5084 2868 5153 juxta
2879 5083 3057 5136 Graeci
3077 5084 3360 5138 sermonis
3392 5080 3717 5152 ambiguita-

2120 5175 2237 5224 tem
2261 5170 2480 5241 italegi,
2497 5188 2566 5225 ne
2587 5175 2858 5240 deﬁciam,
2879 5178 2944 5226 ut
2957 5171 3032 5225 sit
3043 5189 3267 5226 sensus:
3288 5192 3315 5223 (ι
3331 5167 3713 5244 propterquod

2120 5265 2249 5330 peto
2265 5275 2336 5314 ne
2347 5260 2604 5314 deﬁciam
2616 5261 2674 5314 in
2685 5260 3142 5318 tribulationibus
3156 5261 3314 5328 meis,
3331 5267 3442 5316 etc.
3461 5281 3487 5313 »
3509 5261 3624 5314 Hoc
3638 5265 3714 5311 est

2118 5364 2271 5419 ergo,
2291 5351 2440 5420 quod
2456 5351 2758 5420 Apostolus
2785 5357 2948 5421 rogat
2968 5357 3026 5404 et
3043 5367 3080 5403 a
3108 5351 3348 5404 Domino
3373 5362 3711 5421 magnopere

2116 5439 2467 5509 deprecatur,
2501 5455 2576 5494 ne
2619 5439 2846 5494 deﬁciat
2874 5441 2933 5494 in
2972 5439 3249 5512 pressaris
3297 5439 3442 5494 suis.
3481 5435 3712 5494 Videbat

2118 5528 2326 5600 quippe
2338 5540 2400 5583 se
2410 5528 2846 5584 deﬂierusalem
2860 5544 3038 5602 usque
3061 5529 3134 5583 ad
3146 5529 3442 5601 Illyricum
3461 5528 3709 5598 Evange-
