3880 6146
243 236 319 293 a1
614 198 1191 290 ENARRATIONUM
1228 214 1309 288 IN?
1345 233 1496 289 EPP.
1538 226 1753 290 PAULI
1792 228 1929 291 LIB.
1963 220 2235 291 x‘v’m.—
2275 232 2355 291 IN
2393 222 2614 291 EPIST.
2657 224 2754 295 an
2795 226 3042 294 eruas.

3371 242 3476 301 4‘2‘2

240 364 353 415 lium
378 360 711 431 praedicasse,
747 359 856 413 isse
870 358 1127 419 Romam,
1152 362 1222 413 ad
1246 360 1547 431 Hispanias
1568 363 1652 414 vel
1672 378 1794 433 per—
1815 362 2062 422 APatris
2084 379 2207 416 mea
2239 366 2389 423 sunt,
2418 369 2475 415 et
2496 378 2619 416 mea
2658 364 2847 417 omnia
2876 364 3077 418 Patris.
3116 386 3138 415 'r)
3170 369 3472 435 Propterea,

237 450 428 514 rexisse,
445 449 525 501 vel
538 448 617 501 ire
628 448 1120 519 disponere.Totus
1138 449 1382 505 mundus
1393 450 1462 504 ad
1477 450 1787 504 doctrinam

234 540 381 610 ipsius
394 538 458 591 de
468 542 740 608 potestate
758 537 1022 607 principis
1044 538 1362 603 tollebatur,
1389 540 1791 593 deserebantur

235 628 371 688 idola,
396 631 449 681 et
475 626 783 679 cultoribus
808 626 1015 697 templa
1035 627 1257 681 deserta
1276 629 1532 698 squalore
1544 635 1599 682 et
1611 630 1790 682 sordi-

233 718 315 770 bus
328 715 690 786 replebantur,
708 715 778 768 ob
793 732 961 785 quam
976 732 1199 769 causam
1214 717 1393 770 omnis
1407 718 1681 771 exercitus
1692 718 1790 771 de-

232 820 447 868 menum,
480 804 664 857 omnis
680 803 849 857 turba
884 804 1240 858 inimicarum
1261 804 1651 860 fortitudinum
1664 823 1791 860 con-

230 899 302 947 tra
332 894 523 964 ipsum,
564 893 712 946 facto
750 910 946 957 cuneo,
988 893 1308 959 dimicabat,
1341 901 1406 948 ut
1434 913 1535 966 per
1563 895 1792 949 tribula-

228 984 381 1036 tiones
430 988 484 1034 et
539 983 831 1051 angustias
869 982 1226 1051 Evangelium
1268 983 1475 1037 Christi
1512 984 1793 1038 desineret

227 1071 515 1142 pradicare,
551 1075 611 1124 et
625 1072 806 1124 lassus
822 1072 1121 1142 aliquando
1143 1073 1537 1142 requiesceret.
1562 1074 1678 1126 Hoc
1707 1080 1793 1126 est

224 1161 388 1231 itaque
414 1160 559 1231 quod
592 1160 707 1214 ait:
734 1164 855 1215 Peto
877 1176 941 1214 ne
955 1163 1207 1227 deﬁciam
1241 1164 1302 1215 in
1335 1164 1791 1215 tribulationibus

224 1254 336 1303 meis
367 1265 465 1318 pro
500 1251 669 1303 nobis.
694 1250 898 1304 Totum
924 1249 1073 1304 enim
1105 1251 1252 1320 quod
1276 1251 1478 1321 patior,
1511 1250 1658 1321 quod
1688 1251 1791 1304 tri-

220 1338 372 1402 bulor,
403 1338 551 1408 quod
581 1344 854 1404 coarctor,
886 1345 1081 1393 vestrae
1102 1340 1299 1393 salutis
1326 1346 1413 1393 est
1438 1356 1623 1406 causa,
1656 1340 1789 1394 dum

220 1426 347 1479 vobis
386 1427 749 1497 Evangelium
790 1427 1124 1481 annuntiare
1153 1427 1427 1491 desidero,
1463 1445 1585 1498 quae
1615 1429 1789 1484 tribu-

218 1516 423 1569 lationes
453 1533 597 1569 mea:
645 1522 829 1570 vestra
867 1523 952 1570 est
978 1517 1176 1586 gloria.
1215 1517 1387 1572 Porro
1428 1517 1585 1587 quasi
1615 1517 1793 1589 impe-

214 1604 336 1658 ritus
361 1605 582 1659 locutus
612 1610 716 1669 est,
754 1610 815 1660 ut
844 1605 1046 1675 plurali
1085 1604 1513 1660 tribulationum
1560 1622 1793 1661 numero

1875 451 2251 520 inquit,cm'vo
2262 468 2441 519 genua
2458 468 2574 504 mea
2586 454 2658 505 ad
2669 455 2883 506 Patrem
2896 497 2908 518 ,
2946 460 3001 507 ut
3018 456 3103 507 det
3126 458 3271 508 vobis
3290 470 3478 511 secun-

1871 541 2001 592 dum
2018 541 2243 591 divitias
2255 542 2567 606 gloriansua:
2586 542 2848 593 virtutem.
2877 542 3189 609 con/artari
3217 543 3473 615 (Albert.)

1873 628 2043 681 Recte
2086 628 2261 695 igitur
2304 629 2461 698 petit,
2498 646 2567 682 ne
2598 628 2826 682 deﬁciat
2853 630 2991 683 ﬁdes
3023 631 3393 701 Ephesiorum
3417 635 3475 688 in

1874 716 2151 786 pressuris
2184 716 2300 770 suis
2330 721 2499 788 atque
2524 718 2818 787 angustiis,
2851 735 2989 788 quas
3011 724 3307 791 propterea
3330 723 3475 793 pati-

1872 809 1967 857 tur
1996 804 2129 874 quia
2159 805 2412 875 Ephesiis
2446 806 2807 876 Evangelium
2836 808 3190 877 praedicabat,
3212 827 3334 880 quae
3356 812 3476 882 qui-

1873 893 1998 946 dem
2014 910 2287 964 pressurac
2312 896 2456 965 apud
2482 896 2798 949 incredulos
2814 913 2990 966 paenae
3010 902 3158 961 sunt,
3174 900 3319 969 apud
3340 901 3471 954 ﬁde-

1874 983 1955 1035 les
1984 982 2163 1051 gloria
2196 989 2363 1053 atque
2386 984 2611 1037 victoria
2633 1004 2643 1037 :
2668 985 2800 1055 quia
2820 985 3014 1039 vicisse
3037 993 3121 1040 est
3137 988 3469 1043 adversariis

1872 1071 1929 1124 in
1952 1072 2226 1141 angustiis
2245 1089 2355 1125 non
2380 1072 2631 1127 cessisse.
2656 1074 2978 1127 Notandum
2998 1080 3082 1129 est
3106 1075 3297 1145 igitur,
3322 1079 3466 1149 quod

1874 1161 2152 1230 quomodo
2169 1160 2505 1232 quicumque
2534 1162 2819 1231 subjectus
2842 1168 2926 1217 est
2939 1164 3228 1235 Salvatori,
3248 1167 3471 1221 ﬂectere

1874 1249 1924 1301 ei
1950 1265 2099 1318 genu
2121 1249 2344 1316 dicitur,
2378 1251 2456 1304 sic
2488 1251 2582 1322 qui
2606 1253 2813 1322 peccati
2861 1269 3051 1307 servus
3083 1260 3168 1308 est
3196 1259 3252 1308 et
3302 1255 3473 1311 habet

1875 1338 2133 1409 spiritum
2167 1340 2450 1393 servitutis
2479 1341 2682 1393 iterum
2713 1341 2770 1393 in
2801 1341 3019 1404 timore,
3044 1359 3193 1413 genu
3210 1344 3473 1399 scribitur

1881 1426 2098 1480 ﬂexisse
2119 1434 2363 1498 peccato.
2391 1429 2519 1482 Haec
2547 1435 2735 1482 autem
2764 1430 3094 1500 spiritaliter
3110 1439 3465 1503 exponentes,

1876 1531 1988 1569 non
2024 1517 2216 1570 statim
2259 1519 2420 1587 juxta
2466 1518 2712 1571 litteram
2758 1520 2951 1572 orandi
3012 1522 3471 1576 consuetudinem

1875 1605 2144 1671 tollimus,
2179 1606 2330 1676 quia,
2357 1607 2463 1659 ﬁxo
2486 1606 2541 1659 in
2574 1612 2783 1673 terram
2805 1609 3031 1679 poplite,
3065 1610 3245 1664 Deum
3272 1612 3472 1665 adora-

213 1693 421 1763 gloriam
437 1693 816 1764 subjungeret
844 1694 1183 1765 singularem
1204 1702 1261 1749 et
1275 1694 1502 1762 diceret,
1524 1699 1587 1749 in
1612 1698 1792 1749 tribu-
1814 1676 2002 1746 Bmus
2043 1693 2333 1765 magisque
2370 1695 2517 1765 quod
2549 1695 2620 1749 ab
2651 1712 2715 1750 eo
2751 1676 3050 1767 poscimus,
3083 1698 3470 1771 impetramus.

190 1812 193 1821 ι
216 1784 487 1837 lotionibus
518 1786 660 1837 meis
685 1799 790 1852 pro
809 1785 971 1848 vobis,
991 1800 1110 1852 qua:
1120 1789 1197 1837 est
1211 1786 1391 1852 gloria
1410 1790 1713 1855 vcstra,pro
1726 1802 1790 1838 eo

213 1871 337 1941 quod
364 1878 447 1925 est
479 1891 490 1925 :
529 1889 655 1941 qua»
685 1878 819 1925 sunt
847 1873 1233 1927 tribulationes
1247 1875 1431 1941 gloria
1452 1879 1647 1937 vestra,
1682 1873 1793 1927 nisi

209 1960 383 2014 fortius
407 1962 535 2032 quis
568 1961 742 2015 altius
772 1976 873 2031 per
898 1960 1266 2032 hyperbaton,
1296 1962 1381 2015 vel
1412 1962 1482 2015 ad
1502 1962 1788 2027 ﬁduciam,

211 2049 278 2103 vel
302 2050 367 2103 ad
391 2066 704 2114 accessum,
739 2050 824 2104 vel
854 2050 923 2104 ad
956 2050 1124 2104 ﬁdem
1153 2050 1256 2104 hoc
1287 2051 1528 2105 aestimet
1551 2068 1670 2105 esse
1702 2068 1792 2105 re-

208 2138 491 2204 ferendum,
551 2144 615 2193 et
642 2138 791 2193 dicat
833 2158 844 2191 :
879 2140 937 2193 in
969 2155 1079 2209 quo
1118 2138 1391 2193 habemus
1449 2140 1707 2194 ﬁduciam
1738 2147 1795 2193 et

207 2244 463 2281 accessum
495 2233 559 2282 et
594 2226 784 2293 ﬁdem,
809 2245 929 2300 quae
952 2227 1173 2293 ﬁducia,
1191 2245 1446 2282 accessus
1468 2234 1524 2282 et
1544 2228 1681 2282 ﬁdes
1698 2245 1793 2282 ve-

208 2322 305 2370 stra
343 2318 523 2387 gloria
578 2323 685 2381 est,
733 2318 831 2371 sed
875 2317 1054 2387 magis
1094 2317 1350 2387 superior
1383 2318 1680 2372 sectandus
1710 2324 1795 2372 est

206 2422 396 2461 sensus.
440 2406 647 2460 Potest
694 2412 886 2460 autem
916 2407 1224 2461 secundum
1253 2407 1327 2469 id,
1368 2406 1516 2477 quod
1563 2407 1794 2462 Latinus

208 2495 468 2565 expressit,
495 2502 731 2563 propter
762 2497 906 2564 quod
930 2502 1047 2564 peto
1077 2512 1142 2548 ne
1174 2497 1437 2563 deﬁciatis
1468 2499 1529 2549 in
1561 2498 1795 2549 tribula-

207 2585 424 2637 tionibus
456 2587 605 2637 meis
629 2599 733 2653 pro
762 2585 924 2649 vobis,
946 2601 1064 2652 quae
1095 2589 1167 2637 cst
1199 2588 1381 2652 gloria
1421 2589 1617 2650 vestra,
1658 2585 1796 2639 illud

209 2673 401 2743 exponi,
435 2672 598 2744 quod
626 2690 728 2743 pro
780 2673 1033 2744 Ephesiis
1069 2678 1243 2744 petat,
1294 2690 1365 2727 ne
1419 2673 1477 2726 in
1519 2674 1797 2744 pressuris

1872 1783 1955 1835 Ad
1976 1788 2210 1851 patrem,
2258 1784 2460 1855 inquit,
2500 1785 2726 1839 Domini
2766 1790 2945 1840 nostri
2980 1790 3105 1841 Josu
3142 1790 3367 1853 Christi,
3412 1806 3475 1843 ea?

1874 1888 1977 1940 quo
2006 1875 2187 1926 omnis
2202 1877 2512 1941 paternitas
2535 1876 2597 1926 in
2615 1877 2757 1928 catis
2787 1881 2833 1928 ct
2854 1879 2917 1928 in
2952 1881 3103 1929 terra
3122 1880 3472 1932 nominatur.

1874 1959 2247 2022 Quaerendum
2281 1978 2414 2031 ergo
2438 1968 2541 2025 est,
2567 1963 2846 2033 quomodo
2877 1980 2941 2018 ex
2969 1966 3084 2019 Deo
3107 1965 3273 2021 Patre
3294 1967 3476 2022 omnis

1875 2050 2183 2118 paternitas
2213 2050 2271 2103 in
2302 2051 2454 2105 oculis
2472 2058 2529 2104 et.
2558 2050 2614 2104 in
2644 2057 2799 2106 terra
2821 2051 2893 2106 sit
2914 2054 3222 2108 nominata.
3245 2056 3370 2110 Non
3387 2056 3473 2110 di-

1874 2137 1951 2190 cit
1983 2156 1994 2190 :
2023 2154 2087 2191 ex
2117 2155 2226 2209 quo
2257 2140 2441 2193 omnis
2476 2139 2786 2210 paternitas
2817 2142 2875 2195 in
2906 2143 3059 2195 caelis
3107 2149 3165 2196 et
3216 2145 3274 2197 in‘
3322 2151 3476 2198 terra

1877 2231 2010 2279 nata
2037 2232 2139 2285 est,
2174 2228 2259 2280 vel
2288 2234 2495 2293 creata,
2531 2228 2625 2281 sed
2652 2246 2715 2282 ex
2737 2245 2846 2299 quo
2869 2230 3049 2284 omnis
3078 2232 3386 2302 paternitas
3413 2232 3473 2286 in

1876 2315 2028 2368 caelis
2050 2322 2105 2369 et
2132 2315 2190 2369 in
2215 2324 2366 2370 terra
2408 2318 2749 2383 nominatur,
2777 2318 2905 2388 quia
2938 2318 3088 2372 aliud
3109 2324 3192 2372 est
3224 2321 3473 2391 appella-

1875 2403 2027 2456 tione
2053 2405 2619 2474 paternitatismereri
2640 2423 2863 2472 nomen,
2881 2407 3033 2461 aliud
3056 2413 3257 2461 natura
3270 2407 3475 2464 habere

1876 2493 2237 2555 consortium,
2260 2495 2407 2564 quod
2427 2496 2577 2549 solus
2598 2500 2683 2548 est
2714 2495 2861 2548 ﬁlius
2902 2497 3020 2549 Dei.
3072 2497 3251 2551 Adam
3309 2515 3475 2569 quem

1876 2581 2122 2651 primum
2156 2583 2453 2653 plasmavit
2481 2584 2648 2647 Deus,
2686 2590 2742 2637 et
2768 2590 2988 2638 creator
3014 2585 3189 2656 ipsius
3224 2591 3280 2640 et
3318 2592 3479 2657 pater

1879 2676 1981 2723 est.
2020 2670 2176 2724 Unde
2226 2676 2285 2724 et
2309 2672 2367 2725 in
2400 2672 2697 2741 Evangelia
2727 2674 3033 2728 secundum
3077 2675 3308 2741 Lucam,
3347 2693 3474 2730 cum

1878 2759 2149 2829 paulatim
2169 2777 2202 2813 a
2233 2760 2455 2814 Christo
2478 2762 2649 2815 David
2672 2767 2728 2815 et
2758 2762 3040 2817 Abraham
3081 2780 3307 2818 sursum
3330 2772 3478 2819 esset

1878 2848 2168 2917 generatio
2188 2855 2508 2920 supputata,
2545 2851 2615 2904 ad
2630 2856 2941 2905 extremum
2956 2853 3247 2924 Scriptura
3257 2853 3337 2907 ait
3354 2872 3365 2907 :
3394 2854 3478 2907 Fi-

260 2941 428 3009 Hujus
458 2944 553 2994 rei
583 2945 772 3007 gratia
798 2944 948 3009 ﬂecto
977 2948 1157 3009 genita
1190 2958 1307 2995 mea
1336 2942 1409 2994 ad
1437 2944 1655 2995 Patrem
1682 2943 1797 2996 Do-
1881 2940 1949 2991 lii
1970 2938 2448 3004 Seth,ﬁliiAdam,
2466 2939 2580 3008 ﬁlii
2598 2941 2695 2993 Dei
2711 2941 2856 3009 (Luc.
2876 2941 3062 3007 m}.Ut
3090 2942 3399 3012 paternitas
3419 2942 3475 2997 in

206 3032 331 3081 mini
350 3034 534 3083 nostri
567 3032 695 3084 Jcsu
726 3030 951 3094 Christi,
983 3047 1046 3083 ex
1061 3047 1164 3099 quo
1185 3032 1364 3083 omnis
1390 3034 1702 3099 paternitas
1732 3015 1852 3084 inc
1875 3028 2045 3089 terra.
2075 3026 2453 3081 VOCﬂblﬂuma
2474 3028 2586 3081 ΠΕΟ
2634 3029 2878 3099 primum
2917 3036 3102 3084 ortum
3153 3048 3273 3085 esse
3320 3049 3476 3085 mon-

203 3119 325 3171 eatis
351 3122 398 3171 et
417 3122 482 3172 in
519 3123 679 3171 terra
709 3122 1055 3181 nominatur,
1096 3126 1155 3172 ut
1185 3122 1269 3173 (let
1314 3121 1458 3172 vobis
1497 3121 1797 3173 secundum
1877 3119 2099 3168 straret.
2126 3116 2284 3170 Unde
2314 3116 2382 3169 ab
2404 3133 2487 3182 eo,
2509 3116 2601 3188 qui
2631 3128 2848 3171 summe
2879 3124 2965 3172 est
2994 3123 3154 3189 pater
3175 3124 3231 3173 et
3250 3121 3474 3193 proprie

203 3206 404 3260 diutius
431 3210 639 3275 gloria:
652 3211 1033 3261 suterirtutcm
1056 3209 1408 3262 corroborari
1415 3224 1514 3277 per
1533 3211 1797 3277 spiritum
1878 3210 1963 3257 est
1990 3205 2516 3275 paterpaternitatis
2531 3206 2770 3275 gratiam
2788 3216 3197 3278 promerentur,
3214 3209 3307 3281 qui
3340 3210 3473 3265 dicti

204 3296 302 3361 ejus
324 3298 383 3348 in
413 3298 751 3350 interiorem
785 3298 1061 3351 hominem
1092 3298 1343 3350 habitare
1373 3296 1655 3352 Christum
1700 3312 1800 3366 per
1877 3299 2010 3346 sunt
2038 3293 2135 3346 ﬁlii
2167 3294 2285 3347 Dei.-
2310 3295 2594 3358 Quairitur
2614 3313 2762 3360 vero,
2798 3313 2964 3368 quam
2988 3296 3056 3350 ob
3086 3315 3310 3352 causam
3340 3304 3396 3355 et
3416 3300 3474 3355 in
3528 3359 3538 3371 ,

204 3382 342 3447 Mcm
370 3389 433 3438 in
455 3386 724 3439 cordibus
756 3390 966 3439 vestris.
1005 3382 1208 3453 (Δηὼ.)
1242 3386 1358 3439 Hoc
1379 3385 1535 3439 ﬂexis
1561 3384 1798 3457 genibus
1878 3382 2028 3435 oculis
2058 3381 2126 3436 ab
2157 3400 2223 3436 eo
2253 3383 2434 3437 omnis
2463 3386 2772 3455 paternitas
2800 3386 3152 3457 appellatur?
3184 3388 3473 3452 Quomodo

202 3472 395 3540 precari
416 3490 477 3527 se
498 3473 665 3539 dicit,
692 3479 753 3527 ut
769 3474 903 3544 quia
915 3473 1178 3544 dignatus
1197 3481 1283 3528 est
1302 3474 1569 3529 advocare
1601 3482 1798 3545 gentes
1877 3486 1978 3524 nos
2001 3471 2095 3541 qui
2127 3488 2237 3525 non
2258 3488 2452 3527 sumus
2477 3472 2545 3526 de
2573 3490 2780 3544 genere
2792 3475 3095 3541 Abraham,
3115 3476 3161 3529 si
3186 3478 3352 3531 ﬁdem
3373 3480 3474 3533 ha-

201 3560 259 3613 ud
295 3562 757 3632 cognoscendum
812 3563 1144 3633 mysterium
1175 3563 1478 3619 voluntatis
1519 3565 1660 3633 ejus,
1694 3564 1798 3617 hoc
1876 3559 2182 3625 buerimus,
2216 3561 2315 3614 ﬁlii
2338 3578 2602 3615 vocamur
2641 3562 2925 3616 Abraham
2960 3564 3306 3636 patriarchas
3337 3584 3475 3638 quo-

204 3649 355 3703 etiarn
379 3651 581 3715 donet,
621 3651 757 3722 quia
785 3651 938 3705 dives
970 3658 1072 3715 est,
1106 3658 1168 3705 ut
1198 3656 1338 3706 nutu
1359 3653 1481 3721 ejus
1503 3654 1799 3706 ﬁrmentur
1878 3666 1985 3719 quc
2015 3655 2071 3702 et
2099 3650 2419 3719 prophetas,
2456 3651 2499 3704 si
2531 3658 2720 3705 tamen
2752 3668 2853 3705 nos
2876 3651 2944 3705 ab
2974 3652 3053 3706 eis
3093 3660 3320 3725 peccata
3364 3672 3476 3710 non

202 3737 251 3791 in
277 3739 496 3810 spiritu,
534 3740 645 3793 hoc
677 3745 763 3794 est
794 3747 859 3794 ut
884 3757 996 3794 non
1026 3740 1151 3794 illos
1191 3740 1524 3813 perturbent
1551 3741 1799 3795 carnalia
1875 3742 2157 3807 separant,
2183 3744 2404 3791 nostros
2440 3744 2627 3808 patres
2655 3739 2912 3803 dicimus,
2937 3740 3017 3793 ita
3044 3741 3276 3796 fortasse
3298 3749 3355 3797 et
3382 3759 3478 3800 an-

204 3826 353 3880 exitia
369 3828 535 3882 illata
552 3846 588 3882 a
612 3828 860 3898 perﬁdis,
894 3829 991 3883 sed
1015 3830 1128 3883 sint
1148 3829 1392 3893 stabiles,
1415 3835 1798 3899 exspectantes
1875 3826 2030 3895 gelos
2052 3831 2392 3896 czeterasque
2415 3826 2649 3879 virtutes
2670 3827 2879 3881 habent
2899 3827 3176 3900 principes
3205 3830 3290 3884 sui
3310 3848 3477 3902 gene-

201 3914 251 3968 in
274 3915 461 3971 futuro
492 3919 673 3987 hujus
691 3917 773 3971 rei
797 3918 1135 3972 mercedem.
1161 3919 1265 3972 «In
1292 3918 1558 3971 interiore
1572 3919 1798 3973 homine
1879 3916 1954 3968 ris
1974 3914 2030 3967 in
2053 3915 2369 3968 coelestibus
2419 3930 2557 3985 quos
2614 3922 2801 3986 patres
2856 3918 3142 3988 gaudeant
3172 3920 3472 3991 appellare.

204 4003 438 4060 habitare
466 4004 766 4060 Christum
797 4022 898 4077 per
912 4007 1079 4060 ﬁdem
1100 4007 1157 4059 in
1179 4007 1437 4060 cordibus
1452 4006 1705 4062 vestris.»
1734 4008 1797 4062 In
1880 4002 2072 4057 Potest
2114 4019 2245 4073 ergo
2274 4009 2329 4057 et
2358 4004 2461 4057 hoc
2484 4004 2591 4057 dici
2623 4022 2685 4058 ex
2717 4023 2782 4059 eo
2816 4008 2960 4077 quod
2994 4009 3141 4061 Deus
3171 4020 3332 4081 pater
3362 4008 3472 4064 Do-

202 4108 258 4147 eo
276 4094 415 4165 petit
434 4112 538 4149 eos
556 4096 740 4166 magis
754 4096 1055 4161 ﬁrmari,ut
1068 4112 1179 4149 non
1192 4095 1601 4165 ambigant,sed
1619 4096 1798 4166 magis
1880 4091 2017 4146 mini
2047 4092 2223 4145 nostri
2239 4093 2371 4147 Jcsu
2394 4092 2601 4147 Christi
2627 4094 2787 4163 juxta
2801 4094 3172 4150 substantiam
3195 4102 3357 4169 pater
3370 4105 3472 4156 est.

202 4183 416 4238 credant
427 4184 729 4238 Christum
747 4183 1002 4238 habitare
1022 4185 1079 4238 in
1096 4200 1173 4250 se,
1191 4201 1357 4255 quem
1372 4200 1480 4238 non
1504 4185 1693 4239 vident
1712 4186 1798 4239 his
1882 4185 1935 4234 et
1959 4180 2283 4251 unigenitus
2314 4196 2423 4236 non
2455 4187 2540 4236 est
2579 4183 2877 4253 adoptione
2926 4185 3091 4250 ﬁlius,
3116 4186 3213 4239 sed
3252 4193 3473 4253 natura,

203 4271 377 4338 oculis,
412 4281 479 4327 ut
509 4273 751 4344 spiritus
785 4272 951 4327 datus
981 4274 1083 4327 hoc
1112 4273 1190 4327 eis
1219 4288 1320 4344 per
1341 4273 1440 4327 Dei
1469 4273 1678 4327 donum
1709 4274 1831 4344 in-i
1881 4276 2092 4324 caetera}
2132 4288 2351 4341 quoque
2408 4277 2677 4327 creaturae
2717 4273 3071 4344 paternitatis
3128 4291 3331 4330 nomen
3376 4278 3477 4331 ad-

202 4358 403 4426 ﬁmdat,
438 4368 508 4416 ut
528 4343 670 4416 certi
700 4362 815 4415 sint
844 4362 912 4416 de
941 4361 1179 4427 Christo,
1213 4343 1360 4433 quod
1391 4362 1527 4415 vivit
1560 4367 1616 4416 et
1652 4343 1865 4417 ﬁliusD
1883 4360 2108 4430 optione
2122 4360 2427 4430 possident.
2451 4361 2509 4415 Ut
2538 4364 2621 4414 (tot
2644 4343 2790 4415 vobis
2811 4365 3110 4415 secundum
3127 4365 3351 4417 divitias
3368 4369 3478 4431 glo-

204 4447 291 4503 Dei
320 4458 422 4520 est,
458 4459 521 4505 et
554 4452 775 4506 habitat
792 4468 892 4522 per
909 4452 1079 4506 ﬁdem
1096 4450 1153 4505 in
1175 4450 1433 4505 cordibus
1471 4453 1694 4518 nostris,
1738 4457 1802 4505 ut
1882 4452 2371 4502 rimumvirtutcm
2389 4452 2741 4503 corroborari
2758 4466 2857 4517 per
2875 4452 3137 4518 spiritum
3163 4455 3278 4518 ejus
3300 4454 3361 4505 in
3387 4456 3476 4508 in—

205 4554 317 4593 cum
346 4542 519 4596 ﬁdem
544 4543 668 4610 ejus
697 4540 969 4595 habemus
998 4542 1058 4594 in
1087 4540 1348 4595 cordibus
1370 4541 1593 4603 nostris,
1615 4540 1797 4612 ipsum
1885 4540 2080 4591 tcriorc
2110 4539 2327 4591 homine
2342 4539 2593 4591 habitare
2616 4537 2895 4591 Christum
2916 4554 3012 4605 per
3032 4540 3189 4605 ﬁdem
3213 4543 3275 4594 in
3300 4543 3477 4597 cordi-

206 4624 395 4682 habere
422 4630 761 4696 videamur;
797 4631 945 4701 quod
975 4646 1040 4684 eo
1070 4630 1308 4702 proﬁcit,
1344 4635 1409 4685 ut
1422 4630 1601 4684 securi
1624 4630 1799 4684 simus
1884 4628 1980 4679 bus
2011 4629 2219 4679 vestris.
2254 4626 2577 4697 Propterea,
2600 4626 2803 4696 inquit,
2829 4643 2996 4679 curvo
3036 4644 3223 4697 genua
3250 4646 3375 4684 mea
3407 4631 3478 4685 ad

207 4714 265 4770 de
291 4719 519 4773 auxiliis
551 4721 691 4789 ejus,
729 4719 864 4790 quia
890 4736 1002 4773 non
1035 4719 1243 4773 deserit
1279 4734 1398 4785 nos,
1436 4718 1533 4774 sed
1581 4735 1802 4791 semper
1882 4714 2128 4778 Patrem,
2153 4714 2223 4766 ad
2245 4708 2406 4783 cujus
2435 4714 2860 4767 similitudinem
2889 4715 3069 4769 omnis
3091 4716 3147 4770 in
3169 4719 3307 4773 coelo
3336 4724 3393 4774 et
3422 4720 3479 4775 in

210 4804 352 4861 adest
387 4813 626 4880 propter
664 4808 833 4861 ﬁdem
879 4824 1059 4875 suam,
1102 4824 1269 4879 quam
1317 4808 1467 4862 videt
1511 4808 1572 4862 in
1619 4807 1796 4873 nobis,
1882 4808 2036 4856 terra
2056 4802 2366 4873 paternitas
2394 4803 2739 4869 nominatur,
2779 4804 3089 4876 deprecans
3133 4825 3261 4862 eum
3310 4814 3481 4881 atque

210 4896 400 4967 quippe
431 4913 567 4952 cum
595 4897 722 4951 ideo
752 4897 982 4970 spiritus
1003 4900 1143 4968 ejus,
1177 4896 1271 4969 qui
1300 4903 1358 4951 et
1374 4896 1475 4952 Dei
1496 4897 1677 4951 Patris
1692 4902 1795 4961 est,
1882 4890 2197 4951 obsecrans,
2236 4896 2299 4946 ut
2336 4892 2547 4947 tribuat
2592 4892 2746 4946 vobis
2793 4893 3059 4950 virtutem
3095 4897 3287 4967 gloria:
3343 4916 3473 4966 suze,

134 5040 140 5045 ,
212 4982 362 5039 detur
406 4985 590 5042 nobis.
644 4993 709 5041 ut
751 4985 864 5041 vice
911 4988 1032 5057 ejus
1078 4991 1229 5040 tutos
1260 4991 1485 5057 praestet
1522 5003 1643 5051 nos,
1675 4986 1720 5039 si
1749 4986 1799 5039 ei
1882 4979 1936 5035 id
1972 4985 2072 5043 est,
2120 4982 2434 5051 majestatis
2463 4999 2575 5036 sua)
2620 4981 2823 5037 habere
2878 4984 3251 5054 cognitionem
3308 4994 3478 5058 atque

212 5077 593 5142 assentiamus,
621 5083 685 5130 ut
715 5080 773 5129 et
801 5078 1017 5131 occulta
1036 5076 1263 5135 revelat,
1289 5093 1391 5148 per
1419 5092 1585 5147 quem
1605 5074 1800 5147 utique
1882 5070 2244 5133 consortium,
2281 5088 2485 5141 vosque
2543 5070 2766 5126 roboret
2814 5078 2982 5145 atque
3029 5076 3321 5129 conﬁrmet
3376 5094 3478 5149 per

214 5161 379 5232 ipsum
410 5167 471 5220 in
506 5166 666 5220 nobis
688 5166 945 5220 habitare
967 5166 1249 5235 ambigere
1270 5182 1381 5220 non
1400 5165 1684 5219 debemus.
1705 5166 1801 5219 Est
1883 5159 2153 5231 Spiritum
2174 5165 2450 5227 sanctum,
2478 5160 2609 5231 quia
2630 5162 2784 5215 nulla
2812 5161 3079 5216 fortitudo
3108 5163 3319 5234 absque
3349 5165 3473 5237 Spi-

213 5254 346 5307 euim
376 5255 470 5308 hic
504 5256 647 5311 alius
694 5256 1029 5327 paracletus,
1063 5255 1211 5309 inter
1258 5272 1397 5326 quos
1432 5270 1799 5326 personarum
1881 5249 1993 5303 ritu
2024 5249 2126 5302 Dei
2149 5253 2253 5314 est,
2272 5249 2498 5304 roboret
2518 5255 2706 5305 autem
2736 5256 2903 5322 atque
2922 5252 3109 5305 ﬁrmet
3132 5250 3189 5306 in
3209 5253 3477 5311 interiore

213 5339 473 5398 distantia
501 5351 602 5412 est,
649 5361 765 5399 non
806 5350 1040 5411 naturae,
1085 5344 1218 5415 quia
1262 5349 1319 5398 et
1352 5344 1421 5398 de
1461 5361 1526 5399 eo
1574 5342 1792 5415 accipit,
1880 5337 2106 5392 homine
2129 5340 2261 5406 (non
2291 5339 2438 5393 enim
2470 5341 2718 5411 corporis
2744 5338 2905 5403 vires,
2940 5340 3038 5394 sed
3067 5340 3267 5397 animae
3322 5362 3476 5416 quae-

213 5434 312 5485 eta
339 5432 458 5486 Deo
488 5434 770 5504 procedit:
806 5434 862 5488 in
895 5433 1096 5505 quibus
1141 5434 1293 5487 enim
1339 5438 1554 5488 naturis
1613 5433 1799 5487 unitas
1882 5429 2078 5494 rimus,
2102 5442 2204 5481 nec
2224 5429 2555 5484 exteriorem
2600 5430 2696 5483 sed
2728 5429 3054 5484 interiorem
3072 5430 3357 5487 hominem
3385 5452 3477 5491 cu-

214 5523 304 5589 at,
325 5520 567 5580 invicem
586 5524 679 5580 sui
699 5529 854 5579 sunt.
877 5523 1034 5579 Unde
1064 5522 1197 5578 dicit
1229 5522 1502 5577 Dominus
1525 5541 1538 5577 :
1564 5541 1589 5574 «
1612 5521 1803 5577 omnia
1883 5519 2069 5589 pimUS
2099 5515 2393 5589 roborari),
2427 5525 2493 5575 ut
2520 5524 2820 5592 postquam
2848 5512 3189 5576 habitaverit
3222 5522 3477 5581 Christus

209 2761 420 2832 apostoli
450 2762 773 2816 lassescant
800 2768 968 2833 atque
988 2762 1270 2827 deﬁciant,
1297 2761 1582 2833 siquidem
1600 2769 1656 2816 et
1674 2780 1795 2834 quae

204 2857 498 2922 sequuntur
516 2852 658 2905 huic
692 2852 872 2922 magis
900 2852 1088 2905 sensui
1118 2858 1455 2922 congruunt.
