3892 6158
438 201 538 256 423

1019 203 1081 255 Β.
1123 199 1395 254 RABANI
1433 201 1663 256 MAURI
1719 200 2054 255 ARCHIEP.
2097 195 2421 252 MOGUNT.
2465 195 2762 248 OPERUM
2799 193 2982 248 PARS
3020 193 3116 247 III.

3574 198 3660 254 4‘24

437 326 496 378 in
526 326 792 380 interiore
815 325 1056 386 homine,
1080 325 1138 378 in
1164 323 1338 394 ipsius
1362 324 1644 378 interioris
1667 325 1911 378 hominis
1935 325 2036 376 ha-
2057 324 2100 382 Λ
2122 320 2466 374 dilexitnos?
2487 321 2672 372 Autut
2686 317 2822 389 quid
2835 323 3088 371 nostrum
3111 316 3349 383 haberet,
3367 318 3455 388 qui
3483 319 3664 374 nullius

443 413 582 467 bitet
607 414 920 485 principali,
952 413 1004 466 id
1038 407 1150 477 est;
1175 413 1232 466 in
1263 419 1452 472 mente
1478 413 1757 478 rationali,
1797 419 1852 466 et
1881 413 1940 466 in
1973 429 2039 465 ea
2120 410 2367 478 indiget?
2389 397 2655 478 Nunquid
2675 425 2788 460 non
2808 407 3050 460 Charitas
3087 407 3200 460 haec
3227 421 3386 476 super
3410 407 3667 462 scientiam

439 503 782 556 domicilium
814 503 1115 572 sedemque
1146 519 1307 556 suam
1331 508 1501 572 ponat
1533 503 1674 557 :hoc
1710 509 1899 557 autem
1959 508 2040 555 to-

441 599 560 646 tum
582 609 682 661 per
700 593 866 644 ﬁdem
915 593 1028 650 fiet,
1081 591 1128 643 si
1160 591 1455 644 credamus
1475 591 1530 644 in
1585 609 1734 657 eum,
1768 591 2040 644 habitatio

441 690 628 732 autem
660 680 785 743 ista,
822 697 943 750 qua:
985 696 1083 748 per
1107 679 1392 732 exordium
1426 679 1554 733 ﬁdei
1593 680 1915 744 fabricatur,
1951 695 2042 732 ra—

441 769 590 821 dices
611 774 666 822 et
687 769 1114 822 fundamentum
1137 767 1413 820 habuerat
1435 769 1489 820 in
1511 769 1803 830 eharitate,
1840 769 1906 821 de
1934 783 2044 838 qua

441 857 608 910 latius
638 857 834 926 incipit
851 857 1138 926 disputare
1159 856 1350 909 dicens
1381 877 1391 909 :
1424 859 1484 912 In
1513 859 2044 910 Charite-temcticali

441 951 486 997 et
517 947 765 1012 laudati,
802 951 863 997 ut
889 948 1106 1012 possitis
1137 945 1582 1012 comprehendere
1613 962 1738 997 runt
1784 945 2042 1015 omnibus

441 1018 647 1088 sanctis
679 1051 794 1102 quae
815 1036 887 1086 si!
915 1035 1150 1086 latitudo
1179 1039 1226 1085 et:
1253 1035 1610 1098 lungilmto,et
1634 1035 1966 1094 sublimitas,
1995 1037 2042 1084 et

441 1123 806 1192 profundum.
840 1122 1048 1189 (Greg)
1075 1120 1473 1191 Habetquippe
1495 1122 1644 1174 Deus
1668 1121 2040 1178 latitudinem.

446 1211 579 1281 quia
609 1211 961 1264 dilectionem
985 1227 1146 1264 suam
1183 1227 1360 1280 usque
1395 1211 1464 1262 ad
1504 1210 1884 1264 collectionem
1917 1226 2045 1280 per-

447 1299 803 1368 sequentium
835 1299 1034 1352 tendit.
1091 1298 1272 1351 lIabet
1330 1299 1758 1366 longitudinem.
1795 1298 1927 1368 quia
1976 1297 2044 1350 ad

447 1389 570 1442 vitae.
594 1389 835 1458 patriam
872 1405 974 1441 nos
1003 1387 1402 1455 longanimiter
1444 1388 1734 1440 tolerando
1767 1387 2042 1456 perducit.

450 1477 631 1530 Habet
663 1476 1084 1540 sublimitatem,
1115 1475 1247 1545 quia
1280 1476 1526 1546 ipsorum
1559 1493 1779 1546 quoque
1839 1475 2046 1528 intelli-

2123 498 2413 552 hominum
2439 497 2560 551 est?
2591 503 2689 550 aut
2709 497 2833 566 quis
2857 495 3148 549 hominum
3169 495 3307 548 hanc
3341 495 3529 566 poterit
3554 497 3668 549 cha-

2124 587 2349 641 ritatem
2387 587 2553 640 alicui
2585 585 2881 639 exhibere?
2930 600 3250 655 quanquam
3277 583 3450 654 impar
3493 585 3574 650 sit,
3619 602 3672 638 ac

2129 693 2226 747 per
2257 678 2358 729 hoc
2383 675 2764 745 supereminet
2793 674 3042 726 humana
3068 673 3408 726 commenta?
3437 674 3543 726 Hoc
3560 690 3672 742 ergo

2125 766 2242 819 vult
2271 781 2370 818 nos
2403 764 2562 829 scire,
2598 763 2731 833 quia
2759 780 2954 815 sensus
2997 769 3185 815 noster
3211 761 3421 831 assequi
3461 778 3560 814 non
3596 778 3675 832 po-

2125 861 2254 918 test,
2305 870 2406 906 nec
2459 853 2772 923 perspicere
2833 851 3268 922 profunditatem
3319 850 3676 904 beneﬁciorum

2127 943 2334 996 Christi
2351 958 2618 1011 erganos,
2637 947 2697 995 ut
2709 941 2938 1011 perinde
2957 956 3177 1010 semper
3189 938 3237 992 ei
3248 939 3417 992 simus
3435 939 3676 1009 supplices

2125 1038 2182 1084 et
2192 1031 2458 1096 devoti,et
2469 1031 2562 1101 qui
2577 1031 2644 1083 de
2661 1029 2861 1084 debitis
2879 1030 3032 1083 nulla
3045 1029 3258 1082 ratione
3272 1028 3568 1081 satisfacere
3577 1044 3680 1098 pos-

2129 1137 2339 1185 sumus,
2375 1120 2457 1172 vel
2489 1121 2546 1172 in
2580 1119 2687 1172 fide
2712 1121 2834 1188 ejus
2863 1135 3039 1188 usque
3070 1119 3140 1171 ad
3187 1124 3417 1170 mortem
3453 1133 3678 1187 perseve-

2129 1226 2336 1262 remus.
2377 1209 2476 1262 Ille
2507 1208 2656 1262 enim
2688 1225 2788 1278 pro
2828 1207 3244 1277 magniﬁcentia
3270 1205 3562 1276 majestatis
3585 1221 3682 1258 sua:

2129 1315 2196 1350 ea
2221 1299 2395 1367 gessit
2427 1314 2526 1368 pro
2555 1295 2732 1360 nobis,
2771 1313 2892 1366 quze
2921 1295 3024 1348 sibi
3039 1295 3267 1365 indigna
3285 1301 3428 1357 sunt,
3443 1299 3500 1346 ut
3517 1299 3679 1357 etnos,

2132 1387 2187 1440 in
2217 1395 2488 1458 quantum
2513 1403 2827 1456 possumus,
2844 1385 2894 1438 ei
2917 1385 3270 1438 famulemur.
3290 1385 3348 1437 Ut
3374 1385 3684 1450 impleamini

2131 1479 2194 1529 in
2226 1493 2438 1529 munem
2466 1477 2870 1543 ptenitudtmm
2904 1473 3210 1539 1)cz’.(Alb.)
3243 1473 3380 1526 Cum
3408 1477 3582 1524 autem
3614 1487 3685 1522 ra-

446 1565 714 1634 gentiam,
745 1564 838 1633 qui
869 1564 1078 1634 recepti
1109 1565 1168 1618 in
1218 1581 1463 1633 superna
1501 1564 1711 1617 fuerint
1749 1581 2050 1633 congrega—
2133 1563 2298 1615 dicati
2327 1568 2382 1615 et
2407 1563 2627 1615 fundati
2649 1563 2704 1614 in
2724 1562 2997 1614 charitate
3021 1561 3078 1614 in
3101 1560 3362 1613 interiore
3375 1559 3582 1612 homine
3599 1557 3684 1610 ha-

450 1653 602 1708 tione
622 1653 993 1707 transcendit.
1029 1652 1210 1705 liabet
1231 1653 1586 1721 profundum,
1619 1653 1714 1723 qui
1772 1653 2052 1706 damnatis
2072 1641 2118 1699 B
2138 1649 2314 1703 bitare
2340 1650 2626 1702 Christum
2647 1655 2769 1703 tota
2788 1651 2990 1702 mentis
3007 1648 3211 1701 fiducia
3227 1647 3546 1711 noverimus,
3576 1651 3687 1697 tunc

455 1741 684 1794 inferius
705 1740 1067 1794 districtionis
1089 1757 1200 1792 suae
1216 1741 1490 1809 judicium
1516 1740 2050 1811 incomprehensibi-
2137 1739 2466 1809 incipiemus
2487 1756 2612 1792 cum
2627 1738 3058 1792 czeterissanctis
3071 1738 3240 1790 etiam
3263 1737 3332 1788 ad
3361 1736 3452 1788 illa
3477 1752 3570 1787 nos
3584 1739 3688 1786 ten-

456 1829 583 1883 liter
611 1829 803 1888 exerit,
829 1847 949 1899 quae
996 1829 1206 1882 scilicet
1233 1835 1476 1898 quatuor
1506 1829 1664 1882 nobis
1697 1829 1753 1883 in
1784 1831 1886 1882 hac
1941 1829 2056 1882 vita
2137 1828 2288 1890 dere,
2321 1834 2385 1880 ut
2411 1827 2595 1896 sagaci
2625 1828 2814 1880 animo
2835 1826 3371 1896 comprehendamus
3401 1841 3513 1894 quae
3541 1823 3605 1876 sit
3619 1822 3688 1873 la-

453 1919 652 1988 positis
683 1918 918 1988 singulis
949 1924 1185 1982 exercet,
1233 1919 1365 1987 quia
1421 1919 1774 1972 latitudinem
1816 1918 2056 1971 amando
2139 1917 2319 1970 titudo
2350 1925 2406 1970 et
2434 1917 2741 1986 longitudo,
2786 1921 2842 1969 et
2881 1915 3242 1986 profundum,
3290 1920 3346 1966 et
3384 1911 3618 1975 altitudo,
3646 1917 3691 1963 et

455 2015 510 2060 et
533 2007 938 2076 longitudinem
969 2007 1277 2066 tolerando,
1313 2015 1368 2058 et
1399 2007 1784 2060 celsitudinem
1832 2025 1942 2060 non
1966 2023 2055 2059 so-
2140 2023 2251 2059 non
2275 2007 2456 2059 solum
2479 2007 2600 2063 hoc,
2625 2006 2720 2058 sed
2740 2006 2912 2058 etiam
2939 2004 3448 2075 supereminentem
3477 2001 3690 2055 scientiae

459 2095 575 2148 lum
605 2102 856 2148 nostram
897 2095 1347 2162 intelligentiam.
1393 2097 1490 2148 sed
1533 2096 1700 2148 etiam
1731 2103 1861 2148 vota
1890 2111 2056 2166 supe-
2139 2095 2469 2147 charitatem
2501 2094 2710 2148 Christi
2740 2094 2880 2146 scire
2897 2093 3204 2163 cupiemus,
3229 2098 3294 2146 ut
3309 2089 3693 2162 postquamhaac

457 2184 653 2247 rando,
673 2189 729 2236 et
750 2183 1190 2253 profunditatem
1219 2201 1379 2236 suam
1426 2184 1649 2237 exhibet
1697 2191 1827 2237 ante
1867 2185 2056 2238 oculos
2141 2183 2329 2236 omnia
2357 2183 2585 2236 fuerunt
2602 2182 2658 2235 in
2680 2182 2838 2235 nobis
2859 2181 3050 2235 ordine
3093 2190 3150 2235 et
3187 2181 3398 2234 ratione
3433 2178 3689 2248 completa.

432 2278 516 2330 .et
538 2271 760 2325 illicitos
791 2271 1194 2340 cogitationum
1227 2281 1411 2326 motus
1439 2273 1690 2326 districte
1731 2273 2052 2343 judicando.
2139 2278 2272 2324 tunc
2301 2271 2637 2341 impleamur
2665 2271 2722 2324 in
2755 2272 2907 2325 omni.
2939 2270 3288 2341 plenitudine
3316 2269 3431 2323 Dei.
3460 2265 3693 2321 Altitudi-

460 2361 568 2414 Sed
600 2362 722 2430 ejus
744 2361 1016 2414 celsitudo
1039 2368 1095 2414 et
1126 2362 1478 2431 profunditas
1510 2379 1678 2432 quam
1708 2363 1782 2415 sit
1836 2361 2059 2416 investi-
2141 2377 2268 2412 nem
2301 2361 2528 2428 angelos
2549 2377 2846 2431 possumus
2876 2360 3192 2428 intelligere
3216 2373 3580 2428 supernasque
3609 2356 3696 2407 vir-

458 2449 660 2517 gabilis
691 2451 878 2503 nullus
895 2451 1165 2518 agnoscit,
1201 2451 1328 2515 nisi,
1351 2451 1445 2520 qui
1477 2453 1558 2505 vel
1591 2451 2060 2522 contemplatione
2143 2455 2310 2502 tutos.
2364 2449 2701 2518 profundum
2757 2465 2886 2501 vero
2939 2449 3169 2513 inferos,
3203 2454 3259 2501 et
3305 2463 3424 2517 qua:
3463 2445 3594 2497 infra
3619 2461 3696 2495 eos

457 2539 529 2592 ad
561 2555 784 2592 summa
831 2539 1078 2609 provehi,
1112 2540 1194 2592 vel
1237 2541 1468 2593 occultis
1498 2541 1743 2594 motibus
1774 2541 2057 2605 resistens.
2143 2538 2720 2606 suntzlongitudincm
2739 2544 2926 2590 autem
2948 2543 3005 2590 et
3024 2536 3378 2590 latitudinem
3393 2533 3581 2599 media,
3597 2549 3697 2602 quae

462 2627 838 2681 tentationum
863 2628 1094 2698 cmperit
1121 2628 1546 2698 importunitate
1575 2629 1810 2692 turbari,
1829 2629 1975 2682 unde
2007 2636 2063 2681 et
2144 2627 2291 2678 inter
2318 2643 2550 2696 superos
2582 2627 2899 2696 inferosque
2921 2626 3253 2679 consistunt.
3278 2626 3345 2678 Et
3382 2624 3505 2693 quia
3539 2637 3698 2674 conse-

459 2713 622 2768 beato
655 2714 758 2768 Job
781 2714 988 2767 dicitur
1013 2733 1022 2766 :
1061 2716 1468 2770 Ercetm’orcwlo
1487 2723 1576 2780 est,
1613 2723 1660 2770 et
1691 2719 1827 2784 quid
1846 2720 2010 2783 facies
2035 2723 2058 2768 Ρ
2143 2731 2318 2784 quens
2339 2721 2424 2766 est
2439 2721 2538 2768 aut
2569 2715 2784 2784 superis
2819 2715 3063 2785 aliquem
3095 2721 3197 2768 aut
3237 2712 3428 2767 inferis
3455 2728 3566 2765 esse
3591 2708 3699 2762 vici-

457 2806 796 2870 profundior
824 2806 1067 2870 inferno,
1097 2809 1142 2856 ct
1174 2807 1322 2857 unde
1339 2821 1610 2871 cognosces
1641 2812 1664 2858 ?
1691 2807 1828 2872 (Job.
1854 2805 1954 2874 x1.)
1983 2806 2060 2857 Ac
2143 2821 2296 2869 num,
2336 2821 2681 2874 qua-cunque
2712 2803 2988 2873 incipiunt
3011 2804 3080 2856 ad
3103 2803 3339 2856 meliora
3368 2803 3615 2872 proﬁcere
3653 2803 3700 2848 et

461 2892 712 2962 siaperto
725 2891 976 2962 dispectu
991 2891 1743 2962 diceretur,profunditatem
1758 2895 2058 2964 ejusatque
2093 2961 2120 2964 Α
2143 2892 2210 2945 ad
2234 2893 2481 2946 cmlestia
2510 2900 2567 2946 et
2595 2893 2664 2946 ad
2687 2893 2802 2946 alta
2830 2909 3188 2962 consurgere,
3209 2891 3494 2961 longitudo
3530 2885 3694 2959 appel-

461 2981 842 3033 excelleutiam
885 2981 1108 3050 quando
1139 2987 1202 3034 tu
1229 2999 1560 3051 cognoscere
1585 2982 1811 3048 sufﬁcis,
1836 2982 1931 3052 qui
1975 2983 2057 3034 καὶ
2081 2961 2122 3018 C
2141 2982 2354 3034 lentur:
2380 2999 2501 3052 quae
2519 2997 2646 3034 vero
2679 2981 2928 3034 inferiori
2949 2981 3096 3051 parti
3117 2981 3372 3051 proxima
3393 2985 3534 3033 sunt.
3565 2982 3615 3029 et
3639 2973 3695 3027 ad

461 3069 745 3122 virtutead
763 3070 2058 3142 summaevehi.veltemeptisumreprehendere
2141 3071 2274 3124 vitia
2298 3071 2640 3126 dilabuntur.
2675 3071 2762 3124 his
2796 3069 3114 3124 latitudinis
3159 3087 3368 3124 nomen
3417 3065 3702 3138 impositum

461 3158 519 3211 in
540 3158 945 3212 tentationibus
967 3159 1398 3228 nescis?(Amb.)
1415 3159 1696 3230 Sequitur,
1729 3161 1786 3213 (τι
1804 3165 1861 3213 in.
1878 3161 2060 3214 chari-
2142 3160 2243 3212 sit:
2279 3162 2401 3213 Lata
2420 3163 2672 3228 qm’pprct
2695 3163 2932 3228 spatiosa
2954 3176 3042 3211 rm
3070 3175 3194 3226 qua?
3232 3161 3382 3211 ducit
3411 3158 3480 3210 ad
3509 3159 3705 3207 mortem

465 3253 571 3301 tate
601 3250 858 3311 J‘azttcati,
877 3253 982 3300 etc.
999 3249 1114 3300 lloc
1132 3255 1397 3318 pl'tt‘stz‘ll'c
1419 3249 1908 3302 dicithabitantem
1932 3249 2057 3318 Spi-
2145 3249 2353 3310 (.l-Iutth.
2389 3253 2502 3316 vn).
2539 3249 2666 3302 Haec
2688 3247 2947 3300 universa
2967 3254 3022 3299 et
3042 3247 3099 3300 in
3119 3264 3286 3301 cruce
3308 3244 3522 3300 Domini
3549 3239 3698 3296 nostri

379 3355 384 3360 ·
462 3337 634 3389 ritum
665 3336 748 3388 vel
771 3336 1056 3389 Christum
1085 3336 1138 3389 in
1162 3336 1337 3400 nobis,
1358 3338 1646 3390 utfundati
1665 3337 1836 3390 simus
1859 3338 1916 3390 in
1934 3339 2060 3390 cha-
2141 3337 2168 3389 J
2175 3353 2272 3389 esu
2295 3337 2503 3390 Christi
2525 3337 2762 3405 intelligi
2784 3343 3017 3406 queunt,
3037 3342 3101 3389 ut
3120 3335 3198 3389 sit
3220 3335 3453 3390 latitudo
3482 3333 3536 3386 in
3555 3338 3707 3385 trans-

465 3425 631 3478 ritate
661 3425 782 3489 Dei,
815 3424 1052 3477 devincti
1081 3424 1362 3478 beneﬁciis
1387 3427 1526 3495 ejus,
1552 3431 1608 3478 et
1636 3427 1912 3496 possimus
1933 3443 2060 3478 cum
2141 3442 2299 3478 verso
2330 3425 2500 3494 ligno,
2531 3425 2626 3478 ubi
2657 3425 2886 3478 brachia
2913 3431 3141 3478 extensa
3167 3425 3400 3477 fuerunt
3441 3441 3451 3474 :
3501 3417 3706 3474 altitudo

461 3515 666 3567 sanctis
699 3513 792 3583 qui
825 3519 956 3566 sunt
973 3514 1209 3583 apostoli
1243 3521 1296 3567 et
1328 3516 1612 3585 prophetae
1638 3515 1977 3568 immensum
2007 3522 2065 3568 et
2146 3531 2274 3584 pars
2295 3514 2452 3584 ligni,
2473 3531 2595 3584 qua;
2614 3531 2786 3584 supra
2801 3514 3155 3568 latitudinem
3172 3514 3300 3577 fuit,
3327 3512 3414 3567 cui
3433 3515 3588 3581 caput
3602 3509 3708 3578 jun-

459 3601 904 3656 inaestimabilem
921 3619 1253 3672 cognoscere
1284 3604 1688 3668 Deum,omnia
1706 3605 2064 3658 excedentem
2145 3608 2296 3655 ctum
2327 3609 2428 3667 est,
2463 3603 2752 3672 longitudo
2781 3619 2929 3668 vero,
2965 3601 3058 3656 ubi
3088 3601 3325 3655 inferior
3351 3617 3476 3672 pars
3489 3597 3584 3652 sub
3602 3594 3706 3648 lati—

463 3691 756 3760 majestate
779 3689 998 3742 virtutis
1035 3708 1166 3744 suae.
1193 3691 1334 3744 Cum
1363 3690 1512 3744 enim
1549 3691 1701 3756 dicit,
1727 3692 1982 3753 latitudo,
2009 3697 2065 3744 et
2145 3691 2339 3744 tudine
2373 3691 2693 3744 extenditur
2721 3691 2878 3760 ligni,
2911 3689 3000 3745 cui
3029 3697 3217 3744 totum
3249 3706 3447 3761 corpus
3474 3683 3705 3741 haerebat.

465 3778 1658 3850 longitudo,etaltitudo.etprofundum,hoc
1671 3781 1864 3850 utique
1886 3779 2060 3850 signi-
2144 3781 2483 3850 profundum
2509 3797 2640 3832 vero
2670 3780 2767 3832 illa
2795 3797 2924 3850 pars
2954 3780 3149 3844 crucis,
3199 3797 3323 3850 quae
3369 3779 3426 3832 in
3455 3784 3596 3830 terra
3619 3775 3708 3824 ﬁxa

465 3869 611 3931 ﬁcat,
645 3873 709 3920 ut
737 3867 881 3921 sicut
912 3868 969 3920 in
999 3868 1218 3938 splnera
1245 3875 1406 3922 tanta
1429 3869 1721 3938 longitudo
1735 3875 1820 3922 est
1850 3874 2062 3940 quanta
2143 3876 2245 3922 est.
2277 3869 2539 3922 Latitudo
2558 3885 2688 3922 vero
2710 3869 2958 3922 extensio
2977 3875 3064 3922 est
3083 3869 3398 3932 charitatis,
3419 3882 3535 3937 quae
3564 3861 3708 3916 etiam

463 3955 956 4020 latitudo,ettanta
973 3956 1210 4009 altitudo
1239 3965 1510 4027 quantum
1531 3958 2062 4028 profundum:itaet
2143 3975 2256 4012 non
2285 3959 2466 4012 solum
2497 3959 2566 4032 ad
2606 3958 2812 4012 amicos
2845 3957 2940 4028 qui
2985 3958 3180 4010 dextra
3212 3957 3600 4026 significantur,
3630 3948 3709 4005 sed

465 4042 522 4095 in
553 4043 668 4095 Deo
697 4043 883 4095 omnia
913 4044 1150 4112 aequalia
1179 4051 1308 4098 sunt
1332 4045 1712 4099 immensitate
1745 4045 2058 4099 inﬁnitatis.
2146 4047 2318 4101 etiam
2348 4048 2417 4101 ad
2449 4047 2704 4101 inimicos
2738 4047 2832 4117 qui
2853 4047 2911 4100 in
2935 4046 3162 4100 sinistra
3201 4046 3602 4116 intelliguntur,
3631 4055 3709 4092 ex-

466 4131 698 4201 Sphaera
716 4131 1124 4192 enim,deﬁnito
1144 4134 1311 4186 modo
1334 4134 2062 4188 concluditur.Deusautem
2146 4137 2300 4190 tendi
2324 4137 2557 4207 jubetur
2577 4155 2588 4203 ;
2611 4137 2848 4190 altitudo
2870 4151 3000 4188 vero
3029 4135 3099 4188 ad
3129 4152 3288 4206 spem
3322 4133 3573 4206 pertinet,
3604 4126 3714 4199 quia

467 4235 577 4272 non
611 4219 788 4272 solum
812 4219 1222 4290 omniaimplet,
1244 4221 1338 4274 sed
1363 4223 1597 4286 excedit,
1629 4224 1890 4276 necenim
1909 4225 2062 4278 clau-
2080 4278 2126 4296 ἢ
2147 4225 2338 4278 omnia
2365 4225 2658 4278 charitatis
2693 4241 2863 4296 opera
2885 4225 2944 4277 in
2983 4241 3079 4294 spe
3107 4229 3332 4278 aeternae
3362 4214 3712 4276 retributionis

1091 4278 1108 4290 ,
1213 4278 1220 4285 .
1589 4278 1596 4286 ,
2727 4278 2745 4296 ι
3012 4278 3029 4294 ι

465 4308 636 4372 ditur,
650 4308 746 4361 sed
760 4308 950 4362 omnia
970 4307 1118 4362 intra
1135 4326 1192 4362 se
1215 4308 1402 4372 habet,
1423 4313 1648 4364 utsolus
1685 4312 1978 4366 ineffabilis
2009 4278 2476 4368 etDsolidantur.
2512 4313 2826 4383 Longitudo
2857 4313 3045 4383 itaque
3089 4311 3559 4383 perseverantiam
3603 4302 3711 4357 boni

467 4397 1028 4464 mﬁnitushabcatur,
1047 4403 1101 4451 et
1114 4398 1311 4468 gratia:
1332 4399 1463 4453 huic
1482 4400 2064 4472 insufﬁcienteragan—
2147 4402 2331 4472 operis
2361 4402 2659 4472 signiﬁcat,
2687 4402 2753 4454 de
2785 4418 2898 4472 qua
2924 4401 3128 4454 dicitur
3175 4420 3186 4454 :
3227 4405 3336 4468 Qui
3373 4409 3712 4469 persevera-rc-

465 4494 578 4554 tur,
595 4487 710 4558 qui,
743 4504 870 4541 cum
901 4492 1093 4540 tantus
1121 4487 1214 4553 sit,
1247 4488 1510 4558 dignatus
1541 4497 1628 4542 est
1647 4507 1748 4560 per
1777 4490 2062 4544 Christum
2145 4494 2224 4544 rit
2257 4507 2423 4558 usque
2454 4493 2516 4542 in
2558 4494 2746 4557 ﬁnem,
2780 4490 2870 4542 hic
2895 4493 3080 4543 salvus
3111 4492 3218 4542 erit
3253 4489 3468 4557 (Matth.
3499 4489 3572 4552 x).
3603 4483 3714 4535 Pro-

465 4575 750 4630 hominem
761 4577 1006 4642 visitare,
1033 4577 1274 4647 peccatis
1287 4584 1344 4632 et
1367 4579 1532 4631 morti
1555 4578 1890 4648 subjectum.
1913 4581 2064 4635 Scire
2145 4577 2392 4632 funditas
2406 4596 2536 4632 vero
2557 4579 2754 4642 crucis,
2775 4595 2898 4649 quae
2927 4577 3218 4631 invisibilis
3241 4585 3344 4643 est,
3369 4577 3604 4630 divinam
3637 4569 3712 4621 de-

467 4669 632 4718 otz’am
679 4669 1173 4732 superemtuentem.
1208 4670 1448 4721 scicntia:
1478 4668 1806 4722 charitatcm
1837 4670 2058 4722 Christi.
2147 4673 2422 4740 monstrat
2437 4668 2701 4738 gratiam,
2727 4668 2876 4720 unde
2891 4667 3007 4720 haec
3029 4667 3218 4720 omnia
3232 4666 3713 4738 proceduntetcre—

470 4751 826 4820 (Amb.)Post
845 4753 943 4806 Dei
969 4754 1434 4821 patrisinfinitam
1453 4762 1508 4809 et
1538 4755 2066 4827 incomprehensibi-
2149 4761 2327 4809 scunt.
2364 4755 2566 4825 (Amb.)
2601 4756 2746 4819 Quia
2774 4756 2912 4809 ﬁdes
2942 4772 3122 4825 neque
3169 4755 3229 4808 in
3287 4755 3404 4807 solo
3451 4753 3608 4806 Patre
3647 4745 3714 4799 in-

471 4840 577 4892 lem
593 4839 964 4908 cognitionem
977 4846 1033 4894 et
1052 4842 1482 4897 inenarrabilem
1493 4844 1845 4898 clementiam
1861 4845 2066 4900 Christi
2147 4851 2307 4914 tegra
2323 4851 2427 4911 est,
2451 4847 2632 4915 neque
2665 4845 2722 4898 in
2739 4845 2856 4898 solo
2876 4845 3015 4898 Filio
3038 4843 3300 4915 perfecta,
3337 4843 3460 4896 ideo
3489 4835 3676 4908 adjecit
3701 4851 3710 4884 :

469 4945 690 4998 quoque
705 4945 1120 4998 agnoscerenos
1133 4933 2066 5004 vultcharitatem,quiasuperemi-
2153 4935 2214 4988 L't
2238 4937 2606 5002 z'mptcamz‘m',
2632 4934 2728 5000 ait,
2753 4939 2816 4988 in
2851 4950 3062 4987 omnm):
3089 4934 3496 5002 plenitudinem
3527 4929 3632 4982 Dei.
3656 4922 3718 4976 Ut

468 5017 652 5071 uentis
665 5025 749 5071 est
761 5018 2066 5092 scientia,etsubintelligiturhumame,utsuper
2147 5023 2492 5076 confessione
2521 5030 2578 5076 et
2601 5023 2914 5094 gratiarum
2940 5021 3157 5076 actione
3177 5021 3324 5075 sicut
3352 5018 3521 5078 Patri,
3555 5016 3628 5068 ita
3667 5015 3715 5062 et

471 5105 760 5160 scientiam
791 5106 1084 5159 hominum
1114 5107 1387 5163 habeatur
1415 5111 1638 5163 dilectio
1671 5110 1897 5164 Christi.
1932 5111 2066 5174 Quis
2148 5110 2287 5164 Filio
2319 5111 2744 5166 honoriﬁcentia
2766 5117 3096 5172 reservetur,
3115 5117 3173 5163 et
3191 5110 3399 5174 omnia,
3421 5124 3539 5178 quae
3567 5103 3714 5156 aDeO

471 5195 620 5247 enim
639 5200 824 5266 potest
851 5195 1071 5265 coigere
1096 5196 1386 5250 charitatis
1413 5199 1665 5270 mysterii
1693 5200 1863 5268 hujus
1891 5200 2066 5253 ratio-
2149 5200 2316 5253 Patre
2344 5207 2490 5263 sunt,
2517 5218 2616 5272 per
2635 5201 2839 5254 Filium
2876 5201 3023 5253 facta
3069 5205 3126 5252 et
3158 5203 3474 5253 restaurata
3509 5190 3716 5247 credan-

471 5289 700 5346 nem,ut
723 5284 938 5338 etDeus
959 5284 1201 5338 hominis
1231 5302 1398 5339 causa
1420 5287 1586 5341 homo
1615 5293 1958 5354 nasceretur,
1976 5289 2068 5342 de-
2147 5294 2260 5356 tur,
2294 5295 2358 5344 ut
2385 5291 2459 5343 sit
2477 5291 2642 5361 plena
2669 5289 2934 5360 perfectio
2960 5288 3266 5342 divinitatis
3307 5287 3367 5340 in
3397 5281 3715 5357 professione

471 5368 602 5424 inde
624 5377 956 5440 moreretur,
973 5390 1073 5443 pro
1095 5373 1432 5441 hominibus,
1449 5392 1548 5446 pro
1577 5376 1752 5430 servis
1774 5377 2063 5444 Dominus,
2149 5379 2517 5433 credentium.
2549 5379 2702 5434 Nihil
2723 5378 2902 5434 deerit
2929 5378 3266 5439 Christiano,
3305 5373 3528 5446 quando
3554 5371 3714 5424 Deum

473 5475 574 5528 pro
590 5463 849 5516 creatura
863 5461 1827 5537 Creator,proimpiispius?propter
1839 5466 1972 5537 quid
1990 5466 2068 5520 ita
2150 5468 2374 5522 Patrem
2435 5485 2534 5539 per
2581 5468 2770 5522 omnia
2845 5468 3181 5521 immensum
3237 5481 3358 5520 esse
3435 5455 3713 5531 cognoscit
