3880 6146
235 304 322 363 425
610 300 1190 358 ENARRATIONUM
1224 301 1305 357 IN
1340 300 1501 386 EPP.
1536 299 1753 357 PAULI
1790 299 1928 385 LIB.
1972 299 2358 356 XVIIL—IN
2394 299 2618 358 EPIST.
2657 301 2757 357 AD
2793 301 3044 391 DPHES.
3368 307 3475 366 426

231 428 528 484 charitatem
547 443 774 500 quoque
793 426 1005 483 Christi
1022 425 1361 482 ineﬂ‘abilem
1389 410 1787 498 et‘superemi-
1809 427 1853 487 Α
1871 426 2152 493 hortatur,
2177 431 2243 480 ut
2261 424 2391 480 fidei
2410 442 2525 481 suae
2550 426 2722 499 digna
2756 443 2928 500 opera
2954 427 3226 487 facientes
3256 432 3475 503 possint

228 524 420 583 nantem
446 516 688 573 scientiae
716 518 976 572 humanae
1002 517 1317 588 profitetur.
1350 517 1421 571 Ei
1444 522 1652 583 autem,
1684 519 1785 586 qui
1868 515 2156 587 percipere
2196 531 2320 586 quae
2350 515 2629 587 promissa
2656 524 2792 572 sunt
2817 517 3047 585 sanctis,
3081 519 3264 575 sciens
3280 521 3475 593 gloria

226 613 378 677 potens
398 611 469 660 est
495 609 687 661 omnia
716 609 894 674 facere
920 607 1440 675 superabundanter
1464 622 1636 675 quam
1649 607 1787 674 peti—
1869 619 1985 659 suae
2015 620 2137 658 esse
2165 603 2335 674 hujus
2365 604 2447 659 rei
2465 605 2800 676 profectum.
2818 608 2959 663 Cum
2979 610 3136 663 omni
3152 609 3475 667 humilitate

234 701 430 750 musaut
440 696 1114 765 intelligimussecundum
1127 697 1388 748 virtutem
1399 710 1518 763 quae
1528 699 1788 764 operatur
1870 698 1919 747 et
1930 694 2375 759 mansuetudine,
2393 710 2520 749 cum
2529 697 2827 764 patientia,
2845 702 3228 766 supportantes
3238 701 3473 755 invicem

231 789 281 838 in
298 787 449 850 nobis,
476 787 582 853 ipsi
598 788 783 853 gloria
799 788 862 838 in
881 785 1137 849 Ecclesia,
1156 788 1205 837 et
1228 786 1291 836 in
1316 783 1530 838 Christo
1563 786 1689 838 Jesu
1723 786 1787 837 in
1869 784 1934 836 in
1954 784 2241 847 charitate,
2260 786 2489 838 solliciti
2497 799 2716 838 servare
2729 787 3005 839 unitatem
3016 787 3253 855 spiritus
3272 790 3336 842 in
3356 791 3479 844 vin-

225 875 760 941 cmnesgenerationes
769 875 955 927 saeculi
965 875 1294 926 saeculorum
1310 873 1785 941 Amen.(llieron.)
1869 874 1992 926 cuto
2000 888 2172 940 pacis.
2198 871 2405 941 (Amb.)
2428 873 2592 926 Nunc
2609 872 3017 928 dissensionem
3035 874 3298 945 prohibet
3317 895 3329 930 :
3351 860 3481 932 chaé

1874 959 2028 1014 ritati
2047 966 2237 1015 autem
2259 961 2599 1016 studendum
2622 969 2832 1027 monet,
2857 979 2930 1018 ne
2963 963 3227 1035 spiritum
3253 964 3480 1021 virtutis

1875 1055 1933 1103 et
1946 1048 2100 1119 pacis
2120 1048 2405 1114 amittant,
2430 1066 2495 1103 ac
2514 1066 2616 1120 per
2636 1050 2760 1116 hoc,
2786 1056 2852 1105 ut
2871 1049 3105 1106 invicem
3126 1069 3187 1106 se
3208 1053 3482 1113 sufferant

1874 1153 2002 1191 cum
2020 1136 2312 1208 patientia.
2338 1137 2613 1192 Modestia
2629 1138 2779 1192 enim
2801 1139 3109 1210 profectum
3147 1140 3312 1213 parit,
3346 1142 3482 1213 quia

1880 1241 2009 1280 cum
2020 1241 2079 1279 se
2089 1224 2328 1280 invicem
2340 1226 2740 1294 tolerant,cum
2751 1227 2982 1283 lenitate
2997 1228 3170 1283 animi
3185 1235 3480 1286 monentes

1880 1313 2239 1384 corriguntur
2259 1314 2331 1369 ad
2350 1315 2630 1380 affectum,
2657 1321 2715 1370 et
2744 1333 2850 1387 pax
2885 1316 2945 1371 in
2972 1316 3054 1372 eis
3081 1317 3348 1386 manebit,
3382 1334 3485 1391 per

1880 1419 2051 1475 quam
2062 1403 2165 1458 filii
2180 1402 2282 1458 Dei
2292 1420 2405 1459 non
2419 1403 2703 1460 immerito
2714 1404 3079 1474 vocabuntur,
3086 1407 3222 1479 quia
3230 1407 3487 1464 dixitDo-

1879 1490 2472 1562 minuszBeatipaci/ici
2480 1496 2749 1562 quoniam
2758 1496 2871 1563 ﬁlii
2878 1496 2979 1550 Dei
2988 1496 3488 1553 vocabuntur.Per~

1879 1580 2129 1636 turbatio
2150 1581 2302 1636 enim
2319 1581 2404 1636 vel
2417 1581 2746 1653 inquietudo
2761 1582 3178 1639 contentionem
3191 1583 3344 1653 facit,
3364 1601 3488 1658 qua

1881 1671 2025 1724 solet
2035 1670 2204 1725 etiam
2216 1687 2285 1725 ea
2298 1687 2420 1743 qua:
2436 1671 2588 1725 mala
2602 1671 2758 1727 novit
2772 1671 2915 1727 velle
2924 1671 3320 1741 defendere,ne
3330 1674 3487 1731 cede-

223 1759 316 1823 bat,
338 1761 626 1816 recederet
644 1760 716 1815 ab
736 1777 823 1826 eo,
846 1760 1058 1815 dictum
1078 1764 1165 1813 est
1192 1775 1204 1809 :
1236 1756 1456 1827 Sufﬁcit
1487 1760 1588 1813 tibi
1612 1762 1802 1827 gratia
1818 1745 1865 1805 Β
1882 1759 2209 1814 revideatur
2234 1760 2377 1814 Hinc
2387 1760 3007 1833 oriturdiscordia,quae
3019 1762 3491 1835 corrumpitpacis

222 1866 324 1904 mea
349 1850 540 1919 (1001'.
581 1854 701 1918 xu).
744 1849 951 1905 Potens
989 1854 1079 1903 est
1114 1863 1248 1918 ergo
1286 1847 1437 1902 Deus
1472 1864 1585 1903 non
1619 1849 1803 1903 solum
1882 1848 2112 1902 frudem.
2136 1847 2305 1920 (Alb.)
2328 1848 2523 1904 Potest
2536 1854 2597 1903 et
2611 1850 2916 1921 Apostolus
2932 1850 2993 1905 in
3014 1849 3225 1906 Christi
3252 1850 3488 1908 vinculis

226 961 345 1017 adid
365 961 505 1031 quod
534 977 709 1033 supra
739 961 975 1027 dixerat,
1018 976 1185 1015 curvo
1209 976 1391 1029 genua
1421 976 1542 1031 mea
1580 962 1654 1014 ad
1689 963 1790 1016 Pa-

229 1049 862 1115 trem.etc.,nuncinfert,
886 1050 956 1103 Ei
974 1054 1159 1103 autem
1190 1051 1290 1117 qui
1312 1053 1501 1117 potest,
1528 1054 1658 1115 etc.,
1689 1050 1793 1104 hoc

225 1138 511 1205 ostendens,
546 1156 607 1193 se
639 1139 868 1209 quidem
890 1140 1053 1209 juxta
1079 1136 1520 1193 imbecillitatem
1551 1138 1793 1192 hominis

227 1227 525 1299 postulasse,
537 1244 664 1300 quae
676 1228 759 1282 eis
774 1225 1150 1281 conducibilia
1160 1225 1512 1293 videbantur,
1535 1232 1796 1282 caeterum

227 1316 553 1387 quantumad
572 1316 655 1371 rei
669 1316 846 1389 ipsius
862 1314 1108 1387 pertinet
1128 1315 1443 1379 veritatem,
1473 1316 1598 1387 plus
1618 1316 1799 1371 Deum

225 1404 382 1460 valere
408 1404 742 1471 retribuere,
774 1421 945 1476 quam
971 1410 1223 1475 rogatur,
1247 1404 1383 1475 quia
1410 1406 1719 1460 secundum
1741 1404 1798 1460 id

223 1494 347 1565 quod
374 1499 597 1565 oportet
622 1511 787 1550 orare
806 1492 1106 1559 nescimus,
1131 1499 1190 1548 et
1202 1510 1349 1566 saepe
1368 1499 1566 1548 contra
1585 1511 1687 1549 nos
1707 1511 1800 1566 pe-

217 1582 381 1649 timus,
401 1583 749 1639 aestimantes
760 1599 881 1639 esse
892 1600 995 1655 pro
1015 1581 1196 1649 nobis,
1211 1582 1382 1638 veluti
1400 1582 1470 1637 de
1490 1583 1611 1654 ipso
1624 1583 1799 1638 Paulo

215 1671 444 1743 legimus,
469 1670 563 1726 cui
583 1671 930 1743 deprecanti,
956 1676 1020 1726 ut
1039 1671 1295 1741 angelus,
1318 1671 1414 1741 qui
1431 1687 1560 1725 eum
1576 1676 1800 1741 torque-

221 1954 370 2009 super
384 1939 530 2010 quod
557 1938 825 2011 petimus,
851 1936 950 1992 sed
969 1937 1141 1992 etiam
1159 1952 1330 2007 super
1346 1936 1424 2003 id,
1455 1937 1604 2008 quod
1636 1936 1802 1992 intel-

224 2026 421 2099 ligimus
449 2027 728 2083 tribuere.
762 2025 1060 2082 Praestabit
1078 2024 1253 2098 igitur
1272 2042 1443 2097 super
1467 2042 1636 2097 quam
1658 2026 1804 2099 peti-

222 2132 328 2169 mus
351 2123 447 2171 aut
471 2115 873 2188 intelligimus,
906 2114 1216 2171 secundum
1244 2130 1369 2169 eam
1398 2121 1662 2169 Virtutem
1682 2132 1808 2187 quae

223 2210 462 2276 operatur
480 2205 545 2261 in
573 2204 755 2271 nobis,
789 2212 855 2260 ut
884 2203 1165 2276 quomodo
1191 2219 1339 2258 nunc
1367 2220 1481 2258 non
1504 2204 1669 2275 juxta
1686 2220 1807 2259 me-

222 2293 372 2347 ritum
392 2302 678 2361 nostrum,
703 2294 802 2348 sed
821 2310 994 2365 supra
1012 2298 1141 2348 vota
1158 2292 1257 2347 dat
1276 2291 1436 2347 nobis
1456 2293 1664 2363 aliqua,
1684 2310 1808 2364 quae

224 2397 307 2435 nec
321 2389 505 2454 petere
534 2382 669 2437 ausi
697 2382 927 2449 fuimus,
963 2398 1065 2437 nec
1096 2382 1144 2436 si
1173 2382 1528 2454 petissemus,
1564 2382 1810 2437 aestima-

220 2471 377 2525 vimus
403 2488 505 2527 nos
533 2470 751 2527 mereri
785 2491 797 2525 :
830 2472 911 2525 ita
939 2476 998 2526 et
1031 2476 1236 2526 caetera
1268 2471 1502 2537 tribuat,
1544 2488 1667 2543 quae
1707 2487 1811 2525 nec

220 2575 357 2615 meus
374 2566 571 2632 potest
593 2560 861 2633 cogitare,
880 2577 982 2614 nec
1002 2559 1195 2632 lingua
1208 2560 1477 2632 proferre.
1497 2560 1611 2631 Ipsi
1622 2560 1812 2631 itaque

1886 1942 1945 1991 et
1961 1936 2019 1990 in
2038 1954 2260 1992 carcere
2280 1953 2383 2008 pro
2410 1937 2683 2008 martyrio
2713 1939 3053 1994 constitutus
3081 1939 3200 1996 haec
3221 1940 3487 2005 scribere,

1886 2026 2091 2081 melius
2100 2032 2290 2081 autem
2301 2031 2388 2082 est
2395 2026 2441 2081 si
2452 2026 2928 2083 vinctumDomini
2938 2028 3115 2084 nostri
3125 2028 3183 2084 in
3195 2027 3226 2086 J
3230 2046 3331 2086 esu
3341 2029 3498 2087 Chri-

1889 2115 1964 2169 sti
1982 2114 2258 2169 charitate
2277 2114 2550 2183 dicamus,
2569 2116 2732 2186 cujus
2746 2116 2829 2170 rei
2846 2122 2906 2171 et
2923 2118 3183 2173 Clemens
3202 2119 3273 2173 ad
3292 2118 3491 2175 Corin-

1889 2203 2037 2258 thios
2050 2204 2210 2258 testis
2226 2208 2313 2258 est
2323 2203 2599 2259 scribens:
2628 2207 2919 2259 Vinculum
2940 2207 3234 2261 charitatis
3250 2208 3353 2262 Dei
3368 2209 3496 2277 quis

1888 2296 2087 2362 poterit
2106 2292 2619 2363 enarrare7(Amb.)
2638 2293 2745 2357 Qui
2762 2293 2913 2347 enim
2925 2293 3215 2349 Christum
3230 2294 3492 2366 diligunt,

1891 2389 2207 2454 sequuntur
2226 2399 2353 2436 eum
2375 2381 2665 2436 charitatis
2687 2381 2923 2437 vinculis
2943 2382 3209 2454 colligati.
3228 2380 3389 2447 Quod
3400 2400 3499 2439 au-

1891 2476 2010 2525 tem
2030 2470 2197 2537 ait,ut
2213 2472 2377 2538 digne
2390 2471 2685 2525 ambuletis
2707 2472 3005 2537 vocatione,
3026 2487 3139 2541 qua
3155 2474 3335 2527 uocati
3350 2474 3498 2537 estis,

1894 2558 2063 2631 digne
2081 2558 2371 2613 vocatione
2388 2557 2679 2614 ambulare
2708 2559 3023 2617 credendus
3047 2566 3152 2628 est,
3185 2561 3283 2633 qui
3304 2560 3496 2633 ingre-
3534 2550 3545 2555 ’

219 2647 621 2720 Deositgloria,
638 2648 884 2721 primum
903 2649 961 2703 in
981 2647 1244 2715 Ecclesia,
1270 2666 1394 2721 quae
1418 2654 1501 2704 est
1521 2666 1683 2721 pura,
1699 2664 1812 2703 non
1893 2646 2049 2705 ditur
2068 2664 2170 2719 per
2194 2664 2326 2702 eum
2348 2647 2443 2719 qui
2463 2647 2635 2702 dicit:
2660 2648 2770 2717 Ego
2798 2665 2923 2703 sum
2954 2651 3065 2715 via,
3098 2655 3157 2704 et
3184 2666 3298 2705 non
3323 2648 3497 2705 decli-

222 2735 409 2793 habens
439 2739 734 2793 maculam
773 2754 957 2810 neque
994 2754 1215 2809 rugam,
1255 2743 1314 2793 et
1352 2754 1475 2809 quae
1513 2743 1813 2809 propterea
1893 2742 2012 2803 nat,
2033 2753 2216 2808 neque
2236 2736 2309 2791 ad
2328 2736 2605 2803 dextram,
2628 2753 2809 2808 neque
2831 2736 2902 2791 ad
2921 2736 3233 2805 sinistram,
3256 2742 3316 2793 et
3341 2754 3496 2794 aver-

219 2824 432 2897 gloriam
452 2826 566 2883 Dei
590 2828 839 2900 recipere
858 2832 1062 2899 potest,
1086 2827 1223 2899 quia
1242 2844 1445 2900 corpus
1464 2832 1551 2881 est
1577 2826 1805 2891 Christi,
1891 2825 1962 2880 tit
1986 2826 2189 2897 pedem
2217 2841 2383 2880 suum
2414 2824 2486 2879 ab
2504 2826 2660 2879 omni
2680 2826 2771 2880 via
2790 2827 2958 2885 mala.
2986 2827 3411 2899 completurque
3429 2827 3489 2883 in

221 2912 398 2971 deinde
414 2915 474 2971 in
495 2915 734 2972 Christo
751 2916 781 2972 J
786 2933 905 2983 esu,
930 2915 1064 2988 quia
1082 2916 1141 2970 in
1164 2932 1397 2988 corpore
1418 2915 1695 2987 assumpti
1712 2915 1811 2970 ho-
1892 2913 2028 2971 eozA
2042 2916 2277 2970 Domino
2284 2929 2499 2983 gressus
2510 2915 3487 2986 hominisdiriguntur(Psal.xxxvr).

217 3003 554 3076 minis,cujus
569 3005 975 3061 suntuniversa
984 3003 1241 3060 membra
1253 3004 1811 3071 credentium,omnis
1828 3058 1874 3077 η
1895 3021 1922 3055 α
1940 3003 2082 3058 Cum
2092 3002 2246 3058 omni
2263 3002 2583 3057 humilitate
2597 3007 2654 3057 et
2665 3003 3118 3069 mansuetudine,
3135 3020 3262 3059 cum
3277 3004 3493 3077 patien-

217 3058 1203 3166 diviui'itas'ih‘liabitet‘corporaliter;
1234 3058 1991 3165 quaequidem'gloriactia.
2036 3110 2063 3145 ιο
2095 3091 2203 3157 Qui
2233 3097 2445 3147 terram
2475 3095 2535 3146 et
2559 3090 2808 3146 cinerem
2834 3058 2957 3147 esse
2987 3108 3047 3146 se
3076 3058 3248 3159 novit,
3366 3058 3494 3166 post

213 3196 307 3236 nou
325 3181 383 3239 in
403 3198 667 3256 praesens
688 3187 912 3238 tantum
925 3188 1151 3254 tempus
1170 3182 1509 3249 extenditur,
1531 3187 1590 3236 et
1607 3181 1811 3238 futuris
1892 3180 2185 3253 paululum
2213 3179 2273 3235 in
2301 3181 2589 3252 pulverem
2617 3179 2965 3247 solvendum,
2989 3197 3281 3253 nunquam
3302 3197 3496 3255 super-

213 3270 405 3327 seculis
424 3271 798 3336 terminatur,
821 3271 920 3326 sed
938 3270 997 3326 in
1014 3287 1211 3337 omnes
1229 3270 1623 3342 generationes
1643 3276 1701 3325 et
1713 3286 1812 3326 ste-
1892 3267 1988 3324 bia
1999 3268 2326 3335 elevabitur;
2350 3274 2409 3324 et
2426 3268 2523 3340 qui
2545 3268 2646 3323 Dei
2666 3268 2979 3324 aeternitate
2997 3276 3308 3342 perspecta,
3330 3269 3496 3326 breve

213 3359 321 3414 cnla
334 3362 681 3417 seculorum
700 3359 968 3416 ineffabili
988 3360 1306 3415 aeternitate
1340 3366 1655 3432 permanet,
1688 3376 1812 3415 cre-
1894 3363 1954 3414 et
1971 3374 2114 3430 pene
2133 3358 2205 3412 ad
2230 3358 2421 3430 puncti
2442 3358 2623 3413 instar
2641 3358 2904 3421 humanae
2926 3358 3055 3413 vitae
3073 3358 3321 3430 spatium
3343 3358 3495 3431 cogi-

214 3449 306 3502 scit
328 3456 385 3504 et
411 3455 687 3521 augetur.
715 3448 919 3518 (Amb.)
949 3449 1020 3504 Ei
1046 3455 1256 3516 autem,
1284 3448 1489 3521 inquit,
1521 3452 1622 3519 qui
1642 3454 1814 3518 potest
1893 3447 2119 3514 taverit,
2140 3453 2272 3502 ante
2291 3447 2479 3502 oculos
2498 3463 2720 3519 semper
2735 3446 2964 3501 habebit
2980 3446 3294 3516 interitum,
3314 3455 3373 3504 et.
3390 3447 3501 3505 erit

216 3553 361 3607 super
387 3541 594 3594 omnia
621 3539 804 3605 facere
817 3538 1221 3600 abundantius,
1243 3553 1416 3608 quam
1429 3541 1687 3607 petimus,
1713 3543 1815 3592 aut
1898 3535 2128 3591 humilis
2148 3540 2318 3607 atque
2343 3536 2612 3606 dejectus.
2636 3535 2876 3608 Propter
2896 3536 3046 3607 quod
3068 3553 3198 3591 cum
3216 3536 3371 3592 omni
3390 3537 3499 3593 hu-

219 3628 605 3695 inteltigimus.
626 3628 932 3682 secundum
949 3630 1216 3681 virtutem
1234 3643 1353 3697 qua
1370 3632 1631 3696 operatur
1643 3629 1707 3681 in
1722 3642 1817 3681 nc-
1897 3624 2139 3680 militate
2153 3629 2213 3678 et
2223 3624 2459 3678 veritate
2473 3624 2726 3678 dicamus
2746 3641 2759 3677 :
2778 3625 3030 3693 Domine,
3056 3641 3169 3680 non
3190 3629 3267 3681 est
3284 3628 3498 3681 mlta-

222 3713 308 3781 bis,
319 3719 428 3785 ipsi
433 3719 634 3785 gloria
646 3718 709 3771 in
723 3715 939 3771 Christo
955 3716 1084 3771 Jesu
1111 3721 1161 3770 et
1184 3718 1247 3769 in
1266 3715 1521 3781 Ecclesia,
1548 3720 1597 3769 et
1616 3717 1681 3770 in
1704 3731 1817 3769 om-
1900 3720 2020 3768 tum
2042 3728 2136 3768 cor
2152 3728 2359 3777 meum,
2386 3728 2557 3781 neque
2566 3715 2700 3766 elati
2711 3716 2846 3767 sunt
2863 3715 3013 3767 oculi
3026 3714 3495 3786 mei(Psal.cxxx).

218 3803 1188 3860 niasaculaszculorum.Amen.Ad
1199 3802 1817 3876 Patrispersonamhaec
1897 3801 2097 3857 Omnis
2116 3806 2308 3856 autem
2325 3799 2617 3854 humilitas
2645 3816 2758 3854 non
2784 3800 2983 3854 tamin
3012 3816 3291 3869 sermone,
3324 3817 3495 3874 quam

216 3892 386 3960 refert,
408 3899 477 3949 ut
496 3894 641 3966 quia
660 3893 862 3948 melius
891 3893 996 3948 scit
1023 3909 1147 3964 quae
1177 3892 1339 3947 utilia
1357 3898 1416 3950 et
1438 3908 1563 3965 quae
1586 3908 1701 3947 non
1722 3908 1817 3964 pe-
1897 3890 1958 3946 in
1972 3896 2161 3945 mente
2176 3895 2280 3958 est,
2300 3894 2365 3944 ut
2377 3888 2620 3943 humiles
2634 3905 2736 3943 nos
2756 3905 2879 3955 esse
2896 3889 3238 3946 conscientia
3257 3891 3496 3960 noverit,

214 3981 367 4037 tenda
381 3989 543 4047 sunt,
574 3989 634 4038 et
652 3982 878 4055 quando
892 3981 1079 4037 danda
1092 3988 1150 4036 et
1167 3982 1356 4053 qualia
1373 3987 1432 4036 et
1449 3988 1661 4052 quanta
1675 3996 1816 4053 Opus
1897 3995 2188 4052 nunquam
2218 3995 2321 4034 nos
2350 3978 2512 4045 scire,
2544 3978 2631 4032 vel
2661 3977 2997 4050 intelligere,
3028 3978 3114 4034 vel
3142 3995 3265 4035 esse
3283 3979 3500 4053 aliquid

214 4069 332 4129 sint.
346 4071 469 4143 ipse
485 4069 777 4143 gubernet
799 4069 1148 4143 providentia
1168 4077 1226 4125 et
1241 4070 1449 4125 virtute
1459 4086 1562 4125 sua
1576 4068 1683 4124 sibi
1691 4086 1815 4123 cre-

212 4152 422 4223 deutes;
464 4156 567 4211 cui
599 4155 728 4211 ideo
772 4159 957 4224 gloria
992 4158 1060 4211 in
1102 4155 1318 4211 Christo
1350 4157 1497 4222 Jesu,
1539 4154 1673 4227 quia
1712 4171 1816 4226 per

214 4235 383 4307 ipsum
409 4239 615 4296 omnia
640 4244 871 4312 praestat
896 4238 1079 4305 nobis,
1107 4243 1165 4293 et
1184 4238 1317 4311 quia
1334 4240 1517 4294 honor
1543 4238 1728 4294 Patris
1752 4237 1814 4294 in

214 4319 342 4380 Filio
361 4329 451 4380 est
471 4331 535 4381 et
554 4324 615 4381 in
646 4324 910 4391 Ecclesia,
941 4324 999 4377 id
1028 4329 1132 4391 est,
1166 4322 1225 4377 in
1248 4322 1475 4395 populo,
1513 4338 1681 4394 quem
1709 4321 1813 4377 sibi

216 4407 472 4479 adoptare
492 4410 767 4482 dignatus
784 4414 873 4463 est
884 4380 910 4476 ς’
921 4408 981 4463 in
1004 4380 1269 4463 claritate
1276 4380 1426 4463 enim
1442 4380 1688 4463 filiarum
1698 4407 1817 4479 glo-
1832 4380 1882 4439 D

216 4489 294 4544 ria
309 4491 499 4548 Patris
522 4499 631 4560 est,
655 4493 877 4547 dicente
891 4491 1131 4546 Domino
1154 4508 1167 4544 :
1192 4491 1286 4548 Sic
1307 4494 1483 4547 luceat
1506 4495 1697 4546 lumen
1724 4507 1813 4547 ve-

216 4579 383 4630 strum
392 4593 589 4632 coram
600 4577 820 4632 homini
821 4577 1007 4641 bus,ut
1016 4576 1241 4631 uideant
1250 4591 1413 4646 opera
1424 4581 1603 4631 vestra
1615 4578 1755 4631 bona
1765 4581 1814 4630 et

218 4663 567 4727 magniﬁcent
578 4663 801 4715 Patrem
812 4666 996 4715 vestra
1005 4678 1055 4715 ιη
1066 4665 1162 4729 qui
1176 4662 1239 4714 in
1250 4662 1396 4715 catis
1407 4665 1482 4715 est
1496 4659 1710 4728 (Matth.
1730 4661 1808 4731 v).

216 4742 269 4796 in
281 4745 488 4800 saecula
496 4745 834 4801 saeculorum
846 4747 1023 4800 Amen
1031 4744 1106 4811 ,id
1119 4743 1290 4811 est,in
1300 4748 1575 4801 internum
1583 4744 1808 4800 veritas.

220 4904 448 4960 Instruit
473 4907 765 4975 Apostolus
793 4833 1067 4974 3:32:33.
1079 4832 1508 4960 gsercandam
1537 4907 1813 4960 unitatem

282 4979 701 5032 ecclesiasticam
732 4978 796 5031 in
823 4978 1155 5030 connexione
1178 4981 1229 5030 et
1256 4977 1609 5031 distinctione
1635 4992 1812 5030 mem-

284 5047 515 5102 brorum
532 5066 552 5111 ;
580 5063 646 5102 ac
665 5048 860 5102 deinde
888 5048 1108 5102 inducit
1123 5048 1198 5101 ad
1214 5064 1437 5102 morum
1456 5048 1809 5102 honestatem.

286 5134 511 5191 Obsecro
542 5138 728 5205 itaque
747 5151 838 5190 vos
856 5151 949 5205 ego
967 5137 1186 5191 uinctus
1206 5138 1272 5190 in
1290 5137 1543 5203 Domino,
1565 5141 1630 5190 ut
1646 5137 1815 5204 digne

226 5224 510 5279 mbuletis
530 5230 809 5279 vocatione
822 5240 935 5294 qua
947 5227 1125 5281 vocati
1136 5227 1279 5279 estis.
1288 5223 1526 5294 (Ambr.)
1540 5224 1816 5280 Hortatur

225 5324 328 5377 eos,
342 5317 409 5367 ut
419 5316 581 5368 recte
593 5311 915 5369 incedentes
930 5312 990 5369 in
1004 5313 1298 5386 praeceptis
1315 5312 1561 5381 Domini,
1582 5313 1655 5369 ad
1683 5330 1815 5386 pro-

230 5396 445 5456 missam
469 5401 715 5473 gloriam
750 5403 970 5476 possint
1002 5402 1213 5470 venire,
1245 5401 1392 5458 sicut
1419 5402 1571 5458 enim
1601 5402 1817 5476 peritus

1898 4068 2260 4124 aestimemus.
2288 4067 2659 4123 Mansuetudo
2689 4085 2912 4141 quoque
2940 4074 3027 4124 est
3055 4068 3169 4136 illa,
3200 4087 3324 4143 qum
3343 4070 3502 4126 nulla

1895 4158 2156 4231 passione
2184 4157 2466 4225 turbatur,
2500 4164 2558 4213 et
2584 4157 2901 4230 specialiter
2931 4157 3021 4212 ira
3057 4164 3117 4213 et
3148 4157 3338 4215 furore
3383 4175 3498 4217 non

1895 4246 2198 4320 rumpitur,
2218 4263 2389 4319 quam
2400 4246 2497 4319 qui
2512 4246 2791 4315 habuerit,
2804 4246 3233 4315 beatitudinem,
3247 4265 3371 4321 quae
3391 4249 3499 4305 Do-

1894 4335 2034 4391 mini
2060 4352 2194 4390 voce
2221 4336 2500 4408 promissa
2539 4342 2644 4403 est,
2684 4341 3077 4406 consequetur,
3114 4341 3181 4391 ut
3215 4336 3502 4409 possideat

1896 4430 2130 4491 terram,
2176 4423 2234 4478 id
2272 4428 2377 4490 est,
2418 4422 2659 4495 imperet
2684 4428 2743 4477 et
2769 4422 3093 4477 dominetur
3120 4422 3340 4495 corpori
3370 4439 3493 4491 suo,

1897 4529 2009 4587 quo
2036 4512 2287 4584 subjecto
2314 4512 2432 4566 haec
2459 4511 2535 4566 sit
2561 4513 2684 4582 ejus
2701 4510 2887 4583 prima
2903 4509 3223 4578 hareditas,
3248 4510 3307 4566 in
3327 4527 3497 4568 carne

1896 4618 2010 4657 non
2023 4600 2327 4656 carnaliter
2343 4599 2545 4654 vivere.
2572 4599 2709 4654 Cum
2718 4600 2994 4668 patientia
3008 4605 3390 4668 supportantes
3410 4604 3498 4657 in-

1895 4694 2066 4745 vicem
2075 4694 2139 4744 in
2156 4691 2316 4743 chari
2319 4694 2426 4743 tate
2438 4708 2455 4743 :
2469 4687 2689 4759 patiens
2698 4685 2838 4741 nulli
2846 4685 3025 4742 vicem
3036 4687 3235 4744 reddet
3251 4688 3494 4762 injuria,

1893 4778 2034 4835 nulli
2064 4777 2278 4832 malum
2308 4793 2409 4849 pro
2427 4777 2577 4830 malo
2596 4774 2875 4843 restituet,
2901 4776 3143 4848 implens
3159 4784 3349 4835 autem
3368 4779 3495 4849 hoc,

1896 4867 2046 4939 quod
2074 4867 2186 4922 alio
2211 4866 2331 4921 loco
2360 4865 2510 4920 idem
2546 4864 2684 4920 dicit
2718 4865 3019 4939 Apostolus
3064 4885 3076 4920 :
3129 4867 3258 4923 Noli
3285 4870 3440 4925 vinci
3462 4884 3500 4923 a

1895 4960 2065 5021 malo,
2096 4957 2191 5010 sed
2215 4958 2369 5009 vince
2397 4956 2462 5007 in
2491 4951 2627 5008 bono
2654 4957 2874 5009 malum
2899 4956 3071 5021 (Rom.
3102 4959 3220 5024 xu).
3254 4957 3499 5013 Sufl‘erre

1896 5044 2268 5116 nosmetipsos
2289 5043 2526 5098 invicem
2544 5042 2604 5097 in
2622 5043 2894 5098 charitate
2913 5043 3200 5111 debemus,
3226 5049 3292 5098 ut
3308 5044 3498 5101 laude-

1896 5150 2045 5201 mur,
2068 5132 2167 5189 sed
2186 5138 2253 5187 ut
2273 5132 2354 5187 illi
2374 5130 2575 5204 prosit,
2598 5148 2766 5204 quem
2786 5132 3128 5187 sustinemus
3146 5132 3218 5186 ad
3231 5131 3493 5201 salutem,

1896 5222 1945 5278 si
1954 5222 2080 5295 quis
2090 5222 2263 5277 alium
2274 5219 2553 5293 adjuverit
2562 5220 2621 5276 in
2633 5237 2965 5293 quacunque
2975 5218 3357 5287 tribulatione,
3365 5223 3499 5280 alie-

1898 5328 2035 5368 num
2046 5328 2188 5367 onus
2197 5317 2451 5384 portasse
2463 5310 2521 5366 in
2544 5311 2817 5366 charitate
2833 5308 3174 5377 laudabitur,
3196 5309 3294 5383 qui
3305 5317 3497 5370 autem

1899 5401 2041 5458 nihil
2052 5401 2256 5456 horum
2267 5400 2481 5467 fecerit,
2497 5400 2830 5455 charitatem
2849 5397 3157 5455 fraternam
3175 5416 3291 5456 non
3304 5400 3493 5458 habet.

228 5488 468 5545 medicus
481 5488 1023 5559 obsecratinﬁrmos,
1038 5497 1103 5548 ut
1118 5490 1262 5547 bene
1281 5508 1342 5546 se
1358 5496 1590 5563 agentes
1604 5491 1823 5564 possint
1899 5490 2142 5548 Solliciti
2148 5506 2367 5545 servare
2382 5491 2656 5545 unitatem
2670 5490 2902 5559 spiritus
2910 5490 2974 5544 in
2988 5489 3502 5561 uinculopacis.Hie

231 5574 428 5634 salvam
438 5579 694 5653 recipere
705 5580 1103 5649 valetudinem,
1117 5580 1199 5636 ita
1215 5586 1275 5637 et
1286 5579 1820 5653 magistergeutium

454 5678 732 5746 Panos.
765 5680 926 5744 CXII

1901 5579 2055 5637 locus
2102 5579 2189 5635 vel
2233 5578 2477 5636 maxime
2517 5577 2815 5634 adversum
2865 5577 3153 5635 haereticos
3187 5577 3342 5647 facit,
3380 5581 3495 5653 qui,

3183 5678 3258 5738 ll
