3892 6158
497 297 597 357 431

1091 299 1156 354 Β.
1195 296 1468 353 RABANI
1506 295 1740 353 MAURI
1776 295 2118 356 ARCHIEP.
2155 292 2481 352 MOGUNT.
2522 293 2822 352 OPERUM
2858 295 3044 352 PARS
3081 296 3178 353 III.

3625 303 3712 363 432

497 424 810 498 baptisaret
841 425 980 494 (Act.
1026 426 1165 492 vin),
1203 436 1388 493 neque
1410 421 1695 492 jejunium
1726 422 2066 494 interposuit
2086 439 2098 474 :
2116 423 2168 483 A
2183 426 2460 487 mortuus,
2491 421 2579 475 vel
2597 421 2784 476 fuerat
2809 420 3123 488 habiturus,
3137 422 3184 477 si
3205 429 3289 478 est
3313 428 3436 478 ante
3457 425 3714 483 defunctus

497 528 683 586 neque
709 512 920 570 Paulus
936 516 996 566 et
1013 511 1160 567 Silas
1171 515 1396 582 tempus
1413 510 1756 567 distulerunt
1775 528 1886 583 quo
1911 517 2094 566 custo-

498 603 630 660 dem
639 602 880 658 carceris
892 601 1243 674 baptizarent
1259 616 1388 654 cum
1401 600 1663 656 omnibus
1681 601 1870 672 ejus(A
1877 606 2088 669 ct.xvx);

497 707 681 764 neque
718 691 920 746 Petrus
963 689 1195 744 clericos
1240 687 1458 754 habuit,
1490 694 1590 744 aut
1625 689 1778 744 diem
1815 689 2089 761 quaesivit.

495 779 1044 852 quandoCornelium
1056 795 1184 835 cum
1194 777 1348 833 omni
1357 778 1523 832 domo
1534 794 1638 833 sua
1649 777 2015 850 baptizavit(A
2023 783 2091 833 ct.

496 869 572 934 x),
615 885 720 924 nec
745 869 886 941 ipse,
909 869 1009 923 sed
1041 867 1324 940 baptizare
1341 866 1513 938 jussit
1539 866 1808 922 fratribus
1838 867 1935 939 qui
1966 884 2096 922 cum

496 956 590 1013 illo
609 957 792 1013 ierant
805 958 878 1012 ad
891 957 1215 1013 Cornelium
1229 957 1300 1011 ad
1312 957 1506 1028 Joppe:
1525 957 1707 1011 adhuc
1725 956 1877 1011 enim
1893 962 2098 1028 prater

494 1052 714 1119 septem
751 1046 1018 1102 diaconos
1062 1046 1250 1101 nullus
1291 1045 1476 1099 fuerat
1515 1045 1827 1100 ordinatus.
1860 1046 1937 1100 Ut
1963 1061 2098 1116 ergo

495 1142 771 1192 cresceret
787 1135 944 1208 plebs
961 1141 1019 1190 et
1036 1134 1526 1207 multiplicaretur,
1542 1133 1804 1190 omnibus
1823 1134 1974 1189 inter
1993 1133 2099 1188 ini-

497 1224 578 1280 tia
603 1241 932 1282 concessum
960 1229 1065 1290 est,
1096 1229 1156 1278 et
1193 1223 1574 1294 evangelizare
1612 1229 1672 1278 et
1703 1223 2005 1296 baptizare,
2042 1228 2099 1277 et

496 1313 818 1386 Scripturas
853 1313 914 1368 in
941 1313 1176 1368 ecclesia
1197 1312 1532 1384 explanare:
1566 1317 1626 1367 at
1654 1311 1750 1367 ubi
1771 1312 1964 1367 omnia
1977 1312 2100 1366 loca

499 1403 880 1475 circumplexa
927 1408 1017 1457 est
1069 1401 1332 1468 Ecclesia,
1363 1401 1751 1456 conventicula
1795 1401 2101 1456 constituta

493 1497 631 1548 sunt
643 1497 702 1548 et
717 1497 962 1548 rectores
977 1496 1036 1546 et
1050 1495 1253 1546 caetera
1267 1489 1452 1544 ofﬁcia
1470 1491 1530 1544 in
1545 1489 1792 1545 ecclesiis
1803 1495 1936 1544 sunt
1954 1489 2101 1544 ordi-

499 1587 654 1648 nata,
677 1586 744 1636 ut
771 1581 962 1636 nullus
983 1579 1055 1635 de
1083 1579 1234 1634 clero
1252 1580 1503 1642 auderet,
1537 1578 1634 1651 qui
1667 1579 1959 1634 ordinatus
1985 1595 2099 1632 non

496 1673 668 1736 esset,
689 1685 1032 1741 prasumere
1059 1668 1328 1736 cilicium,
1358 1669 1508 1740 quod
1535 1667 1706 1722 sciret
1722 1684 1836 1722 non
1858 1667 1966 1722 sibi
1985 1683 2100 1721 cre-

2174 527 2345 582 quam
2371 511 2443 564 ad
2471 509 2804 581 dignitatem
2841 510 2930 565 sui
2960 510 3206 582 corporis
3232 513 3554 584 pervenerit:
3570 522 3658 571 aut
3675 517 3714 572 si

2173 599 2278 654 hoc
2296 615 2409 654 non
2432 599 2616 671 placet
2624 605 2854 672 propter
2875 599 3285 671 perfectionem,
3314 602 3476 657 totius
3504 604 3717 675 corporis

2178 687 2386 742 Christi
2428 687 2811 760 intelligamus
2843 705 2968 744 esse
2996 689 3226 756 dictum,
3258 689 3314 744 in
3357 706 3515 762 quam
3554 708 3719 747 omnes

2177 777 2356 832 sancti
2384 793 2716 833 concurrere
2753 778 2978 844 debent,
3021 784 3086 832 ut
3128 779 3204 833 sit
3229 795 3400 834 unum
3435 796 3616 852 corpus
3637 797 3720 852 per

2177 867 2396 921 diversa
2414 864 2686 920 membra.
2709 865 2970 922 Officium
2991 866 3157 922 unius
3171 867 3364 939 capitis
3379 873 3462 922 est
3477 867 3718 934 Christus,

2178 955 2302 1010 ideo
2331 955 2654 1026 prastruxit
2673 955 2734 1010 in
2761 955 3040 1010 unitatem
3063 955 3193 1011 ﬁdei
3220 962 3277 1010 et
3301 957 3584 1027 agnitionis
3611 957 3718 1011 Filii

2179 1043 2298 1098 Dei.
2315 1044 2445 1098 Hac
2463 1043 2651 1099 unitas
2669 1043 2918 1116 corporis
2939 1043 3147 1098 Christi
3173 1060 3286 1098 non
3305 1044 3512 1111 est,nisi
3521 1045 3574 1098 in
3594 1045 3725 1116 agni-

2179 1132 2332 1187 tione
2363 1133 2592 1198 Christi,
2641 1139 2699 1187 et
2727 1132 2786 1187 in
2823 1133 3040 1188 unitate
3071 1133 3202 1187 ﬁdei
3247 1132 3547 1188 Catholica.
3593 1133 3725 1188 Unde

2179 1220 2334 1276 omni
2353 1221 2545 1276 studio
2567 1221 2936 1276 laborandum
2958 1227 3062 1288 est,
3083 1221 3328 1293 primum
3346 1221 3402 1276 in
3421 1221 3544 1276 ﬁdei
3569 1237 3728 1277 occur-

2180 1327 2306 1365 rere
2335 1311 2632 1377 unitatem,
2666 1311 2870 1366 deinde
2909 1316 2968 1365 et
2992 1309 3053 1365 in
3082 1310 3278 1365 eadem
3315 1309 3522 1364 unitate
3553 1309 3728 1364 habere

2181 1398 2525 1470 agnitionem
2544 1399 2672 1454 Filii
2693 1399 2816 1467 Dei,
2840 1416 3083 1472 quorum
3102 1416 3231 1455 cum
3255 1398 3422 1454 fuerit
3436 1414 3730 1470 securapos-

2181 1489 2376 1556 sessio,
2399 1489 2618 1560 parvuli
2647 1505 2769 1544 esse
2793 1494 3078 1544 cessantes
3097 1494 3156 1544 et
3190 1503 3506 1544 mensuram
3531 1487 3730 1542 interio-

2182 1577 2261 1632 ris
2280 1577 2523 1632 hominis
2559 1577 2914 1649 recipientes,
2949 1594 3073 1650 qua
3115 1593 3379 1632 mensura
3409 1575 3731 1648 plenitudinis

2181 1682 2448 1721 mensura
2475 1665 2683 1720 Christi
2705 1671 2808 1732 est,
2834 1665 3066 1738 perfecti
3092 1666 3196 1721 viri
3225 1664 3543 1721 vocabulum
3561 1663 3732 1719 sortie-

495 1757 680 1814 ditum
692 1758 778 1812 vel
797 1763 1210 1824 concessum,et
1222 1757 1390 1828 capit
1399 1757 1510 1812 alio
1522 1757 1718 1812 ordine
1732 1761 1791 1812 et
1808 1757 2100 1828 providen—
2113 1743 2160 1804 Β
2178 1771 2338 1822 mur;
2356 1755 2439 1810 ita
2464 1761 2677 1823 tamen,
2699 1761 2766 1811 ut
2791 1755 2862 1810 ad
2883 1759 3330 1810 consummatam
3350 1758 3563 1810 atatem
3588 1751 3734 1824 pleni-

494 1845 891 1919 tiagubernari
911 1846 1175 1902 Ecclesia.
1201 1845 1346 1911 Quia
1361 1846 1411 1900 si
1431 1862 1629 1901 omnes
1649 1847 1848 1900 eadem
1869 1850 2100 1917 possent

494 1933 880 1990 irrationabile
890 1940 1057 2002 esset,
1073 1940 1131 1989 et
1147 1933 1395 2006 vulgaris
1409 1951 1500 1989 res
1519 1941 1578 1989 et
1586 1933 1856 1989 vilissima
1878 1934 2098 1988 videre-

493 2030 608 2080 tur.
631 2021 776 2080 Hinc
790 2039 926 2095 ergo
946 2029 1034 2078 est
1043 2024 1193 2078 unde
1213 2040 1365 2078 nunc
1373 2039 1557 2095 neque
1577 2023 1799 2078 diaconi
1817 2023 1876 2078 in
1891 2023 2098 2094 populo

493 2111 817 2184 pradicant,
854 2128 1037 2184 neque
1065 2111 1254 2168 clerici
1282 2112 1370 2166 vel
1399 2111 1524 2168 laici
1569 2111 1881 2184 baptizant,
1915 2127 2100 2183 neque

494 2217 830 2274 quocunque
857 2200 950 2256 die
977 2201 1271 2257 credentes
1299 2200 1616 2272 tinguntur,
1648 2200 1756 2256 nisi
1775 2200 1931 2272 agri.
1967 2199 2099 2255 Ideo

494 2305 610 2346 non
653 2305 759 2362 per
803 2289 994 2345 omnia
1038 2289 1384 2345 conveniunt
1419 2290 1630 2363 scripta
1656 2289 1912 2362 Apostoli
1953 2288 2100 2344 ordi-

494 2377 730 2448 nationi,
763 2394 888 2452 qua
928 2396 1080 2435 nunc
1121 2379 1181 2434 in
1211 2379 1458 2435 Ecclesia
1505 2386 1610 2446 est,
1644 2379 1781 2451 quia
1806 2379 1925 2434 hac
1951 2377 2101 2432 inter

493 2467 618 2540 ipsa
657 2467 968 2540 primordia
1014 2475 1151 2524 sunt
1187 2469 1416 2541 scripta.
1458 2469 1604 2524 Nam
1643 2474 1702 2522 et
1742 2467 2102 2523 Timotheum

497 2554 889 2629 presbyterum
924 2573 962 2612 a
987 2573 1050 2612 se
1077 2563 1334 2612 creatum
1374 2557 1703 2629 episcopum
1751 2563 1929 2622 vocat,
1969 2556 2104 2628 quia

500 2642 668 2716 primi
676 2644 990 2718 presbyteri
1010 2645 1256 2717 episcOpi
1266 2645 1715 2717 appellabantur,
1733 2651 1799 2700 ut
1807 2645 2102 2700 recedente

501 2749 636 2799 uno,
653 2749 896 2805 sequens
927 2733 980 2788 ei
1008 2733 1351 2801 succederet,
1369 2733 1612 2804 denique
1631 2734 1781 2805 apud
1798 2734 2104 2806 Egyptum

500 2820 814 2894 presbyteri
835 2821 1186 2893 consignant,
1211 2822 1258 2878 si
1279 2838 1526 2894 praesens
1553 2839 1668 2878 non
1685 2822 1762 2877 sit
1786 2817 2098 2894 episcopus.

499 2910 611 2966 Sed
622 2909 758 2983 quia
773 2917 1066 2984 coeperunt
1082 2917 1384 2983 sequentes
1393 2911 1710 2984 presbyteri
1725 2911 1944 2982 indigni
1953 2911 2104 2966 inve-

498 2997 612 3056 niri
638 2998 710 3056 ad
729 2999 1008 3074 primatus
1025 3000 1320 3068 tenendos,
1345 3001 1646 3056 immutata
1669 3006 1758 3056 est
1776 3001 1940 3067 ratio,
1970 3017 2102 3072 pro-

2179 1843 2392 1898 tudinis
2419 1843 2628 1899 Christi
2663 1843 2846 1898 omnis
2876 1844 3228 1899 credentium
3263 1841 3429 1898 turba
3463 1841 3731 1914 perveniat,

2179 1932 2383 1988 deinde
2397 1931 2689 1988 confestim
2705 1932 2993 2004 subjunxit
3004 1933 3197 1988 dicens
3214 1951 3227 1986 :
3256 1933 3318 1988 Ut
3325 1935 3450 2002 jam
3467 1947 3574 1986 non
3588 1933 3734 1984 simus

2174 2025 2407 2092 parvuli
2422 2025 2771 2092 ﬂuctuantes,
2789 2028 2839 2076 et
2857 2024 3335 2091 circumferamur
3347 2022 3498 2075 omni
3516 2019 3737 2073 ventodo-

2182 2113 2378 2165 ctrina
2389 2113 2452 2164 in
2465 2112 2715 2180 nequitia
2724 2111 3110 2177 hominum,in
3128 2113 3342 2164 astutia
3359 2109 3434 2164 ad
3443 2110 3740 2162 circumven-

2184 2201 2387 2254 tionem
2407 2203 2635 2254 erroris.
2664 2199 2908 2272 (Ambr.)
2919 2199 3206 2254 Fundatos
3216 2204 3276 2254 et
3284 2195 3509 2254 stabiles
3518 2211 3621 2250 non
3637 2210 3741 2249 esse

2180 2288 2301 2342 vult
2311 2288 2371 2342 in
2381 2287 2680 2360 disciplina
2691 2289 2822 2344 ﬁdei
2841 2287 3539 2360 Catholica,quamPetrus
3554 2288 3741 2356 aposto-

2181 2376 2578 2443 lus,revelante
2598 2378 2734 2445 Deo,
2748 2377 3032 2449 professus
3054 2383 3158 2444 est,
3190 2393 3296 2432 nec
3309 2373 3560 2430 ventilari
3572 2385 3744 2428 noset-

2183 2472 2374 2522 rantes
2393 2483 2495 2538 per
2519 2466 2869 2522 diversarum
2887 2466 3187 2522 haresium
3213 2463 3615 2538 pestilentiosas
3625 2475 3746 2515 asse-

2183 2555 2498 2610 verationes
2521 2555 2776 2627 nequitia
2801 2555 3052 2610 humana
3072 2555 3350 2620 inventas,
3370 2560 3434 2608 ut
3447 2569 3542 2625 per
3566 2552 3658 2606 has
3667 2547 3747 2602 fal-

2184 2645 2351 2699 lentis
2381 2644 2592 2699 inimici
2630 2643 2735 2699 sub
2771 2644 2889 2698 veri
2918 2644 3146 2699 nomine
3185 2661 3348 2699 error
3375 2641 3547 2715 possit
3570 2636 3744 2694 aﬁ'en'i.

2187 2733 2305 2788 Hoc
2331 2733 2483 2788 enim
2511 2733 2827 2788 remedium
2856 2738 2944 2788 est
2971 2732 3257 2800 falsitatis,
3294 2739 3361 2788 ut
3387 2730 3489 2786 sub
3515 2730 3747 2802 pratextu

2184 2822 2438 2877 veritatis
2463 2821 2694 2876 inducat
2723 2839 2996 2886 errorem,
3027 2827 3085 2877 et
3094 2839 3211 2877 non
3232 2823 3417 2877 solum
3435 2818 3535 2876 sub
3554 2815 3658 2871 veri
3673 2831 3751 2870 no-

2185 2911 2358 2978 mine,
2381 2910 2480 2966 sed
2498 2917 2556 2966 et
2574 2928 2666 2977 ne,
2691 2911 2838 2966 sicut
2851 2917 2984 2966 ante
3001 2917 3295 2983 acceptam
3314 2911 3483 2966 ﬁdem
3501 2922 3654 2963 sensu
3670 2905 3751 2959 hu-

2184 3000 2347 3055 miles
2373 2999 2720 3072 vagabamur
2746 3017 2849 3073 per
2873 2999 3122 3056 diversos
3161 3017 3406 3067 errores,
3435 2996 3618 3053 fideles
3643 2990 3752 3048 facti

499 3065 770 3162 spiciente
787 3088 1041 3156 concilio,
1062 3095 1128 3145 ut
1145 3105 1258 3144 non
1287 3065 1444 3156 ordo,
1469 3090 1567 3146 sed
1600 3089 1866 3145 meritum
1884 3065 2102 3145 crearet
2117 3065 2163 3126 ο
2185 3065 2631 3145 discurreremus
2672 3065 2898 3162 fragiles
2939 3095 2998 3144 et
3035 3088 3196 3145 dubii
3235 3090 3308 3144 de
3344 3065 3443 3160 spe
3488 3083 3748 3160 promissa,

500 3176 846 3250 episcopum,
876 3177 1188 3234 multorum
1207 3178 1566 3233 sacerdotum
1589 3179 1804 3250 judicio
1823 3179 2098 3234 constitu-

499 3271 644 3334 tum,
667 3283 739 3322 ne
766 3265 1031 3338 indignus
1056 3271 1269 3322 temere
1294 3274 1612 3340 usurparet,
1645 3273 1704 3324 et
1729 3273 1880 3323 esset
1905 3267 2098 3323 multis

501 3355 850 3411 scandalum.
873 3355 938 3411 In
954 3355 1079 3427 lege
1095 3355 1472 3412 nascebantur
1484 3356 1800 3412 sacerdotes
1813 3374 1880 3412 ex
1889 3372 2098 3427 genere

501 3444 691 3500 Aaron
721 3443 923 3500 Levita
955 3461 966 3497 :
1008 3460 1160 3500 nunc
1187 3451 1382 3500 autem
1409 3461 1605 3500 omnes
1633 3463 1699 3500 ex
1725 3463 1933 3517 genere
1964 3452 2100 3500 sunt

499 3532 1078 3601 sacerdotali,dicente
1094 3533 1262 3589 Petro
1277 3522 1549 3606 apostolo:
1573 3536 1716 3603 Quia
1728 3538 1872 3601 estis,
1890 3534 2094 3607 inquit,

499 3637 672 3692 genus
686 3625 868 3692 regale
892 3627 944 3678 et
957 3623 1291 3679 sacerdotale
1305 3625 1358 3693 (Ι
1378 3626 1522 3679 Petr.
1543 3626 1600 3693 ιι)
1617 3641 1631 3690 ;
1656 3623 1895 3696 ideoque
1909 3641 1976 3678 ex
1995 3639 2098 3695 po-

499 3711 634 3784 pulo
661 3714 850 3784 potest
867 3710 990 3767 ﬁeri
1011 3711 1294 3768 sacerdos.
1317 3713 1388 3768 In
1410 3713 1827 3781 adiﬁcationem
1854 3715 2097 3782 corporis

501 3800 727 3856 Christi.
750 3799 1008 3856 Ecclesia
1024 3799 1439 3856 ordinationem
1463 3801 1536 3856 ad
1555 3801 2101 3873 compaginationem

500 3887 735 3944 humani
745 3889 996 3961 corporis
1006 3890 1066 3944 in
1074 3889 1435 3961 professionis
1446 3891 1724 3944 unitatem
1730 3889 1866 3944 dicit
1881 3905 2104 3961 compo-

501 3975 759 4044 sitam,ut
767 3977 972 4032 diversi
981 3977 1257 4049 dignitate
1267 3977 1326 4033 in
1338 3977 1560 4034 Christo
1572 3995 1768 4033 omnes
1777 3995 1953 4033 unum
1965 3979 2098 4046 sint,

502 4079 680 4119 unum
689 4070 860 4136 caput
868 4063 1562 4132 habentesChristum,hoc
1570 4071 1656 4121 est
1664 4067 2098 4122 auctoremvita.

575 4155 752 4208 Donec
768 4169 1130 4209 occurramus
1149 4169 1334 4208 omnes
1353 4157 1418 4209 in
1437 4158 1711 4209 unitatem
1730 4156 1860 4223 ﬁdei
1876 4161 1926 4210 et
1943 4158 2104 4224 agni-

504 4243 671 4296 tionis
703 4241 836 4298 Filii
863 4243 974 4298 Dei.
1007 4240 1252 4315 (Ambr.)
1280 4240 1499 4298 Tandiu
1528 4242 1664 4298 dicit
1681 4259 1912 4300 manere
1949 4243 2102 4298 ordi-

499 4330 809 4399 nationem,
831 4329 1082 4404 quandiu
1119 4330 1306 4387 cuncti
1333 4329 1602 4387 destinati
1630 4331 1702 4387 ad
1729 4331 1906 4388 vitam
1933 4332 2102 4388 unius

2181 3179 2669 3250 commonet,’quia
2678 3179 2800 3249 jam
2816 3177 3122 3234 Christiani
3141 3177 3300 3245 facti,
3322 3175 3538 3233 fundati
3558 3189 3666 3230 esse
3678 3171 3755 3225 de-

2181 3264 2334 3334 bent,
2359 3267 2493 3339 quia
2524 3266 2864 3338 ambiguitas
2891 3267 2951 3321 in
2993 3267 3104 3322 ﬁde
3127 3273 3329 3323 nostra
3356 3283 3471 3322 non
3497 3269 3596 3329 est,
3623 3275 3753 3316 com-

2181 3356 2483 3411 mendatur
2501 3356 2654 3411 enim
2669 3355 2876 3411 virtute
2907 3356 3320 3428 prodigiorum.
3352 3353 3614 3421 (Hieron.)
3634 3346 3757 3415 Quia

2180 3461 2311 3500 vero
2337 3445 2436 3510 ait,
2469 3449 2623 3501 ultra
2651 3462 2766 3500 non
2783 3449 2960 3500 simus
2980 3449 3218 3516 parvuli
3233 3449 3584 3516 ﬂuctuantes,
3613 3444 3665 3495 et
3681 3453 3757 3492 re-

2179 3533 2336 3606 liqua
2357 3553 2369 3588 :
2388 3551 2450 3588 se
2479 3551 2702 3606 quoque
2721 3535 3089 3590 ﬂuctuantem
3119 3539 3180 3588 et
3199 3534 3500 3606 parvulum
3512 3545 3627 3587 esse
3645 3542 3758 3583 con-

2178 3627 2412 3688 testans,
2441 3623 2859 3678 retractandum
2888 3623 3130 3690 videtur,
3161 3628 3439 3679 utrumne
3466 3622 3568 3676 hoc
3594 3631 3761 3674 secun-

2177 3710 2313 3765 dum
2332 3710 2712 3767 humilitatem
2731 3713 2955 3768 locutus
2975 3711 3148 3779 sit,an
3173 3718 3330 3768 certe
3347 3729 3414 3767 ex
3431 3716 3587 3784 parte
3596 3705 3764 3762 videns

2183 3805 2243 3854 et
2267 3817 2333 3854 ex
2359 3807 2517 3872 parte
2540 3817 2902 3872 cognoscens,
2925 3801 3271 3858 intellexerit
3298 3806 3578 3874 quantum
3601 3815 3635 3852 a
3659 3809 3766 3868 per-

2183 3887 2329 3944 fecta
2351 3889 2498 3945 absit
2513 3890 2764 3958 scientia,
2781 3896 2839 3946 et
2865 3891 2925 3945 in
2953 3907 3087 3946 vera
3117 3891 3484 3948 conscientiae
3507 3904 3618 3944 sua
3627 3881 3774 3939 verba

2183 3979 2523 4051 proruperit.
2539 3979 2596 4034 Si
2617 3979 2744 4051 quis
2763 3979 2940 4052 igitur
2949 3980 3071 4035 vult
3089 3996 3220 4035 eum
3235 3979 3558 4036 secundum
3577 3971 3775 4031 humili-

2183 4073 2360 4122 tatem
2371 4067 2639 4135 locutum,
2647 4068 2738 4125 ille
2749 4073 2942 4124 utetur
2952 4069 3224 4141 exemplo:
3251 4070 3489 4139 Quando
3501 4082 3648 4122 eram
3657 4077 3771 4134 par-

2184 4159 2364 4223 vulus,
2380 4159 2638 4226 loquebar
2653 4161 2716 4211 ut
2728 4161 3024 4228 parvulus,
3044 4159 3332 4227 sapiebam
3347 4162 3412 4212 ut
3419 4157 3772 4228 parvulusmr

2183 4247 2242 4313 gi
2245 4246 2429 4300 tabam
2451 4250 2516 4300 ut
2527 4251 2738 4316 par-nul
2743 4263 2828 4301 us:
2849 4248 3074 4316 quando
3087 4263 3212 4302 vero
3225 4249 3420 4315 factus
3429 4262 3552 4301 sum
3563 4245 3620 4298 vi
3621 4255 3770 4308 netu-

2183 4336 2345 4388 cuavi
2363 4339 2658 4404 quaerant
2682 4337 2934 4406 parvuli.
2960 4335 3121 4391 Alius
3147 4351 3286 4391 vero
3317 4335 3393 4392 ad
3420 4335 3532 4391 ista
3560 4345 3770 4404 respon-

500 4420 617 4476 sint
633 4419 766 4476 ﬁdei
775 4419 834 4476 in
849 4419 1228 4492 cognitionem
1240 4419 1470 4476 Christi.
1489 4423 1557 4477 In
1567 4423 1758 4476 virum
1772 4424 2098 4491 perfectum,
2116 4424 2166 4484 D
2183 4421 2316 4477 deat
2331 4423 2752 4496 comparatione
2773 4424 3083 4480 multorum
3102 4424 3163 4480 in
3179 4430 3416 4481 atatem
3436 4420 3662 4497 perfecti
3680 4415 3768 4471 viri

500 4513 563 4565 in
589 4525 914 4565 mensuram
942 4512 1118 4566 atatis
1140 4510 1518 4580 plenitudinis
1545 4510 1774 4566 Christi.
1800 4509 1887 4565 Ita
1912 4509 2100 4566 elabo-

501 4597 743 4652 randum
769 4597 1052 4666 hortatur,
1075 4603 1142 4653 ut
1168 4595 1436 4670 perfectio
1464 4596 1596 4652 ﬁdei
1623 4598 2098 4670 apprehendatur,

501 4685 663 4756 cujus
680 4685 798 4741 hac
817 4685 962 4742 ratio
976 4691 1152 4755 est,ut
1162 4686 1452 4744 Christum
1469 4685 1779 4759 perfectum
1797 4693 1856 4742 et
1872 4687 2100 4758 plenum

501 4773 683 4829 Deum
711 4773 849 4829 ﬁdes
868 4779 1076 4844 teneat,
1103 4793 1206 4832 nec
1233 4793 1502 4834 mensura
1529 4775 1780 4830 humana
1810 4775 2096 4844 metiatur,

501 4861 602 4918 sed
631 4861 690 4918 in
717 4862 1068 4936 plenitudine
1091 4864 1420 4933 divinitatis,
1445 4863 1607 4938 quasi
1635 4865 1916 4938 perfectus
1951 4867 2101 4922 Deus

501 4951 794 5009 habeatur.
827 4953 944 5010 Nec
965 4954 1117 5010 enim
1138 4954 1448 5026 perfectum
1466 4953 1660 5009 dicens
1677 4953 1860 5010 virum
1879 4960 2099 5028 tempo-

501 5041 608 5098 rali
627 5047 794 5099 atate
823 5048 880 5098 et
906 5059 1176 5098 mensura
1196 5041 1495 5116 signiﬁcat,
1519 5042 1619 5098 sed
1640 5059 1742 5116 per
1761 5042 1867 5099 hoc
1887 5043 2100 5100 dictum

501 5131 776 5202 perfectos
794 5149 897 5189 nos
913 5132 1036 5188 vult
1050 5131 1177 5187 ﬁeri
1197 5131 1257 5188 in
1283 5131 1634 5205 plenitudine
1664 5131 1983 5189 intellectus
2010 5133 2099 5188 di-

499 5219 750 5278 vinitatis
775 5221 904 5278 Filii
933 5221 1055 5278 Dei.
1087 5220 1257 5290 (Διὸ.)
1298 5222 1445 5277 Sunt
1483 5221 1637 5277 enim
1674 5221 1772 5295 qui
1800 5228 2004 5294 putant
2032 5239 2100 5278 ex

501 5308 671 5381 hujus
699 5309 992 5367 sententia
1019 5308 1337 5384 apostolica
1363 5309 1602 5377 ratione,
1635 5326 1832 5367 omnes
1860 5311 1932 5366 ad
1967 5317 2099 5369 ata-

499 5403 617 5454 tem
647 5399 877 5466 Christi,
900 5389 1070 5472 quam
1087 5396 1305 5466 habuit,
1322 5398 1548 5472 quando
1567 5414 1768 5473 passus
1785 5405 1891 5467 est,
1912 5417 2098 5458 resur-

501 5493 774 5555 recturos,
800 5494 868 5543 ut
891 5488 1019 5544 usui
1058 5487 1308 5563 corporis
1335 5487 1572 5561 quisque
1602 5486 1839 5562 recipiat
1865 5506 2094 5547 mensu-

501 5593 646 5644 ram,
667 5593 841 5650 quam
864 5576 952 5632 vel
971 5575 1171 5634 habuit
1185 5577 1246 5636 in
1260 5577 1558 5649 juventute
1572 5576 1796 5635 etiamsi
1815 5594 1983 5638 senex
2008 5586 2098 5636 est

2182 4512 2515 4583 Apostolum
2544 4512 2884 4584 pervenisse,
2899 4512 2972 4568 ad
2993 4530 3060 4568 ea
3087 4529 3218 4568 vero
3239 4530 3374 4586 qua
3405 4509 3652 4586 reposita
3663 4522 3774 4563 san.

2183 4599 2288 4656 ctis
2303 4607 2438 4656 sunt
2446 4601 2629 4656 adhuc
2642 4602 2936 4674 parvulum
2946 4601 3588 4674 nuncupari.Siquidem
3595 4609 3774 4654 omnes

2183 4691 2482 4762 apostolos,
2507 4691 2604 4764 qui
2623 4691 2683 4746 in
2702 4691 2926 4746 Christo
2942 4691 3190 4758 credent,
3215 4692 3492 4762 parvulos
3521 4686 3776 4763 propheta

2183 4785 2602 4847 commemorat,
2625 4779 2816 4835 dicens
2835 4798 2846 4833 :
2863 4779 2992 4835 Ecce
3015 4795 3106 4848 ego
3146 4783 3198 4833 et
3211 4783 3476 4849 parvuli,
3498 4794 3629 4850 quos
3649 4773 3778 4829 mihi

2181 4869 2330 4923 dedit
2357 4869 2784 4937 Dominus(Gen.
2824 4872 3031 4938 XXXIII).
3055 4867 3192 4922 Post
3223 4867 3352 4924 hac
3378 4867 3653 4924 attentius
3675 4862 3778 4919 dis-

2181 4957 2502 5024 serendum,
2535 4973 2606 5012 ne
2639 4957 2785 5013 forte
2811 4957 2978 5028 juxta
3017 4956 3431 5025 humilitatem,
3474 4973 3590 5013 non
3615 4951 3781 5009 solum

2180 5046 2477 5117 parvulum
2517 5045 2819 5119 Apostolus
2847 5061 2971 5102 esse
2997 5062 3058 5101 se
3085 5045 3313 5114 dixerit,
3331 5047 3438 5102 sed
3463 5045 3784 5102 ﬂutuantem

2181 5139 2240 5190 et
2258 5135 2411 5190 omni
2429 5135 2813 5216 doctrinarum
2836 5134 3012 5190 ﬂuctu
3035 5134 3096 5190 in
3115 5134 3345 5191 diversa
3361 5133 3682 5209 raptum,in
3698 5127 3788 5184 fal-

2181 5223 2383 5279 laciam
2402 5224 2713 5291 hominum,
2735 5223 2795 5280 in
2813 5223 3130 5296 nequitiam
3149 5223 3222 5280 ad
3247 5222 3784 5280 circumventionem

2181 5313 2408 5369 erroris.
2459 5313 2570 5378 Qui
2619 5318 2810 5368 autem
2848 5312 2971 5368 vult
2996 5312 3116 5370 hac
3157 5329 3289 5370 eum
3320 5331 3445 5370 non
3473 5313 3548 5370 de
3572 5305 3786 5368 humili-

2179 5407 2316 5468 tate,
2361 5403 2462 5458 sed
2494 5401 2566 5458 de
2599 5401 2942 5458 conscientia
2969 5401 3288 5475 protulisse,
3324 5401 3476 5458 dicit
3515 5419 3528 5456 :
3585 5397 3782 5456 Paulus

2176 5491 2464 5564 apostolus
2492 5491 2661 5546 homo
2697 5496 2823 5546 erat
2857 5491 3009 5547 acuti
3049 5497 3110 5547 et
3149 5491 3295 5548 acris
3322 5490 3574 5564 ingenii,
3611 5494 3673 5546 et
3694 5483 3783 5560 qui

2176 5579 2249 5636 ad
2300 5581 2513 5652 primos
2555 5593 2808 5654 quosque
2861 5579 3278 5654 disputantium
3319 5583 3578 5637 conatus
3603 5571 3782 5648 sagaci
