3880 6146
185 385 267 441 433
555 379 1134 438 ENARRATIONUM
1168 380 1249 437 IN
1285 382 1439 437 EPP.
1481 382 1697 440 PAULI
1734 378 1873 465 LIB;
1913 381 2118 473 XVIII,
2140 412 2206 425 —
2235 384 2314 442 IN
2340 383 2564 441 EPIST.
2596 386 2695 443 AD
2732 385 2984 444 EPHES.
3309 387 3416 449 434

184 506 334 567 mente
361 524 477 580 quae
505 513 667 561 erant
714 506 1011 562 inferenda
1052 513 1443 579 praenosceret.
1494 508 1795 573 VidebatA
1813 513 2206 570 haecnumeros
2214 510 2808 585 proprioshabeant,et
2820 514 2935 569 sint
2944 513 3283 587 legiones,ut
3292 516 3415 591 ipse

182 601 320 673 igitur
340 613 477 669 saepe
495 613 560 650 ex
578 601 822 669 utraque
848 601 1011 669 parte
1041 597 1121 652 sic
1134 597 1264 665 dici,
1294 602 1353 652 et
1378 603 1497 653 tam
1543 599 1734 653 verisi-
1813 602 2085 658 Dominus
2094 602 2252 669 dixit,
2268 602 2404 674 quia
2418 599 2490 655 ab
2514 617 2627 657 uno
2637 606 2830 658 tamen
2852 607 2910 658 et
2929 606 3033 676 per
3058 621 3236 660 unum
3259 610 3412 673 sunt,

180 689 304 744 milia
326 686 378 741 in
397 684 557 740 rebus
587 686 884 741 contrariis
925 686 1121 753 asseri,
1155 691 1221 741 ut
1255 687 1541 759 ambigere
1582 688 1730 743 face-
1812 690 1982 746 simul
2001 692 2193 747 omnia
2208 707 2382 746 unum
2398 707 2601 763 corpus
2615 690 3051 763 appellat;sicut
3061 693 3211 748 enim
3232 710 3413 750 mem-

180 775 818 841 rentaudientem,idcirco
830 776 1072 831 uthomo
1085 777 1335 831 etadhuc
1346 777 1405 831 in
1416 777 1601 849 fragili
1612 794 1733 833 cor-
1813 779 1913 834 bra
1933 798 2061 836 cum
2092 781 2207 835 sint
2234 780 2403 835 unius
2453 780 2722 852 corporis,
2782 780 3004 835 diversa
3032 787 3221 837 tamen
3279 790 3416 840 sunt.

179 865 366 941 pusculo
407 864 767 931 constitutus,
798 864 1302 920 circumferebatur
1322 866 1548 937 quidem
1578 867 1731 922 omni
1813 875 1941 924 actu
1952 875 2010 924 et
2019 870 2314 941 dignitate,
2328 868 2407 924 ita
2427 875 2485 924 et
2496 874 2759 924 creatura
2775 870 3001 925 condita
3016 877 3103 926 est
3121 872 3283 927 aDeo
3310 889 3415 947 per

177 962 305 1011 vento
337 954 615 1019 doctrinae,
656 954 756 1009 sed
787 970 899 1009 non
930 953 1261 1009 elidebatur.
1297 954 1496 1010 Stabat
1526 955 1733 1028 quippe
1814 958 2123 1023 Christum,
2165 966 2231 1014 ut
2256 976 2289 1013 a
2318 956 2589 1013 cherubin
2621 963 2681 1013 et
2707 959 2970 1031 seraphin
2997 965 3256 1031 potentes
3285 962 3409 1034 [po-

176 1048 218 1100 in
240 1044 388 1116 puppi
414 1042 859 1113 gubernaculum
885 1049 1085 1098 tenens
1115 1049 1172 1098 et
1190 1050 1519 1115 spumantes
1549 1046 1728 1100 haere-
1813 1047 2029 1118 tentiis]
2057 1048 2153 1120 qui
2181 1046 2283 1102 sub
2309 1047 2441 1102 sede
2468 1048 2572 1102 Dei
2601 1053 2753 1115 sunt,
2785 1054 2845 1104 et
2879 1049 3095 1120 angelis
3124 1066 3264 1121 quos
3288 1050 3408 1123 ipse

172 1151 277 1191 seon
305 1135 497 1187 ﬂuctus
540 1131 674 1186 ﬁdei
722 1133 1021 1187 securitate
1049 1132 1364 1203 frangebat,
1395 1151 1508 1188 non
1534 1140 1727 1190 tamen
1810 1136 2082 1191 Dominus
2111 1142 2334 1191 sanctos
2345 1136 2608 1208 appellat,
2626 1137 2787 1208 quasi
2808 1137 3065 1209 quaedam
3080 1144 3407 1196 concatena-

173 1221 438 1293 iutrepidus
459 1227 515 1275 et
545 1237 799 1287 securus,
833 1238 936 1276 nec
956 1222 1179 1293 quietus
1208 1230 1265 1276 et
1297 1223 1570 1294 placidus,
1600 1240 1727 1296 pro-
1806 1225 1887 1278 tio
1908 1225 1983 1280 sit
2000 1242 2180 1297 usque
2206 1226 2278 1280 ad
2305 1226 2726 1281 ﬁrmamentum
2754 1226 3013 1282 ordinata
3040 1228 3404 1297 descendens,

169 1310 393 1383 spiciebat
409 1316 608 1364 ventos
622 1310 895 1365 hincinde
911 1311 1233 1383 perﬁantes,
1254 1316 1313 1366 et
1341 1312 1727 1369 sollicitaaure
1808 1320 1872 1369 ut
1899 1319 2083 1370 totum
2112 1321 2169 1370 et
2183 1316 2445 1385 junctum
2481 1314 2557 1369 sit
2582 1320 2641 1370 et
2667 1315 2886 1370 meritis
2910 1321 3104 1373 tamen
3118 1316 3405 1375 discerna-

169 1399 382 1471 captabat
418 1398 789 1471 vincebatque
816 1401 1101 1455 contraria
1124 1419 1137 1467 ;
1169 1401 1267 1455 sed
1294 1418 1409 1456 non
1466 1407 1590 1456 erat
1644 1402 1726 1456 illi
1807 1407 1921 1457 tur.
1954 1403 2168 1458 Meritis
2189 1404 2312 1457 dico
2327 1420 2440 1459 non
2468 1403 2651 1459 solum
2666 1403 3000 1472 ofﬁciorum,
3024 1406 3125 1461 sed
3157 1412 3216 1461 et
3235 1414 3405 1464 natu-

167 1505 323 1544 secura
348 1487 600 1542 victoria.
623 1488 768 1552 Quia
791 1488 967 1559 igitur
988 1489 1441 1545 adversariorum
1459 1490 1726 1545 verbaat-
1808 1506 2022 1546 rarum.
2053 1493 2168 1546 Nec
2194 1493 2345 1547 enim
2377 1492 2510 1565 quia
2559 1492 2760 1563 juncta
2799 1493 2935 1548 dicit
2988 1496 3198 1564 omnia,
3238 1497 3408 1552 unius

166 1594 250 1649 que
275 1577 526 1643 rationes,
562 1575 769 1648 quibus
785 1578 1081 1633 veritatem
1102 1584 1350 1634 evertere
1377 1579 1722 1647 nitebantur,
1808 1587 1976 1635 erunt
1996 1580 2338 1647 naturm,sed
2357 1582 2507 1652 quod
2526 1580 2585 1636 in
2614 1598 2847 1653 corpore
2896 1582 3151 1638 membra
3193 1585 3408 1641 faciunt

165 1665 463 1720 videbatnon
488 1665 657 1720 facile
682 1684 845 1737 posse
863 1668 1120 1739 superari
1150 1674 1208 1722 et
1234 1669 1388 1723 omni
1416 1668 1722 1724 calliditate
1804 1669 2044 1725 discreta
2056 1670 2273 1738 ofﬁciis,
2297 1687 2409 1726 non
2427 1672 2739 1737 natura,ita
2762 1677 2821 1726 et
2837 1672 2897 1726 in
2911 1672 3272 1730 hisomnibus
3290 1692 3405 1731 non

164 1755 335 1827 plenas,
386 1754 697 1809 dialecticae
733 1772 975 1827 quoque,
1001 1756 1117 1811 imo
1146 1757 1350 1811 diaboli
1406 1763 1529 1813 arte
1583 1775 1720 1812 con-
1801 1759 2400 1825 membra,sednaturae
2412 1760 2545 1833 ipsae
2556 1760 2769 1815 faciunt
2779 1760 3406 1818 distinctiones.Hocer—

164 1843 595 1914 textas,sperabat
606 1844 709 1898 Dei
728 1844 1018 1911 auxilium,
1034 1851 1102 1900 ut
1118 1863 1344 1901 omnem
1363 1846 1724 1902 deliberatio-
1738 1836 1785 1895 Β
1802 1864 1875 1918 go
1887 1854 1974 1902 est
1992 1849 2141 1919 quod
2160 1848 2537 1917 laboratur,ut
2552 1850 2625 1904 ad
2644 1866 2820 1904 unum
2840 1865 3068 1906 sensum
3092 1850 3401 1923 redigatur,

163 1933 334 1987 nemde
343 1939 527 1987 mente
550 1950 660 1988 sua
678 1934 1034 2005 propelleret,
1057 1940 1116 1990 et
1137 1941 1302 1991 certae
1330 1940 1500 2008 atque
1530 1936 1724 1992 deﬁxae
1806 1936 1936 1990 etin
1963 1953 2132 1991 sensu
2152 1954 2331 1993 unum
2357 1937 2433 1992 sit
2452 1954 2674 2010 corpus,
2705 1938 2841 1993 dum
2868 1940 3123 1995 omnium
3146 1947 3409 1996 creatura

164 2020 334 2093 absque
350 2022 444 2076 illa
460 2022 750 2077 modestia
763 2023 1266 2091 crederetveritati,
1291 2030 1589 2096 etaugeret
1598 2042 1723 2080 eam
1805 2041 1921 2080 una
1935 2026 2206 2097 professio
2232 2034 2318 2081 est
2340 2031 2406 2083 ut
2439 2028 2739 2083 concordet
2753 2029 2813 2082 in
2827 2029 3102 2083 charitate
3121 2030 3406 2086 Creatoris

164 2112 207 2163 in
244 2111 522 2165 dilectione
555 2111 967 2184 Christi,quem
987 2112 1200 2168 sciebat
1219 2130 1339 2168 esse
1361 2119 1419 2169 et
1436 2114 1610 2169 totius
1626 2115 1725 2170 Ec-
1804 2115 1872 2169 ad
1888 2131 2054 2170 suum
2062 2115 2705 2187 profectum,rezediﬁcat
2713 2116 2862 2171 enim
2875 2135 2935 2172 se
2944 2116 3288 2190 intemplum
3299 2119 3406 2175 Do-

162 2198 305 2254 clesie
324 2201 581 2272 corporis
616 2208 804 2273 caput.
848 2203 1137 2257 Veritatem
1164 2208 1350 2257 autem
1378 2205 1638 2272 facientes
1657 2207 1723 2259 in
1803 2201 2903 2259 minizdestructaenimfueratdementia
2912 2205 3165 2261 etfurore
3175 2205 3401 2262 diaboli.

161 2289 403 2356 dluritate,
424 2306 745 2345 crescamus
762 2293 828 2344 in
856 2293 955 2345 illo
998 2307 1101 2360 per
1122 2293 1438 2361 omnia,qui
1457 2297 1531 2346 est
1558 2298 1721 2362 caput
1877 2292 1986 2346 Hoc
2004 2295 2187 2360 igitur
2210 2295 2330 2348 dico
2349 2298 2400 2348 et
2430 2295 2684 2361 testiﬁcor
2702 2295 2769 2348 in
2796 2296 3049 2359 Domino,
3069 2299 3259 2364 utjam
3287 2311 3403 2350 non

163 2379 581 2449 Christus,qu
591 2384 768 2433 totum
779 2395 974 2448 corpus
989 2385 1330 2448 compactum
1344 2385 1393 2435 et
1412 2396 1722 2436 connexum
1805 2382 2117 2449 ambuletis,
2132 2384 2277 2438 sicut
2294 2387 2343 2437 et
2353 2386 2535 2451 gentes
2554 2382 2851 2437 ambulant
2861 2386 2926 2436 in
2938 2387 3186 2438 vanitate
3213 2398 3402 2439 sensus

156 2484 443 2537 peromnem
462 2472 817 2538 juncturam
834 2469 1396 2537 subministrationis,
1417 2471 1722 2526 secundum
1804 2473 1912 2535 sui,
1937 2472 2175 2526 tenebris
2192 2472 2545 2525 obscuratum
2554 2471 2808 2525 habentes
2819 2474 3401 2539 intellectum,aliena—

158 2561 483 2625 operationem
522 2560 601 2612 in
636 2572 961 2612 mensuram
1000 2560 1436 2629 uniuscujusque
1463 2562 1717 2623 membri,
1808 2561 1901 2613 tia
1930 2561 2045 2613 uita
2065 2560 2166 2614 Dei
2186 2575 2289 2629 per
2307 2561 2848 2629 ignorantiam,un
2865 2565 2942 2614 est
2969 2563 3035 2614 in
3050 2563 3167 2616 illis
3176 2566 3401 2630 propter

154 2653 471 2714 augmentum
495 2649 754 2716 corporis
773 2647 1003 2713 faciem,
1033 2649 1098 2701 in
1109 2648 1526 2716 aediﬁcationem
1547 2651 1638 2703 sui
1654 2652 1719 2704 in
1801 2650 2094 2703 excitatam
2112 2649 2291 2703 cordis
2317 2651 2584 2717 ipsorum,
2601 2651 2702 2717 qui
2719 2649 3062 2718 desperantes
3096 2652 3403 2719 semeptisos

156 2735 398 2790 duxi-itote.
431 2737 498 2790 In
525 2736 650 2791 ﬁne
670 2752 882 2802 rerum,
897 2752 1027 2791 cum
1046 2736 1227 2791 Deum
1247 2736 1586 2792 facievidere
1613 2753 1721 2792 coe-
1804 2736 2170 2792 tradiderunt
2180 2739 2559 2806 impudicitia,
2571 2740 2631 2791 in
2643 2739 3398 2807 operationemimmunditia

156 2824 361 2895 perimus
387 2825 459 2879 ad
495 2825 726 2889 faciem,
760 2830 817 2879 et
843 2825 903 2879 in
949 2841 1272 2881 mensuram
1301 2828 1719 2897 pervenerimus
1802 2828 1985 2879 omnis
2014 2830 2064 2881 et
2091 2828 2363 2881 auaritia.
2395 2825 2752 2881 Manifestato
2779 2833 3034 2881 creatore
3088 2831 3147 2881 et
3181 2826 3402 2883 ratione

155 2915 299 2968 atatis
320 2914 695 2986 plenitudinis
710 2913 938 2980 Christi,
961 2915 1031 2969 de
1042 2916 1205 2986 cujus
1215 2915 1561 2987 plenitudine
1571 2933 1721 2971 nunc
1803 2920 2046 2981 ostensa,
2065 2931 2237 2986 quam
2263 2915 2423 2986 sequi
2449 2914 2653 2970 debeat
2670 2921 2949 2982 creatura,
2974 2915 3033 2970 in
3046 2915 3158 2970 ﬁde
3181 2915 3285 2971 Dei
3311 2917 3402 2973 sui

156 3017 310 3059 omnes
341 3004 691 3075 accepimus,
724 3003 806 3057 ita
838 3009 902 3058 ut
921 3004 1179 3059 Christus
1209 3021 1321 3059 non
1341 3021 1407 3059 ex
1434 3011 1594 3076 parte
1623 3006 1714 3073 sit,
1803 3003 2572 3060 duntaxatcontestaturillos
2595 3005 2654 3059 in
2670 3005 2871 3071 Deum,
2894 3009 2960 3059 ut
2994 3020 3109 3085 non
3123 3003 3291 3059 aliter
3313 3003 3398 3058 in-

154 3092 227 3145 sed
244 3100 384 3148 totus
411 3094 472 3148 in
492 3091 685 3160 nobis,
700 3098 760 3147 et
785 3092 994 3147 relictis
1018 3093 1196 3148 initiis
1207 3095 1567 3165 parvulorum
1597 3111 1720 3149 cre-
1742 3157 1777 3165 _
1802 3093 2007 3149 cedant
2019 3094 2106 3148 vel
2124 3093 2392 3161 sentiant,
2416 3109 2588 3165 quam
2598 3094 2890 3160 docentur,
2906 3110 2978 3148 ne
2999 3092 3400 3163 similesgenti—
3478 3148 3485 3153 ,

156 3181 580 3237 verimusineum
594 3157 799 3249 virum,
823 3182 892 3236 de
913 3198 1024 3253 quo
1041 3157 1320 3254 propheta
1365 3183 1504 3239 dicit
1543 3204 1555 3237 :
1590 3157 1779 3239 Eccec'
1799 3181 1904 3237 bus
1933 3182 2309 3249 inveniantur,
2343 3157 2452 3255 qui.
2480 3199 2581 3237 nec
2605 3182 2775 3237 ﬁdem
2804 3157 3101 3254 recipiunt,
3136 3157 3251 3236 nec
3263 3196 3401 3236 con-

154 3272 418 3337 cir,0riens
437 3288 656 3327 nomen
674 3274 790 3340 ejus
804 3272 984 3339 (Zach.
1007 3275 1083 3341 vi)
1109 3278 1197 3339 ;et
1208 3273 1452 3328 Joannes
1466 3273 1720 3345 Baptista
1799 3272 2191 3339 versationem,
2225 3288 2395 3343 quam
2423 3271 2656 3326 mandat
2675 3271 2780 3339 lex,
2803 3270 3105 3326 obscurum
3129 3269 3401 3326 habentes

152 3367 514 3416 commemorat
541 3380 557 3416 :
583 3362 707 3416 Post
742 3377 829 3415 me
857 3364 1007 3415 venit
1030 3363 1122 3415 vir
1148 3365 1250 3430 qui
1269 3368 1397 3417 ante
1417 3379 1504 3417 me
1539 3364 1719 3431 factus
1800 3377 2049 3429 sensum,
2082 3378 2184 3416 nec
2213 3361 2628 3433 contemplatur
2675 3360 2849 3415 divini
2905 3360 3149 3415 nominis
3190 3360 3399 3415 verita-

150 3455 222 3516 est,
236 3454 490 3519 quoniam
521 3455 663 3505 ante
682 3465 770 3503 me
803 3454 923 3503 erat
960 3450 1181 3518 (Joann.
1198 3450 1259 3521 1),
1288 3456 1423 3507 tunc
1443 3452 1503 3506 in
1531 3469 1722 3507 occur-
1800 3455 2104 3506 temzvana
2118 3451 2267 3506 enim
2287 3455 2697 3522 sectantesquaa
2723 3454 2858 3505 sunt
2869 3448 3208 3517 idololatria,
3222 3449 3399 3504 infre-

151 3552 248 3591 sum
276 3540 438 3595 unius
479 3539 622 3594 ﬁdei
650 3545 710 3593 et
730 3539 898 3593 unius
927 3540 1229 3610 agnitionis
1249 3541 1375 3595 Filii
1399 3532 1519 3609 Dei,
1551 3558 1720 3613 quem
1799 3545 2058 3595 nantura
2086 3540 2327 3607 diabolo,
2360 3558 2430 3594 ne
2448 3540 2617 3594 unius
2645 3540 2747 3594 Dei
2766 3539 2877 3593 iter
2904 3538 3186 3605 incedant,
3209 3544 3276 3593 ut
3302 3554 3396 3593 so-

148 3642 264 3682 nunc
291 3646 388 3700 pro
415 3629 703 3684 varietate
737 3629 1030 3695 mentium,
1055 3646 1168 3685 non
1197 3646 1312 3685 una
1360 3647 1463 3685 nec
1521 3631 1718 3687 eadem
1799 3629 1915 3684 cios
1939 3629 2065 3685 illos
2103 3645 2220 3685 suae
2264 3628 2596 3702 perditionis
2635 3628 2841 3683 efﬁciat
2869 3646 2881 3681 :
2914 3627 3155 3698 gentiles
3191 3626 3396 3683 futura

149 3716 343 3772 scientia
366 3724 424 3773 et
459 3718 761 3790 agnitione
816 3719 1223 3789 cognoscimus,
1257 3724 1441 3775 totum
1493 3737 1713 3792 corpus,
1800 3718 2224 3774 resurrectionis
2273 3718 2663 3790 desperatione
2708 3716 3017 3771 caecitatem
3058 3714 3245 3770 cordis
3290 3714 3395 3769 ha-

147 3807 265 3876 quod
290 3808 443 3879 prius
461 3807 810 3878 dissipatum
820 3807 1007 3862 fuerat
1023 3814 1082 3863 et
1100 3809 1161 3863 in
1171 3809 1391 3864 diversa
1408 3810 1717 3865 laceratum
1797 3806 1930 3863 bere
1967 3806 2264 3878 signiﬁcat.
2289 3806 2462 3871 Quasi
2484 3805 2639 3861 enim
2660 3804 2813 3861 ultra
2851 3820 2965 3859 non
3016 3803 3193 3858 ﬁituri
3221 3802 3395 3857 vitam

149 3894 191 3947 in
219 3913 366 3952 suam
378 3913 723 3969 compagem
752 3898 1189 3969 juncturamque
1218 3898 1520 3969 redigetur,
1549 3898 1630 3953 ita
1655 3905 1722 3955 ut
1799 3912 1959 3952 suam
1986 3897 2376 3952 contaminant
2398 3894 2724 3966 turpissima
2759 3893 3105 3965 operatione,
3137 3890 3395 3947 nolentes

145 4000 233 4038 una
262 3985 714 4042 subministratio
770 3991 829 4039 et
875 3986 1042 4041 unius
1093 3987 1273 4041 aetatis
1328 3993 1720 4043 consummata
1799 4001 1857 4040 se
1870 3985 2145 4056 subjicere
2156 3985 2267 4057 legi
2281 3985 2431 4051 ﬁdei,
2452 3984 2585 4056 quia
2593 3982 2855 4055 prohibet
2886 3982 3233 4052 voluptatem
3260 3995 3394 4052 pro-

145 4075 370 4141 perfectio
387 4083 583 4131 totum
612 4091 863 4130 crescere
887 4075 1056 4131 faciat
1074 4093 1276 4148 corpus
1317 4076 1627 4148 aequaliter,
1661 4082 1719 4133 et
1798 4080 1925 4147 pter
1936 4092 2093 4146 spem
2115 4076 2242 4130 vitae
2265 4074 2489 4141 futurae,
2506 4089 2678 4145 quam
2698 4072 2904 4126 idcirco
2932 4069 3229 4126 ridendam
3260 4084 3394 4124 cen-

142 4164 297 4219 omnia
322 4165 590 4221 membra
603 4166 771 4235 juxta
785 4181 1108 4219 mensuram
1137 4165 1546 4221 incrementum
1581 4172 1716 4223 aeta-
1799 4170 1944 4231 sent,
1991 4170 2056 4220 ut
2096 4165 2227 4236 jure
2267 4165 2638 4220 dehonestare
2687 4178 2748 4217 se
2795 4167 2853 4216 et
2897 4159 3084 4215 aliena
3128 4165 3395 4232 appetere

146 4253 201 4305 tis
220 4256 509 4329 accipiant.
547 4255 680 4310 Hac
707 4260 899 4309 autem
918 4259 1040 4309 tota
1063 4255 1376 4321 aediﬁcatio,
1411 4272 1513 4327 per
1542 4272 1713 4328 quam
1794 4254 1955 4309 avida
1970 4254 2275 4326 cupiditate
2288 4254 2601 4319 videantur,
2617 4251 2776 4324 quasi
2787 4250 3069 4323 posthanc
3094 4255 3397 4320 transpun-

143 4357 311 4416 corpus
350 4345 621 4401 Ecclesiae
666 4360 769 4416 per
794 4349 982 4416 partes
1008 4350 1266 4416 augetur,
1299 4350 1499 4400 mutua
1551 4344 1611 4400 in
1653 4361 1715 4401 se
1795 4343 2037 4399 ctionem
2065 4344 2224 4399 nulla
2239 4343 2314 4398 sit
2329 4342 2463 4398 vita.
2494 4344 2661 4411 (Διὸ.)
2694 4341 2815 4396 Hoc
2833 4355 2988 4410 ergo,
3016 4338 3118 4405 ait,
3141 4337 3266 4392 dico
3290 4354 3392 4391 vo-

143 4430 380 4488 charitate
400 4432 801 4504 complebitur,
838 4433 1063 4505 quando
1085 4449 1288 4505 corpus
1317 4434 1494 4489 totius
1522 4434 1711 4489 Eccle-
1730 4431 1898 4539 Dbis,
1929 4449 1962 4487 ο
1991 4432 2236 4504 Ephesii,
2266 4449 2475 4505 vosque
2494 4427 3075 4539 contestorzutnui‘a“
3105 4425 3394 4539 occursum

143 4520 359 4577 siaenmic
382 4523 709 4594 dispersum
739 4528 910 4594 atque
938 4523 1245 4577 laceratum
1266 4539 1433 4578 verus
1462 4521 1712 4579 medicus
1731 4513 1927 4577 "estis
1947 4522 2009 4576 in
2035 4538 2359 4578 mensuram
2379 4520 2562 4576 aetatis
2575 4516 2941 4591 plenitudinis
2995 4513 3224 4579 Christi,
3273 4528 3388 4567 non

142 4608 359 4666 (inustus
376 4614 863 4667 Jesussanaturus
893 4612 1181 4667 advenerit
1207 4611 1510 4684 unicuique
1532 4628 1712 4667 mem-
1794 4610 2093 4666 ambuletis
2133 4612 2280 4666 sicut
2321 4609 2613 4666 ambulant
2662 4611 2879 4677 gentes,
2912 4619 3036 4674 quae
3060 4600 3227 4657 idolis
3275 4616 3391 4656 ser-

145 4694 219 4751 bro
228 4702 509 4773 propriam
526 4700 766 4755 reddere
796 4700 1128 4771 dignitatem
1146 4702 1455 4757 secundum
1486 4701 1714 4756 merito-
1792 4699 2006 4754 vientes
2017 4705 2076 4755 et
2088 4715 2259 4756 sensu
2278 4704 2337 4754 et
2362 4702 2552 4754 mente
2591 4695 2904 4750 abutuntur
2926 4706 3096 4764 prave
3142 4690 3392 4745 muneri-

147 4803 241 4841 rum
266 4790 623 4860 qualitatem,
656 4796 723 4843 ut
746 4789 806 4843 in
830 4789 1088 4845 omnibus
1103 4807 1216 4846 una
1236 4791 1479 4847 Charitas
1504 4790 1711 4862 vigeat,
1793 4788 1898 4844 bus
1911 4788 2031 4855 Dei,
2063 4805 2187 4861 quae
2220 4804 2349 4843 cum
2359 4786 2484 4842 ideo
2494 4787 2833 4856 acceperunt
2860 4780 3109 4835 animam
3136 4785 3196 4835 et
3220 4779 3392 4835 intel-

149 4881 191 4928 α
216 4879 450 4947 perfecta
478 4879 812 4952 perﬁciatur
839 4877 1145 4934 beatitudo.
1180 4881 1297 4935 Ista
1350 4886 1541 4936 autem
1588 4881 1715 4936 uni-
1794 4878 2023 4943 lectum,
2063 4883 2131 4932 ut
2161 4874 2776 4949 cognoscerentDeum,
2802 4869 3392 4927 abalienatisuntavia

149 4979 275 5020 versa
293 4969 371 5023 sic
398 4970 567 5035 ﬁent,
587 4974 653 5022 ut
671 4967 910 5022 invicem
940 4969 1089 5023 inter
1099 4986 1161 5023 se
1182 4969 1454 5026 charitate
1472 4971 1715 5042 jungan-
1796 4969 1939 5040 ejus,
1954 4984 2123 5040 quam
2133 4967 2303 5022 aliam
2319 4965 2529 5037 absque
2553 4962 2777 5019 Christo
2788 4976 2902 5015 non
2930 4958 3208 5025 novimus,
3243 4961 3302 5011 et
3329 4956 3392 5011 in

150 5058 237 5116 tur.
254 5062 308 5109 et
329 5057 471 5111 dum
491 5057 812 5127 congaudet
839 5056 1152 5113 membrum
1181 5058 1452 5124 membro,
1467 5065 1525 5114 et
1540 5060 1599 5114 in
1628 5060 1714 5115 al-
1795 5058 1883 5113 sui
1895 5056 2079 5113 cordis
2096 5056 2388 5113 ambulant
2405 5054 2672 5110 caecitate.
2691 5052 2876 5122 Atque
2892 5048 3110 5104 utinam
3130 5060 3392 5118 peccasse

149 5142 287 5197 hius
310 5146 781 5216 gaudiolaetatur,
797 5146 1006 5200 Christi
1026 5164 1248 5220 corpus,
1265 5148 1322 5202 id
1337 5155 1442 5215 est,
1478 5149 1714 5203 ecclesia
1794 5146 2094 5214 sufﬁceret,
2128 5151 2187 5203 et
2209 5147 2294 5202 vel
2322 5161 2447 5201 sero
2466 5147 2700 5215 agerent
2726 5137 3138 5212 paenitentiam,
3160 5134 3372 5189 damna

150 5234 751 5299 Mrum,mhabitet
764 5235 822 5289 in
849 5236 1059 5291 caelesti
1091 5238 1424 5304 Jerusalem,
1456 5253 1625 5309 quam
1652 5238 1711 5294 in
1795 5242 2032 5309 rentque
2050 5236 2203 5303 vitia,
2228 5234 2431 5307 quibus
2444 5232 2661 5305 jugiter
2678 5229 2989 5292 inhiarunt,
3007 5228 3267 5294 essetque
3296 5237 3391 5277 re-

152 5318 235 5374 alio
246 5322 360 5378 loco
371 5326 680 5396 Apostolus
700 5330 939 5379 matrem
958 5331 1280 5381 sanctorum
1298 5333 1472 5383 vocat.
1505 5328 1707 5395 (Amb.)
1791 5326 2039 5382 medium
2070 5326 2346 5399 respicere
2366 5319 2737 5396 [resipiscere]
2763 5322 2892 5389 post
2920 5328 3191 5370 errorem.
3232 5310 3396 5368 Nunc

154 5406 247 5470 Qua
265 5414 483 5467 ratione
533 5414 817 5469 Christum
845 5421 1015 5486 caput
1060 5432 1182 5471 esse
1219 5416 1472 5471 omnium
1511 5416 1716 5472 dixerit
1791 5433 1923 5473 vero
1951 5416 2314 5488 desperantes
2325 5431 2385 5470 se
2396 5420 2455 5469 et
2474 5413 2589 5466 ritu
2601 5403 3070 5464 irrationabilium
3081 5400 3396 5457 bestiarum

155 5495 296 5567 docet,
312 5519 376 5556 ex
404 5507 526 5572 ipso
544 5507 712 5567 enim,
744 5504 947 5574 inquit,
972 5521 1132 5559 omne
1159 5522 1373 5574 corpus,
1387 5506 1445 5560 id
1461 5512 1564 5573 est,
1588 5523 1711 5561 om-
1793 5522 1951 5563 caeno
1997 5505 2363 5577 voraginique
2408 5504 2746 5572 mergentes,
2799 5492 3162 5550 tradiderunt
3187 5507 3249 5547 se
3293 5490 3397 5546 im-

160 5585 220 5638 !Iis
240 5589 911 5664 cborusarchangelorum
943 5599 1000 5650 et
1011 5594 1412 5666 potentiamm,
1436 5595 1713 5667 principa-
1793 5595 2076 5668 pudicitize
2105 5601 2275 5667 atque
2303 5591 2557 5663 luxuriae,
2612 5588 2913 5680 operantes
2965 5579 3253 5680 quidquid.
3275 5595 3399 5680 cor.-

161 5680 303 5740 αιιιιιι.
316 5688 373 5737 et
390 5687 743 5755 potestatum
755 5681 1029 5739 subsistit.
1044 5683 1310 5748 Quamvis
1320 5683 1471 5739 enim
1488 5684 1713 5755 singula
1793 5702 1900 5758 pus
1924 5685 2120 5759 voluit,
2162 5700 2323 5765 mens
2380 5678 2734 5771 desideravit,
2765 5674 2939 5734 libido
2983 5673 3266 5756 suggessit
3293 5686 3309 5735 ς
3338 5674 3398 5722 οἱ
