3880 6146
398 345 503 407 439
1004 345 1067 400 Β.
1108 342 1381 401 MBAN!
1419 342 1652 399 MAURI
1686 343 2027 401 ARCHIEP.

2114 340 2394 400 [OGUNT.
2433 338 2735 398 OPEBUM
2768 337 2954 394 PARS
2990 337 3073 395 ΙῙῙ
3551 339 3644 398 ιω

400 486 735 528 moveamur
753 468 1355 541 tranquillitatemque,
1405 468 1613 523 mentis
1658 468 1813 523 velut
1857 467 2001 523 lenis
2016 470 2066 529 Α
2083 467 2172 523 sui
2219 466 2405 521 facere
2440 464 2860 538 cogitationem,
2918 464 3065 520 hanc
3090 463 3140 519 sl
3167 465 3229 521 in
3274 463 3435 519 corde
3473 470 3650 520 nostro

403 559 660 633 quadam
690 574 831 613 aura
852 554 1151 612 conturbet
1176 574 1189 609 :
1221 573 1581 628 nequaquam
1609 562 1802 613 tamen
1849 557 2003 611 intu-
2084 560 2402 627 susceptam
2418 553 2786 610 nutriet-imus
2811 553 3150 609 intrinsecus
3166 557 3227 608 et
3259 568 3498 607 crescere
3520 551 3653 608 fece-

402 653 623 704 mentes
647 645 901 718 gurgites
926 644 1134 700 furoris
1170 645 1387 716 impetu
1428 645 1803 701 sublevemur.
1837 646 2003 714 (Λιὸ.)
2088 645 2285 711 rimus,
2315 660 2445 699 cum
2471 642 2533 698 in
2548 642 2711 698 nobis
2720 643 2935 714 prolem
2953 659 3117 697 suam
3136 646 3358 696 auctam
3374 639 3579 707 viderit,
3604 647 3658 696 et

406 735 516 792 Sed
552 734 805 791 fortassis
831 734 902 789 de
930 739 1172 806 utroque
1197 734 1304 789 hoc
1346 735 1467 790 loco
1509 733 1749 805 intelligi
1774 739 1961 806 potest
1990 752 2002 788 :
2088 733 2208 806 ipse
2225 732 2458 787 audebit
2475 732 2709 787 intrare.
2733 731 2986 802 Denique
3005 731 3067 786 in
3103 730 3263 786 Iudae
3281 729 3543 785 Iscarioth
3574 745 3660 784 cor

405 823 540 896 quia
564 839 668 896 per
688 822 837 878 vices
857 824 945 878 ira
970 822 1230 893 magistri
1258 823 1491 894 prodest
1521 822 1815 895 discipulo,
1840 830 1898 877 et
1922 822 2009 877 ira
2090 820 2331 892 primam
2340 821 2479 892 jecit
2494 819 3110 892 sagittam,uttraderet
3120 820 3661 889 Salvatorem;quam

402 912 581 986 patris
608 910 797 968 erudit
823 911 1005 966 tilium
1037 911 1216 982 magis
1245 928 1415 983 quam
1456 912 1641 967 soluta
1684 910 2002 966 blandities.
2087 910 2136 964 si
2183 915 2471 981 exceptam
2520 909 2614 963 ille
2671 907 3007 964 miserabilis
3064 924 3179 963 non
3234 907 3475 971 favisset,
3529 921 3661 961 nun-

405 1002 499 1057 Ira
526 999 744 1056 homini
771 1000 1502 1056 naturalisadirascendum
1513 1006 1743 1072 propter
1757 1004 2002 1071 peccata,
2088 1015 2259 1070 quam
2288 1004 2417 1070 post
2444 993 2744 1053 intinctum
2771 1014 2975 1069 panem
3010 998 3071 1051 in
3111 994 3467 1069 parOpsidem
3483 993 3663 1049 intrus-

364 1134 371 1141 .
406 1094 467 1145 et
492 1089 769 1156 voluntas,
800 1095 868 1144 ut
893 1089 1250 1160 concupiscat
1273 1088 1485 1144 bonum
1517 1109 1529 1144 :
1560 1088 1659 1144 sed
1698 1087 1863 1143 ambo
1892 1088 2009 1143 haec
2087 1092 2177 1141 set
2203 1087 2263 1141 in
2306 1086 2468 1141 illum
2505 1087 2745 1141 Satanas
2776 1087 2954 1161 (Joan.
2983 1087 3118 1155 xm).
3150 1084 3441 1154 Simulque
3479 1088 3535 1137 et
3572 1082 3665 1137 hoc

409 1178 560 1234 ratio
591 1177 753 1249 quasi
783 1176 1033 1244 domina,
1072 1193 1196 1249 quae
1242 1177 1377 1232 data
1399 1183 1488 1233 est
1532 1177 1767 1244 homini,
1797 1182 2010 1249 tempe-
2089 1175 2391 1246 diligenter
2413 1174 2707 1242 attendite,
2759 1175 2908 1247 quod
2957 1191 3072 1230 non
3118 1172 3399 1228 invenerit
3432 1169 3665 1227 diabolus

409 1282 538 1322 rare
555 1265 741 1332 debet,
761 1282 833 1320 ne
852 1266 1019 1331 ultra,
1049 1282 1220 1338 quam
1242 1266 1547 1321 necessitas
1579 1267 1782 1339 exiget,
1821 1272 2009 1322 trans-
2089 1262 2276 1319 locum
2302 1263 2626 1320 introeundi
2654 1264 2715 1318 in
2740 1264 2770 1319 J
2774 1263 2966 1330 udam,
2996 1264 3163 1334 cujus
3189 1266 3385 1334 pectus
3405 1262 3522 1331 jam
3547 1267 3665 1315 ante

407 1360 519 1411 eat.
549 1355 682 1411 Ideo
700 1353 1032 1411 subsecutus
1051 1356 1169 1409 ait:
1194 1353 1287 1410 Sol
1319 1372 1431 1410 non
1452 1357 1661 1411 occidat
1689 1371 1855 1425 super
1889 1358 2010 1410 ira-
2092 1358 2463 1425 percusserat,
2488 1353 2597 1408 nisi
2627 1353 2688 1408 in
2715 1352 2966 1408 convivio
2988 1350 3334 1417 Salvatoris;
3384 1350 3514 1421 quia
3547 1354 3667 1403 tunc

411 1444 682 1499 cundiam
697 1448 957 1498 vestram.
984 1445 1174 1515 (Aug.)
1198 1443 1440 1498 Proinde
1462 1444 1726 1516 praecepit
1751 1443 1843 1497 hic
1860 1445 2012 1515 Apo-
2092 1443 2181 1497 vel
2215 1442 2457 1497 maxime
2503 1441 2564 1497 in
2610 1446 2948 1513 potestatem
2994 1441 3049 1495 ei
3078 1441 3302 1505 damur,
3339 1439 3554 1511 quando
3580 1454 3671 1492 nec

412 1531 592 1588 stolus
619 1548 692 1587 ne
714 1532 799 1588 sol
829 1532 1067 1587 rationis
1094 1538 1325 1604 propter
1340 1533 1693 1587 nimietatem
1710 1532 1807 1588 iraa
1822 1532 2015 1588 obscu-
2093 1532 2467 1596 humanitate,
2499 1547 2604 1585 nec
2630 1531 2948 1597 clementia,
2979 1547 3083 1585 nec
3111 1528 3539 1584 mansuetudine
3565 1528 3672 1597 ejus

410 1626 588 1687 retur,
627 1626 687 1676 et
727 1620 907 1692 plena:
936 1620 1122 1677 cordis
1148 1620 1394 1676 tenebris
1421 1621 1725 1677 iracundia:
1767 1622 2014 1677 involva-
2093 1619 2389 1688 vincimur,
2423 1637 2590 1692 quem
2619 1619 2841 1675 odimus
2868 1619 3122 1691 indigne.
3174 1619 3321 1673 Huic
3362 1617 3506 1689 quod
3541 1632 3673 1671 nunc

412 1715 525 1766 tur.
559 1709 903 1781 Intelligitur
931 1710 1161 1781 quidem
1189 1710 1497 1765 secundum
1524 1715 1769 1782 tempus,
1801 1710 1936 1784 quia
1965 1711 2013 1765 si
2096 1709 2349 1780 praecipit
2380 1727 2392 1762 :
2427 1710 2608 1778 Neque
2638 1712 2819 1764 locum
2848 1710 2985 1764 detis
3025 1711 3265 1773 diabolo,
3314 1706 3451 1761 illud
3488 1706 3556 1761 de
3592 1706 3677 1760 Eo-

412 1815 482 1855 ex
510 1799 636 1871 ipsa
662 1798 984 1856 conditione
1013 1804 1072 1854 et
1097 1799 1429 1855 inﬁrmitate
1448 1800 1828 1867 mortalitatis,
1845 1816 2017 1871 quam
2034 1787 2083 1847 Β
2100 1798 2356 1852 clesiaste
2387 1803 2748 1869 comparatur
2779 1816 2791 1851 :
2821 1798 2887 1855 Si
2903 1800 3142 1867 spiritus
3167 1801 3483 1866 potestatem
3499 1795 3677 1849 haben-

414 1894 725 1960 portamus,
772 1887 1014 1959 subripit
1060 1888 1148 1943 ira
1189 1887 1528 1956 Christiano,
1559 1905 1674 1944 non
1718 1888 1887 1944 debet
1921 1889 2019 1944 diu
2102 1890 2170 1941 tis
2199 1887 2506 1942 ascenderit
2532 1902 2697 1956 super
2726 1892 2792 1951 te,
2828 1890 3008 1942 locum
3056 1892 3220 1941 tuum
3266 1902 3335 1940 ne
3388 1885 3588 1938 dederis
3635 1886 3678 1936 ei

414 1976 598 2032 teneri
620 1982 679 2032 et
702 1976 826 2031 fieri
858 1977 1135 2048 pridiana.
1167 1976 1321 2047 Ejice
1351 1977 1508 2031 illam
1536 1977 1607 2033 de
1654 1977 1820 2031 corde
1864 1982 2020 2032 ante—
2103 1977 2291 2042 (Eccle.
2320 1978 2376 2045 χ)
2404 1994 2417 2042 ;
2449 1975 2542 2030 ille
2571 1973 2847 2047 superbus
2886 1982 2944 2030 et
2968 1974 3309 2030 temerarius
3351 1972 3469 2028 vult
3502 1986 3677 2027 ascen-

416 2080 588 2138 quam
632 2064 850 2121 occidat
880 2066 975 2120 lux
1019 2064 1132 2121 ista
1174 2064 1428 2133 visibilis,
1476 2082 1547 2120 ne
1592 2070 1651 2120 te
1677 2066 1902 2121 deserat
1926 2066 2021 2120 lux

416 2153 518 2209 illa
544 2152 855 2210 invisibilis.
875 2154 985 2209 Sed
1004 2160 1063 2209 et
1080 2154 1248 2209 aliter
1266 2154 1468 2209 melius
1496 2154 1853 2226 intelligitur,
1886 2154 2021 2226 quia

420 2248 615 2299 noster
632 2244 717 2299 sol
725 2243 963 2314 justitize
982 2249 1042 2299 et
1057 2243 1309 2299 veritatis
1330 2243 1587 2299 Christus
1605 2250 1710 2311 est,
1736 2245 1898 2315 cujus
1926 2260 2020 2298 ve-

422 2331 592 2388 ritate
619 2332 811 2387 anima
839 2332 1090 2388 humana
1116 2333 1451 2400 illustratur,
1483 2333 1552 2387 ad
1584 2349 1753 2404 quem
1772 2332 2025 2403 gaudent

422 2420 646 2492 angeli;
679 2420 973 2475 hominum
994 2426 1185 2476 autem
1212 2421 1510 2477 inﬁrmata:
1539 2421 1687 2476 acies
1714 2421 1898 2476 cordis
1914 2421 2023 2476 etsi

420 2509 713 2582 trepidant
741 2508 845 2564 sub
875 2510 1050 2564 radiis
1076 2510 1220 2580 ejus,
1261 2510 1334 2565 ad
1372 2526 1504 2564 eum
1541 2516 1735 2565 tamen
1770 2515 2025 2565 contem-

426 2597 698 2670 plandum
727 2613 830 2668 per
858 2598 1130 2652 mandata
1155 2604 1489 2669 purgantur.
1515 2598 1658 2652 Cum
1676 2599 1795 2670 ipse
1812 2600 1897 2653 sol
1912 2615 2025 2653 cm-

2100 2065 2253 2131 dere,
2284 2064 2404 2119 vult
2432 2064 2641 2131 subire,
2661 2064 2762 2119 sed
2780 2064 3004 2120 etiamsi
3032 2070 3092 2119 te
3121 2078 3455 2135 oppressum
3474 2065 3679 2132 putave-

2102 2154 2196 2221 rit,
2228 2160 2287 2209 et
2313 2170 2373 2209 se
2401 2154 2682 2221 extulerit,
2714 2158 2779 2209 tu
2807 2153 3111 2209 retinueris
3142 2153 3239 2224 [ne
3265 2150 3506 2220 dederis]
3516 2150 3679 2204 locum

2101 2249 2292 2297 tuum:
2317 2249 2566 2314 potestas
2590 2244 2797 2314 quippe
2817 2242 3027 2298 diaboli
3059 2258 3176 2298 non
3207 2242 3269 2295 in
3292 2239 3603 2296 temeritate
3624 2235 3681 2289 il.

2102 2332 2211 2386 lius
2241 2337 2410 2403 atque
2424 2332 2717 2402 jactantia,
2749 2332 2848 2387 sed
2873 2332 2933 2386 in
2957 2337 3060 2386 tua
3072 2337 3164 2386 est
3180 2330 3488 2385 voluntate.
3516 2326 3683 2394 (Aug.)

2104 2421 2253 2477 Dant
2297 2427 2489 2475 autem
2506 2422 2692 2476 locum
2716 2421 2974 2476 homines
3023 2419 3254 2475 diabolo
3310 2434 3376 2473 ex
3439 2413 3679 2485 concupi-

2106 2509 2332 2565 scentiis
2359 2510 2476 2564 suis
2510 2527 2522 2563 :
2557 2526 2672 2565 non
2699 2510 2851 2565 enim
2880 2510 3072 2564 vident
3115 2508 3409 2564 diabolum
3450 2502 3681 2559 homines

2107 2615 2235 2653 cum
2248 2615 2358 2670 quo
2369 2599 2747 2670 pugnant,sed
2758 2598 2919 2653 facile
2931 2598 3146 2654 habent
3159 2592 3683 2664 remediumzseipsos

429 2685 579 2759 perit
605 2686 665 2740 in
692 2685 921 2740 homine
949 2685 1207 2740 habitare
1235 2703 1337 2758 per
1362 2686 1552 2754 ﬁdem,
1583 2703 1697 2742 non
1720 2693 1941 2743 tantam
1969 2687 2027 2742 in
2110 2687 2348 2741 interius
2374 2688 2617 2754 vincant,
2643 2693 2703 2742 et
2725 2687 2794 2742 de
2819 2687 2916 2741 illo
2938 2687 3074 2742 foris
3100 2686 3478 2758 triumphant.

427 2781 487 2830 te
511 2773 699 2828 videat
730 2774 1101 2841 iracundiam,
1136 2791 1259 2846 quae
1288 2775 1558 2842 nascitur,
1588 2782 1653 2830 ut
1701 2776 1917 2831 occidat
1947 2776 2031 2830 sol
2185 2777 2292 2844 Qui
2317 2778 2640 2845 furabatur,
2666 2780 2789 2847 jam
2817 2793 2929 2831 non
2955 2778 3204 2845 furetur,
3225 2777 3405 2844 magis
3423 2777 3601 2829 autem
3618 2773 3684 2824 la-

429 2879 602 2935 super
646 2862 1000 2918 iracundiam
1036 2868 1217 2930 tuam,
1272 2863 1330 2918 id
1374 2869 1479 2930 est,
1520 2864 1746 2919 deserat
1773 2864 2031 2920 Christus
2114 2867 2259 2919 boret
2276 2866 2549 2934 operando
2568 2867 2828 2921 manibus
2854 2869 2992 2932 suis,
3025 2871 3089 2920 ut
3115 2867 3313 2921 habeat
3336 2863 3480 2917 unde
3498 2860 3686 2915 tribuat

430 2956 682 3007 mentem
708 2956 888 3018 tuam,
921 2952 1057 3023 quia
1074 2968 1189 3006 non
1215 2952 1337 3007 vult
1363 2952 1618 3007 habitare
1646 2970 1777 3008 cum
1815 2954 2033 3009 iracun-
2113 2956 2480 3009 necessitatem
2500 2957 2757 3023 patienti.
2782 2954 3060 3023 (Hieron.)
3091 2955 3243 3018 Quia
3272 2953 3333 3008 hi
3361 2951 3455 3023 qui
3491 2950 3547 3003 in
3576 2946 3687 3000 vitae

430 3041 527 3096 dia
550 3045 670 3096 tua.
696 3041 965 3112 (Ηίενοη.)
990 3040 1135 3106 Quia
1154 3040 1327 3111 igitur
1346 3058 1511 3096 verus
1529 3042 1633 3108 sol,
1659 3042 1806 3097 sicut
1832 3043 2035 3098 occidit
2114 3042 2278 3097 istius
2305 3042 2546 3112 negotiis
2567 3049 2988 3108 conversantur,
3014 3049 3250 3114 propter
3268 3039 3690 3096 emolumentaet

429 3146 602 3202 super
630 3129 811 3184 malos
838 3129 1159 3201 pmphetas,
1187 3131 1352 3200 juxta
1377 3130 1537 3199 illud,
1571 3131 1721 3202 quod
1766 3132 2036 3204 scriptum
2050 3115 2095 3175 C
2118 3147 2253 3187 usus
2304 3132 2648 3186 necessarios
2687 3137 2968 3203 coguntur
3023 3132 3221 3203 aliqua
3254 3130 3343 3185 vel
3392 3143 3587 3191 emere,
3617 3121 3688 3175 vel

435 3224 525 3274 est
584 3238 601 3274 :
650 3219 858 3275 Occidit
887 3222 967 3272 sol
1014 3235 1178 3289 super
1208 3220 1502 3288 prophetas
1546 3225 1746 3275 vestros
1807 3223 2036 3277 meridie
2115 3220 2376 3287 vendere,
2399 3226 2458 3275 et
2472 3221 2631 3275 lucra
2640 3220 2709 3275 de
2727 3221 3111 3292 negotiatione
3127 3219 3372 3287 sectari;
3403 3221 3462 3272 et
3490 3210 3690 3270 difﬁcile

435 3309 639 3377 (Amos.
662 3305 801 3379 vm),
825 3307 909 3361 ita
928 3307 1101 3362 etiam
1131 3307 1338 3362 occidit
1370 3324 1542 3379 super
1563 3325 1759 3364 omnes
1786 3315 2039 3381 peccato-

431 3412 542 3464 res,
565 3412 929 3468 nequaquam
948 3396 1029 3450 eis
1045 3401 1204 3452 ortus
1221 3397 1311 3451 sui
1330 3397 1522 3452 lumen
1543 3397 1841 3468 indulgens
1866 3418 1877 3451 :
1903 3416 2040 3470 prse-

432 3484 572 3557 cipit
597 3500 749 3539 nunc
774 3485 1098 3556 Apostolus,
1131 3501 1204 3539 ne
1244 3483 1383 3539 talia
1408 3485 1681 3541 faciamus
1708 3487 1897 3541 furore
1940 3504 2038 3542 su-

435 3573 638 3646 perati,
668 3589 771 3645 per
800 3590 925 3644 quae
947 3572 1109 3628 nobis
1136 3572 1220 3628 sol
1248 3573 1481 3639 occidat,
1513 3580 1572 3628 et
1597 3573 1904 3648 principale
1922 3593 2041 3631 cor-

436 3662 522 3717 dis
546 3648 799 3721 tenobris
831 3660 1178 3716 obvolvatur.
1201 3662 1443 3726 Quidam
1457 3669 1662 3734 putant
1678 3664 1759 3718 sic
1769 3664 2042 3737 accipien-

438 3751 577 3806 dum
604 3750 713 3805 hoc
742 3767 866 3806 esse
895 3750 1245 3821 simpliciter,
1276 3752 1555 3822 quomodo
1581 3758 1640 3806 et
1674 3752 1815 3809 illud
1853 3753 2040 3825 quarti

437 3826 662 3911 psalmi,
682 3840 833 3895 unde
853 3839 1102 3911 idipsum
1129 3846 1418 3911 sumptum
1445 3841 1668 3896 videtur
1684 3860 1697 3895 :
1715 3844 1841 3910 Quae
1853 3843 2039 3897 dicitis

438 3932 504 3983 in
513 3929 769 3983 cordibus
780 3932 994 3993 vestris,
1009 3932 1074 3982 in
1090 3930 1362 3983 cubilibus
1374 3933 1565 3985 vestris
1575 3946 1765 4000 eompu
1771 3934 1953 3999 ngimi
1955 3934 2035 3999 ni,

438 4017 497 4071 id
538 4022 644 4083 est,
676 4032 1024 4088 quacunque
1069 4016 1130 4071 in
1175 4017 1268 4071 die
1294 4018 1381 4070 vel
1423 4033 1611 4088 opere,
1642 4018 1728 4071 vel
1755 4034 2033 4085 sermone,

435 4105 524 4159 vel
551 4104 893 4176 cogitatione
920 4105 1183 4175 peccatis,
1208 4106 1326 4161 haec
1356 4107 1688 4162 succedente
1707 4107 2038 4177 paenitentia

436 4198 674 4265 purgate
712 4209 815 4264 per
857 4198 1081 4248 noctem
1118 4199 1177 4247 et
1221 4192 1309 4248 ira
1335 4195 1411 4248 sit
1439 4193 1637 4261 brevis,
1668 4210 1771 4249 nec
1798 4196 1858 4250 in
1885 4196 2039 4250 diem

436 4280 747 4337 crastinum
786 4281 1099 4347 diil'eratur.
1151 4282 1331 4351 Neque
1383 4286 1565 4337 locum
1618 4285 1752 4338 dare
1799 4285 2033 4340 diabolo.

2120 3315 2208 3364 est
2235 3309 2407 3364 etiam
2434 3326 2550 3377 eos,
2569 3309 2665 3381 qui
2686 3326 2719 3364 a
2744 3310 2962 3364 caeteris
2984 3309 3343 3382 passionibus
3372 3304 3530 3361 liberi
3555 3303 3687 3362 sunt,

2120 3415 2156 3452 a
2169 3397 2555 3464 fornicatione,
2576 3398 2853 3465 videlicet,
2875 3398 3216 3466 idololatria,
3233 3395 3506 3453 adulterio
3525 3396 3580 3447 et
3601 3389 3690 3443 ho-

2121 3486 2366 3552 micidio,
2392 3487 2498 3541 hoc
2522 3486 2656 3541 vitio
2684 3503 2797 3542 non
2808 3487 3008 3542 teneri.
3033 3488 3346 3558 Pmpterea
3363 3497 3510 3539 nunc
3538 3477 3693 3550 Ephe-

2120 3575 2232 3630 sios
2260 3581 2471 3642 monet,
2506 3591 2576 3629 ne
2602 3574 2706 3630 sub
2733 3575 3021 3631 occasione
3046 3573 3417 3631 emolumenti
3440 3568 3569 3626 furti
3605 3564 3693 3619 cri-

2121 3681 2251 3718 men
2277 3665 2608 3731 incurrant;
2640 3663 2856 3719 furtum
2896 3664 3195 3719 nominans
3243 3679 3409 3720 omne
3447 3655 3589 3732 quod
3625 3652 3691 3707 al-

2122 3753 2299 3809 terius
2326 3752 2535 3826 damno
2566 3753 2872 3825 quaeritur;
2898 3755 3119 3824 justum
3146 3760 3342 3810 autem
3371 3765 3508 3815 esse,
3525 3751 3693 3800 utmtr

2121 3840 2286 3897 nibus
2315 3841 2432 3896 suis
2458 3842 2841 3914 unusquisque
2867 3859 3127 3914 operans,
3178 3848 3240 3897 et
3281 3842 3487 3897 victum
3524 3832 3692 3890 labore

2122 3930 2477 4002 conquirens,
2509 3930 2797 4002 impertiat
2834 3947 2948 3986 non
2976 3930 3334 3987 habentibus.
3366 3931 3553 3999 Neque
3576 3933 3690 3974 vero

2121 4019 2220 4085 ait,
2253 4022 2432 4089 magis
2466 4025 2650 4075 autem
2701 4021 2907 4075 laboret
2962 4022 3240 4089 operando
3282 4019 3536 4075 manibus
3570 4009 3689 4065 suis.

2120 4110 2262 4178 quod
2309 4110 2513 4163 bonum
2542 4114 2635 4172 est,
2668 4114 2735 4163 ut
2769 4124 2884 4164 non
2910 4109 3166 4180 indigeat
3192 4115 3255 4165 et
3281 4107 3482 4165 habeat
3507 4101 3691 4156 victum

2119 4194 2520 4267 indigentibus,
2552 4203 2611 4252 et
2636 4197 2776 4252 nulli
2806 4197 3125 4252 molestiam
3152 4198 3431 4264 exhibeat,
3447 4190 3541 4249 sed
3562 4185 3692 4242 181³0-

2119 4290 2227 4352 ret,
2256 4285 2458 4357 inquit,
2490 4285 2750 4341 manibus
2778 4287 2915 4352 suis,
2947 4287 3098 4358 quod
3126 4286 3340 4343 bonum
3367 4289 3471 4348 est,
3499 4284 3560 4335 ut
3611 4275 3693 4328 Μ’

435 4369 682 4443 (Ambr.)
696 4370 846 4428 Iram
871 4371 1116 4427 transire
1146 4371 1285 4437 vult,
1318 4388 1420 4426 nec
1450 4372 1682 4427 retineri
1708 4372 1770 4428 in
1790 4379 2034 4446 pectore,
2052 4436 2097 4446 _
2122 4377 2256 4440 beat,
2284 4376 2431 4429 unde
2453 4378 2817 4430 communicet
2843 4377 3240 4445 indigentibus.
3283 4375 3393 4441 Qui
3431 4370 3598 4443 igitur
3628 4360 3688 4416 δά

332 4534 350 4551 ⁸
436 4468 503 4517 ut
527 4460 619 4517 die
642 4436 771 4517 orta
793 4477 924 4518 cum
949 4459 1043 4515 die
1062 4436 1319 4516 decidat:
1350 4460 1485 4532 quia
1501 4461 1549 4516 si
1582 4462 1641 4516 in
1655 4436 1844 4518 animo
1875 4436 2103 4518 man-'1)
2122 4463 2227 4518 hoc
2240 4436 2477 4519 tantum
2505 4461 2743 4529 laborat,
2777 4469 2843 4519 ut
2859 4436 2992 4536 ipse
3004 4481 3118 4520 non
3134 4436 3329 4535 egeat,
3340 4468 3400 4519 et
3441 4436 3483 4514 ξ
3502 4449 3691 4512 eam

439 4550 598 4619 serit,
620 4550 719 4605 dat
736 4551 1085 4607 occasionem
1102 4549 1324 4606 diabolo
1349 4549 1629 4621 gloriandi
1654 4571 1666 4605 :
1702 4568 1928 4607 necesse
1953 4559 2042 4608 est
2120 4553 2401 4608 contrahit
2427 4568 2659 4607 manum
2692 4572 2703 4608 :
2738 4553 2998 4624 quamvis
3024 4554 3334 4625 applaudat
3374 4548 3496 4614 sibi,
3519 4551 3688 4599 tamen

438 4638 591 4693 enim
613 4639 794 4694 iratus
821 4640 1045 4696 animus
1065 4640 1217 4695 mala
1241 4640 1469 4711 cogitet,
1501 4640 1652 4713 quod
1674 4640 1829 4712 cupit
1842 4640 2038 4696 diabo-
2118 4642 2372 4713 Apostoli
2391 4646 2670 4713 praecepta
2682 4658 2796 4697 non
2814 4641 2963 4696 fecit.
2990 4641 3229 4709 (Ambr.)
3250 4642 3380 4698 Non
3390 4637 3687 4698 solum”?o

438 4726 528 4781 lus
551 4745 564 4780 :
598 4726 814 4781 invenit
839 4729 992 4782 enim
1021 4735 1269 4785 mentem
1298 4735 1517 4801 partam
1562 4729 1635 4784 ad
1681 4731 1914 4795 malum,
1946 4730 2039 4785 cui
2120 4730 2473 4786 Christianus
2491 4730 2676 4786 aliena
2693 4747 2806 4785 non
2828 4730 3028 4786 tollere
3046 4730 3301 4802 jubetur,
3330 4728 3428 4787 sed
3459 4731 3515 4781 et
3537 4720 3600 4776 de
3617 4716 3689 4770 ια-

440 4830 501 4869 se
528 4814 784 4870 inserens
811 4815 1012 4871 affectu
1033 4832 1138 4872 suo
1164 4818 1373 4890 decipit
1403 4818 1691 4874 hominem
1719 4818 1928 4874 factum
1965 4819 2037 4875 ad
2118 4818 2252 4874 bore
2306 4835 2408 4874 suo
2453 4820 2751 4891 penuriam
2785 4819 3128 4891 patientibus
3155 4819 3589 4875 subministrare,
3635 4808 3690 4858 ιιί

436 4902 632 4969 vitam,
646 4901 780 4974 quia
789 4902 1033 4959 hominis
1041 4907 1288 4977 cogitare
1304 4914 1408 4975 est,
1420 4906 1629 4963 diaboli
1648 4907 1900 4979 implere.
1926 4908 2035 4962 Νο-

440 4994 536 5047 lite
554 4991 768 5064 itaque,
787 4990 887 5059 ait,
904 4994 1083 5048 locum
1100 4996 1234 5049 dare
1252 4998 1486 5062 diabolo,
1503 4996 1776 5066 (Hieron)
1797 4996 1893 5067 qui
1904 5002 2033 5051 tan-

437 5096 609 5152 quam
630 5080 720 5136 leo
734 5081 964 5152 rugiens
987 5082 1188 5152 quaerit
1215 5083 1432 5139 aditum
1458 5101 1560 5157 per
1581 5101 1749 5156 quem
1763 5084 2031 5156 possitir-

435 5185 717 5243 rumpere.
748 5171 955 5243 (IPetr.
990 5173 1044 5239 γ)
1076 5170 1366 5235 Quomodo
1397 5175 1550 5229 enim
1573 5175 1743 5229 Pater
1769 5181 1828 5228 ct
1856 5172 2032 5229 Filius

412 5322 415 5323 ν
437 5265 594 5314 stant
612 5265 745 5314 ante
772 5260 978 5315 ostium
992 5263 1052 5314 et
1077 5258 1320 5331 pulsant,
1341 5268 1408 5316 ut
1422 5262 1709 5319 introeant
1737 5268 1796 5318 et
1813 5268 2037 5318 canent

438 5362 568 5402 cum
598 5363 686 5414 eo,
706 5349 877 5419 quise
905 5348 1200 5422 receperit,
1229 5348 1311 5403 ita
1337 5358 1395 5405 et
1423 5352 1776 5409 adversarius
1811 5369 2037 5423 semper

433 5435 495 5492 in
519 5450 625 5491 nos
650 5442 739 5492 est
762 5443 992 5507 paratus
1010 5438 1342 5509 irrumpere,
1372 5444 1429 5494 et
1465 5456 1594 5495 cum
1616 5443 1799 5500 locum
1813 5440 2036 5497 dederi-

432 5540 578 5592 mus,
599 5525 931 5595 ingreditur.
955 5528 1112 5582 Solet
1137 5533 1327 5583 autem
1342 5534 1647 5599 antequam
1664 5532 1853 5586 veniat
1881 5548 2028 5602 quae-

2119 4907 2280 4962 bonis
2307 4906 2570 4979 operibus
2597 4907 2840 4973 deditus,
2880 4907 3157 4979 rependat
3190 4925 3316 4980 qum
3344 4906 3496 4981 prius
3524 4897 3689 4981 abstuf

2113 4996 2277 5062 lerat,
2303 5002 2363 5052 et
2386 4996 2457 5051 de
2493 5002 2694 5051 caetero
2721 4996 3177 5052 thesaurizetsibi
3197 4979 3259 5052 in
3302 4979 3564 5052 futurum.
3592 4979 3686 5047 Qui

2113 5084 2265 5139 enim
2303 5090 2486 5141 cessat
2518 5102 2554 5139 a
2596 5084 2767 5151 furto,
2825 5086 3046 5141 veniam
3090 5091 3279 5158 potest
3329 5083 3544 5144 habere,
3579 5084 3677 5158 n01}

2111 5174 2369 5244 gloriam.
2392 5174 2539 5238 Quid
2562 5175 2716 5229 enim
2732 5190 3002 5246 magnum
3022 5155 3122 5230 aut
3141 5176 3303 5246 cujus
3322 5169 3501 5229 meriti
3521 5166 3601 5220 est
3620 5155 3681 5212 ab

2115 5262 2313 5318 alienis
2340 5261 2705 5335 temperare?
2726 5264 2797 5318 ad
2823 5264 3089 5319 meritum
3116 5263 3269 5319 enim
3309 5258 3538 5337 proiicit,
3568 5262 3677 5306 cum

2117 5352 2243 5424 quis
2260 5352 2331 5407 de
2353 5352 2580 5424 Proprie
2598 5351 2802 5408 tribuit
2830 5353 3042 5424 egenis.
3078 5354 3350 5422 (Hieron)
3383 5348 3563 5407 Potest
3595 5351 3678 5392 an.

2117 5447 2234 5495 tem
2253 5446 2313 5496 et
2337 5440 2482 5495 alius
2500 5441 2759 5512 intelligi,
2790 5446 2890 5510 qui
2917 5443 3227 5511 iurabatur
3257 5445 3377 5512 jam
3410 5451 3516 5493 non
3538 5431 3674 5512 fur?

2117 5535 2228 5595 tur,
2266 5535 2326 5585 et
2352 5529 2606 5602 reliqua;
2629 5511 2861 5601 propter
2889 5529 3028 5585 illud
3058 5530 3207 5602 quod
3225 5511 3491 5602 scriptum
3515 5520 3596 5574 est
3615 5511 3676 5566 de

429 5613 563 5670 dam
590 5614 781 5687 jacula
812 5614 1171 5690 praemittere,
1204 5624 1262 5671 et
1303 5633 1705 5690 praecursorem
1752 5620 2024 5676 adventus
2106 5618 2628 5691 pseudoprophetis,
2662 5618 2758 5689 qui
2785 5620 3067 5687 furantur
3082 5635 3356 5675 sermones
3390 5617 3486 5675 Dei
3525 5616 3677 5663 WW3“
