3880 6146
212 330 290 385 Mi

601 322 1175 380 ENARRA'I‘IONUM
1202 323 1281 379 IN
1311 323 1466 380 EPP.
1498 321 1712 379 PAULI
1742 321 1878 379 LIB.
1913 321 2112 379 XVIII.
2145 353 2209 364 —
2254 323 2332 379 IN
2373 319 2594 377 EPIST.
2624 320 2722 377 AD
2750 319 2997 377 EPHES.

3333 322 3438 382 442

209 456 399 524 quisque
420 466 454 502 α
477 451 730 518 proximo
757 464 853 501 suo
883 449 1014 514 (Jer.
1039 445 1225 517 nm);
1251 455 1310 504 et
1328 449 1386 504 in
1411 449 1709 519 Evangelia
1741 467 1752 501 :
1777 451 1816 507 A
1838 464 2009 520 quam
2030 448 2088 502 in
2109 449 2334 503 exordio
2356 447 2568 503 conditi
2595 447 3128 516 sumus.(MAuaUs.)
3152 447 3284 502 Dies
3305 463 3437 503 vero

210 543 370 596 (hunc:
393 541 487 608 qui
511 541 781 590 vene-runt
807 541 934 590 ante
969 553 1056 590 me
1083 539 1235 604 fures
1277 544 1408 592 sunt
1437 544 1484 592 et
1515 542 1755 592 latrones

209 631 450 695 (Joan.x);
483 633 539 680 et
569 626 638 679 ad
668 625 976 680 Romanos:
999 627 1105 693 Qui
1129 628 1395 694 praedicas
1415 643 1528 681 non
1553 629 1754 696 furan-

205 721 328 782 dum,
355 718 567 784 furoris
585 717 757 781 (Rom.
783 718 860 785 ιι).
894 715 1043 785 quod
1073 713 1224 768 furta
1253 715 1652 786 prohibeamur
1677 716 1754 770 fa-

203 822 302 862 cere
340 803 628 876 spiritalia.
677 804 873 874 Neque
914 798 1065 858 enim
1114 803 1218 858 hoc
1259 805 1407 875 quod
1449 806 1704 876 sequitur
1733 822 1750 856 :

202 897 342 962 Magis
373 900 552 947 autem
595 894 802 947 laboret
841 895 1114 962 operando
1151 896 1412 948 manibus
1450 898 1566 948 suis
1611 897 1754 964 quod

201 986 364 1035 firmum
397 988 484 1046 est,
519 981 591 1034 ad
631 981 756 1035 vita:
795 981 963 1051 hujus
1012 981 1329 1036 necessaria
1357 982 1526 1052 digne
1555 983 1748 1037 referri

195 1077 362 1144 potnt,
392 1076 454 1125 ut
495 1069 710 1124 bonum
753 1070 973 1124 dicatur
1021 1071 1391 1142 quodcunque
1436 1072 1750 1142 periturum

195 1169 276 1223 €451,
296 1165 347 1214 et
363 1159 430 1213 ad
458 1175 843 1214 mammonam
863 1159 1178 1230 iniquitatis
1198 1160 1460 1231 pertinet.
1485 1161 1752 1225 Quamvis

192 1249 302 1302 r-nir:
319 1249 498 1319 justus
512 1247 674 1304 labor
688 1264 822 1320 Opes
839 1247 1044 1303 habeat
1063 1247 1273 1321 absque
1291 1250 1750 1321 tergiversatione

191 1338 433 1408 quesitas,
452 1337 595 1392 satis
620 1335 869 1402 habebit,
891 1338 938 1392 si
965 1355 1076 1392 non
1101 1338 1361 1393 dicantur
1390 1339 1621 1406 malum,
1651 1356 1752 1394 cea-

188 1435 337 1480 terum
365 1424 569 1480 bonum
605 1443 718 1481 non
747 1426 934 1482 valent
960 1427 1251 1498 appellari.
1282 1428 1463 1498 Igitur
1486 1434 1752 1500 operatur

188 1515 374 1579 bonum,
389 1515 481 1586 qui
498 1515 752 1570 declinat
762 1533 798 1569 a
813 1517 961 1570 malo
974 1522 1032 1570 et
1047 1516 1180 1572 facit
1189 1515 1397 1571 bonum
1413 1523 1470 1572 et
1483 1523 1750 1589 operatur

183 1604 352 1674 inagro
364 1604 565 1659 anima:
584 1621 724 1670 suae,
741 1610 806 1658 ut
818 1605 1164 1675 spiritalibus
1174 1606 1413 1678 panibus
1425 1607 1746 1678 impleatur,

182 1692 387 1763 etpossit
409 1692 775 1748 commodare
797 1694 1085 1760 esurienti,
1103 1701 1160 1749 et
1175 1696 1567 1750 necessitatem
1586 1695 1750 1751 susti-

1838 538 2240 609 redemptionis
2262 543 2486 602 nostrae,
2503 536 2562 590 in
2579 552 2690 607 quo
2711 541 3060 590 sacramento
3082 534 3438 606 baptismatis

1836 625 2111 698 redempti
2131 643 2326 681 sumus
2346 627 2573 697 Deoque
2599 626 2657 679 in
2686 626 2831 679 ﬁlios
2850 625 3120 696 adoptati,
3145 626 3230 679 vel
3255 626 3429 680 etiam

1835 715 1955 769 dies
1967 715 2369 787 redemptionis
2383 722 2587 770 nostrae
2603 721 2706 782 est,
2724 714 2946 785 quando
2958 713 3317 785 corruptibile
3330 715 3435 769 hoc

1835 803 2080 859 induerit
2097 804 2594 876 incorruptionem,
2618 810 2677 858 et
2694 804 2929 858 mortale
2945 804 3047 858 hoc
3067 803 3315 858 induerit
3333 803 3436 858 im-

1835 892 2287 958 mortalitatemU
2305 896 2427 950 Cor.
2447 895 2562 963 xv).
2581 893 2824 963 [Ambrn]
2847 893 2988 947 Cum
3018 892 3159 946 bene
3189 893 3432 963 agimus,

1831 982 2042 1051 gaudet
2068 982 2304 1037 in‘nobis
2333 983 2576 1054 Spiritus
2596 988 2824 1037 sanctus
2851 981 3016 1036 datus
3037 981 3216 1046 nobis,
3239 982 3434 1036 videns

1834 1071 2048 1125 monita
2066 1088 2170 1126 sua
2186 1073 2454 1143 proﬁcere
2473 1071 2812 1126 utilitatibus
2834 1071 3211 1136 nostris,sicut
3222 1070 3433 1126 dictum

1835 1165 1921 1212 est
1937 1177 1972 1213 a
1990 1161 2228 1214 Domino
2250 1180 2261 1214 :
2288 1164 2371 1215 lta
2385 1163 2658 1229 gaudium
2679 1164 2784 1214 erit
2801 1164 2861 1214 in
2881 1163 3003 1214 calo
3018 1176 3181 1228 super
3193 1176 3305 1213 uno
3320 1177 3433 1229 pec-
3539 1190 3542 1192 -

1833 1252 2009 1302 calore
2017 1253 2397 1318 penitentiam
2410 1251 2749 1318 agentetLuc.
2771 1255 2854 1309 xv)
2865 1249 3105 1303 .Gaudet
3115 1265 3248 1320 ergo
3262 1249 3433 1320 Spiri-

1831 1344 1923 1394 tus
1950 1345 2176 1394 sanctus
2199 1339 2365 1394 saluti
2386 1345 2610 1404 nostrae,
2645 1355 2758 1392 non
2788 1335 2912 1403 sibi,
2933 1339 3028 1408 qui
3051 1354 3164 1392 non
3191 1337 3426 1408 indiget,

1832 1429 2050 1496 lautitia;
2077 1429 2156 1482 ita
2169 1446 2200 1482 e
2219 1429 2521 1494 contrario,
2536 1427 2582 1482 si
2600 1426 2923 1481 obedientes
2942 1427 2994 1480 ei
3011 1443 3123 1480 non
3137 1426 3428 1491 fuerimus,

1831 1519 2211 1583 contristatur,
2265 1518 2398 1588 quia
2436 1533 2548 1571 non
2589 1515 2759 1570 habet
2797 1516 3106 1587 profectum
3149 1516 3205 1570 in
3248 1515 3428 1570 nobis.

1831 1607 1966 1660 Vult
1993 1606 2143 1660 enim
2177 1623 2278 1660 nos
2306 1605 2588 1677 pertinere
2630 1605 2701 1660 ad
2739 1604 2932 1668 vitam,
2964 1621 3076 1658 non
3114 1610 3303 1658 tamen
3349 1604 3429 1658 sic

1831 1695 2213 1762 contristatur,
2247 1700 2312 1749 ut
2341 1694 2608 1766 patiatur,
2642 1694 2848 1766 quippe
2890 1711 3018 1748 cum
3062 1692 3428 1764 impassibilis

181 1781 320 1847 neuti,
339 1781 474 1836 dans
495 1782 556 1836 in
577 1788 839 1854 tempore
857 1782 1068 1838 cibaria
1093 1785 1376 1838 conservis
1393 1785 1530 1839 suis.
1560 1786 1751 1840 Omnis
1765 1777 1813 1836 Β
1829 1784 1934 1852 sit;
1957 1785 2055 1838 sed
2070 1800 2195 1839 cum
2211 1801 2339 1838 eum
2358 1783 2753 1838 contristatum
2774 1783 2928 1848 dicit,
2944 1783 3120 1836 nostri
3139 1798 3311 1837 causa
3328 1783 3431 1836 hoc

178 1885 321 1923 sermo
349 1875 526 1925 malus
561 1887 682 1926 non
713 1873 969 1940 procedat
996 1889 1060 1926 es:
1087 1888 1180 1926 ore
1206 1879 1397 1937 vestro,
1432 1875 1523 1928 sed
1547 1877 1598 1927 si
1625 1877 1748 1942 quis

179 1959 316 2012 bonus
331 1960 401 2012 ad
414 1960 843 2026 zdi/icationem
862 1964 1311 2029 opportunitatis,
1328 1968 1393 2016 ut
1406 1964 1492 2016 det
1501 1966 1746 2030 gratiam

175 2048 505 2101 audientibus.
526 2049 729 2103 Bonus
747 2065 934 2104 sermo
958 2056 1063 2116 est,
1096 2050 1192 2121 qui
1219 2051 1384 2105 docet
1401 2052 1637 2106 virtutes
1665 2068 1748 2106 se-

175 2135 404 2206 quendas,
437 2136 582 2192 vitia
610 2137 895 2208 fugienda,
927 2138 1111 2193 malus
1134 2139 1229 2210 qui
1259 2139 1330 2193 ad
1361 2147 1588 2211 peccata
1615 2156 1745 2212 pro-

172 2232 314 2288 vocat,
341 2232 399 2280 et
421 2241 643 2298 pronos
671 2227 855 2297 magis
879 2226 1080 2282 incitat
1106 2227 1177 2281 ad
1207 2228 1454 2283 ruinam.
1487 2230 1745 2294 Quoties-

173 2329 371 2384 cumque
399 2331 466 2368 ex
518 2332 791 2370 sermone
827 2323 1019 2371 nostro
1049 2316 1193 2372 alius
1236 2317 1473 2390 proﬁcit,
1505 2324 1563 2372 et
1585 2319 1747 2389 juxta

171 2403 623 2472 appar-trinitatem
671 2405 797 2470 loci,
828 2405 1101 2476 temporis
1138 2410 1196 2461 et
1237 2423 1487 2478 persona:
1511 2408 1748 2462 aediﬁcat

171 2491 443 2558 audientes,
477 2491 674 2548 bonus
719 2494 791 2548 de
836 2510 932 2548 ore
977 2500 1169 2550 nostro
1208 2511 1394 2550 sermo
1433 2497 1739 2568 processit;

172 2580 356 2650 quoties
382 2598 515 2636 vero
538 2583 856 2653 loquimur,
877 2590 976 2638 aut
995 2600 1108 2639 non
1128 2583 1187 2638 in
1206 2590 1478 2656 tempore,
1509 2591 1610 2640 aut
1637 2603 1748 2641 non

175 2669 220 2722 in
244 2677 547 2742 opportuno
603 2672 744 2737 loco,
779 2679 879 2727 aut
912 2689 1025 2728 non
1059 2679 1125 2728 ut
1167 2675 1426 2728 convenit
1467 2675 1749 2730 audienti-

170 2755 266 2824 bus,
292 2760 452 2816 toties
482 2777 685 2815 sermo
711 2761 895 2816 malus
921 2762 1174 2834 procedit
1214 2763 1285 2817 de
1316 2779 1412 2817 ore
1454 2770 1647 2818 nostro
1677 2765 1748 2819 ad

167 2845 582 2905 destructionem
630 2866 826 2905 eorum
872 2851 968 2922 qui
1017 2851 1273 2907 audiunt.
1316 2852 1747 2908 Consideremus

164 2934 320 3008 itaque
347 2939 480 3011 quid
514 2940 847 3010 loquamur,
882 2940 1016 3011 quia
1045 2957 1148 3012 pro
1175 2943 1329 2996 omni
1360 2942 1540 2996 otioso
1577 2942 1746 2997 verbo

166 3025 400 3082 reddituri
443 3045 676 3095 sumus,
719 3029 997 3084 rationem
1043 3030 1102 3084 in
1149 3030 1240 3085 die
1279 3031 1480 3102 judicii
1525 3033 1742 3099 (Matth.

165 3114 253 3180 In),
281 3116 497 3172 etiamsi
528 3134 655 3172 non
694 3117 980 3186 lmdamus,
1015 3135 1127 3174 non
1156 3126 1349 3175 tamen
1383 3121 1739 3187 aediﬁcemus,
1761 3100 1802 3160 Ο

165 3204 269 3258 mali
294 3205 440 3261 verbi
483 3206 662 3262 nobis
697 3207 906 3262 luenda
951 3207 1026 3263 sit
1063 3225 1244 3280 poena.
1276 3212 1514 3280 (Ambr.)
1547 3212 1611 3266 In
1643 3211 1743 3265 Dei

165 3309 292 3348 servo
308 3295 498 3350 omnia
527 3295 688 3350 bona
712 3295 920 3352 debent
938 3297 1134 3364 videri,
1158 3315 1261 3353 nec
1287 3317 1353 3353 ex
1375 3300 1565 3371 aliqua
1585 3307 1744 3371 parte

163 3383 342 3451 paritas
395 3387 525 3456 ejus
585 3384 752 3440 debet
791 3387 1081 3441 maculari.
1127 3387 1270 3452 Quid
1315 3389 1465 3443 enim
1518 3390 1745 3460 prodest

163 3472 395 3527 mundam
424 3474 614 3529 vitam
648 3473 854 3529 habere
882 3481 939 3530 et
979 3492 1041 3530 os
1082 3476 1404 3530 sordidum?
1429 3494 1555 3531 cum
1595 3478 1744 3533 dicat

159 3559 416 3629 Dominus,
469 3563 633 3634 quod
664 3565 1051 3636 unusquisque
1077 3563 1258 3619 verbis
1286 3565 1422 3631 suis,
1455 3572 1555 3620 aut
1570 3566 1742 3636 justi-

161 3647 402 3718 ﬁcabitur,
436 3659 549 3706 aut
589 3653 1075 3708 condemnabitur.
1116 3654 1232 3708 Nec
1266 3654 1530 3708 credibile
1559 3661 1745 3726 potest

159 3738 301 3794 videri
336 3740 480 3796 bene
528 3741 724 3795 vivere
771 3759 901 3796 eum
950 3742 1046 3814 qui
1090 3743 1235 3797 male
1276 3743 1556 3814 loquatur.
1599 3744 1742 3798 Male

161 3827 284 3882 enim
333 3829 490 3902 loqui
557 3831 631 3885 ad
690 3830 871 3885 multa
920 3831 1098 3886 trahit
1143 3831 1297 3886 vitia.
1349 3832 1542 3887 Potest
1591 3833 1743 3886 enim

161 3917 279 3972 male
305 3918 478 3991 loqui,
514 3920 620 3991 qui
641 3919 884 3991 turpiter
901 3920 1052 3975 fatur
1078 3927 1138 3975 et
1166 3921 1262 3992 qui
1283 3921 1533 3976 detrahit
1557 3920 1736 3988 bonis,

160 4013 205 4058 et
226 4009 310 4078 qui
339 4025 470 4064 cum
502 4009 640 4063 dolo
659 4008 960 4074 fabulatur,
987 4016 1044 4064 et
1062 4010 1157 4082 qui
1179 4010 1454 4064 mentitur
1477 4027 1490 4065 :
1515 4011 1629 4065 haec
1658 4027 1742 4064 er-

158 4109 314 4151 rorem
341 4103 643 4170 praestant.
682 4098 848 4152 Bonae
879 4099 1031 4153 enim
1061 4105 1120 4153 et
1143 4097 1343 4153 sobria:
1371 4098 1572 4154 fabulae
1603 4099 1741 4154 dant

156 4186 364 4250 gratiam
402 4194 464 4242 et
493 4187 822 4259 exemplum
849 4187 1225 4255 audientibus,
1269 4193 1335 4242 ut
1369 4187 1741 4242 honoriﬁcent

157 4270 305 4330 Deum
331 4276 391 4331 in
422 4276 638 4341 verbis,
670 4276 927 4331 aedificati
966 4277 1024 4330 in
1055 4277 1165 4330 ﬁde
1215 4277 1442 4331 Christi.
1476 4277 1542 4331 Et
1573 4280 1738 4330 nolite

156 4369 450 4420 contristare
469 4364 761 4434 Spiritum
780 4371 1036 4420 sanctum
1054 4367 1168 4429 Dei,
1185 4369 1249 4419 in
1261 4382 1366 4436 quo
1383 4367 1595 4433 signati
1613 4368 1738 4418 estis

154 4451 201 4503 in
225 4453 303 4506 die
326 4455 751 4523 redemptionis.
796 4455 1070 4520 (Hieron)
1104 4455 1310 4508 Maeror
1351 4456 1530 4508 sancti
1563 4454 1736 4525 Spiri-

153 4542 314 4596 tnssic
342 4543 775 4614 intelligendus,
809 4543 1087 4614 quomodo
1115 4543 1203 4597 ira
1237 4543 1340 4598 Dei
1368 4550 1427 4599 et
1455 4544 1735 4615 poeniten-

155 4625 229 4693 tia,
257 4639 311 4684 et
331 4633 487 4686 zelus
517 4640 576 4687 et
603 4639 819 4688 caetera;
846 4633 905 4686 in
936 4633 1186 4687 humana
1210 4632 1582 4688 similitudine
1612 4650 1735 4703 pas-

155 4718 442 4785 sionesmon
465 4721 620 4792 quod
631 4721 952 4776 contristari
973 4722 1150 4793 possit
1176 4722 1420 4794 Spiritus
1436 4722 1557 4788 Dei,
1579 4728 1637 4776 et
1653 4723 1734 4777 ul-

157 4802 242 4859 lam
253 4808 742 4879 perturbationem
759 4810 1024 4865 divinitas
1035 4811 1366 4877 sentiat,sed
1379 4811 1526 4882 quod
1537 4827 1602 4864 ex
1615 4827 1734 4863 ver-

154 4890 218 4946 bis
236 4899 437 4953 nostris
461 4899 566 4953 Dei
588 4899 874 4954 discamus
895 4900 1144 4964 affectus,
1167 4900 1314 4971 quod
1333 4905 1571 4956 maereat
1591 4916 1731 4970 quo-

157 4981 448 5059 ﬁescunque
469 5005 791 5059 peccamus,
811 4995 868 5042 et
894 4989 1101 5044 defleat
1126 4995 1466 5060 peccatores,
1492 4989 1730 5058 (ΜΑυιι.)

158 5072 219 5125 πει
228 5091 504 5146 eogenere
521 5077 842 5143 locutionis,
857 5095 967 5148 quo
979 5078 1090 5133 alio
1102 5079 1222 5132 loco
1235 5078 1386 5132 idem
1401 5077 1483 5132 ait
1494 5079 1730 5148 Aposto-

158 5157 374 5218 luszr'i’am
385 5170 505 5235 ipse.
515 5165 765 5235 Spiritus
777 5171 1016 5234 postulat
1026 5183 1130 5236 pro
1142 5168 1296 5221 nobis
1308 5168 1602 5235 gemitibus
1614 5170 1729 5220 ine-

1830 1875 2128 1944 signiﬁcat,
2153 1873 2289 1944 quia
2313 1873 2526 1926 deserit
2551 1888 2675 1938 nos,
2700 1888 2766 1926 eo
2787 1872 2936 1942 quod
2962 1872 3270 1927 lreserimus
3300 1888 3431 1926 eum

1829 1963 2237 2018 contemnendo
2265 1961 2479 2016 monita
2508 1963 2651 2034 ejus.
2685 1961 3050 2016 Contristatio
3079 1961 3270 2032 itaque
3299 1961 3424 2032 ejus

1828 2053 2136 2122 indignitas
2185 2056 2378 2106 nostra
2410 2057 2514 2117 est,
2547 2067 2671 2122 qua:
2719 2050 2862 2104 ﬁlios
2893 2066 2996 2104 nos
3033 2050 3134 2104 Dei
3171 2049 3433 2121 prohibet

1827 2141 2120 2213 appellari.
2144 2143 2271 2212 Ipse
2293 2147 2378 2196 est
2398 2139 2549 2194 enim
2572 2139 2813 2212 Spiritus
2842 2145 3088 2204 sanctus,
3112 2139 3207 2209 qui
3227 2138 3431 2193 sancti-

1828 2231 1960 2284 ﬁcat
1987 2230 2132 2284 ﬁlios
2169 2230 2270 2284 Dei
2300 2245 2534 2284 manens
2563 2229 2622 2283 in
2658 2227 2820 2282 nobis
2843 2227 3034 2299 (Aug.)
3072 2228 3268 2297 Neque
3308 2227 3430 2296 ipsa

1829 2319 2072 2391 Spiritus
2099 2318 2297 2384 sancti,
2331 2334 2442 2388 qua
2461 2323 2565 2382 est,
2597 2316 2866 2388 quidquid
2888 2316 3006 2386 ipse
3033 2322 3136 2381 est,
3171 2313 3429 2368 substan-

1816 2408 1910 2462 tia
1949 2408 2270 2462 contristari
2303 2413 2506 2478 potest,
2539 2422 2668 2460 cum
2703 2405 2908 2460 habeat
2945 2410 3214 2458 aeternam
3257 2409 3428 2474 atque

1829 2496 2348 2581 ipcommutabilem
2386 2494 2817 2560 beatitudinem,
2865 2493 3154 2563 magisque
3188 2492 3264 2546 sit
3304 2492 3428 2581 ipsa

1830 2580 2041 2641 aeterna
2071 2591 2130 2640 et
2157 2583 2632 2639 incommutabilis
2659 2583 2964 2648 beatitudo,
2980 2582 3078 2636 sed
3111 2581 3245 2652 quia
3265 2597 3300 2634 a
3319 2580 3428 2636 init

1829 2675 2037 2730 sanctis
2058 2674 2294 2739 habitat,
2316 2679 2382 2728 ut
2400 2689 2496 2728 eos
2511 2672 2745 2744 impleat
2761 2671 3056 2737 charitate,
3078 2687 3191 2742 qua
3203 2686 3429 2724 necesse

1830 2770 1916 2819 est
1960 2770 2026 2819 ut
2077 2764 2335 2818 homines
2375 2779 2441 2817 ex
2476 2768 2731 2833 tempore
2763 2760 3050 2832 gaudeant
3090 2759 3428 2830 profectibus

1829 2853 2078 2907 ﬁdelium
2109 2859 2167 2907 et
2194 2851 2354 2907 bonis
2381 2852 2663 2923 Operibus,
2683 2855 2743 2905 et
2758 2850 2883 2904 ideo
2904 2865 3132 2903 necesse
3152 2854 3240 2902 est
3255 2848 3428 2902 etiam

1828 2942 2233 2996 contristentur
2258 2941 2419 3013 lapsu
2455 2941 2540 2995 vel
2569 2940 2810 3012 peccatis
2852 2955 3048 2993 eorum
3085 2937 3155 2990 de
3185 2953 3425 3007 quorum

1827 3031 1935 3086 ﬁde
1968 3048 2033 3086 ac
2070 3033 2279 3103 pietate
2319 3029 2659 3101 gaudebant,
2693 3046 2816 3100 quae
2860 3027 3095 3082 tristitia
3131 3024 3425 3080 laudabilis

1826 3128 1928 3186 est,
1956 3122 2084 3191 quia
2117 3121 2269 3175 venit
2295 3137 2360 3174 ex
2389 3120 2704 3184 dilectione,
2731 3134 2900 3189 quam
2932 3116 3174 3187 Spiritus
3199 3120 3426 3169 sanctus

1826 3210 2088 3276 infundit,
2112 3216 2412 3282 propterea
2429 3209 2550 3280 ipse
2575 3207 2818 3278 Spiritus
2839 3205 3046 3258 dicitur
3075 3202 3424 3258 constristari

1826 3298 1896 3352 ab
1924 3299 2025 3364 eis,
2060 3299 2156 3371 qui
2179 3298 2259 3353 sic
2288 3305 2482 3367 agunt,
2518 3304 2582 3350 ut
2609 3312 2805 3349 eorum
2833 3293 2994 3348 factis
3020 3293 3426 3348 contristentur

1826 3387 2024 3453 sancti,
2049 3404 2162 3442 non
2182 3386 2252 3440 ob
2271 3386 2445 3451 aliud,
2464 3385 2572 3439 nisi
2595 3384 2728 3455 quia
2747 3383 3019 3454 Spiritum
3039 3387 3298 3434 sanctum
3320 3380 3421 3434 ha-

1825 3476 1983 3529 bent:
2006 3493 2114 3546 quo
2127 3476 2272 3528 dono
2289 3481 2406 3528 tam
2419 3473 2549 3527 boni
2563 3478 2784 3537 sunt,ut
2795 3488 2890 3543 eos
2901 3470 3032 3524 mali
3047 3470 3421 3534 mmstiﬁcent,

1824 3565 1880 3618 hi
1894 3565 2304 3634 maxime,quos
2314 3562 2490 3617 bonos
2500 3561 2810 3627 fuisse,sivc
2825 3557 3238 3620 noverunt,sive
3249 3556 3424 3610 credi-

1824 3654 2190 3718 derunt.Quaa
2198 3652 2444 3724 profecto
2455 3650 2688 3705 tristitia
2698 3666 2808 3704 non
2821 3649 3002 3703 solum
3016 3663 3130 3701 non
3146 3644 3424 3717 culpanda

1824 3759 2018 3796 verum
2041 3741 2212 3796 etiam
2243 3741 2519 3813 praecipue
2541 3738 2824 3793 laudanda
2850 3754 2914 3792 ac
2934 3735 3290 3808 praedicanda
3316 3739 3419 3788 est.

1900 3832 2092 3887 Omnis
2118 3831 2460 3893 amaritudo,
2484 3834 2535 3882 et
2562 3832 2672 3893 ira,
2703 3833 2751 3880 et
2770 3827 3106 3895 indignatio,
3131 3830 3179 3878 et
3208 3826 3421 3878 clamor

1824 3927 1872 3974 et
1904 3921 2240 3988 blasphemia
2272 3922 2504 3972 tollatur
2549 3933 2583 3970 a
2629 3917 2796 3982 vobis,
2838 3931 2964 3968 cum
2995 3916 3150 3967 omni
3197 3914 3421 3966 malitia

1823 4008 1992 4078 (Alb.)
2013 4008 2116 4062 Hic
2146 4007 2408 4073 ostendit,
2433 4022 2534 4078 pro
2563 4004 2766 4076 quibus
2794 4003 3158 4058 contristetur
3179 4001 3422 4072 Spiritus

1823 4103 2068 4163 sanctus,
2092 4105 2149 4151 et
2177 4096 2460 4166 relinquat
2485 4111 2598 4160 cor,
2633 4094 2691 4148 in
2721 4110 2831 4164 quo
2860 4089 3152 4146 habitabat
3171 4107 3270 4161 per
3294 4090 3422 4145 cha-

1799 4188 2047 4241 —ritatem
2068 4193 2125 4241 et
2142 4185 2497 4240 modestiam.
2526 4183 2860 4238 Amaritudo
2889 4181 3171 4235 contraria
3188 4185 3278 4234 est
3296 4195 3422 4234 sua-

1819 4277 1979 4331 vitati
2015 4283 2074 4330 et
2101 4275 2383 4330 dulcedini
2417 4273 2594 4328 sancti
2626 4272 2901 4344 Spiritus:
2935 4269 3092 4324 furor
3121 4286 3251 4323 vero
3280 4268 3419 4322 inci-

1820 4366 1980 4436 piens
2009 4366 2097 4420 ira
2138 4371 2242 4428 est,
2287 4369 2345 4418 et
2381 4363 2695 4418 fervescens
2733 4361 2792 4414 in
2825 4359 3014 4414 anima
3049 4355 3419 4428 perturbatio.

1818 4454 2136 4525 Indignatio
2167 4471 2231 4508 ex
2261 4451 2525 4524 superbia
2552 4450 2819 4514 nascitur,
2845 4463 2971 4501 cum
3000 4446 3246 4516 aliquem
3268 4443 3417 4513 judi-

1817 4558 2012 4598 camus
2061 4543 2376 4612 indignum,
2410 4545 2468 4593 et
2509 4539 2634 4592 ideo
2665 4553 2794 4590 eum
2825 4535 3086 4589 nolumus
3115 4532 3414 4586 sustinere.

1819 4632 2089 4699 (Hieron.)
2109 4632 2199 4684 Ira
2234 4635 2423 4684 autem
2457 4632 2561 4691 est,
2595 4627 2755 4695 cujus
2787 4622 3125 4687 amaritudo,
3156 4626 3215 4675 et
3240 4619 3414 4686 furor,

1817 4725 1876 4774 et
1904 4718 2235 4788 indignatio,
2258 4717 2472 4788 species
2499 4720 2650 4780 sunt,
2671 4729 2792 4784 quae
2822 4713 3011 4767 furore
3033 4710 3301 4764 restincto
3325 4709 3419 4764 de-

1815 4808 2026 4862 siderat
2056 4807 2345 4870 ultionem,
2368 4812 2426 4859 et
2455 4820 2604 4868 eum,
2629 4818 2795 4874 quem
2826 4800 3083 4856 nocuisse
3112 4799 3418 4871 putat,vult

1815 4897 2034 4961 laedere,
2067 4895 2216 4950 unde
2251 4912 2286 4948 a
2315 4893 2475 4948 nobis
2495 4891 2682 4946 omnis
2711 4885 3048 4954 amaritudo,
3077 4894 3135 4943 et
3152 4889 3328 4953 furor,
3363 4895 3422 4941 et

1817 4985 2148 5056 indignatio,
2175 4982 2425 5036 tollenda
2467 4987 2571 5034 est.
2604 4981 2739 5034 Post
2767 4980 2882 5034 haec
2911 4978 3102 5032 omnia
3127 4984 3276 5030 recte
3304 4975 3420 5029 cla-

1813 5091 1940 5128 mor
1955 5089 2178 5144 quoque
2199 5079 2257 5126 et
2274 5071 2622 5142 blasphemia
2637 5067 3008 5141 prohibentur
3024 5067 3083 5120 in
3103 5065 3421 5134 nobis,quia

1813 5163 1908 5234 qui
1927 5163 2099 5216 semel
2128 5161 2299 5215 fuerit
2324 5160 2512 5214 furore
2541 5164 2860 5230 superatus,
2892 5155 3201 5227 sepissime
3231 5169 3415 5207 erum-

156 5255 977 5323 narrabilibuisom.vrrr).Non
991 5255 1138 5326 quod
1153 5255 1729 5326 Spiritussanctusin-
1810 5252 1895 5322 pit
1918 5251 1988 5304 ad
2019 5250 2341 5314 clamorem,
2375 5254 2434 5302 et
2471 5247 2695 5303 turbide
2733 5246 2980 5300 fremens
3018 5243 3323 5298 ventilatur
3352 5243 3411 5297 in

157 5340 408 5407 gemiscat,
429 5344 526 5397 sed
549 5343 702 5414 quod
723 5359 825 5397 nos
842 5344 1208 5415 ingemiscere
1219 5345 1353 5400 facit
1372 5346 1431 5399 in
1449 5343 1722 5416 precibus.

1811 5339 2038 5394 modum
2069 5337 2205 5392 folii.
2237 5337 2596 5408 Blasphemia
2621 5341 2725 5401 est,
2757 5350 2885 5388 cum
2913 5333 2983 5389 de
3010 5334 3129 5388 Deo
3150 5332 3291 5388 falsa
3309 5332 3411 5386 ﬁn-

157 5423 321 5495 (llier.)
345 5431 566 5501 Signati
589 5437 784 5486 autem
805 5448 999 5487 sumus
1019 5433 1232 5505 Spiritu
1253 5434 1354 5488 Dei
1375 5439 1568 5488 sancto
1588 5439 1646 5487 et
1663 5438 1730 5486 ut
1807 5433 2038 5498 guntur,
2070 5433 2171 5482 aut
2196 5426 2254 5480 in
2284 5426 2393 5481 ﬁde
2423 5424 2697 5479 catholica
2722 5423 2987 5478 haeretica
3011 5423 3288 5495 pravitate
3317 5421 3410 5475 de-

157 5514 350 5580 spiritns
372 5525 566 5573 noster
586 5525 646 5574 et
662 5520 856 5574 anima
876 5521 1275 5593 imprimuntur
1294 5521 1581 5592 signaculo
1603 5521 1721 5585 Dei,
1809 5523 2004 5588 ceptus
2031 5531 2220 5570 errare
2247 5515 2374 5587 quis
2396 5513 2685 5586 probatur.
2711 5514 2893 5581 (Aug.)
2916 5511 3274 5584 Blasphemia
3300 5516 3404 5574 est,

157 5609 197 5652 α
219 5603 360 5661 illam
387 5608 734 5680 recipiamus
759 5608 1067 5681 imaginem
1095 5617 1153 5666 et,
1178 5611 1626 5677 similitudinem,
1654 5609 1726 5664 ad
1809 5623 1911 5676 per
1929 5621 2100 5677 quam
2125 5605 2197 5661 de
2225 5604 2347 5677 ipso
2374 5604 2492 5658 Deo
2520 5602 2662 5657 falsa
2689 5601 2972 5670 dicuntur,
3005 5609 3064 5654 et
3093 5601 3218 5654 ideo
3245 5600 3406 5668 pejus
