3892 6158
525 349 630 407 455
985 365 1000 387 ο
1130 341 1194 397 Β.
1234 338 1507 395 RABANI
1544 335 1777 396 MAURI
1813 333 2133 392 ARCHIEP
2167 333 2492 392 MOGUNT.
2510 393 2516 396 _
2535 330 2836 390 OPERUM
2872 329 3057 386 PARS
3091 327 3190 388 III.
3639 333 3724 390 456

523 491 626 531 vox
649 469 922 536 canentis,
951 466 1050 524 sed
1078 464 1247 521 verba
1283 465 1544 536 placeant
1581 459 1828 528 Domini,
1874 476 1998 532 quae
2033 459 2122 514 di-
2138 461 2487 530 Aquaquam
2531 459 2683 513 enim
2712 455 2973 512 convenit
3002 451 3266 526 Ephesiis,
3302 459 3366 508 ut
3397 453 3580 509 timore
3615 455 3728 526 quid

523 567 745 627 cuntur,
778 565 845 616 ut
869 557 1102 630 spiritus
1131 554 1316 609 malus
1343 552 1440 625 qui
1467 557 1590 606 erat
1614 551 1674 606 in
1705 549 1873 606 Saule
1908 549 1968 621 (1
1989 549 2112 617 Reg.
2198 546 2423 614 faciant,
2459 553 2518 600 et
2543 563 2658 602 non
2688 544 2988 600 dilectione
3011 541 3232 598 Christi.

524 651 637 717 κη)
662 649 922 720 ejiciatur
947 637 1018 700 ab
1045 644 1134 699 his
1166 642 1262 715 qui
1289 641 1359 696 ab
1378 657 1444 695 eo
1467 639 1727 695 similiter
1744 637 2121 711 possidentur.
2277 637 2534 691 Mulieres
2555 638 2695 690 viris
2715 637 2832 688 suis
2849 634 3079 687 subdita
3095 633 3206 686 sint
3224 633 3359 685 sicut
3375 632 3600 695 Domino,
3619 648 3730 700 quo-

524 740 682 795 Inter
695 719 943 812 psalmos
963 741 1022 790 et
1038 734 1278 803 hymnos
1299 735 1358 786 et
1373 729 1592 784 cantica
1612 729 1718 783 hoc
1737 727 1948 782 distare
1971 725 2125 780 vide-
2209 725 2367 778 niam
2386 726 2478 779 vir
2495 728 2659 794 caput
2677 728 2751 778 est
2775 723 3050 788 mulieris,
3065 722 3206 774 sicut
3216 725 3262 774 et
3275 719 3506 774 Christus
3523 724 3662 788 caput
3675 726 3732 774 est

467 859 472 862 -
523 836 638 898 tur,
667 805 816 900 quod
836 825 1032 898 hymni
1053 823 1113 878 in
1134 821 1298 876 laude
1319 820 1420 875 Dei
1452 819 1736 884 dicuntur,
1764 815 1966 888 psalmi
1995 831 2126 870 vero
2208 813 2470 868 Ecclesiae.
2492 813 2611 868 Hoc
2630 811 2856 884 quodin
2871 809 3087 866 Latinis
3105 805 3492 880 exemplaribus
3519 807 3733 862 additum

525 894 798 974 moralem
823 894 1006 969 vitam
1023 913 1431 975 demonstrant,
1469 907 1688 963 cantica
1713 911 1864 971 sunt,
1896 905 2033 960 dum
2061 920 2127 958 ex
2209 907 2312 968 est,
2343 903 2572 956 subditae
2598 905 2733 967 sint,
2763 901 2823 955 in
2853 899 3062 954 Graecis
3087 895 3362 952 codicibus
3386 911 3491 951 non
3515 894 3732 961 habetur,

524 1006 800 1064 creaturis
819 1009 1039 1060 creator
1056 1000 1410 1074 praedicatur.
1435 998 1657 1054 Gratias
1674 999 1892 1064 agentes
1917 1009 2128 1062 semper
2208 990 2486 1062 siquidem
2508 989 2580 1044 ad
2599 989 2894 1062 superiora
2903 988 3144 1043 refertur
3152 991 3209 1041 et
3219 983 3737 1052 subauditur,subjecti

521 1115 626 1170 pro
647 1097 903 1152 omnibus
921 1096 985 1148 in
1003 1093 1228 1147 nomine
1247 1092 1372 1144 Jesu
1395 1087 1604 1144 Christi
1622 1086 1726 1139 Deo
1741 1089 1788 1138 et
1808 1085 1984 1147 Patri,
2003 1083 2126 1135 sub-
2208 1079 2444 1134 invicem
2491 1081 2554 1134 in
2601 1081 2800 1132 timore
2846 1078 3070 1141 Christi,
3113 1080 3177 1130 ut
3223 1073 3326 1133 ἀπὸ
3349 1078 3510 1132 κοινῶ
3554 1079 3740 1126 resonet

513 1167 653 1259 jecti
674 1187 910 1241 invicem
930 1185 994 1236 in
1024 1183 1222 1234 timore
1249 1177 1474 1234 Christi.
1509 1172 1744 1243 (Ambr.)
1769 1173 1886 1226 Deo
1911 1171 2125 1241 gratias
2206 1176 2489 1249 subjecta,
2541 1183 2600 1232 et
2653 1177 2917 1232 mulieres
2967 1174 3101 1229 viris
3153 1173 3286 1238 suis,
3335 1169 3472 1226 sicut
3519 1167 3734 1224 Domino.

526 1256 586 1332 in
602 1273 864 1331 omnibus
875 1271 1038 1326 donis
1057 1269 1182 1340 ejus
1201 1281 1368 1338 agere
1383 1263 1669 1335 jubemur,
1696 1261 1792 1332 qui
1809 1261 1980 1315 etiam
1993 1259 2126 1314 ado-
2208 1266 2318 1324 sed
2346 1267 2452 1322 hoc
2479 1266 2660 1338 magis
2697 1265 2756 1320 in
2793 1265 2986 1320 Graeco
3013 1261 3360 1334 intelligitur,
3389 1274 3548 1330 quam
3573 1257 3626 1311 in
3652 1256 3738 1311 La.

524 1371 686 1438 ptare
704 1380 806 1418 nos
826 1361 1092 1432 dignatus
1103 1363 1189 1412 est
1203 1373 1302 1428 per
1322 1353 1610 1410 Christum
1622 1351 1802 1406 ﬁlium
1815 1349 2123 1438 proprium,
2206 1355 2348 1412 tino,
2382 1355 2648 1410 Mulieres
2675 1353 2915 1410 subdita;
2943 1369 3066 1408 esse
3095 1349 3226 1406 viris
3252 1346 3487 1404 naturali
3527 1345 3636 1416 lege
3664 1345 3740 1415 ju-

525 1471 627 1528 per
659 1469 828 1526 quem
853 1448 1215 1520 cognovimus
1243 1460 1392 1510 eum,
1427 1448 1486 1496 et
1508 1439 1804 1494 didicimus
1831 1439 1889 1493 in
1915 1437 2062 1510 Spiri

2209 1443 2433 1512 bentur,
2466 1443 2600 1516 quia
2617 1443 2872 1499 mulieris
2895 1447 3093 1498 auctor
3119 1440 3203 1494 vir
3229 1443 3332 1494 est.
3349 1436 3500 1492 Unde
3516 1433 3645 1488 sicut
3658 1431 3743 1488 Do—

525 1521 726 1608 Deum,
751 1540 885 1612 quia
903 1539 1054 1594 Deus
1072 1534 1314 1606 Spiritus
1333 1537 1438 1598 est,
1472 1537 1530 1585 et
1555 1529 1614 1584 in
1647 1527 1862 1600 Spiritu
1887 1527 2128 1581 adoran-
2212 1533 2386 1600 mino,
2418 1532 2623 1605 inquit,
2653 1532 2734 1587 ita
2779 1531 2913 1586 viris
2953 1527 3190 1586 subdita,
3229 1543 3350 1582 esse
3391 1523 3581 1580 debent
3604 1539 3616 1576 ε
3643 1521 3748 1576 hinc

526 1633 650 1697 dus,
663 1608 981 1685 alteralteri
997 1641 1057 1680 se
1067 1623 1366 1695 subjicicns
1377 1625 1606 1692 propter
1620 1619 1882 1672 timorem
1899 1615 2124 1679 Christi,
2213 1623 2352 1678 sam
2377 1621 2672 1677 dominum
2701 1620 2937 1676 vocabat
2963 1619 3248 1674 Abraham
3271 1616 3413 1688 (θεη,
3439 1608 3748 1681 “110,510”;

527 1719 623 1792 qui
681 1716 1060 1774 humilitatem
1107 1710 1520 1782 exsequendam
1567 1706 1872 1762 mandavit.
1927 1707 2126 1774 (Hier.)
2148 1785 2190 1792 _
2213 1710 2364 1766 enim
2392 1717 2564 1782 caput
2591 1710 2850 1766 Εεειθείω
2879 1707 3158 1774 Christus,
3191 1707 3273 1760 ita
3305 1709 3363 1758 et,
3403 1701 3479 1755 vir
3515 1696 3745 1754 mulieris.

527 1783 688 1875 Quod
709 1813 902 1862 autem
921 1804 1019 1869 ait,
1053 1804 1274 1859 Gratias
1284 1803 1501 1867 agentes
1515 1813 1726 1866 semper
1730 1812 1834 1864 pro
1853 1796 2064 1848 omnibt

2211 1801 2261 1855 A
2281 1799 2504 1856 Christo
2524 1799 2676 1854 enim
2696 1798 2938 1871 sumpsit
2964 1795 3212 1852 Ecclesia
3227 1791 3464 1857 initium,
3485 1787 3619 1844 unde
3643 1783 3747 1841 sub-

531 1873 830 1970 dupliciter
843 1892 1179 1949 intuendum
1195 1893 1370 1955 est,ut
1387 1887 1516 1941 etin
1533 1885 1949 1956 omnitempore
1963 1887 2130 1954 etpro
2208 1891 2360 1960 jecta
2387 1895 2474 1944 est
2501 1889 2604 1954 illi,
2632 1889 2715 1944 ita
2737 1895 2796 1944 et
2835 1887 2955 1942 vim
2987 1884 3211 1950 mulier,
3241 1887 3308 1937 ut
3350 1880 3424 1934 sit
3463 1875 3676 1932 subdita,
3700 1873 3750 1928 1n

485 2023 494 2037 .
531 1962 790 2042 omnibus
806 2001 928 2056 quae
951 1980 1111 2036 nobis
1133 1977 1396 2032 accidunt
1416 1976 1532 2030 Deo
1558 1974 1772 2045 gratias
1800 1971 2130 2038 referamus,
2215 1994 2282 2033 eo
2321 1983 2513 2032 tamen
2549 1976 2742 2044 distat,
2775 1975 2909 2048 quia
2948 1973 3155 2028 mulier
3195 1965 3627 2026 consubstantiva
3656 1962 3751 2016 viro

528 2082 596 2132 ut
622 2091 737 2131 non
754 2053 976 2128 tantum
1006 2087 1108 2142 pro
1122 2068 1212 2122 his
1240 2083 1364 2138 quae
1383 2064 1532 2119 bona
1543 2068 1830 2135 putamus.
1847 2062 1945 2115 sed
1960 2060 2131 2115 etiam
2211 2071 2300 2120 est
2328 2085 2342 2132 ;
2375 2065 2622 2120 Ecclesia
2649 2070 2841 2120 autem
2869 2063 2929 2118 in
2957 2061 3188 2119 nomine
3215 2064 3398 2133 potest
3433 2071 3539 2112 non
3579 2053 3632 2108 in
3671 2065 3751 2105 na-

529 2183 652 2237 quaa
673 2179 776 2220 nos
807 2163 1096 2216 coarctant
1113 2163 1172 2212 et
1189 2161 1388 2209 contra
1405 2158 1660 2208 nostram
1677 2151 1911 2205 veniunt
1929 2150 2128 2203 volun-
2209 2159 2340 2208 tura
2359 2153 2685 2226 participari
2705 2152 2950 2209 Christo.
2975 2150 3134 2222 (Διὸ.)
3149 2146 3464 2204 Videndum
3483 2149 3562 2198 est
3578 2147 3635 2196 ut
3645 2153 3754 2212 quo-

526 2228 721 2320 tatem,
744 2252 804 2306 in
815 2250 918 2306 Dei
934 2245 1274 2321 praeconium
1297 2259 1458 2298 mens
1485 2243 1614 2296 laeta
1634 2243 1984 2312 prorumpat.
2001 2239 2132 2292 Haec
2211 2242 2378 2297 modo
2398 2241 2457 2296 in
2479 2242 2702 2296 Christo
2723 2247 2782 2296 et
2797 2241 2856 2295 in
2878 2237 3126 2295 Ecclesia
3150 2241 3347 2291 sancta
3363 2228 3656 2303 conjunctio
3671 2231 3752 2284 est.

471 2346 476 2350 ’
529 2344 676 2400 actio
695 2317 1007 2414 gratiarum
1035 2335 1184 2408 apud
1205 2333 1512 2406 prudentes
1525 2330 1692 2394 viros,
1716 2335 1775 2383 et
1789 2327 2134 2399 generaliter
2211 2331 2293 2384 ita
2318 2336 2376 2384 et
2394 2330 2452 2384 in
2471 2330 2590 2384 viro
2615 2336 2676 2384 et
2700 2329 2759 2384 in
2778 2327 3016 2384 muliere
3053 2331 3254 2382 sancta
3285 2323 3361 2378 sit
3399 2319 3610 2392 copula.
3625 2317 3756 2371 Juxta

531 2433 590 2488 dt
609 2402 928 2504 specialiter
945 2402 1276 2482 observatur
1294 2440 1307 2476 :
1325 2419 1686 2494 generaliter,
1707 2416 2132 2487 utgratiasaga-
2211 2435 2382 2474 causa
2409 2424 2512 2486 est,
2547 2424 2612 2472 ut
2641 2417 2848 2473 mulier
2874 2417 2994 2472 viro
3023 2415 3100 2470 sit
3142 2413 3412 2485 subjecta,
3443 2407 3569 2482 quia
3590 2402 3757 2460 mulier

532 2538 660 2577 mus
689 2521 806 2574 Deo
834 2517 905 2572 de
935 2513 1196 2570 omnibus
1221 2511 1384 2566 bonis
1411 2526 1534 2581 quae
1563 2506 1725 2562 nobis
1755 2505 1862 2560 iste
1889 2503 2132 2559 mundus
2215 2525 2282 2562 ex
2307 2507 2425 2563 viro
2443 2508 2503 2563 in
2529 2507 2715 2580 prima
2739 2506 3044 2573 creatione,
3065 2521 3184 2560 non
3201 2503 3288 2558 vir
3315 2518 3381 2556 ex
3406 2496 3639 2560 muliere,
3656 2491 3756 2546 ideo

505 2619 508 2624 '
534 2609 836 2672 ministrat,
859 2603 1178 2676 specialiter
1204 2599 1428 2672 quando
1456 2597 1515 2650 in
1545 2595 1646 2652 Dei
1673 2593 1976 2660 beneficiis,
2010 2609 2133 2664 quae
2215 2597 2502 2652 conversio
2527 2598 2652 2668 ejus
2675 2597 2748 2650 ad
2777 2595 2961 2650 virum
3000 2593 3170 2649 debet
3215 2607 3356 2648 esse.
3396 2586 3622 2654 Quidam
3653 2594 3758 2635 vero

533 2696 694 2752 nobis
721 2670 1002 2758 accidunt,
1032 2670 1405 2762 gratulamur,
1439 2685 1526 2739 vel
1569 2683 1741 2738 etiam
1773 2682 1835 2736 in
1864 2681 2130 2747 adversis,
2216 2686 2365 2741 hunc
2391 2685 2576 2740 locum
2599 2685 2762 2756 juxta
2785 2699 3098 2754 anagogem
3138 2681 3224 2736 ita
3257 2677 3688 2750 interpretantur,
3710 2670 3760 2721 ut

534 2785 583 2840 si
604 2783 882 2848 eveniant,
903 2779 1116 2852 gratias
1134 2793 1368 2847 agamus
1387 2775 1504 2829 Deo
1521 2791 1534 2826 :
1550 2789 1673 2844 quae
1692 2771 1871 2826 virtus
1888 2776 2135 2825 tantum-
2215 2774 2424 2842 dicant,
2447 2789 2678 2828 uxorem
2699 2773 2759 2827 in
2785 2788 3041 2844 corpore,
3071 2770 3256 2825 virum
3286 2765 3459 2839 accipi
3499 2763 3554 2818 in
3586 2759 3757 2818 animo.

537 2873 702 2930 modo
721 2869 1169 2928 Christianorum
1190 2871 1293 2920 est.
1327 2863 1437 2928 Qui
1463 2867 1672 2928 autem,
1695 2860 1842 2914 sicut
1868 2859 2130 2926 diximus,
2215 2869 2274 2918 et
2295 2863 2443 2918 sicut
2475 2862 2698 2918 Christo
2720 2862 2976 2933 subjecta
3019 2865 3108 2915 est
3147 2857 3416 2922 Ecclesia,
3459 2854 3538 2908 ita
3571 2859 3765 2920 corpora

535 2964 606 3019 de
625 2959 886 3018 omnibus
903 2955 1118 3029 gratias
1137 2953 1258 3026 agit
1273 2953 1390 3008 Deo
1417 2951 1574 3008 Patri
1603 2949 1663 3004 in
1694 2948 2002 3003 mediatore
2030 2947 2134 3002 Dei
2214 2951 2414 3024 subjici
2441 2951 2645 3007 debere
2662 2932 2853 3006 sensui
2881 2954 2940 3004 et
2964 2949 3024 3004 in
3050 2963 3234 3004 unum
3262 2945 3518 3020 spiritum
3543 2932 3764 3008 redigi.aii

535 3059 596 3109 et
611 3023 938 3116 hominum:
949 3046 1158 3101 referat
1174 3023 1276 3116 per
1295 3041 1583 3098 Christum
1603 3040 1822 3105 Jesum;
1848 3037 1999 3109 quia,
2023 3037 2134 3091 nisi
2156 3105 2192 3116 Α
2215 3023 2453 3095 Domino
2467 3039 2678 3096 fuerint
2689 3039 2970 3112 copulata,
2992 3037 3127 3110 quia
3143 3055 3172 3090 (ί
3196 3037 3295 3110 qui
3313 3033 3554 3091 adhaeret
3569 3023 3768 3084 Domino

536 3105 843 3215 illum,
873 3105 1137 3192 accedere
1165 3105 1277 3188 non
1305 3131 1556 3186 valemus
1585 3129 1656 3184 ad
1685 3105 2132 3183 Deum—Patrem.
2150 3105 2194 3166 (ἶ
2216 3145 2365 3185 unus
2393 3129 2624 3201 spiritus
2650 3105 2807 3184 esti»
2835 3105 2967 3184 Ideo
2988 3105 3360 3198 subjungitur
3389 3141 3401 3177 :
3431 3123 3541 3192 Ipse
3557 3116 3771 3175 Salvator

537 3208 710 3300 -(Alb.)
737 3227 898 3294 Quod
929 3229 1119 3280 autem
1151 3222 1234 3276 ait
1264 3239 1276 3275 :
1312 3219 1554 3289 Subjecti
1580 3220 1814 3272 invicem
1847 3219 1912 3270 in
1939 3218 2135 3272 timo-re
2215 3221 2460 3288 corporis
2487 3222 2623 3288 ejus.
2660 3213 2829 3289 (Alb.)
2855 3216 3034 3287 Magis
3067 3215 3255 3270 voluit
3280 3208 3572 3269 Ecclesium
3605 3215 3773 3274 coran

537 3293 762 3375 Christi.
787 3315 1037 3371 Audiant
1058 3309 1323 3384 epis00pi,
1342 3307 1573 3362 audiant
1593 3305 1926 3378 presbyteri,
1940 3304 2136 3358 audiat
2217 3305 2427 3362 Christi
2448 3307 2759 3368 nominare.
2791 3322 2962 3377 quam
2981 3320 3240 3360 carnem.
3265 3304 3438 3358 Porro
3458 3293 3772 3352 manifestum
3811 3351 3818 3362 _

537 3407 720 3463 omnis
747 3405 884 3460 ordo
912 3404 1208 3458 doctorum
1233 3397 1498 3469 subjectis
1525 3395 1643 3450 suis
1670 3411 1792 3449 esse
1830 3393 2128 3464 subjectos,
2215 3401 2320 3462 est,
2353 3396 2502 3466 quod
2531 3394 2804 3467 quidquid
2823 3411 2952 3448 caro
2981 3398 3084 3460 est,
3107 3393 3522 3463 consequenter
3539 3390 3594 3440 et
3607 3391 3776 3451 corpus

537 3503 595 3553 et
620 3495 916 3551 imitentur
944 3492 1222 3546 dicentem
1251 3487 1580 3558 Apostolum
1604 3501 1616 3537 :
1643 3484 1781 3540 Cum
1795 3485 1947 3538 enim
1969 3497 2132 3536 essem
2213 3484 2306 3551 sit,
2339 3501 2452 3539 non
2479 3489 2671 3539 autem
2701 3482 2972 3554 quidquid
3001 3497 3231 3553 corpus,
3266 3481 3373 3534 hoc
3415 3472 3775 3544 consequenter

538 3588 678 3642 liber
707 3601 772 3640 ea:
798 3583 1074 3648 omnibus,
1105 3579 1361 3634 omnibus
1389 3578 1660 3645 meipsum
1685 3589 1904 3628 servum
1923 3573 2046 3639 feci,
2069 3576 2132 3624 ut
2213 3578 2274 3628 et
2298 3588 2446 3628 caro.
2462 3572 2706 3626 Proinde
2727 3570 2931 3625 maluit
2942 3570 3245 3624 nominare
3259 3583 3462 3640 corpus
3475 3557 3668 3620 Christi
3688 3556 3771 3612 Ec-

535 3691 720 3730 omnes
751 3673 1137 3740 lucrifacerem
1171 3668 1224 3735 (Ι
1246 3667 1368 3722 Cor.
1417 3662 1518 3734 ιχ).
1561 3663 1680 3718 Ηοο
1721 3661 1958 3716 interest
1983 3659 2133 3714 inter
2213 3661 2462 3728 clesiam,
2494 3661 2658 3732 cujus
2684 3659 2934 3730 corporis
2954 3657 3214 3714 Salvator
3245 3663 3335 3713 est
3357 3655 3606 3712 Christus
3621 3649 3772 3740 Iesus.

533 3764 789 3836 gentium
806 3729 1086 3834 principes
1105 3761 1163 3812 et
1181 3729 1651 3818 Christianorum,
1679 3750 1827 3823 quod
1847 3749 1928 3804 illi
1956 3748 2132 3804 domi-
2213 3750 2270 3806 id
2289 3756 2392 3817 est,
2405 3729 2657 3817 verbum,
2678 3729 2974 3820 sapientia,
2999 3751 3333 3819 caeteraeque
3347 3738 3662 3808 virtutes,in
3678 3729 3776 3807 qui-

538 3821 747 3908 hantur
772 3821 1030 3914 subditis,
1064 3863 1167 3900 nos
1194 3843 1487 3910 servimus,
1519 3846 1578 3895 et
1594 3839 1652 3894 in
1675 3821 1741 3894 eo
1769 3837 2014 3908 majores
2042 3853 2132 3890 su-
2213 3837 2318 3894 bus
2345 3838 2698 3910 intelligitur.
2718 3836 2825 3893 Sed
2841 3839 2986 3892 sicut
3016 3837 3262 3892 Ecclesia
3283 3837 3522 3904 subjecta
3548 3833 3620 3884 est
3648 3821 3777 3881 Chri-

538 3958 686 4008 mus,
707 3940 756 3994 si
775 3937 995 3993 minimi
1015 3933 1271 3991 omnium
1299 3929 1590 3986 fuerimus.
1619 3927 1728 3984 Sed
1757 3933 1816 3982 et
1835 3927 1958 3992 hoc,
1982 3925 2133 3996 quod
2213 3933 2310 3996 sto,
2342 3931 2424 3982 ita
2449 3933 2501 3982 et
2529 3909 2791 3982 mulieres
2817 3927 2960 3982 viris
2986 3927 3104 3980 suis
3129 3927 3195 3979 in
3229 3909 3778 3986 omnibus.(liier.)Ec-

537 4031 620 4086 ait
644 4033 710 4084 in
741 4030 936 4082 timore
967 4025 1192 4089 Christi,
1223 4020 1304 4075 sic
1332 4017 1718 4090 accipiendum
1755 4021 1860 4082 est,
1901 4021 1968 4070 ut
2009 4014 2134 4086 ipsa
2214 4016 2380 4072 clesia
2427 4017 2674 4088 gloriosa
2725 4021 2831 4082 est,
2878 4030 2993 4068 non
3048 4011 3268 4069 habens
3313 4009 3591 4068 maculam
3627 4015 3779 4072 neque

539 4115 810 4188 subjectio
825 4130 939 4168 non
959 4115 1188 4184 propter
1198 4107 1491 4163 hominum
1507 4104 1766 4176 gloriam,
1789 4103 1888 4158 sed
1905 4108 2135 4175 propter
2213 4121 2414 4176 rugam
2436 4105 2646 4176 (Εριιεε,
2663 4104 2741 4173 γ),
2767 4107 2869 4158 aut
2886 4101 3160 4174 quidquid
3180 4098 3508 4157 istiusmodi
3529 4117 3540 4151 ;
3567 4093 3654 4167 qui

536 4175 800 4262 timbrem
829 4175 1039 4257 Christi
1062 4175 1183 4265 i‘iat,
1214 4202 1281 4252 ut
1307 4195 1467 4250 illum
1495 4175 1796 4249 timeamus
1829 4191 2130 4247 offendere.
2215 4175 2473 4265 peccator
2497 4197 2585 4248 est
2611 4198 2671 4248 et
2697 4191 2890 4264 aliqua
2915 4191 3083 4246 sorde
3110 4191 3451 4262 maculatus,
3479 4185 3548 4241 de
3574 4175 3783 4240 Ecclesia

542 4291 909 4365 (Hier.)Alius
927 4303 1058 4344 vero
1069 4281 2134 4356 sicinterpretabitur,Subjeetiinvicem
2215 4281 2423 4338 Christi
2449 4299 2564 4336 non
2590 4286 2776 4354 potest
2801 4279 3093 4352 appellari,
3125 4295 3232 4334 nec
3260 4278 3490 4334 Christo
3533 4270 3781 4341 subjectus

537 4359 605 4440 in
647 4359 842 4438 timore
861 4379 1087 4444 Christi,
1107 4381 1174 4432 ut
1190 4375 1335 4430 hanc
1365 4371 1706 4428 sententiam
1716 4370 2039 4442 generalem
2075 4371 2134 4425 in
2149 4423 2197 4444 ἢ
2215 4370 2346 4426 dici.
2369 4369 2639 4426 Possibile
2667 4375 2860 4425 autem
2878 4373 2984 4437 est,
3000 4373 3068 4424 ut
3093 4367 3384 4440 quomodo
3413 4359 3666 4426 Εαιὶθείαν
3683 4368 3784 4427 qua

540 4467 1010 4543 consequentibus
1018 4423 1190 4520 dividi
1201 4463 1352 4518 dicat
1360 4423 1753 4533 atquepartiria.
2149 4423 2198 4482 D
2215 4423 2904 4532 prius—rugamﬁhab—uerat,
2999 4423 3306 4524 maculam,
3323 4456 3386 4511 in
3395 4423 3731 4527 juventutem
3737 4447 3783 4496 et

538 4568 588 4618 is
611 4537 982 4618 suis-subditae
1001 4557 1118 4610 sint
1127 4571 1144 4620 ;
1167 4559 1244 4621 et,
1256 4553 1391 4608 Filii
1403 4549 1937 4620 obediteparentibus
1947 4549 2136 4602 vestris
2215 4548 2551 4604 munditiam
2597 4553 2794 4620 postea
2831 4545 3098 4602 restituta
3149 4551 3259 4614 est,
3314 4545 3400 4600 ita
3453 4547 3515 4598 et
3561 4537 3787 4612 peccator

539 4655 604 4706 in
625 4652 888 4712 Domino;
909 4649 985 4713 et,
1007 4644 1182 4709 Servi,
1205 4641 1408 4696 obedite
1420 4641 1663 4702 doniinis
1672 4637 2132 4692 carnalibuscum
2211 4643 2402 4693 currat
2427 4638 2501 4692 ad
2519 4636 2820 4703 medicum,
2833 4637 2968 4708 quia
2988 4652 3102 4690 non
3128 4635 3348 4690 habent
3387 4647 3530 4704 opus
3554 4625 3670 4683 sani
3693 4636 3790 4677 me-

543 4742 741 4794 timore
768 4741 818 4790 et
849 4740 1098 4789 tremore.
1132 4731 1210 4786 Ut
1243 4746 1358 4785 non
1383 4727 1566 4783 solum
1597 4741 1737 4782 uxor
1770 4723 1888 4778 viro
1934 4730 1994 4780 et
2029 4723 2131 4779 filii
2213 4726 2356 4794 dico,
2406 4725 2505 4782 sed
2551 4727 2701 4781 male
2743 4725 3013 4780 habentes
3059 4725 3280 4792 (Matth.
3331 4737 3414 4788 1x,
3463 4721 3590 4776 Luc.
3630 4715 3700 4784 v),
3737 4715 3793 4763 ut

539 4821 886 4900 parentibus,
910 4826 968 4876 et
985 4819 1129 4875 servi
1146 4817 1409 4884 dominis,
1431 4817 1529 4872 sed
1549 4815 1720 4871 etiam
1750 4813 1856 4869 viri
1887 4812 2134 4868 mulieri-
2212 4820 2480 4871 curentur
2503 4815 2738 4870 vulnera
2763 4813 2942 4886 ipsius
2970 4818 3028 4869 et
3055 4813 3159 4868 ﬁat
3181 4812 3255 4868 de
3287 4809 3541 4867 Ecclesia
3565 4820 3682 4878 qua:
3719 4802 3791 4852 est

541 4883 666 4983 bus,
693 4915 856 4986 juxta
874 4883 1125 4966 ofﬁcium
1153 4907 1303 4980 quod
1331 4911 1671 4979 praeceptum
1703 4909 1810 4972 est,
1849 4908 1908 4958 et
1945 4908 2134 4975 patres
2213 4921 2414 4976 corpus
2445 4904 2674 4959 Christi.
2703 4883 2854 4960 Satis
2881 4917 3105 4976 quoque
3136 4901 3434 4972 eleganter
3463 4903 3522 4953 et

539 4974 1354 5073 ﬁﬁis,neillosadiracundiam
1369 4974 1690 5068 provocent,
1710 4998 1769 5048 et
1781 4974 1995 5048 domini
2012 5009 2132 5048 ser-
2215 4974 2483 5066 Ephesios
2510 4993 2744 5064 loquens
2764 4991 2866 5058 ait,
2882 4974 2918 5045 αἶ
2930 4997 2996 5046 ut
3011 4988 3262 5046 Ecclesia
3280 4987 3543 5060 subjecta
3559 4988 3644 5038 est
3659 4974 3795 5035 Chri-

539 5097 641 5161 vis,
664 5064 731 5150 ut
748 5090 1046 5148 remittant
1062 5085 1264 5151 minas,
1287 5089 1347 5139 et
1359 5064 1648 5156 praebeant
1664 5081 1754 5136 his
1773 5098 1897 5154 qua:
1923 5079 2134 5136 habent
2211 5064 2321 5150 sto,
2349 5083 2433 5138 ita
2457 5086 2518 5137 et
2541 5097 2744 5136 uxores
2769 5079 2904 5136 viris
2934 5079 3052 5136 suis
3104 5079 3166 5134 in
3195 5077 3487 5133 omnibus,
3521 5093 3548 5128 ν
3578 5070 3635 5126 si
3660 5064 3792 5122 enim

543 5155 876 5244 necessaria,
909 5177 1146 5234 invicem
1173 5174 1288 5230 sint
1312 5155 1577 5244 subjecti;
1615 5177 1675 5226 et
1699 5171 1805 5226 hoc
1835 5187 1903 5225 ex
1929 5170 2132 5226 timore
2211 5187 2354 5228 uxor
2376 5171 2460 5226 ita
2482 5168 2832 5242 subjicienda
2855 5169 2974 5224 viro
3006 5173 3110 5234 est,
3143 5174 3211 5223 ut
3255 5165 3489 5222 Christo
3529 5155 3792 5218 Ecclesia;

539 5273 644 5330 Dei
670 5271 899 5336 faciant,
931 5272 998 5322 ut
1024 5263 1305 5338 quomodo
1341 5260 1515 5316 servis
1555 5259 1674 5317 suis
1708 5259 1817 5316 fuit
1861 5259 1956 5314 ille
1995 5257 2128 5314 sub-
2211 5261 2362 5316 inter
2381 5259 2562 5315 virum
2579 5263 2638 5314 et
2647 5275 2880 5316 uxorem
2899 5263 3095 5314 sancta
3108 5254 3437 5330 conjunctio
3453 5257 3515 5308 et
3527 5256 3792 5318 nunquam

534 5363 740 5434 jactus,
770 5359 850 5414 sic
869 5330 928 5412 et
951 5330 1162 5425 hi,-qui
1188 5351 1432 5422 majores
1458 5349 1738 5415 videntur,
1759 5347 2131 5420 subjiciantur
2209 5349 2458 5422 corporis
2476 5347 2724 5404 servient
2740 5346 3117 5421 passionibus.
3139 5344 3302 5412 Quod
3324 5343 3378 5400 si
3418 5341 3584 5399 nobis
3611 5330 3796 5406 aliquis

539 5423 851 5506 minoribus
905 5443 1025 5500 suis
1081 5423 1368 5496 reddendo
1422 5438 1608 5494 ofﬁcia
1662 5455 1787 5510 quae
1835 5435 2126 5510 jubentur.
2211 5437 2352 5494 illud
2363 5437 2514 5510 quod
2529 5437 2602 5494 ad
2623 5435 2944 5493 Corinthios
2971 5434 3238 5492 scribitur
3261 5429 3615 5505 opposuerit,
3632 5423 3794 5479 virum

540 5539 848 5594 Possumus
874 5533 966 5589 hic
991 5531 1255 5588 timorem
1280 5534 1340 5584 et
1363 5545 1466 5602 pro
1493 5527 1770 5604 uicem,
1813 5525 1872 5581 id
1911 5531 2015 5593 est,
2049 5541 2134 5580 re-
2212 5525 2372 5582 uxori
2387 5524 2640 5582 debitum
2655 5525 2913 5593 reddere,
2927 5529 2987 5580 et
2995 5541 3228 5580 uxorem
3241 5520 3387 5588 viro,
3401 5511 3799 5575 animadvertat

541 5629 787 5684 verentia
805 5621 1080 5695 accipere,
1100 5634 1226 5692 quae
1234 5597 1416 5690 magis
1424 5616 1701 5675 vicinaest
2015 5614 2130 5672 Ne-
2212 5629 2480 5688 magnam
2505 5612 2838 5671 distantiam
2861 5613 3015 5670 inter
3037 5617 3098 5668 et
3124 5607 3454 5668 Corinthios
3473 5597 3797 5676 etEphesios
