3880 6146
244 277 316 331 457
564 267 1146 326 ENARRATIONUM
1183 267 1262 323 IN
1302 266 1459 322 EPP.
1498 266 1730 354 PAULI.
1750 266 1888 323 LIB.
1930 266 2132 322 XVIII.
2174 295 2239 307 —
2278 266 2357 322 IN
2395 265 2617 324 EPIST.
2655 268 2757 324 AD
2791 268 3039 327 EPHES.

3325 277 3434 335 458

244 415 348 455 esse:
360 395 451 452 illis
459 396 616 467 quasi
628 395 874 467 parvulis
885 399 1055 464 atque
1066 393 1404 448 lactantibus
1415 391 1760 459 scribitur,in
1775 395 1828 453 Α
1842 407 1973 447 nem
2008 392 2164 447 illam
2189 392 2278 446 vir
2301 393 2526 464 sapiens
2551 393 2835 450 dilectioni
2863 395 3071 452 Christi
3099 401 3158 452 et
3175 397 3435 458 Ecclesia:

241 487 390 561 quibus
399 489 547 539 erant
557 484 932 538 dissensiones
953 488 1010 536 et
1033 483 1418 547 schismata,et
1430 481 1764 537 audiebatur
1845 481 2457 554 comparabit.Sanctus
2468 482 2643 553 igitur
2652 483 2742 537 hic
2751 483 3148 555 intelligendus
3159 492 3436 557 estamor,

239 573 684 644 fornicatio,qualis
704 589 806 626 nec
825 573 975 625 inter
992 579 1190 641 gentes
1212 572 1437 642 quidem
1461 574 1511 636 (Ι
1537 574 1659 628 Cor.
1682 574 1759 640 v),
1847 588 1958 642 quo
1987 577 2044 624 et
2071 573 2228 626 Isaac
2256 571 2454 625 dilexit
2482 588 2710 626 uxorem
2753 589 2915 627 suam
2953 567 3294 645 Rebeccam,
3313 595 3438 650 quin

241 675 277 720 et
297 668 556 736 propterea
585 661 910 716 conceditur
937 660 1038 726 eis,
1072 665 1135 714 ut
1172 667 1299 732 post
1337 661 1648 714 orationem
1693 660 1764 713 ad
1846 659 2550 731 interpretaturpatientia:
2568 661 2864 716 etdeterra
2875 662 3440 739 Mesopotamia,un

237 754 417 824 idipsum
445 751 699 816 redeant,
733 767 803 804 ne
831 755 1124 804 tententur
1151 767 1185 803 a
1213 751 1441 815 Satana,
1459 749 1590 804 licet
1608 748 1686 802 ibi
1707 748 1766 802 in
1847 749 2034 804 saeculi
2063 749 2234 819 hujus
2279 766 2344 803 ex
2393 749 2544 803 omni
2586 755 2744 820 parte
2786 749 3046 805 ﬂuctibus
3082 753 3345 824 cingitur,
3380 756 3438 811 in

237 840 645 912 consequentibus
664 857 777 894 non
792 841 954 910 juxta
966 839 1329 905 voluntatem,
1347 838 1443 892 sed
1458 838 1621 907 juxta
1639 837 1768 891 cha-
1847 843 2056 892 terram
2096 837 2543 908 repromissionis
2571 837 2809 906 induxit,
2839 846 2905 894 ut
2931 840 3314 898 consolaretur
3339 860 3442 916 pro

234 933 410 984 rismata
434 930 552 982 haec
580 929 638 982 in
668 929 748 982 eis
790 929 939 982 dicat
981 927 1266 998 ignoscere
1299 945 1311 980 :
1348 926 1571 996 Ephesii
1611 942 1762 991 vero,

234 1019 344 1090 apud
367 1034 490 1089 quos
519 1017 653 1071 fecit
679 1017 986 1072 triennium
1017 1022 1074 1070 et
1101 1015 1291 1070 omnia
1332 1015 1412 1068 eis
1441 1014 1648 1069 Christi
1676 1031 1767 1068 sa-

231 1111 463 1162 cramenta
492 1106 735 1176 aperuit,
767 1105 929 1159 aliter
957 1105 1313 1170 erudiuntur,
1334 1110 1391 1158 et
1405 1103 1575 1157 habet
1593 1119 1769 1157 unus-

1848 933 2030 980 morte
2078 927 2276 980 matris
2330 945 2464 982 suae.
2517 927 2815 982 Interitum
2869 929 3078 1001 quippe
3133 929 3442 1005 Synagoga

1849 1015 2241 1084 conjunctione
2287 1015 2544 1070 Ecclesiae
2590 1017 2942 1087 temperavit.
2979 1020 3146 1089 (Διὸ.)
3173 1020 3442 1078 Sanctum

1849 1103 2040 1174 itaque
2061 1120 2310 1158 amorem
2333 1104 2481 1158 inter
2498 1105 2680 1159 virum
2699 1111 2758 1160 et
2773 1123 3002 1162 uxorem
3017 1109 3322 1180 Apostolus
3339 1110 3442 1166 ad-

230 1197 414 1268 quisque
442 1194 664 1248 arbitrii
690 1194 925 1248 liberam
953 1199 1311 1264 potestatem,
1333 1193 1419 1247 vel
1450 1192 1770 1247 Corinthios

228 1284 370 1356 sequi,
399 1284 478 1336 vel
527 1284 816 1354 Ephesios,
851 1289 908 1336 et
949 1283 1172 1348 salvari,
1206 1287 1306 1336 aut
1350 1281 1616 1336 servitute
1661 1283 1769 1335 Co-

229 1373 398 1438 rinthii,
427 1378 530 1426 aut
557 1371 783 1442 Ephesii
811 1370 1088 1425 libertate.
1136 1372 1229 1437 Vw,
1275 1370 1460 1441 inquit
1495 1370 1766 1435 Salvator,

223 1463 594 1531 prementibus
616 1464 679 1514 in
698 1463 786 1514 die
801 1461 1067 1529 illa(Luc.
1084 1463 1222 1527 xxx),
1237 1459 1294 1512 id
1315 1465 1401 1512 est
1413 1458 1630 1528 judicii,
1651 1475 1772 1528 quae

223 1551 374 1621 utique
397 1549 622 1621 proprie
651 1565 823 1620 opera
849 1549 1176 1619 nuptiarum
1191 1547 1506 1602 sunt.Unde
1526 1547 1678 1600 omni
1697 1547 1776 1600 la-

224 1638 326 1692 bore
348 1639 657 1704 nitendum,
680 1643 747 1692 ut
772 1638 952 1708 magis
973 1636 1240 1708 Ephesios
1269 1652 1438 1706 quam
1455 1635 1775 1690 Corinthios

1851 1199 2061 1258 monet,
2093 1209 2165 1246 ne
2189 1193 2304 1247 sint
2329 1193 2388 1247 in
2417 1193 2768 1264 passionibus
2784 1195 3047 1252 desiderii
3074 1196 3226 1252 inter
3249 1215 3310 1254 se
3338 1198 3442 1255 sic-

1853 1286 1917 1336 ut
1939 1287 2156 1352 gentes,
2197 1298 2320 1352 quae
2362 1282 2628 1352 ignorant
2661 1283 2862 1350 Deum,
2897 1285 2996 1340 sed
3034 1286 3113 1341 sit
3146 1293 3344 1343 sancta
3387 1293 3448 1343 et

1851 1370 2211 1425 immaculata
2231 1376 2288 1424 et
2307 1371 2367 1424 in
2386 1371 2496 1425 ﬁde
2507 1371 2781 1426 castitatis
2801 1373 3002 1443 copula
3025 1373 3175 1430 inter
3198 1393 3312 1444 eos,
3335 1377 3444 1432 sic-

1854 1465 1920 1514 ut
1943 1465 2065 1514 tota
2091 1460 2318 1514 castitas
2353 1465 2441 1514 est
2485 1459 2543 1514 in
2587 1462 2981 1532 conjunctione
3009 1463 3216 1518 Christi
3242 1466 3314 1519 ad
3343 1465 3447 1520 Ec-

1853 1548 2100 1613 clesiam,
2132 1549 2229 1619 qui
2259 1565 2383 1602 eam
2413 1548 2706 1603 inundavit
2734 1550 2954 1604 lavacro
3001 1551 3291 1622 sanguinis
3333 1552 3444 1618 sui,

1856 1642 1921 1690 ut
1947 1637 2023 1691 sit
2052 1642 2172 1692 tota
2199 1637 2320 1692 sine
2358 1655 2501 1708 ruga
2525 1642 2585 1692 et
2609 1639 2850 1704 macula,
2883 1639 2955 1693 ab
2990 1640 3142 1694 omni
3183 1641 3450 1696 vitiorum

217 1728 521 1792 aemulemur,
571 1743 675 1780 nec
715 1726 1203 1798 deprehendamur
1248 1724 1410 1796 quasi
1451 1724 1512 1778 in
1567 1723 1772 1778 diluvio
1791 1713 2006 1780 Bsorte
2039 1732 2278 1796 purgata
2311 1744 2322 1779 :
2356 1726 2456 1780 sed
2483 1721 2974 1794 considerandum,
2999 1729 3224 1800 quando
3242 1729 3318 1784 sit
3346 1729 3450 1784 Ec-

219 1822 440 1883 ementes,
453 1815 738 1869 nubentes
759 1820 815 1869 et
835 1815 1136 1868 vendentes
1158 1819 1216 1867 et
1233 1813 1592 1867 matrimonio
1612 1828 1778 1885 copu-

214 1905 308 1970 lati,
335 1905 421 1958 sed
449 1904 724 1958 accinctis
750 1903 956 1958 lumbis
983 1905 1238 1958 lucernas
1268 1907 1581 1957 teneamus.

285 1995 396 2060 Viri,
413 1995 638 2062 diligite
656 2009 850 2047 uxores
871 1997 1073 2046 vestras
1090 1995 1232 2046 sicut
1251 1996 1300 2045 et
1321 1991 1571 2048 Christus
1583 1993 1780 2046 dilea‘it
1813 1994 1818 1998 ”

215 2083 470 2136 Ecclesiam
491 2086 548 2135 et
563 2085 803 2150 seipsum
838 2082 1072 2135 tradidit
1085 2096 1191 2149 pro
1212 2097 1291 2145 ea,
1318 2084 1380 2133 ut
1401 2082 1562 2135 illam
1579 2083 1782 2135 sancti-

215 2172 385 2236 ﬁcaret,
407 2171 700 2223 mundam
729 2173 947 2224 lavacro
975 2185 1130 2237 aquae
1149 2172 1212 2222 in
1231 2171 1390 2223 verbo
1403 2171 1615 2235 vitz,ut
1633 2170 1782 2223 exhi-

211 2259 326 2312 beret
353 2261 458 2327 ipse
502 2260 620 2312 sibi
645 2260 945 2326 gloriosam
983 2257 1298 2323 Ecclesiam,
1341 2273 1455 2311 non
1496 2258 1782 2312 habentem

211 2350 452 2401 maculam
476 2351 588 2401 aut
618 2362 840 2414 rugam,
873 2349 971 2399 aut
999 2345 1220 2414 aliquid
1258 2347 1546 2414 ejusmodi,
1583 2348 1674 2400 sed
1719 2349 1782 2398 ut

205 2437 263 2487 sit
285 2441 460 2489 sancta
500 2440 560 2488 et
600 2437 986 2488 immaculata.
1023 2433 1238 2504 (Greg.)
1270 2434 1548 2488 Maculam
1577 2433 1783 2505 quippe

1858 1813 2026 1868 clesia
2053 1831 2257 1886 sponsa
2298 1814 2508 1869 Christi
2537 1814 2749 1886 absque
2773 1815 2926 1870 omni
2955 1817 3178 1871 macula
3205 1823 3263 1872 et
3288 1833 3449 1888 ruga,

1861 1903 2008 1973 quod
2037 1904 2147 1958 erit
2173 1909 2307 1958 tunc
2336 1904 2533 1974 utique
2578 1905 2804 1974 quando
2841 1904 3089 1975 gloriosa
3126 1905 3455 1978 apparuerit

1861 2007 1988 2044 cum
2002 1991 2243 2055 Christo,
2258 2007 2386 2045 cum
2399 1991 2517 2062 ipse
2530 1991 2787 2047 Christus
2807 1993 3136 2063 apparuerit
3153 1995 3450 2065 gloriosus.

1863 2079 1979 2133 Nec
2007 2079 2155 2133 enim
2183 2079 2305 2150 ipse
2335 2079 2592 2134 Christus
2620 2080 2965 2150 gloriﬁcatus
2996 2088 3085 2136 est
3113 2088 3245 2137 ante
3272 2097 3456 2138 resur-

1862 2167 2167 2222 rectionem
2197 2168 2254 2222 in
2282 2168 2462 2222 forma
2491 2168 2655 2222 servi.
2685 2169 2818 2224 Ideo
2854 2169 2991 2224 dicit
3017 2170 3088 2225 de
3115 2187 3182 2225 eo
3211 2171 3460 2242 Evange.

1863 2255 2030 2311 lista:
2063 2256 2322 2311 Nondum
2352 2262 2470 2311 erat
2509 2257 2747 2326 Spiritus
2776 2260 2956 2323 datus,
2981 2262 3118 2328 quia
3137 2261 3292 2314 Jesus
3319 2275 3456 2314 non~

1863 2346 1997 2399 dum
2016 2347 2203 2413 fuerat
2229 2348 2569 2414 gloriﬁcatus
2589 2348 2766 2414 (Joan.
2789 2347 3126 2419 vu).[Hier.]
3156 2347 3302 2413 Quia
3325 2363 3456 2403 vero

1864 2433 2172 2488 secundum
2191 2433 2565 2505 tropologiam
2590 2433 2739 2490 viros
2767 2435 3005 2503 animas,
3026 2442 3086 2491 et
3111 2452 3312 2492 uxores
3339 2452 3459 2492 cor-

207 2529 254 2576 et
275 2539 456 2593 rugam
486 2540 612 2578 non
640 2521 828 2587 habet,
863 2538 984 2592 quae
1025 2526 1084 2576 et
1111 2521 1461 2593 turpitudine
1500 2522 1685 2592 operis
1727 2526 1786 2576 et
1864 2537 2002 2592 pora
2029 2521 2368 2588 dixeramus,
2396 2521 2477 2576 sic
2502 2521 2701 2593 diligat
2716 2523 2907 2578 anima
2927 2540 3149 2596 corpus,
3177 2525 3459 2596 quomodo

204 2611 502 2682 duplicitate
541 2611 823 2666 sermonis
852 2617 1024 2676 caret,
1061 2611 1158 2664 sed
1191 2609 1324 2681 quia
1350 2627 1500 2665 nunc
1527 2610 1679 2664 intra
1707 2610 1782 2664 si-
1865 2609 2121 2664 Christus
2133 2609 2436 2664 Ecclesiam
2465 2617 2532 2664 ut
2543 2611 2908 2684 semetipsum
2929 2613 3121 2668 tradat
3149 2630 3250 2685 pro
3277 2613 3460 2668 salute

202 2716 320 2754 num
347 2701 476 2754 ﬁdei
498 2701 720 2754 multos
741 2699 912 2753 etiam
940 2698 1205 2770 reprobos
1219 2703 1392 2765 tenet,
1415 2715 1545 2753 cum
1561 2705 1784 2770 tempus
1864 2698 2042 2769 ipsius
2061 2704 2116 2752 et
2138 2715 2262 2752 eam
2283 2698 2596 2754 sanctiﬁcet
2611 2699 2778 2755 verbo
2809 2700 3096 2768 doctrinae,
3119 2706 3186 2756 ut
3201 2701 3462 2757 exhibeat

203 2789 590 2858 persecutionis
635 2787 925 2853 exarserit,
957 2788 1108 2859 ipsos
1147 2787 1341 2841 hostes
1387 2788 1601 2859 patitur
1645 2803 1784 2858 quos
1865 2787 1972 2841 sibi
1993 2804 2119 2841 eam
2135 2803 2249 2842 non
2268 2786 2568 2842 habentem
2583 2789 2861 2843 maculam
2877 2795 2979 2845 aut
2995 2805 3195 2861 rugam
3210 2789 3461 2860 aliquam

202 2877 602 2947 pradicationis
616 2875 801 2931 verbis
823 2877 972 2929 alere
1001 2882 1132 2930 ante
1161 2875 1472 2930 videbatur.
1493 2876 1656 2930 Dicat
1675 2876 1784 2929 ita-
1865 2876 2160 2930 vetustatis
2183 2894 2196 2928 :
2221 2876 2463 2931 maxime
2483 2894 2610 2931 cum
2626 2877 2769 2933 sciat
2783 2878 2940 2932 illam
2968 2877 3029 2933 in
3052 2877 3462 2934 resurrectione

204 2981 293 3036 que
309 2965 408 3020 sub
423 2983 682 3038 persona
700 2964 924 3020 Domini
937 2965 1135 3019 beatus
1149 2966 1178 3019 J
1183 2964 1254 3019 ob
1277 2984 1288 3018 :
1314 2967 1477 3033 Ruga
1498 2982 1625 3018 mea:
1643 2967 1786 3019 tcsti-
1812 3028 1849 3038 Α
1866 2965 2197 3019 salvandam
2229 2970 2287 3020 et
2313 2965 2562 3020 visuram
2599 2983 2721 3020 esse
2765 2967 3012 3021 salutare
3043 2967 3168 3022 Dei.
3198 2966 3352 3022 Talis
3378 2965 3464 3020 vir

200 3028 658 3109 inaniumaicunt
691 3059 885 3109 contra
917 3071 1003 3108 me
1024 3055 1157 3120 (Job.
1183 3053 1314 3123 xvi),
1349 3028 1417 3106 id.
1437 3059 1539 3118 est,
1564 3051 1671 3124 ipsi
1696 3069 1787 3107 me
1806 3028 1852 3089 δ
1868 3059 2037 3125 caput
2055 3053 2226 3108 habet
2237 3053 2524 3109 Christum
2539 3072 2552 3107 :
2570 3059 2628 3109 et
2637 3071 2766 3110 cum
2787 3061 3016 3128 prOpter
3026 3055 3267 3110 salutem
3278 3053 3463 3110 carnis

201 3143 524 3215 insequendo
553 3144 870 3214 increpant,
892 3142 987 3215 qui
1011 3159 1158 3197 nunc
1189 3142 1249 3196 in
1279 3158 1404 3196 meo
1434 3157 1666 3213 corpore
1685 3158 1786 3213 po-
1867 3159 1929 3197 se
1954 3143 2278 3210 humilians,
2300 3141 2480 3197 factus
2499 3142 2668 3197 fuerit
2688 3159 2815 3198 cum
2846 3160 3018 3198 uxore
3046 3159 3152 3198 sua
3173 3159 3288 3199 una
3308 3158 3460 3211 caro,

197 3231 274 3285 siti
299 3233 658 3304 duplicitatis
689 3249 805 3286 suae
837 3232 895 3285 in
925 3249 984 3286 se
1011 3231 1286 3285 malitiam
1315 3248 1429 3285 non
1456 3231 1783 3286 emundant.
1869 3231 2109 3286 retrahit
2129 3248 2253 3286 eam
2271 3232 2342 3285 ad
2363 3231 2644 3303 spiritum,
2661 3236 2719 3286 et
2738 3232 2978 3287 Domino
2997 3232 3308 3304 copulatus,
3331 3247 3464 3287 caro

198 3319 334 3379 Unde
362 3320 510 3376 bene
559 3321 748 3374 adhuc
789 3320 1050 3374 subditur
1080 3337 1091 3371 :
1124 3321 1192 3374 Et
1231 3323 1535 3374 suscitatur
1570 3321 1786 3388 falsilo-
1870 3320 2476 3376 essedesistitJ‘ulehre
2489 3322 3318 3394 quoquemaculamautrugam
3333 3320 3469 3393 quia

194 3425 318 3475 quas
351 3412 634 3464 adversus
682 3410 882 3476 faciem
935 3425 1135 3473 meam,
1196 3411 1577 3463 contradicens
1621 3409 1784 3462 mihi.
1873 3408 2577 3480 deconjugioloquebatur,
2593 3411 2662 3464 de
2681 3410 2934 3481 exemplo
2952 3411 3258 3466 mulierum
3281 3410 3464 3465 addc-

194 3495 355 3552 Etiam
364 3499 528 3570 pacis
542 3514 666 3552 suae
676 3503 926 3567 tempore
938 3497 1402 3552 sanctseEcclesiae
1413 3496 1791 3567 falsiloquium
1873 3515 2060 3552 corem
2069 3498 2243 3551 traxit
2257 3499 2533 3553 Ecclesiae.
2557 3498 2712 3553 Sicut
2721 3499 2873 3553 enim
2889 3499 3074 3553 solent
3089 3498 3148 3553 in
3162 3500 3465 3555 mulierum

190 3587 404 3654 patitur,
441 3589 594 3641 dum
625 3592 760 3640 sunt
786 3585 845 3639 in
885 3602 951 3640 ea
994 3585 1179 3653 multi,
1213 3586 1310 3657 qui
1355 3587 1426 3640 de
1461 3585 1790 3640 aeternitatis
1871 3585 2196 3656 corporibus
2209 3586 3463 3658 velsorderenervi[na3vi],velrugacontrahi,

192 3675 560 3742 promissione
593 3673 877 3740 difﬁdunt,
897 3679 954 3728 et
972 3679 1164 3729 tamen
1194 3691 1256 3728 se
1285 3675 1478 3728 ﬁdeles
1498 3691 1620 3728 esse
1639 3690 1792 3728 men-
1872 3675 1958 3729 vel
1978 3674 2189 3744 lentigo
2210 3673 2415 3728 variari
2441 3692 2452 3727 :
2480 3679 2538 3729 et
2552 3675 2656 3728 hoc
2675 3681 2763 3729 est
2780 3690 2946 3729 omne
2964 3675 3215 3730 studium
3235 3675 3467 3730 femina-

188 3761 427 3819 tiuntur:
467 3764 581 3835 qui
604 3763 740 3819 dum
763 3763 1142 3834 praedicationi
1162 3764 1284 3833 ejus
1304 3767 1497 3833 aperte
1517 3763 1795 3816 contradi-
1874 3779 2021 3827 rum,
2053 3768 2119 3816 ut
2150 3763 2298 3832 quod
2325 3761 2534 3816 foedare
2574 3762 2794 3817 videtur
2832 3762 3176 3833 abstergant,
3209 3769 3268 3818 et
3309 3762 3466 3818 exhi-

188 3867 296 3907 cere
307 3871 422 3908 non
444 3857 830 3926 praesumunt,
845 3851 1224 3922 falsiloquium
1240 3867 1351 3905 non
1363 3855 1558 3904 contra
1573 3849 1790 3915 faciem,
1875 3851 2043 3905 beant
2073 3850 2292 3904 maritis
2322 3867 2620 3922 corporum
2647 3856 2998 3906 venustatem
3027 3869 3040 3905 :
3073 3851 3155 3908 ita
3183 3858 3242 3907 et
3268 3851 3468 3908 anima

186 3941 270 3995 sed
301 3942 467 4012 quasi
494 3946 640 4014 post
685 3941 913 3994 dorsum
959 3940 1210 4010 patitur;
1254 3939 1352 3993 sed
1401 3955 1530 3994 cum
1567 3939 1795 3993 malitiae
1877 3939 2032 3994 omni
2062 3944 2417 4011 peccatorum
2445 3939 2609 3994 sorde
2639 3941 2943 4010 purgandae
2972 3945 3123 4005 sunt,
3145 3945 3212 3995 ut
3229 3956 3471 4011 rugave-

187 4034 395 4101 tempus
424 4029 718 4102 eruperit,
751 4028 799 4082 is
828 4028 924 4100 qui
952 4045 1100 4082 nunc
1147 4034 1406 4083 metuens
1445 4028 1682 4098 derogat
1725 4027 1796 4082 ad
1876 4029 2015 4084 teris
2058 4027 2302 4083 hominis
2337 4029 2575 4099 juventa
2619 4029 2906 4095 tendatur,
2959 4033 3017 4083 et
3067 4036 3367 4085 renovetur
3413 4028 3472 4085 in

188 4119 692 4174 contradicendum
717 4121 850 4171 ante
883 4117 1080 4171 faciem
1099 4117 1270 4184 venit,
1297 4117 1432 4188 quia
1444 4116 1629 4171 verbis
1652 4133 1796 4171 verae
1878 4134 2084 4172 novum
2113 4116 2399 4172 hominem
2428 4117 2497 4171 de
2527 4117 2618 4172 die
2645 4117 2706 4172 in
2733 4117 2902 4173 diem.
2922 4117 3110 4189 (Aug.)
3126 4118 3253 4174 Non
3270 4119 3353 4174 vis
3367 4118 3470 4174 ha-

186 4205 301 4260 ﬁdei
330 4208 560 4279 apertis
589 4205 822 4261 vocibus
850 4204 1088 4261 obsistit.
1117 4208 1344 4274 (Ambr.)
1377 4205 1642 4260 Mulieres
1662 4204 1795 4259 sub-
1876 4205 2009 4260 bere
2038 4205 2359 4260 maculam?
2392 4205 2479 4260 fac
2516 4206 2664 4277 quod
2693 4206 2965 4278 scriptum
2993 4213 3081 4262 est
3109 4225 3122 4261 :
3155 4209 3468 4273 Lauamim',

189 4293 305 4348 dita;
323 4313 450 4351 esse
467 4295 763 4368 jubentur
782 4301 840 4349 et
857 4294 1228 4349 reverentiam
1259 4293 1467 4349 habere
1496 4293 1744 4348 virorum
1778 4296 2081 4402 :Dmundi
2104 4300 2280 4362 estote,
2313 4297 2526 4363 auferte
2565 4299 2842 4365 nequitias
2884 4297 2948 4350 de
2991 4296 3246 4349 cordibus
3281 4297 3473 4350 vestris

186 4383 276 4438 viri
301 4402 440 4440 vero
474 4387 570 4439 ita
599 4385 837 4454 diligere
865 4384 1130 4445 mulieres
1158 4400 1289 4438 suas
1316 4384 1712 4448 admonentur,
1733 4387 1798 4437 ut
1817 4381 1861 4402 ν
1883 4385 2082 4454 (Ιδα.ι);
2120 4400 2233 4438 non
2280 4383 2363 4438 vis
2406 4383 2614 4438 habere
2647 4399 2867 4454 rugam,
2901 4382 3199 4437 extendere
3239 4381 3298 4436 in
3343 4397 3472 4438 cru-

190 4471 346 4527 etiam
366 4475 610 4528 animas
629 4489 764 4528 suas
788 4489 888 4542 pro
904 4473 1012 4526 illis
1032 4479 1264 4544 ponant,
1285 4489 1457 4527 causa
1481 4471 1798 4526 dilectionis
1880 4488 2030 4538 cem;
2063 4488 2174 4529 non
2194 4472 2345 4526 enim
2365 4476 2589 4526 tantum
2609 4488 2749 4543 opus
2765 4476 2851 4526 est
2863 4476 2928 4525 ut
2945 4470 3164 4537 laveris,
3183 4469 3282 4525 sed
3301 4469 3474 4524 etiam

185 4562 352 4616 zelum
371 4563 673 4617 habentes
692 4561 840 4615 circa
858 4561 1118 4616 allectum
1139 4579 1334 4616 earum
1351 4567 1408 4616 et
1421 4561 1794 4632 disciplinam,
1882 4566 1948 4615 ut
1975 4560 2310 4626 extendaris,
2329 4566 2393 4615 ut
2420 4560 2497 4615 sis
2524 4560 2646 4614 sine
2674 4559 2896 4614 macula
2923 4563 3023 4612 aut
3048 4575 3192 4628 ruga
3222 4576 3235 4611 :
3270 4575 3374 4631 per
3396 4558 3475 4614 la-

188 4656 243 4703 ut
286 4653 588 4724 religiosae
630 4656 690 4704 et
733 4656 938 4704 sanctae
977 4649 1109 4704 sint.
1151 4651 1401 4719 Seipsum
1450 4653 1658 4718 diligit,
1702 4651 1803 4719 qui
1883 4666 2110 4704 vacrum
2139 4649 2289 4703 enim
2317 4649 2650 4713 auferuntur
2685 4653 2931 4720 peccata,
2964 4661 3066 4719 per
3092 4648 3476 4704 extensionem

186 4755 403 4794 mrem
432 4757 619 4794 suam
646 4739 1127 4805 diligit.Naturali
1147 4739 1364 4793 ratione
1393 4739 1600 4793 mulier
1616 4738 1800 4809 portio

187 4829 424 4898 corporis
456 4827 580 4881 viri
607 4832 712 4893 est,
738 4843 803 4880 ac
831 4843 933 4897 per
958 4827 1065 4881 hoc
1091 4826 1176 4880 vir
1201 4827 1260 4881 in
1290 4827 1523 4882 muliere
1553 4827 1801 4898 seipsum

186 4914 372 4986 diligit,
421 4914 728 4988 quomodo
775 4915 823 4969 si
856 4915 1164 4970 fornicetur
1203 4915 1259 4969 in
1303 4915 1547 4987 seipsum
1587 4920 1798 4987 peccat,

189 5004 304 5072 quia
331 5006 452 5060 duo
487 5005 558 5059 in
587 5019 754 5057 carne
783 5019 900 5058 una
927 5004 1217 5059 sunt.Non
1246 5020 1380 5074 ergo
1408 5021 1660 5076 personae
1677 5003 1805 5059 sub-

185 5095 444 5149 stantiam
469 5091 768 5159 dividunt,
791 5098 856 5148 ut
885 5109 986 5164 per
1011 5109 1279 5164 personas
1300 5109 1569 5148 numerus
1587 5095 1688 5147 fiat
1708 5109 1805 5149 na-

187 5187 329 5249 tura,
361 5184 475 5238 sed
508 5187 660 5237 sunt
686 5182 745 5236 in
785 5181 1003 5236 unitate
1042 5189 1276 5236 naturae.
1314 5183 1508 5250 (Ilier.)
1541 5181 1804 5246 Quamvis

187 5269 261 5324 sui
307 5272 575 5328 invicem
623 5270 860 5325 maritus
908 5276 967 5325 et
1011 5272 1215 5342 conjux
1253 5287 1446 5326 amore
1481 5275 1802 5338 teneantur,

1883 4739 1948 4793 fit
1966 4737 2306 4791 desiderium
2334 4737 2508 4792 futuri
2536 4737 2744 4803 saeculi,
2777 4741 3008 4808 propter
3041 4736 3191 4809 quod
3220 4737 3478 4794 Christus

1885 4827 2182 4882 cruciﬁxus
2203 4831 2309 4881 est.
2339 4826 2485 4881 Audi
2513 4825 2699 4898 ipsum
2714 4825 2954 4880 Paulum
2982 4825 3194 4882 lotum:
3214 4827 3356 4894 Non,
3387 4826 3478 4883 in-

1885 4915 2030 4988 quit,
2063 4932 2126 4969 ea:
2144 4916 2778 4984 operibusjustitiz,qu.e
2796 4916 3030 4983 fecimus
3046 4931 3161 4980 nos,
3177 4915 3270 4969 sed
3283 4930 3478 4970 secun-

1885 5006 2023 5059 dum
2048 5004 2492 5058 misericordiam
2523 5019 2686 5057 suam
2714 5006 2890 5059 salvos
2917 5019 3016 5058 nos
3044 5005 3173 5071 fecit
3194 5018 3297 5073 per
3323 5005 3478 5057 lava-

1885 5110 2046 5150 crum
2075 5093 2508 5160 regenerationis
2537 5091 2668 5163 (Tit.
2699 5095 2796 5162 ιιι).
2826 5091 2975 5148 Audi
3001 5091 3264 5146 eumdem
3292 5095 3482 5148 exten-

1886 5199 2012 5238 sum
2042 5199 2055 5235 :
2088 5182 2186 5247 Ea,
2219 5179 2425 5253 inquit,
2453 5196 2572 5249 quae
2599 5186 2747 5236 retro
2764 5185 2918 5250 sunt,
2941 5181 3162 5248 oblitus,
3182 5183 3248 5235 in
3274 5196 3338 5236 ea
3363 5197 3482 5252 qua

1887 5276 2016 5326 ante
2040 5274 2173 5325 sunt
2199 5274 2468 5334 extensus,
2488 5272 2791 5325 secundum
2810 5272 3175 5325 intentionem
3197 5285 3392 5341 sequor
3407 5273 3484 5328 ad

187 5361 354 5428 qualis
373 5362 486 5416 illa
507 5365 872 5415 memoratur
883 5358 1232 5426 Asdrubalis,
1255 5376 1402 5435 quae,
1415 5365 1578 5432 capto
1589 5360 1730 5426 viro,
1745 5359 1804 5415 in
1883 5363 2136 5429 palmam
2157 5374 2408 5427 supernae
2422 5360 2721 5414 uocationis
2733 5361 2798 5413 in
2812 5357 3025 5414 Christo
3044 5360 3172 5414 Jesu
3190 5360 3359 5428 (Phil.
3373 5361 3479 5428 nt).

186 5447 1276 5520 patriaasejecitincendium,etcaeterae,
1292 5465 1416 5520 quae
1427 5448 1561 5504 viris
1571 5447 1808 5504 mortuis
1889 5447 2091 5504 Merito
2102 5463 2236 5519 ergo
2249 5447 2370 5519 ipse
2393 5446 2516 5503 sine
2535 5447 2757 5503 macula
2773 5445 3090 5519 iniquitatis
3114 5454 3176 5504 et
3197 5447 3320 5505 sine
3342 5464 3486 5520 ruga

187 5539 554 5607 supervivere
623 5537 945 5605 noluerunt,
985 5551 1280 5609 nunquam
1317 5543 1512 5594 tamen
1553 5537 1809 5593 dilectio-
1890 5535 2130 5608 duplicis
2138 5534 2794 5610 cordistanquambonus
2812 5540 2874 5592 et
2887 5535 3072 5594 ﬁdelis
3087 5537 3305 5593 amicus
3319 5550 3485 5608 spon-

429 5639 724 5700 ernon.
753 5635 944 5700 CXII.
3167 5636 3245 5695 15
