3880 6146
431 293 535 354 468

1017 289 1082 346 Β.
1121 287 1396 344 RABANI
1434 288 1666 344 MAURI
1704 287 2046 343 ARCHIEP.
2083 285 2408 343 MOGUNT.
2449 287 2748 345 OPERUM
2796 290 2982 348 PARS
3018 293 3118 350 III.

3548 299 3634 355 464

429 435 575 488 mm,
607 420 709 476 ubi
733 425 811 476 est
834 419 1022 488 gloria
1052 430 1174 470 mea
1204 419 1230 468 Ρ
1255 415 1371 468 etsi
1395 415 1663 468 Dominus
1685 429 1828 477 sum,
1854 413 1953 465 ubi
1968 411 2240 471 ti-Arare
2250 413 2861 484 perversum,adjunxit
2871 415 2932 470 in
2943 416 3640 478 Domino.Peccatumautem

435 517 562 567 mar
599 523 753 564 meus
792 511 818 561 Ρ
861 502 1200 576 (Malach.1.)
1244 502 1496 557 Alteram
1539 518 1689 566 vero,
1725 517 1848 572 qua:
1879 499 2028 570 apud

431 597 791 671 philosophos
801 594 1128 650 nominatur
1140 592 1474 658 ιῦλᾶϐειανθῐ
1483 591 1631 662 apud
1647 590 1906 656 nos,licet
1915 605 2029 646 non

431 687 596 760 plene
618 687 800 750 sonet,
821 685 1131 738 reverentia
1151 680 1260 736 dici
1291 685 1494 752 potest.
1537 679 1696 734 Sicut
1721 694 1946 749 quoque
1969 681 2029 730 et

431 773 709 847 propheta
733 771 1108 846 perfectorum
1134 771 1419 835 timorem,
1443 784 1613 840 quem
1625 767 1720 838 qui
1749 765 2023 831 timuerit,

432 861 712 936 perfectus
739 868 844 930 est,
873 861 935 917 in
949 860 1236 916 tricesimo
1251 858 1421 914 tertio
1442 856 1860 928 psalmodicens
1878 871 1890 906 :
1905 856 2028 910 Non

429 956 508 1008 est
523 954 716 1022 inopia
735 952 1058 1006 timentibus
1079 965 1204 1004 eum
1229 949 1394 1016 (Psal.
1412 949 1605 1014 xxxm)
1616 985 1628 998 .
1649 945 1841 999 Potest
1853 943 2028 1014 igitur

427 1039 589 1097 uxori
617 1039 952 1112 simpliciter
977 1038 1274 1094 intellectae
1301 1035 1394 1090 hic
1429 1033 1696 1106 imperari
1727 1039 1930 1100 metus,
1964 1036 2030 1086 ut

427 1128 648 1198 timeat,
670 1129 777 1185 hoc
800 1134 890 1186 est
915 1132 1241 1184 revereatur
1262 1125 1445 1180 virum
1463 1140 1652 1180 suum.

1047 1233 1285 1290 CAPUT
1318 1232 1415 1288 VI.

434 1327 591 1382 Docet
607 1327 892 1396 Apostolus
914 1329 1311 1396 parentumque
1330 1323 1582 1396 ﬁliorum
1613 1323 1879 1396 mu_tu_am_
1904 1334 2028 1396 con-

503 1389 885 1462 uersationem,
914 1389 968 1450 Et
997 1396 1142 1449 redit
1159 1395 1235 1448 ad
1264 1393 1662 1447 instruendum
1686 1389 1934 1458 Ephesios
1963 1389 2027 1444 de

503 1469 760 1524 omnibus
789 1467 1094 1521 virtutibus
1111 1467 1462 1534 generaliter.

503 1575 656 1640 Filii,
707 1573 912 1627 obedite
949 1572 1276 1641 parentibus
1301 1571 1496 1625 uestris
1524 1569 1591 1623 in
1618 1569 1852 1623 Domino
1883 1583 1900 1618 :
1931 1567 2028 1621 hoc

433 1663 585 1718 enim
609 1665 829 1730 justum
859 1665 957 1715 est.
987 1660 1211 1716 Honora
1243 1664 1467 1728 patrem
1497 1663 1658 1712 tuum
1681 1661 1730 1710 et
1766 1661 2022 1710 matrem.

2109 506 2407 570 parentum
2437 507 2537 566 est,
2563 504 2822 573 parvulos
2843 505 2986 560 ﬁlios
3006 499 3168 577 atriue
3185 506 3434 562 lactantes
3459 509 3522 562 ad
3539 510 3635 564 ira-

2109 589 2371 644 cundiam
2399 606 2719 662 provocare,
2742 598 2843 646 aut
2861 599 3011 648 certe
3033 595 3152 664 jam
3171 595 3569 652 adolescentibus
3591 607 3639 652 et

2109 677 2432 732 maturioris
2459 680 2642 734 aetatis
2661 698 2730 734 ea
2749 681 3028 752 imperare
3056 700 3175 753 quae
3191 683 3371 752 gravia
3389 690 3521 738 sunt.
3546 686 3641 740 Sic-

2111 772 2175 820 ut
2203 766 2378 835 igitur
2403 768 2462 821 in
2495 768 2636 822 ﬁliis
2659 769 2917 840 obsequii
2947 776 3006 824 et
3031 770 3376 842 subjectionis
3407 779 3485 826 est
3505 790 3640 828 mon-

2108 861 2288 910 strata
2315 873 2550 921 merces,
2579 857 2662 912 ita
2691 858 2750 912 in
2779 859 3103 930 parentibus
3140 861 3468 915 moderatum
3503 861 3642 932 jube-

2107 951 2204 998 tur
2231 945 2550 1015 imperium,
2586 951 2652 1000 ut
2675 963 2790 1001 non
2820 949 2979 1018 quasi
3011 948 3196 1015 servis,
3232 948 3325 1002 sed
3371 951 3514 1022 quasi
3539 951 3644 1004 ﬁliis

2109 1040 2298 1104 patres
2318 1050 2555 1104 praeesse
2576 1035 2857 1104 noverint,
2874 1053 2947 1091 ne
2965 1038 3270 1108 exasperati
3283 1055 3378 1109 per
3393 1037 3648 1109 impatien-

2107 1121 2248 1176 tiam
2269 1127 2514 1199 vestram
2533 1124 2752 1194 pejores
2786 1126 2944 1191 ﬁant,
2989 1125 3085 1196 qui
3112 1127 3352 1196 exemplo
3377 1131 3542 1181 vestro
3565 1143 3648 1198 pa-

2109 1210 2370 1264 tientiam
2397 1211 2612 1266 discere
2660 1211 2993 1268 debuerant.
3043 1215 3270 1280 (Ambr.)
3303 1215 3363 1269 In
3405 1215 3484 1268 ira
3523 1215 3650 1268 enim

2109 1315 2276 1353 nemo
2296 1301 2550 1370 agnoscit
2578 1299 2712 1372 quid
2734 1301 2811 1356 sit
2835 1302 2977 1356 utile
3005 1319 3022 1354 :
3045 1301 3244 1356 idcirco
3263 1303 3650 1374 temperantiam

2109 1393 2407 1458 parentum
2437 1389 2688 1460 exemplo
2703 1389 2910 1444 debent
2939 1391 3243 1457 addiscere,
3275 1396 3354 1456 ut,
3379 1408 3491 1462 quae
3516 1391 3653 1446 utilia

2108 1482 2258 1542 sunt,
2281 1482 2583 1532 sectentur.
2614 1478 2938 1534 Meminisse
2965 1480 3118 1534 enim
3148 1479 3346 1534 debent
3365 1485 3534 1551 patres
3545 1480 3655 1550 quia

2108 1570 2167 1618 et
2193 1565 2300 1636 ipsi
2329 1565 2559 1620 fuerunt
2587 1566 2706 1633 ﬁlii,
2739 1572 2797 1622 et
2822 1569 3131 1623 noluerunt
3151 1568 3343 1640 utique
3377 1567 3654 1622 exacerbari

2109 1669 2145 1707 a
2173 1653 2444 1725 patribus.
2626 1672 2848 1726 quoque
2867 1673 3200 1727 cognoscere
3221 1655 3572 1726 debent,quod
3590 1657 3658 1709 fu-

428 1728 673 1820 (Ambr.)
704 1749 818 1804 Lex
852 1748 1024 1803 datur
1047 1753 1108 1802 et
1143 1745 1294 1813 ﬁliis,
1323 1751 1388 1802 ut
1422 1746 1556 1818 quia
1585 1743 1910 1816 parentibus
1932 1760 2030 1798 au-
2049 1728 2222 1798 Bturi
2243 1748 2378 1798 sunt
2397 1749 2586 1814 patres
2609 1750 2668 1798 et
2695 1745 2912 1798 nollent
2931 1745 3256 1800 inhonorari
3273 1744 3341 1798 ab
3357 1744 3434 1798 eis
3455 1744 3657 1798 :idcirco

431 1837 679 1894 ctoribus
704 1842 980 1902 constant,
1012 1835 1280 1891 obediant
1297 1835 1408 1890 eis:
1425 1835 1646 1905 justum
1673 1839 1762 1888 est
1787 1832 1935 1886 enim
1963 1839 2030 1887 ut

429 1926 804 1983 reverentiam
831 1925 1132 1980 exhibeant
1148 1924 1229 1980 eis
1251 1940 1352 1996 per
1371 1939 1511 1995 quos
1529 1928 1680 1977 sunt.
1713 1921 1878 1992 (Διὸ.)
1895 1923 2028 1975 Am-

429 2015 599 2088 bigue
627 2015 841 2070 dictum
869 2020 974 2081 est,
997 2019 1192 2069 utrum
1220 2012 1280 2068 in
1308 2011 1546 2068 Domino
1567 2009 1893 2082 parentibus
1910 2009 2026 2064 suis

429 2102 535 2160 ﬁlii
567 2103 812 2159 debeant
838 2103 1083 2169 obedire,
1099 2101 1197 2174 qui
1219 2119 1315 2156 eos
1345 2100 1404 2155 in
1435 2099 1674 2154 Domino
1687 2104 2026 2169 genuerunt,

427 2193 576 2248 sicut
603 2193 814 2248 Paulus
845 2192 1133 2264 Ephesios,
1166 2207 1240 2245 an
1263 2188 1591 2261 parentibus
1620 2187 1959 2252 carnalibus,
1981 2187 2029 2240 si

427 2278 562 2336 boni
588 2279 704 2335 sint
733 2285 791 2334 et
827 2284 1024 2334 contra
1052 2278 1155 2334 Dei
1194 2278 1541 2332 voluntatem
1568 2276 1712 2331 ﬁlios
1743 2293 1874 2330 suos
1917 2291 2030 2329 non

429 2368 724 2424 erudiant:
748 2367 899 2440 quod
922 2372 1228 2438 utrumque
1257 2365 1578 2420 faciendum
1609 2381 1733 2420 esse
1759 2363 2028 2434 intelligi-

431 2463 546 2523 tur,
565 2463 623 2512 et
641 2455 960 2512 carnalibus
979 2455 1038 2510 in
1056 2453 1283 2510 Domini
1295 2455 1584 2509 voluntate
1605 2459 1662 2508 et
1682 2451 2028 2524 spiritalibus

427 2545 754 2618 parentibus
765 2544 953 2600 obtem
959 2545 1180 2616 perarej
1186 2542 1443 2598 ubemur.
1453 2544 1604 2611 Quod
1611 2547 1687 2597 est
1698 2543 2030 2596 mandatum

425 2621 682 2703 primum
710 2636 777 2688 in
807 2635 1177 2702 promissione
1200 2637 1296 2685 :ut
1319 2634 1447 2686 bene
1475 2634 1546 2686 sit
1579 2632 1698 2696 tibi,
1729 2635 1780 2684 et
1806 2633 1882 2684 sis
1914 2634 2030 2685 lon-

433 2737 613 2791 gaevus
655 2736 822 2790 super
866 2726 1095 2775 terram.
1147 2719 1385 2790 (Ambr.)
1442 2718 1748 2774 Promissio
1795 2719 1914 2772 haec
1967 2719 2027 2773 in

432 2808 622 2864 Exodo
647 2807 970 2864 continetur
994 2809 1186 2876 (Exod.
1219 2812 1333 2878 xx),
1367 2813 1434 2861 ut
1470 2807 1763 2860 honorifici
1791 2805 1907 2860 sint
1931 2823 2028 2877 pa-

431 2902 641 2964 rentes,
665 2901 732 2952 ut
755 2897 900 2952 bene
925 2902 1117 2952 essent
1136 2901 1194 2951 et
1217 2895 1580 2968 provectioris
1593 2895 1795 2948 ﬁerent
1819 2895 2020 2949 aetatis.

426 2986 718 3052 Quomodo
745 2991 938 3041 tamen
966 2985 1072 3040 hoc
1092 2985 1341 3056 primum
1367 2983 1697 3038 mandatum
1717 2983 1876 3048 dixit,
1897 3000 2024 3038 cum

2109 1831 2335 1903 utrique
2361 1833 2662 1888 exhibeant
2679 1833 2937 1900 invicem,
2965 1835 3115 1904 quod
3146 1834 3435 1905 exquirunt
3458 1833 3520 1888 ab
3546 1832 3660 1887 invi-

2107 1920 2249 1974 cem.
2287 1919 2448 1991 (Διὸ.)
2480 1921 2588 1975 Sed
2627 1921 2830 1976 melius
2869 1921 2929 1975 in
2959 1923 3152 1977 Graeco
3179 1923 3378 1992 legitur
3412 1923 3657 1990 correptio,

2112 2009 2261 2078 quod
2309 2009 2749 2064 admonitionem
2797 2016 2854 2064 et
2907 2011 3284 2066 eruditionem
3329 2009 3496 2080 magis
3520 2024 3662 2080 quam

2112 2097 2504 2153 austeritatem
2532 2105 2714 2153 sonat.
2749 2099 2876 2153 Heli
2907 2101 3166 2154 sacerdos
3193 2099 3310 2170 ipse
3337 2097 3658 2163 sanctusfuit,

2111 2186 2210 2240 sed
2238 2188 2371 2257 quia
2401 2187 2544 2242 ﬁlios
2564 2205 2695 2243 suos
2715 2204 2829 2243 non
2847 2187 3095 2243 erudivit
3105 2189 3164 2243 in
3179 2187 3330 2242 omni
3345 2185 3664 2258 disciplinaet

2111 2276 2723 2348 correptione,supinus
2736 2277 2938 2332 cecidit
2947 2281 3005 2332 et
3017 2283 3276 2332 mortuus
3287 2277 3436 2348 est(I
3457 2277 3566 2344 Reg.
3595 2275 3662 2344 ιι).

2182 2364 2354 2430 Serui,
2391 2367 2594 2420 obedite
2633 2367 2878 2420 dominis
2905 2369 3236 2421 carnalibus
3272 2382 3395 2420 cum
3422 2367 3596 2418 timore
3625 2367 3665 2416 et

2111 2457 2345 2508 tremore
2372 2457 2438 2508 in
2463 2455 2820 2522 simplicitate
2850 2457 3031 2509 cordis
3071 2456 3260 2520 vestri,
3291 2457 3427 2508 sicut
3467 2453 3666 2507 Christo.

2113 2539 2358 2609 (Ambr.)
2377 2542 2655 2606 Quoniam
2681 2543 2936 2597 omnium
2967 2541 3265 2598 sublimior
3287 2547 3345 2596 et
3363 2542 3474 2596 sola
3499 2545 3667 2613 potens

2111 2635 2198 2684 est
2215 2630 2413 2701 religio
2443 2637 2655 2696 nostra,
2687 2637 2745 2685 et
2779 2648 2904 2702 quae
2949 2631 3309 2686 credentibus
3332 2631 3578 2685 calorum
3600 2643 3670 2682 re-

2109 2735 2224 2789 gna
2249 2719 2546 2790 pollicetur
2577 2737 2588 2772 :
2621 2736 2692 2774 ne
2721 2720 2826 2774 hac
2846 2719 3023 2791 igitur
3049 2737 3222 2776 causa
3240 2719 3494 2793 superbia
3509 2732 3669 2773 nasce-

2107 2813 2267 2862 retur
2294 2807 2635 2872 hominibus,
2657 2825 2854 2863 omnes
2873 2807 3065 2864 debita
3082 2808 3460 2864 conditionum
3480 2807 3558 2862 vel
3567 2805 3666 2860 otii-

2107 2895 2321 2951 ciorum
2347 2895 2706 2968 praesentium
2721 2896 2994 2967 jubentur
3012 2899 3316 2964 exsolvere,
3337 2901 3400 2952 ut
3415 2895 3579 2966 magis
3596 2894 3665 2948 iu-

2105 2984 2282 3038 citent
2307 2985 2654 3055 perﬁdorum
2682 2985 2900 3040 animos
2938 2987 3009 3040 ad
3045 2987 3330 3042 culturam
3372 2984 3486 3051 Dei,
3517 2997 3663 3056 quam

425 3080 650 3132 constet
691 3075 942 3148 primum
973 3074 1306 3128 mandatum
1335 3073 1414 3128 ita
1435 3071 1711 3128 contineri
1735 3089 1748 3124 :
1773 3074 1897 3128 Non
1909 3075 2024 3128 sint
2041 3084 2084 3145 ο
2104 3072 2296 3127 vident
2324 3079 2382 3126 et
2403 3074 2618 3144 justam
2645 3079 2702 3128 et
2738 3073 3031 3128 humilem.
3061 3075 3335 3145 Videntes
3362 3079 3542 3129 autem
3573 3070 3659 3124 do-

426 3166 532 3218 tibi
539 3166 646 3220 alii
663 3165 750 3218 dii
763 3169 1094 3232 praeterme;
1113 3162 1348 3218 deinde:
1372 3163 1495 3218 Non
1513 3163 1690 3230 facias
1707 3163 1810 3215 tibi
1837 3165 2017 3216 ullam

424 3253 859 3308 similitudinem
871 3267 1063 3306 eorum
1093 3269 1212 3322 quae
1229 3255 1364 3306 sunt
1391 3255 1458 3306 in
1472 3254 1598 3306 calo
1617 3267 1874 3320 sursum,
1889 3256 1940 3304 et
1954 3253 2018 3304 in

423 3346 578 3420 terra
600 3342 890 3406 deorsum;
911 3341 1147 3396 tertium
1177 3359 1190 3395 :
1225 3341 1349 3396 Non
1367 3355 1548 3394 sumes
1583 3355 1782 3394 nomen
1793 3340 2021 3394 Domini

421 3431 524 3486 Dei
559 3432 648 3484 tui
685 3433 754 3484 in
795 3445 1008 3484 uanum
1033 3449 1051 3494 ;
1085 3435 1350 3502 quartum
1382 3447 1398 3482 :
1431 3429 1763 3492 Observabis,
1811 3426 2015 3500 inquit,

421 3519 638 3574 sablata
665 3534 789 3573 mea
813 3537 832 3584 ;
873 3518 1137 3590 quintum
1173 3523 1364 3572 autem
1409 3536 1423 3572 :
1462 3519 1688 3572 Honora
1722 3522 1942 3586 patrem
1971 3521 2018 3570 et

423 3611 680 3674 matrem,
715 3607 861 3662 etc.?
884 3607 992 3662 Sed
1019 3607 1153 3678 quia
1179 3606 1364 3678 prima
1391 3611 1634 3678 quatuor
1663 3605 1930 3660 mandata
1954 3605 2024 3660 ad

423 3694 733 3751 Dominum
765 3695 1070 3767 pertinent,
1106 3695 1223 3750 haec
1241 3695 1299 3748 in
1329 3695 1517 3767 prima
1527 3692 1721 3749 tabula
1750 3693 2024 3748 contineri

423 3783 1152 3856 subintelliguntur,caetera
1164 3784 1235 3838 ad
1246 3784 1554 3850 hominem,
1577 3787 1642 3838 ut
1660 3783 1900 3837 honoret
1917 3799 2019 3854 pa-

423 3879 634 3940 rentes,
669 3889 783 3928 non
831 3873 1066 3941 occidat,
1101 3890 1214 3928 non
1261 3873 1586 3940 fornicatur,
1631 3889 1746 3927 non
1778 3871 2014 3939 furetur,

421 3977 538 4017 non
559 3961 768 4016 falsum
776 3962 1166 4018 testimonium
1185 3963 1354 4028 dicat,
1372 3977 1555 4033 neque
1575 3960 1882 4032 quidquam
1895 3977 2022 4032 pro-

420 4045 559 4104 ximi
578 4049 668 4104 sui
689 4050 1063 4122 concupiscat.
1101 4051 1232 4106 Haec
1257 4067 1352 4105 sex
1392 4050 1661 4104 mandata
1687 4049 1746 4104 in
1775 4048 2023 4104 secunda

417 4135 613 4192 tabula
648 4137 913 4192 videntur
951 4139 1178 4210 scripta,
1213 4155 1453 4210 quorum
1489 4138 1737 4210 primum
1764 4143 1886 4192 est:
1919 4139 2023 4194 Ho-

417 4240 561 4282 nora
574 4231 795 4296 patrem
815 4232 866 4281 et
887 4231 1145 4282 matrem.
1181 4227 1300 4282 Hac
1322 4243 1492 4282 causa
1521 4243 1655 4298 ergo
1686 4227 1846 4294 dixit,
1877 4229 2022 4296 quod

416 4319 492 4370 est
503 4317 838 4370 mandatum
846 4318 1106 4385 primum
1129 4319 1194 4370 in
1209 4319 1592 4385 promissione,
1600 4321 1666 4370 ut
1677 4315 2020 4370 discerneret

2098 3161 2238 3215 mini
2264 3161 2588 3217 meliorasse
2617 3179 2824 3230 servos,
2855 3169 2915 3218 et
2938 3162 2998 3217 in
3009 3163 3302 3219 reddentis
3329 3159 3593 3234 obsequiis
3609 3157 3671 3213 ﬁ-

2099 3250 2300 3304 deliter
2319 3251 2634 3322 profecisse,
2668 3251 2818 3321 quod
2857 3259 3155 3307 merentur
3188 3269 3318 3308 cum
3346 3249 3493 3307 omni
3519 3247 3666 3303 liber-

2099 3343 2218 3394 tate
2245 3341 2554 3394 exsolvunt.
2604 3340 2760 3395 Servi
2799 3357 3042 3412 quoque,
3084 3340 3226 3396 dum
3259 3345 3492 3396 cernunt
3521 3351 3664 3392 man-

2101 3427 2458 3483 suetudinem
2468 3429 2841 3494 dominorum,
2859 3429 3012 3484 omni
3022 3429 3295 3486 aviditate
3306 3427 3674 3500 concupiscunt

2107 3517 2293 3582 ﬁdem,
2317 3517 2478 3588 cujus
2506 3523 2754 3588 potestas
2773 3523 2892 3572 tam
2913 3517 3145 3588 placidis
3161 3517 3486 3574 retinaculis
3498 3513 3673 3586 guber-

2105 3611 2206 3660 nat
2231 3606 2480 3660 humana
2509 3605 2712 3660 ofﬁcia.
2758 3606 2905 3662 Nam
2933 3611 2992 3660 et
3021 3607 3117 3678 qui
3155 3607 3222 3661 in
3249 3605 3558 3662 conditione
3577 3607 3666 3665 est,

2105 3693 2154 3748 si
2183 3693 2388 3748 habeat
2415 3693 2708 3762 famulum,
2729 3710 2844 3749 non
2871 3695 2992 3749 vult
3015 3695 3306 3750 contemni
3324 3693 3395 3749 ab
3419 3709 3516 3748 eo:
3541 3691 3676 3755 ideo-

2105 3799 2213 3853 que
2243 3799 2346 3837 nec
2372 3783 2493 3854 ipse
2530 3783 2698 3837 debet
2716 3789 3074 3840 contemnere
3104 3784 3402 3840 dominum
3429 3797 3602 3846 suum,
3629 3782 3678 3833 et

2105 3870 2250 3925 sicut
2274 3872 2394 3926 vult
2419 3888 2586 3944 agere
2617 3887 2805 3927 secum
2835 3872 3128 3928 dominum
3166 3890 3356 3939 suum,
3391 3873 3470 3927 ita
3495 3876 3550 3925 et
3576 3867 3677 3940 ipse

2105 3977 2273 4030 agere
2302 3959 2468 4015 debet
2495 3977 2624 4016 cum
2651 3977 2812 4016 servo
2859 3977 2982 4027 suo,
3017 3966 3077 4016 et
3121 3961 3206 4018 sic
3234 3959 3443 4034 poterit
3486 3959 3680 4032 placere

2103 4049 2238 4104 Deo.
2304 4050 2494 4121 (Hich
2534 4051 2622 4104 Ad
2679 4049 3101 4106 distinctionem
3139 4051 3370 4106 Domini
3416 4045 3676 4122 spiritalis,

2102 4151 2253 4191 nunc
2277 4137 2518 4192 camelis
2536 4137 2800 4193 dominus
2827 4138 3163 4209 appellatur,
3195 4139 3281 4195 ita
3307 4144 3374 4195 ut
3391 4151 3546 4195 servo
3569 4131 3678 4206 qui-

2099 4242 2320 4297 cunque
2348 4226 2650 4281 crediderit
2675 4226 2737 4281 in
2765 4227 2947 4282 Deum
2993 4231 3052 4281 et
3079 4228 3326 4284 necdum
3359 4226 3430 4282 ad
3457 4221 3679 4281 scientiae

2099 4331 2378 4369 summam
2404 4315 2740 4386 pervenerit,
2779 4332 2892 4370 non
2921 4315 3186 4372 indecens
3216 4317 3296 4372 sit
3324 4315 3549 4372 domino
3573 4325 3676 4367 ser-

413 4404 564 4460 inter
592 4404 862 4460 mandata
887 4421 1010 4477 quae
1053 4404 1126 4460 ad
1154 4405 1357 4472 Deum,
1411 4410 1469 4460 et
1505 4404 1654 4459 inter
1689 4419 1758 4459 ea
1784 4421 1907 4477 quae
1945 4404 2016 4460 ad
2037 4403 2214 4466 Dvire
2243 4403 2455 4458 carnali
2483 4420 2612 4458 cum
2641 4405 2845 4459 timore
2879 4413 2937 4458 et
2963 4409 3210 4459 tremore
3240 4405 3303 4461 in
3346 4401 3679 4476 simplicitate

413 4493 704 4549 hominem
733 4495 1038 4566 pertinent.
1075 4494 1238 4563 (Alb.)
1271 4493 1548 4548 Fortassis
1575 4493 1696 4549 haec
1722 4493 2016 4565 promissio

410 4582 620 4638 Iudaeis
646 4583 952 4638 carnaliter
969 4583 1105 4638 data
1131 4588 1236 4649 est,
1258 4581 1420 4638 nobis
1439 4599 1570 4637 vero
1591 4581 1923 4654 spiritaliter
1936 4583 2018 4637 di-

411 4669 590 4724 citur:
618 4673 773 4725 Beati
791 4675 966 4739 mites,
1001 4676 1274 4742 quoniam
1295 4674 1406 4741 ipsi
1427 4672 1781 4740 possidebunt
1804 4675 2017 4727 terram

412 4757 628 4823 (Matth.
673 4757 753 4828 v),
785 4775 898 4813 non
948 4761 1094 4816 hanc
1120 4766 1355 4828 terram,
1391 4760 1451 4815 in
1504 4777 1616 4832 qua
1651 4760 1823 4815 etiam
1855 4759 2015 4832 impii

411 4860 817 4916 nonnunquam
835 4851 894 4900 et
905 4846 965 4902 in
976 4863 1045 4919 pa
1051 4856 1238 4905 rentes
1249 4855 1384 4905 sunt
1409 4849 1628 4904 scelesti
1650 4855 1708 4904 et
1717 4855 2016 4904 senescunt

407 4939 622 5002 tamen,
643 4934 742 4988 sed
763 4949 934 5005 super
951 4935 1106 4992 illam
1124 4944 1358 5006 terram,
1382 4955 1552 5009 quam
1573 4937 1847 4993 Dominus
1866 4937 2016 4993 miti-

406 5021 514 5079 bus
531 5022 876 5096 repromittit
907 5028 967 5078 et
983 5023 1044 5078 in
1074 5043 1186 5096 qua
1197 5028 1338 5098 justi
1364 5026 2013 5098 inhabitabunt,etcujus

407 5111 557 5168 bona
573 5112 878 5168 Psalmista
885 5111 1137 5168 visurum
1153 5131 1276 5170 esse
1290 5133 1351 5171 se
1378 5116 1559 5171 credit
1580 5116 1772 5171 dicens
1799 5133 1813 5170 :
1843 5117 2012 5171 Credo

407 5203 590 5257 cidere
614 5203 756 5258 bona
779 5203 1011 5258 Domini
1037 5205 1100 5256 in
1131 5207 1284 5258 terra
1306 5207 1617 5261 viventium
1633 5206 1802 5268 (Psat.
1836 5208 2006 5275 xxvx).

477 5289 566 5356 Et,
593 5297 799 5360 patres,
832 5293 1002 5348 nolite
1028 5291 1107 5346 ad
1151 5293 1516 5348 iracundiam
1539 5309 1840 5364 prouocare
1866 5296 2010 5362 ﬁlios

406 5382 624 5445 vestros,
654 5381 746 5434 sed
770 5381 991 5436 educata
1021 5382 1146 5434 illos
1177 5380 1242 5434 in
1269 5383 1570 5451 disciplina
1589 5388 1639 5438 et
1669 5385 2009 5452 correptione

405 5468 652 5522 Domini.
685 5467 852 5538 (Alb.)
883 5469 1186 5524 Peccatum
1213 5469 1463 5525 ﬁliorum
1503 5477 1590 5526 est
1619 5488 1732 5527 non
1776 5469 2005 5526 obedire

403 5548 752 5628 parentibus,
781 5560 842 5612 et
866 5555 1001 5630 quia
1015 5562 1281 5630 poterant
1299 5563 1564 5632 parentes
1576 5559 1793 5633 aliquid
1818 5559 2002 5632 impe-

2097 4493 2285 4547 cordis
2315 4493 2423 4561 sui,
2459 4499 2516 4548 et
2543 4493 2623 4548 sic
2652 4493 2705 4547 ei
2719 4493 2928 4548 servire
2943 4494 3192 4558 ﬁdeliter
3209 4500 3278 4549 ut
3304 4493 3526 4550 Christo
3545 4509 3558 4559 ;
3579 4501 3680 4544 non

2096 4581 2169 4636 ad
2197 4583 2420 4636 oculum
2451 4583 2718 4650 serviens,
2769 4587 2835 4637 ut
2876 4583 2935 4637 hi
2977 4583 3208 4648 faciunt,
3244 4583 3344 4655 qui
3381 4577 3680 4638 hominibus

2074 4670 2320 4742 .placere
2349 4671 2688 4736 desiderant,
2737 4672 2836 4726 sed
2874 4677 2940 4726 ut
2978 4673 3379 4730 necessitatem
3418 4671 3478 4726 in
3507 4667 3680 4724 volun—

2095 4763 2274 4814 tatem
2291 4763 2490 4826 vertat,
2525 4765 2584 4814 et
2609 4759 2778 4814 faciat
2797 4759 2868 4815 de
2887 4760 3156 4815 servitute
3176 4759 3498 4815 mercedem
3531 4774 3544 4810 :
3571 4769 3679 4810 ma-

2095 4849 2245 4902 xime
2275 4865 2404 4902 cum
2433 4849 2696 4904 dominus
2737 4849 2922 4903 carnis
2974 4867 3009 4904 a
3044 4850 3285 4904 Domino
3344 4847 3571 4920 spiritus
3602 4841 3678 4897 di-

2093 4953 2255 4992 versa
2281 4953 2394 4992 non
2416 4937 2675 5010 imperet.
2703 4939 2822 4992 Hoc
2847 4944 2934 4992 est
2953 4938 3106 4992 enim
3133 4938 3286 5010 quod
3315 4938 3401 4992 ait
3437 4956 3450 4991 :
3481 4935 3598 4991 Non
3615 4931 3682 4986 ad

2093 5029 2316 5082 oculum
2358 5029 2665 5092 servientes,
2718 5032 2780 5082 ut
2813 5029 3134 5082 hominibus
3169 5031 3467 5097 placentes,
3497 5023 3586 5078 sed
3624 5022 3680 5074 ut

2091 5118 2239 5170 serui
2266 5117 2476 5174 Christi
2521 5117 2784 5184 facientes
2829 5119 3171 5172 uoluntatem
3197 5118 3448 5171 Domini.
3503 5111 3607 5168 Sed
3629 5110 3682 5163 et

2091 5204 2275 5274 ipsam
2305 5205 2638 5260 ﬁdelitatem
2681 5221 2794 5260 non
2824 5209 3076 5260 coactam
3109 5221 3304 5261 servus
3339 5203 3559 5268 habeat,
3589 5195 3679 5252 sed

2089 5298 2463 5365 spontaneam
2477 5299 2535 5350 et
2545 5311 2611 5350 ex
2621 5294 2827 5350 animo:
2844 5295 2926 5350 sic
2935 5294 3182 5350 serviens
3189 5293 3428 5350 domino
3438 5307 3540 5347 suo
3548 5287 3684 5344 sicut

2091 5381 2334 5450 Christo,
2351 5400 2387 5438 a
2401 5400 2512 5456 quo
2529 5389 2860 5456 recepturus
2891 5389 2980 5440 est
2999 5383 3183 5440 ﬁdelis
3205 5381 3505 5457 praemium
3524 5373 3681 5434 servi-

2087 5471 2246 5537 tutis,
2277 5487 2392 5527 non
2419 5472 2608 5528 minus
2649 5489 2819 5544 quam
2847 5473 2898 5528 si
2926 5471 3070 5529 liber
3085 5473 3378 5528 voluntate
3405 5466 3676 5526 servisset.

2087 5561 2212 5619 Non
2223 5563 2297 5616 ad
2307 5565 2534 5618 oculum
2545 5565 2855 5632 seruientes,
2878 5565 3042 5634 quasi
3059 5561 3384 5620 hominibus
3391 5559 3672 5632 ρωωπιω,
