3880 6146
225 235 302 291 £65

541 229 1124 303 ENARBATIONUM
1159 230 1431 304 IN_;EPP.
1459 232 1690 308 ,PAULI
1727 235 1864 308 LIB.
1906 233 2106 290 XVIII.
2161 263 2224 275 —
2269 233 2349 289 IN
2387 231 2610 290 EPIST.
2650 229 2750 288 AD
2779 229 3036 300 amns.

3331 230 3438 292 466

223 360 291 414 sed
300 361 348 411 ut
358 357 483 412 seni
497 355 709 411 Christi
717 356 978 423 facientes
989 357 1329 410 voluntatem
1341 357 1442 412 Dei
1459 361 1748 413 exanima.
1770 359 2061 419 Aﬁrmam
2091 375 2213 413 esse
2244 373 2402 430 spem
2433 355 2842 429 promissionis,
2878 357 3125 429 prompti
3149 355 3266 416 sint
3291 355 3442 416 circa

221 449 321 504 t’um
345 447 656 510 benignitate
683 447 976 498 servientes
1003 447 1145 498 sicut
1173 446 1428 512 Domino,
1457 451 1506 500 et
1535 463 1648 502 non
1663 449 1754 502 ho-

221 535 433 588 minibus:
453 535 678 586 scientes
703 535 968 602 quoniam
998 536 1375 604 unusquisque
1397 537 1753 605 quodcunque

217 625 360 691 [σθεν-εἰ
373 624 579 687 bonum,
597 623 694 676 hoc
705 627 1062 690 consequetur
1076 637 1112 675 a
1131 624 1388 689 Domino,
1407 627 1518 678 sive
1535 641 1657 678 sero
1665 642 1746 691 us,

216 716 294 766 sive
308 712 423 764 liber
441 709 678 778 (Ambr.)
709 711 948 781 Propter
965 710 1225 765 timorem
1247 711 1350 766 Dei
1361 713 1520 782 justa
1537 719 1595 767 et
1613 714 1753 768 ﬁde-

215 801 270 853 lia
283 799 377 852 vult
392 798 706 853 hominibus
727 797 978 852 exhiberi
989 799 1236 854 servitia.
1251 800 1368 855 Deo
1389 801 1539 855 enim
1561 803 1747 868 servit,

210 889 332 957 cujus
350 888 468 957 jura
514 887 576 941 in
626 887 908 959 obsequiis
956 889 1169 943 domini
1209 890 1451 944 carnalis
1486 891 1748 958 custodit,

212 993 338 1048 quem
363 975 456 1029 sibi
484 993 590 1046 pro
612 978 785 1048 justis
813 976 1027 1032 actibus
1063 978 1122 1032 in
1161 978 1310 1032 diem
1342 979 1540 1050 judicii
1577 981 1752 1035 vicem

209 1065 392 1120 reddere
418 1069 472 1118 et
495 1066 716 1120 caeteris
743 1066 1004 1121 omnibus
1033 1067 1194 1121 audit
1228 1069 1446 1122 testari.
1494 1069 1628 1132 Qum
1663 1087 1754 1125 res

207 1159 351 1224 potest
373 1153 637 1223 proﬁcere
666 1155 838 1208 etiam
872 1155 942 1208 ad
971 1155 1211 1208 salutem
1239 1155 1598 1236 dominorum
1633 1177 1644 1212 :
1677 1157 1758 1211 vi-

203 1241 356 1295 dentes
380 1241 525 1295 enim
559 1243 707 1313 quod
749 1243 973 1297 diﬁicile
1011 1248 1115 1310 est,
1149 1260 1337 1298 servos
1367 1261 1468 1316 per
1493 1246 1595 1300 Dei
1622 1263 1754 1316 gra-

202 1329 309 1383 tiam
333 1330 490 1384 factos
522 1331 720 1385 ﬁdeles
749 1332 1058 1399 ministros,
1093 1337 1361 1404 poterunt
1387 1335 1490 1388 Dei
1515 1335 1754 1404 gloriam

199 1418 703 1492 collaudare.(Hier.)
727 1420 1018 1484 Quomodo
1036 1427 1228 1476 autem
1247 1423 1318 1476 ad
1333 1422 1654 1477 Corinthios
1672 1439 1756 1478 se-

198 1507 396 1561 cundum
415 1514 643 1580 tempus
659 1510 1024 1580 rescripserat
1043 1511 1098 1577 (I
1110 1511 1231 1565 Cor.
1255 1513 1370 1577 vn),
1393 1528 1464 1565 ne
1481 1529 1583 1583 per
1601 1529 1754 1567 occa-

195 1595 366 1650 sionem
383 1596 510 1651 ﬁdei
537 1597 597 1651 in
621 1598 846 1652 Christo
863 1599 1012 1652 inter
1026 1599 1259 1653 maritos
1278 1605 1336 1653 et
1355 1617 1554 1662 uxores
1573 1601 1752 1654 divor-

1835 447 2103 520 obsequia
2132 447 2253 514 Dei,
2290 447 2570 516 erigentes
2597 445 2980 516 gubernacula
3007 449 3206 502 contra
3233 447 3441 504 ﬂuctus

1835 538 2100 592 excitatos
2141 536 2523 608 imprudentia
2561 533 2792 590 inimici.
2833 536 3250 607 Tempestatem
3287 536 3440 592 enim

1833 627 1935 680 Dei
1992 625 2164 680 servis
2203 629 2542 692 commovet,
2583 624 2681 679 sed
2725 623 2846 695 ipse
2883 624 3244 695 naufragium
3282 624 3436 681 facit.

1830 715 2034 788 (Hier.)
2070 714 2229 778 Quod
2259 714 2434 784 igitur
2463 713 2563 776 ait,
2598 712 3012 781 Confortamini
3037 715 3102 770 in
3127 714 3365 770 Domino
3388 720 3441 770 et

1833 805 1898 857 in
1922 805 2171 872 potentia
2199 804 2428 856 virtutis
2455 805 2591 872 ejus,
2625 805 2808 856 totum
2832 801 3074 857 sentitur
3102 801 3163 857 in
3192 801 3436 871 Christo,

1835 896 1899 946 ut
1925 891 1986 946 in
2015 891 2277 946 omnibus
2312 889 2634 958 virtutibus,
2667 906 2790 962 quae
2819 889 2890 944 de
2919 906 2986 946 eo
3021 889 3437 962 intelliguntur,

1835 980 1931 1052 qui
1984 979 2327 1034 crediderint
2374 977 2781 1034 confortentur.
2835 979 2908 1034 Et
2949 979 3258 1050 prudenter
3309 986 3439 1054 post

1834 1069 2099 1140 specialia
2129 1069 2415 1134 mandata,
2447 1068 2582 1140 quid
2611 1068 2746 1122 viris
2774 1073 2833 1122 et
2857 1067 3144 1136 uxoribus,
3183 1069 3439 1142 patribus

1837 1163 1895 1212 et
1920 1158 2068 1224 ﬁliis,
2101 1157 2344 1212 dominis
2373 1163 2431 1211 et
2475 1156 2650 1212 servis
2695 1155 3102 1212 observandum
3147 1157 3239 1226 sit,
3290 1173 3440 1214 nunc

1833 1245 2175 1317 generaliter
2194 1245 2456 1300 omnibus
2474 1245 2534 1300 in
2554 1261 2852 1300 commune
2871 1245 3142 1318 praecipit,
3165 1251 3232 1302 ut
3247 1246 3308 1300 in
3328 1245 3436 1302 Do-

1835 1335 1989 1390 mino
2013 1339 2072 1389 et
2090 1335 2150 1389 in
2169 1335 2293 1405 ejus
2314 1335 2566 1406 potentia
2587 1333 2884 1388 confortati
2901 1340 3220 1407 praeparent
3246 1351 3306 1390 se
3333 1335 3437 1390 ad-

1833 1439 2058 1478 versum
2072 1423 2381 1490 diabolum,
2404 1423 2474 1478 de
2494 1440 2605 1494 quo
2625 1423 2683 1477 in
2713 1423 3184 1496 consequentibus
3203 1422 3434 1479 scribit:

1905 1515 2128 1568 Induite
2151 1529 2240 1567 cos
2275 1518 2637 1567 armaturam
2667 1514 2784 1580 Dei,
2815 1516 2880 1568 ut
2898 1515 3120 1582 possitis
3157 1518 3304 1568 stare
3340 1512 3440 1568 ad-

1832 1618 2019 1655 versus
2040 1603 2279 1656 insidias
2305 1603 2530 1656 diaboli.
2563 1602 2642 1656 Ex
2670 1601 2759 1655 his
2787 1618 2909 1673 quae
2929 1600 3078 1658 infra
3099 1601 3360 1672 legimus,
3381 1607 3440 1657 et

193 1685 256 1738 tia
271 1686 464 1751 ﬁerent,
491 1686 548 1740 si
571 1703 603 1740 e
623 1686 843 1741 duobus
861 1703 1007 1741 unus
1026 1687 1254 1742 credere
1274 1689 1556 1756 voluisset,
1581 1689 1661 1744 ita
1680 1691 1751 1746 ad
1767 1681 1813 1740 B
1831 1688 1918 1742 his
1948 1705 2072 1760 quae
2101 1688 2161 1744 in
2191 1689 2496 1761 Scripturis
2525 1688 2784 1743 omnibus
2813 1689 2882 1743 de
2903 1689 3142 1744 Domino
3161 1689 3436 1745 salvatore

195 1772 416 1844 Ephesios
433 1781 488 1828 et
502 1775 582 1828 ad
603 1775 979 1842 Colossenses,
1004 1777 1138 1848 quia
1164 1777 1394 1848 plurimi
1422 1777 1573 1832 inter
1591 1779 1752 1835 initia

191 1861 290 1914 ﬁdei
306 1861 577 1932 putabant
593 1863 837 1932 gentiles
849 1864 1104 1919 dominos
1122 1867 1578 1933 contemnendos,
1599 1885 1750 1923 nunc

187 1949 526 2006 conditionum
539 1952 834 2007 moderate
846 1959 1124 2025 praecepta
1134 1955 1428 2009 constituit
1438 1961 1504 2009 ut
1517 1962 1574 2010 et
1582 1957 1750 2011 servi-

183 2039 246 2092 tia
258 2055 354 2093 non
372 2041 638 2095 videatur
655 2047 854 2096 contra
865 2041 1122 2096 dominos
1134 2043 1435 2110 concitare,
1454 2051 1512 2098 et
1524 2062 1749 2101 rursum

185 2143 493 2199 nequaquam
523 2131 792 2185 dominos
841 2131 1038 2186 doceat
1079 2131 1406 2199 audiendos,
1459 2133 1506 2187 si
1551 2135 1752 2200 vitiosa

179 2222 223 2269 et
258 2216 479 2272 nefanda
545 2219 896 2291 praecipiant.
957 2221 1028 2274 Et
1071 2221 1178 2274 hoc
1222 2221 1553 2290 notandum,
1603 2225 1753 2294 quod

182 2302 468 2362 obedientim
497 2307 756 2362 ﬁliorum
801 2314 972 2380 atque
1013 2325 1305 2363 servorum
1354 2311 1575 2366 diversa
1617 2312 1750 2368 sub-

174 2393 400 2462 junxerit.
429 2395 516 2450 Ad
570 2396 719 2450 ﬁlios
763 2396 914 2450 enim
949 2397 1128 2451 dicit:
1173 2398 1386 2454 Obcdite
1425 2403 1752 2468 parentibus

177 2487 332 2536 vestris
365 2487 427 2538 in
467 2487 754 2549 Domino;
803 2485 876 2539 ad
913 2502 1100 2540 servos
1149 2503 1280 2541 vero
1329 2505 1340 2540 :
1393 2489 1607 2544 Obedite
1653 2491 1750 2544 do-

176 2575 317 2625 minis
340 2576 678 2628 carnalibus
708 2591 836 2628 cum
881 2578 1077 2629 timore
1116 2580 1166 2629 et
1207 2581 1460 2642 tremore,
1505 2583 1570 2630 ut
1607 2579 1753 2633 sicut

173 2659 291 2713 inter
316 2678 536 2716 servum
576 2669 636 2716 et
665 2679 896 2717 uxorem
927 2663 1098 2718 habet
1125 2669 1309 2718 metus
1345 2665 1746 2734 diversitatem,

171 2747 232 2801 ita
255 2757 305 2803 et
327 2750 474 2805 inter
500 2751 662 2806 ﬁlios
702 2758 761 2806 et
791 2769 978 2806 servos
1025 2751 1345 2808 obedientia
1383 2753 1746 2826 discreparet.

169 2835 222 2889 Et
245 2839 459 2908 pulchre
481 2841 781 2911 imperans
805 2841 979 2895 servis
997 2847 1063 2895 ut
1079 2841 1344 2896 obediant
1361 2843 1624 2912 dominis,
1653 2845 1750 2899 ad-

162 2925 274 2994 jecit
289 2933 445 2996 quasi
465 2930 713 2996 Christo,
735 2934 794 2982 et
817 2929 1043 2998 iterum,
1069 2935 1133 2983 ut
1151 2934 1298 2984 servi
1316 2931 1524 2986 Christi
1542 2935 1750 3000 facien-

1832 1778 2115 1844 dicuntur,
2149 1778 2604 1834 manifestissime
2633 1776 3032 1848 comprobatur
3057 1777 3250 1833 omnia
3275 1792 3438 1834 arma

1831 1866 2164 1938 Dei,quibus
2179 1883 2328 1921 nunc
2341 1866 2499 1921 indui
2505 1865 2793 1936 jubemur,
2809 1866 3048 1937 intelligi
3064 1867 3432 1934 Salvatorem,

1831 1962 1897 2010 ut
1918 1973 2096 2011 unum
2123 1962 2292 2028 atque
2324 1957 2475 2010 idem
2505 1955 2577 2009 sit
2603 1954 2808 2009 dixisse
2831 1973 2845 2008 :
2869 1955 3094 2010 Induite
3121 1971 3218 2011 vos
3245 1955 3437 2012 omnia

1833 2061 1994 2099 arma
2029 2045 2152 2112 Dei,
2193 2045 2353 2116 quasi
2388 2044 2632 2099 dixerit:
2657 2043 2883 2099 Indulte
2909 2043 3214 2098 Dominum
3240 2043 3434 2100 Jesum

1833 2135 2160 2202 Christum;
2193 2134 2240 2188 si
2269 2133 2420 2187 enim
2468 2132 2758 2204 cingulum
2786 2133 2994 2187 veritas
3032 2137 3136 2200 est,
3175 2138 3236 2188 et
3261 2133 3438 2189 lorica

1827 2223 2052 2294 justitia
2069 2228 2172 2287 est,
2197 2223 2454 2278 Salvator
2474 2227 2666 2276 autem
2691 2226 2750 2276 et
2767 2221 2972 2276 veritas
2993 2225 3052 2276 et
3077 2219 3304 2292 justitia
3327 2237 3434 2275 no-

1833 2312 2100 2374 minatur,
2133 2311 2273 2366 nulli
2303 2310 2535 2365 dubium
2585 2309 2722 2382 quin
2760 2309 2882 2381 ipse
2922 2309 3212 2381 cingulum
3255 2308 3336 2364 sit
3375 2315 3438 2366 et

1833 2399 2022 2454 lorica.
2054 2401 2251 2470 Itaque
2269 2400 2433 2469 juxta
2449 2398 2799 2469 Apostolum,
2821 2397 2942 2468 ipse
2971 2397 3082 2452 erit
3098 2396 3436 2469 praeparatio

1834 2487 2118 2558 Evangelii
2135 2487 2309 2558 pacis,
2341 2493 2398 2542 et
2413 2492 2636 2541 scutum
2656 2485 2808 2552 ﬁdei,
2833 2490 2892 2540 et
2906 2485 3071 2556 galea
3086 2485 3437 2552 salutaris,et

1830 2577 2052 2646 gladius
2071 2575 2334 2648 Spiritus,
2358 2576 2506 2647 quod
2527 2580 2615 2630 est
2632 2573 2865 2629 verbum
2884 2573 3008 2642 Dei,
3031 2579 3091 2630 et
3106 2572 3296 2629 vivens
3311 2589 3436 2630 ser-
3463 2587 3472 2594 ·

1831 2681 1924 2719 mo
1953 2670 2011 2720 et
2039 2665 2252 2732 efﬁcax,
2287 2672 2346 2720 et
2369 2670 2569 2720 acutus
2609 2680 2780 2736 super
2816 2679 3044 2718 omnem
3081 2662 3338 2734 gladium
3365 2678 3434 2720 ex

1831 2761 2071 2826 utraque
2090 2761 2250 2826 parte
2272 2759 2500 2808 acutum
2521 2754 2709 2814 (Hebr.
2731 2753 2825 2822 Iv).
2841 2751 2976 2816 Quae
2994 2757 3187 2807 autem
3211 2751 3434 2808 aliaar-

1831 2860 1926 2897 ma
1941 2844 2044 2898 Dei
2056 2860 2354 2915 possumus
2369 2842 2670 2915 aestimare,
2687 2839 2892 2912 quibus
2905 2840 3224 2896 induendus
3237 2845 3326 2896 est
3338 2840 3436 2913 qui

1828 2925 2000 2986 habet
2011 2913 2278 2986 adversus
2285 2913 2494 2986 diaboli
2501 2930 2768 2986 dimicare
2776 2929 3310 3001 versutias,excepta
3317 2929 3434 2986 vir-

169 3020 223 3067 tes
238 3019 569 3072 voluntatem
591 3020 714 3084 Dei,
740 3025 803 3072 ut
825 3019 1040 3072 scilicet
1056 3035 1169 3073 non
1191 3021 1386 3074 audiat
1410 3037 1604 3090 servus
1623 3039 1746 3076 car-
1767 3027 1811 3088 ο
1829 3025 1968 3087 tute,
2003 3038 2126 3092 qua:
2152 3027 2239 3076 est
2258 3021 2537 3076 Christus.
2567 3020 2731 3074 Hunc
2749 3017 2922 3085 enim,
2947 3017 3044 3090 qui
3057 3019 3222 3090 juxta
3242 3017 3437 3074 omnia

168 3103 318 3157 nalem
347 3105 676 3174 dominum,
703 3107 752 3160 si
771 3107 1058 3162 contraria
1077 3109 1369 3178 praeceptis
1388 3109 1490 3163 Dei
1512 3111 1752 3166 voluerit

165 3191 424 3262 imperare.

221 3281 276 3334 Et
308 3299 412 3349 eos,
451 3286 705 3350 domini,
743 3286 928 3339 eadem
963 3287 1127 3353 facite
1157 3288 1232 3341 ad
1261 3289 1386 3342 itlos
1415 3291 1750 3344 remittentes

164 3373 335 3438 minus,
349 3376 589 3427 scientes
607 3375 747 3443 quia
757 3379 807 3427 et
823 3377 1068 3442 ipsorum
1079 3381 1129 3429 et
1138 3380 1307 3430 vester
1314 3377 1584 3430 Dominus
1595 3383 1672 3432 est
1683 3381 1750 3432 in

167 3462 297 3523 artis,
325 3468 374 3515 et
396 3478 790 3531 persona-rum
832 3466 1066 3531 acceptio
1105 3481 1218 3518 non
1261 3470 1334 3518 est
1368 3467 1519 3534 apud
1553 3467 1746 3521 Deum.

165 3547 510 3620 (Ambr.)Non
520 3552 862 3622 ignorantes
871 3551 1067 3622 utique
1076 3553 1329 3607 carnales
1341 3553 1750 3610 dominiDeum

163 3639 383 3693 omnium
411 3640 739 3694 Dominum
769 3655 891 3694 esse
928 3656 1305 3708 communem,
1348 3643 1486 3696 talia
1525 3643 1752 3714 exigant

157 3727 371 3794 servitia,
405 3729 619 3801 qualia
648 3745 684 3783 a
713 3745 774 3782 se
805 3729 951 3799 exigi
981 3745 1093 3784 non
1120 3729 1307 3784 ferant
1333 3747 1480 3801 aegre
1504 3748 1518 3798 ;
1549 3731 1608 3786 in
1640 3749 1752 3804 qua

157 3814 280 3868 enim
307 3817 434 3888 quis
474 3833 763 3872 mensura
798 3819 1223 3885 mensuraverit,
1263 3821 1593 3874 remetietur
1621 3821 1702 3874 illi
1734 3841 1746 3876 :

153 3900 396 3961 Dominus
415 3907 586 3962 enim
603 3907 797 3978 justus
811 3907 985 3977 judex
1005 3923 1202 3963 causas
1215 3908 1753 3981 discernit,nonper-

153 4006 308 4047 sonas.
329 3997 544 4064 (Hiera)
565 3996 845 4060 Quaenam
857 4000 989 4050 sunt
1006 3997 1144 4062 haec,
1163 4013 1286 4068 quae
1301 3999 1474 4052 servis
1495 3999 1752 4070 superius

153 4077 438 4152 imperavit,
476 4092 549 4139 ut
581 4085 803 4139 diceret
828 4085 1071 4140 dominis
1100 4087 1296 4140 eadem
1335 4087 1589 4141 facienda
1627 4105 1752 4159 quae

152 4172 328 4225 servis?
347 4174 503 4228 Puto
527 4175 640 4228 illa
659 4190 783 4244 quae
805 4173 1041 4240 dixerat,
1073 4177 1139 4230 in
1167 4177 1520 4244 simplicitate
1549 4178 1744 4242 cordis,

151 4260 471 4324 etfacientes
486 4267 847 4318 voluntatem
859 4263 974 4328 Dei,
992 4267 1068 4330 et,
1081 4267 1364 4330 exanimo,
1383 4270 1459 4331 et,
1479 4280 1602 4318 cum
1625 4267 1752 4332 ﬁde-

151 4349 278 4403 litate
295 4352 410 4406 sive
435 4351 849 4406 benevolentia
865 4351 926 4405 in
945 4368 1154 4418 servos,
1180 4352 1312 4424 quia
1333 4353 1504 4412 εὔνοιά
1526 4359 1749 4408 utrum-

154 4450 240 4504 que
264 4455 468 4494 sonare
499 4445 722 4512 potest.
757 4441 1151 4512 Unusquisque
1181 4442 1351 4508 enim,
1379 4442 1528 4512 quod
1553 4441 1750 4496 fecerit

149 4521 276 4592 boni,
298 4528 406 4584 hoc
424 4529 687 4600 recipiet
706 4546 742 4582 a
765 4530 1024 4597 Domino,
1057 4531 1169 4584 sive
1196 4531 1443 4585 famulus
1473 4530 1746 4598 servierit,

156 4619 202 4665 lit
223 4617 562 4686 praedictum
599 4625 707 4683 est,
751 4617 867 4672 sive
905 4617 1047 4672 liber
1086 4619 1408 4674 dominatus
1453 4618 1642 4685 fuerit,
1685 4624 1752 4674 ut

153 4713 344 4771 oportet
389 4727 401 4760 :
446 4714 521 4762 ut
574 4723 693 4760 non
747 4707 823 4760 sit
864 4707 1132 4762 terribilis
1177 4725 1290 4763 non
1337 4713 1632 4780 promptus
1678 4707 1748 4762 ad

155 4792 372 4863 Verbera,
398 4797 606 4850 sciens
627 4795 764 4867 quia
781 4803 840 4850 et
856 4795 974 4868 ipse
993 4796 1164 4852 habet
1178 4798 1482 4852 Dominum
1499 4797 1556 4852 in
1574 4797 1746 4864 caelis,

155 4884 272 4949 apud
291 4901 466 4955 quem
487 4902 623 4939 non
647 4891 734 4939 est
752 4885 1000 4956 acceptio
1026 4902 1416 4956 personarum,
1447 4890 1505 4939 et
1533 4885 1630 4957 qui
1655 4901 1748 4940 so-

151 4965 216 5020 lus
237 4977 456 5027 tantum
482 4973 724 5044 judicet
760 4973 1094 5042 voluntates,
1152 4981 1210 5028 et
1249 4976 1411 5046 juxta
1455 4991 1551 5028 eas
1591 4975 1750 5028 dete-

151 5055 254 5112 riori
271 5064 550 5132 praeferat
573 5062 892 5127 meliorem,
917 5063 1129 5134 eligens
1147 5063 1313 5129 facta,
1335 5080 1448 5118 non
1469 5063 1746 5130 homines,

153 5145 208 5196 De
229 5156 407 5206 cetera
453 5151 884 5218 confortamini
921 5155 984 5206 in
1023 5154 1278 5219 Domino,
1323 5157 1372 5206 et
1409 5155 1474 5208 in
1503 5156 1750 5222 potentia

154 5237 342 5294 virtutis
368 5245 520 5308 ejus.
561 5238 808 5308 (Ambr.)
845 5240 977 5294 Post
1006 5241 1198 5294 omnia
1224 5240 1440 5295 monita
1469 5247 1526 5295 et
1553 5241 1746 5295 horta-

156 5333 329 5393 menta,
355 5339 414 5383 et
444 5328 778 5399 disciplinae
797 5328 1051 5383 ordinem
1079 5329 1350 5384 traditum
1380 5329 1657 5401 religiose,
1692 5335 1750 5384 et

155 5409 558 5484 dispositionem
587 5417 847 5487 mysterii
868 5417 1300 5484 manifestatam,
1335 5418 1594 5473 robustos
1622 5419 1748 5473 illos

157 5499 244 5554 *δὴ
271 5522 392 5560 esse
428 5507 493 5562 in
539 5508 666 5560 ride
706 5507 912 5562 ﬁducia
939 5507 1234 5578 potestatis
1262 5508 1382 5573 Dei,
1417 5513 1484 5562 ut
1509 5508 1748 5562 scientes

1764 4305 1814 4366 D

1833 3126 1954 3182 quae
1975 3127 2144 3181 super
2159 3126 2225 3164 eo
2245 3107 2834 3180 intelliguntur,fuerit
2851 3107 3308 3178 indutus,potens
3324 3106 3438 3162 erit

1832 3204 2030 3254 contra
2045 3199 2336 3254 universas
2349 3197 2578 3253 insidias
2591 3195 2798 3252 diaboli
2817 3201 3217 3267 repugnarezet
3233 3211 3437 3252 secun-

1831 3289 1968 3342 dum
1977 3289 2036 3342 id
2053 3287 2298 3359 quidem,
2307 3286 2454 3358 quod
2465 3285 2701 3341 veritate
2713 3285 3046 3357 praecinctus
3053 3290 3140 3340 est
3148 3299 3262 3340 non
3271 3283 3434 3340 facile

1831 3377 1901 3431 ad
1921 3377 2181 3432 falsitatis
2191 3377 2457 3448 dogmata
2465 3374 2776 3430 deducetur
2791 3391 2802 3426 :
2819 3375 2983 3445 juxta
2991 3374 3098 3428 hoc
3116 3389 3268 3442 vero,
3285 3373 3436 3446 quod

1830 3466 2006 3520 lorica
2029 3465 2260 3520 indutus
2301 3471 2388 3519 est
2427 3462 2684 3535 justitiae,
2729 3461 3048 3534 iniquitatis
3082 3461 3286 3532 jaculis
3319 3478 3436 3520 non

1833 3553 2040 3625 poterit
2066 3552 2340 3626 perforari
2395 3571 2408 3607 :
2453 3568 2556 3606 nec
2603 3567 2718 3605 non
2764 3566 2894 3605 cum
2939 3547 3221 3604 calceatus
3264 3549 3439 3607 fuerit

1833 3641 2224 3697 calceamentis
2242 3639 2636 3714 pulcherrimis
2653 3639 2714 3693 in
2728 3639 3140 3711 praeparatione
3149 3637 3437 3708 Evangelii

1832 3731 2005 3803 pacis,
2040 3730 2199 3802 quasi
2217 3730 2267 3784 is
2284 3729 2381 3800 qui
2409 3727 2742 3801 praeparavit
2779 3726 2839 3780 in
2867 3727 2981 3781 ﬁne
3022 3741 3198 3798 opera.
3222 3742 3348 3794 sua,
3377 3733 3436 3782 et

1835 3821 2040 3876 idcirco
2061 3819 2212 3892 pacis
2231 3819 2398 3873 homo
2417 3817 2598 3873 factus
2617 3822 2722 3883 est,
2749 3831 2854 3870 nec
2874 3815 3203 3870 bellicosum
3219 3815 3436 3887 aliquid

1834 3915 1892 3964 et
1918 3909 2332 3964 tumultuosum
2363 3905 2498 3978 agit,
2540 3921 2645 3960 nec
2680 3921 2812 3960 cum
2846 3904 2953 3972 his,
3003 3903 3100 3976 qui
3135 3903 3436 3978 impraapa-

1833 3997 1942 4053 rati
1972 4002 2124 4064 sunt,
2153 3993 2638 4052 condemnabitur.
2669 3994 2979 4050 Inﬁdelitas
3023 4009 3268 4065 quoque,
3311 4009 3436 4066 qum

1832 4087 2064 4142 inimica
2079 4086 2212 4142 ﬁdei
2232 4089 2338 4152 est,
2370 4083 2465 4140 ubi
2495 4089 2719 4138 scutum
2747 4089 2835 4138 est
2861 4081 3014 4151 ﬁdei,
3044 4083 3186 4138 nihil
3207 4081 3432 4139 valebit.

1833 4177 2016 4248 Caput
2045 4177 2217 4231 etiam
2240 4180 2300 4231 et
2325 4173 2636 4246 principale
2666 4173 2849 4228 cordis
2879 4177 2938 4227 et
2975 4173 3200 4239 animm,
3233 4172 3295 4227 in
3325 4189 3438 4244 quo

1831 4281 2030 4320 sensus
2045 4280 2239 4319 omnes
2258 4262 2430 4318 locuti
2451 4267 2604 4330 sunt,
2629 4261 2827 4316 salutis
2842 4263 3009 4332 galea
3027 4261 3438 4316 circumdatum

1831 4359 1945 4410 non
1967 4353 2344 4426 quassabitur.
2368 4353 2456 4407 Ad
2479 4356 2812 4416 extremum,
2837 4349 3000 4420 quasi
3019 4349 3106 4402 vir
3125 4347 3365 4402 bellator
3379 4353 3440 4404 et

1829 4443 2008 4510 fortis,
2059 4458 2255 4497 omnes
2303 4447 2483 4496 sectas
2529 4438 2840 4494 contrarias
2883 4435 3108 4490 veritati
3157 4435 3434 4504 concidet,

1830 4529 2146 4596 interﬁciet,
2166 4529 2468 4602 jugulabit,
2480 4527 2734 4598 gladium
2754 4524 3015 4596 Spiritus,
3030 4523 3090 4578 id
3109 4523 3437 4580 estverbum

1830 4621 1952 4685 Dei,
1974 4635 2146 4674 manu
2166 4625 2385 4674 tenens.
2409 4617 2616 4670 Volens
2635 4629 2770 4684 ergo
2787 4612 3090 4684 Apostolus
3101 4613 3441 4668 multimoda

1830 4708 2037 4763 diaboli
2081 4707 2312 4779 ingenia
2347 4703 2660 4770 ostendere,
2714 4700 2916 4774 quibus
2963 4717 3066 4756 nos
3105 4718 3308 4775 capere
3347 4702 3438 4757 ni-

1831 4797 1987 4863 titur,
2010 4812 2116 4870 per
2133 4812 2200 4850 ea
2217 4796 2340 4849 loca
2357 4793 2417 4848 in
2445 4791 2648 4864 quibus
2685 4807 2798 4846 non
2842 4791 2996 4846 omni
3036 4791 3292 4848 custodia
3317 4807 3438 4848 ser-

1831 4901 2023 4940 vemus
2050 4901 2148 4940 cor
2174 4889 2451 4949 nostrum,
2499 4879 2814 4936 methodias
2845 4881 2989 4951 ejus,
3029 4880 3090 4934 id
3129 4886 3235 4946 est,
3275 4879 3440 4936 adin-

1831 4975 2138 5041 ventiones,
2173 4974 2258 5027 vel
2296 4970 2572 5026 versutias
2611 4967 2942 5024 nominavit.
2987 4968 3045 5024 Si
3077 4967 3229 5022 enim
3258 4967 3435 5023 absti-

1831 5063 2123 5118 nuerimus
2152 5077 2256 5116 nos
2281 5078 2318 5114 a
2343 5075 2644 5131 corporum
2670 5057 2978 5130 voluptate,
3008 5071 3211 5128 parum
3241 5061 3438 5112 cautos

1831 5153 1891 5206 in
1911 5151 2150 5207 avaritia
2177 5150 2344 5222 capit.
2386 5149 2547 5213 Quod
2591 5147 2638 5201 si
2680 5153 2739 5202 et
2773 5145 3068 5200 avaritiam
3106 5159 3238 5198 cum
3277 5145 3438 5201 volu-

1829 5246 1984 5313 ptate
1995 5235 2822 5310 contemnimus,perluxuriam
2834 5231 3052 5304 irrepit,
3069 5237 3129 5288 et
3135 5232 3441 5290 facitnobis

1829 5335 2084 5384 ventrem
2112 5345 2232 5384 esse
2267 5328 2470 5394 Deum,
2515 5332 2572 5382 et
2613 5341 2714 5398 per
2758 5324 2904 5378 hanc
2950 5321 3123 5376 etiam
3167 5320 3267 5377 illa
3314 5339 3438 5394 qua

1831 5418 2000 5475 fortia
2025 5435 2149 5473 esse
2174 5415 2508 5472 videbantur
2531 5419 2833 5488 eXpugnat.
2865 5410 2937 5466 Et
2953 5410 3236 5482 quomodo
3255 5411 3438 5466 solent

1831 5507 2114 5579 sapientes
2141 5505 2490 5564 exercituum
2516 5501 2818 5583 principes,
2847 5515 2917 5556 ea
2941 5500 3032 5570 vel
3056 5497 3306 5555 maxime.
3329 5513 3432 5568 op-
