3880 6146
435 251 541 323 ἣν
651 311 668 332 ,
845 289 852 296 -
1029 249 1104 320 is.
1135 250 1416 322 MBAN!
1447 252 1684 324 mna!
1719 253 2056 325 ARGIH'EP.
2091 250 2422 326 iscum.
2459 254 2756 324 opsnatu
2787 248 2977 320 rans
3007 247 3113 322 in.
3565 271 3654 331 res

968 391 1097 446 ioca
1123 407 1246 464 qua:
1275 397 1474 464 parum
1516 393 1734 446 munita
1773 400 1924 460 sunt,
1977 399 2102 456 utA
2124 395 2433 468 expellatur
2461 393 2520 447 et
2564 393 2732 447 homo
2779 391 3068 446 liberetur.
3118 390 3390 456 Quemodo
3429 397 3580 465 enim,
3619 401 3658 454 si

440 484 570 538 eum
589 481 805 555 perilia
817 481 1148 552 irruperint,
1171 481 1335 536 facile
1358 482 1575 535 munita
1603 489 1923 559 capiantur;
1957 485 2040 539 ita
2121 486 2188 538 ad
2221 485 2462 554 aliquem
2493 483 2550 536 in
2579 483 2768 553 praelio
2796 481 3156 535 constitutum
3203 481 3268 536 de
3307 492 3454 554 parte
3491 488 3658 542 adver-

439 573 501 627 et
525 571 784 652 diabolus
804 575 974 642 super
993 587 1063 624 ea.
1084 587 1208 641 quae
1227 577 1422 640 patere
1441 571 1609 635 videt,
1635 577 1734 626 aut
1756 579 1904 626 certe
1929 591 2040 628 non
2123 574 2271 626 saria
2297 579 2548 626 armatus
2591 588 2734 642 equo
2772 571 2971 624 sedens
3012 571 3214 636 veniat,
3256 588 3358 625 non
3397 591 3543 644 equo,
3580 579 3661 630 sed.

439 659 678 716 ﬁrmiter
695 657 902 725 clausa,
927 659 1472 730 queritirrumpe're,
1497 665 1554 714 et
1571 660 1641 714 ad
1660 661 1836 732 ipsam
1855 677 2040 716 arcem
2123 662 2297 732 equiti
2318 661 2596 726 irascitur,
2623 667 2680 712 et
2703 667 2974 730 quantum
2997 665 3196 730 potest,
3227 659 3327 713 hoc
3345 677 3496 731 agere
3515 667 3660 734 cupit,

441 749 625 804 cordis
655 755 712 804 et
737 749 940 804 animae
965 749 1202 803 intrare.
1235 749 1305 802 Et
1331 747 1401 802 de
1433 750 1646 804 cmteris
1675 752 1797 820 ejus
1826 737 2042 804 insidiis
2123 757 2187 804 ut
2216 751 2460 821 equitem
2490 749 2786 820 percutiat,
2806 754 2860 802 et
2881 765 3084 818 equum
3100 749 3371 819 possideat
3401 770 3410 802 :
3451 751 3520 804 sic
3545 753 3663 807 circa

443 839 630 894 dicere
651 853 771 893 non
799 843 1154 904 estnecesse,
1187 853 1315 891 cum
1345 853 1409 892 ex
1440 838 1527 892 his
1563 841 1622 893 et
1659 845 1872 894 craterae
1916 857 2039 894 ver-
2123 840 2379 894 homines
2409 840 2590 894 malos
2631 837 2910 908 agendum
2953 844 3054 902 est,
3096 843 3152 891 et
3187 853 3296 890 non
3337 845 3515 893 contra
3541 841 3664 900 illos,

439 927 719 984 satiatum
741 928 864 998 ejus
876 928 1088 999 species
1103 933 1528 998 cognoscantur.
1555 929 1808 994 Διάϐολος
1837 945 2042 982 nomen
2124 929 2220 982 sed
2249 935 2444 982 contra
2473 945 2620 992 eum,
2656 927 2752 998 qui
2779 927 2906 980 illos
2944 926 3190 997 instigat,
3223 925 3353 981 totis
3387 927 3571 982 viribus
3599 932 3666 982 la-

441 1017 702 1073 G'rralcum
716 1017 1924 1092 est,quodinterpretaturcriminator..luxta
1939 1019 2044 1073 He-
2123 1018 2455 1082 borandum,
2503 1023 2567 1071 ut
2603 1018 2737 1071 dum
2774 1015 3028 1069 diabolus
3069 1015 3323 1080 vincitur,
3361 1015 3534 1070 infelix
3571 1019 3664 1084 ille,

413 1089 722 1162 ’δι-τείνετο
739 1089 1588 1184 s'erinonisproprietatem,quia
1604 1109 1660 1160 et
1677 1106 2044 1162 tribusZabu-
2125 1125 2290 1178 quem
2347 1107 2633 1177 possidere
2685 1109 2949 1176 coeperat,
2997 1104 3298 1158 liberetur?
3346 1107 3527 1166 tif-fer.)
3566 1108 3667 1159 Non

441 1194 1287 1267 ionquaindamsimilitudinem
1301 1193 1729 1266 hujusvocabuli
1750 1195 1922 1250 habet
1944 1218 2042 1255 κα-
2125 1203 2260 1267 puto
2289 1195 2526 1250 Paulum
2560 1194 2893 1248 scribentem
2939 1194 3005 1246 ad
3047 1193 3361 1246 Corinthios
3405 1193 3569 1247 dicere
3595 1211 3672 1264 po-

445 1284 736 1366 ?rapduwﬁd
754 1290 856 1348 est,
878 1285 1133 1336 deorsum.
1146 1285 1322 1352 ﬂuens
1341 1282 1449 1337 dici
1469 1285 1655 1354 potest
1678 1302 1688 1336 :
1729 1285 1875 1354 quod
1893 1285 2043 1338 scili-
2124 1285 2299 1339 tuisse
2324 1303 2334 1337 :
2361 1287 2479 1338 Non
2499 1290 2574 1338 est
2595 1285 2747 1337 nobis
2771 1285 3082 1336 colluctatio
3103 1285 3356 1334 nituersus
3383 1287 3671 1350 sanguinem

445 1371 908 1449 cetpaulatim'de
928 1370 1429 1426 virtuteadvi'tium
1453 1370 1681 1426 ﬂuxerit
1699 1371 1834 1426 etde
1849 1372 2042 1426 cmles-
2125 1380 2174 1427 et
2202 1389 2442 1436 carnem,
2483 1373 2577 1444 qui
2609 1373 2686 1426 ait
2721 1391 2731 1423 :
2786 1374 3030 1425 Tentatio
3057 1387 3144 1424 ros
3183 1389 3289 1422 non
3328 1373 3670 1438 apprehendat,

445 1458 600 1516 tibus
619 1461 1244 1516 adterrena-corruerit.
1272 1461 1474 1527 (Amb.)
1492 1463 1666 1514 Arma
1685 1459 1786 1514 Dei
1799 1461 1939 1515 ﬁdes
1961 1458 2046 1514 est
2127 1466 2240 1516 nisi
2259 1463 2507 1515 humana
2539 1481 2554 1514 :
2588 1463 2760 1528 ﬁdelis
2794 1465 2976 1514 autem
3010 1461 3150 1512 Deus
3185 1476 3293 1512 non
3321 1464 3574 1526 permittet
3605 1475 3675 1514 ros

441 1550 683 1618 stabilis,
703 1555 808 1622 pe’r
826 1551 995 1621 quam
1013 1551 1190 1604 solam
1219 1567 1441 1622 semper
1466 1551 1644 1604 victus
1671 1557 1756 1603 est
1784 1551 2039 1606 Satanas.
2127 1555 2336 1605 tentari
2361 1567 2533 1619 supra
2571 1552 2630 1604 id
2663 1549 2806 1618 quod
2841 1551 3058 1617 potestis
3098 1552 3363 1601 sustinere
3402 1549 3446 1612 (Ι
3475 1549 3581 1603 Uor.
3610 1551 3672 1615 Χ).

520 1637 798 1708 Quoniam
827 1641 940 1694 non
970 1646 1046 1694 est
1070 1639 1226 1694 nobis
1258 1643 1571 1694 colluctatio
1613 1641 1875 1693 adversus
1918 1655 2044 1693 car-
2127 1641 2392 1694 Existimo
2419 1639 2624 1710 quippe
2645 1639 2910 1692 adversus
2934 1653 3158 1690 carnem
3179 1642 3234 1689 et
3249 1637 3558 1706 sanguinem
3579 1655 3677 1690 esse

447 1731 576 1783 item
605 1733 654 1783 et
681 1730 1035 1796 Sanguinem,
1079 1729 1168 1782 sed
1207 1729 1470 1782 adversus
1513 1731 1793 1796 principes
1822 1734 1869 1781 et
1894 1733 2042 1796 pote-
2063 1713 2456 1792 Bcertamina,
2477 1727 2685 1800 quaeibi
2707 1727 3048 1780 tentationcs
3068 1725 3418 1796 appellantur
3433 1726 3676 1792 humanae,

448 1819 628 1881 states,
661 1817 923 1872 adversus
953 1819 1156 1870 mundi
1183 1821 1410 1871 rectores
1436 1817 1791 1870 tenebrarum
1815 1817 2041 1880 harum,
2128 1819 2351 1889 quando
2385 1833 2514 1870 caro
2545 1816 2887 1886 concupiscit
2918 1814 3184 1868 adversus
3215 1814 3483 1885 spiritum,
3514 1821 3564 1868 et
3582 1832 3682 1886 pro-

447 1911 643 1962 contra
701 1908 987 1976 spiritalia
1037 1908 1296 1974 nequities
1353 1909 1418 1959 in
1473 1905 1784 1960 caelestibus.
1845 1906 2046 1960 Certus
2126 1912 2286 1960 vocat
2317 1923 2417 1959 nos
2445 1906 2626 1959 facere
2647 1921 2818 1976 Opera
2846 1919 2966 1967 sua,
3001 1903 3442 1966 fornicationem,
3471 1903 3679 1956 immun-

445 1991 746 2067 Apostolus
775 1995 909 2067 quia
947 1993 1136 2061 exitia,
1179 2011 1301 2065 quae
1345 2008 1380 2048 a
1414 1995 1645 2066 perﬁdis
1683 1995 1783 2048 Dei
1821 1995 2044 2048 famulis
2127 1992 3683 2060 ditiam,luxuriam,idololatriam,inimicitias,contentio-

445 2084 788 2154 irrogantu'r,
851 2090 1080 2138 auctore
1135 2080 1374 2150 diabolo,
1420 2083 1832 2150 ministrentur,
1885 2087 2045 2155 cujus
2129 2081 3680 2148 nes,hzereses,insidias,ebrietates,comessationeSIGat.

446 2171 685 2227 altitudo
699 2172 928 2242 grandis
941 2175 999 2226 et
1008 2171 1329 2226 hominibus
1344 2171 1703 2244 impossibilis
1723 2177 1824 2238 est,
1853 2178 2046 2226 monet
2128 2177 2178 2240 ν)
2195 2177 2250 2226 et
2261 2173 2476 2243 reliqua
2489 2173 2576 2226 his
2589 2171 2810 2224 similia.
2820 2171 2992 2224 Porro
3010 2187 3124 2224 non
3140 2177 3224 2224 est
3236 2171 3471 2224 humana
3483 2170 3682 2223 tentatio

445 2258 714 2315 adversus
740 2259 860 2316 haec
887 2261 988 2316 Dei
1017 2275 1176 2315 arma
1207 2259 1498 2329 sumenda,
1540 2263 1702 2333 cujus
1729 2260 1902 2314 solius
1932 2261 2044 2313 vir-
2126 2279 2228 2314 nec
2247 2262 2512 2315 adversus
2541 2277 2763 2314 carnem
2808 2267 2864 2313 et
2901 2260 3236 2330 sanguinem
3267 2275 3464 2330 pugna,
3497 2258 3684 2328 quando

442 2355 565 2406 tute
581 2353 924 2422 superantur
934 2357 990 2404 et
1005 2349 1374 2404 destruuntur
1387 2349 1574 2403 omnia
1597 2349 2045 2403 machinamenta
2128 2357 2225 2403 aut
2238 2350 2355 2422 ipse
2378 2351 2615 2404 Satanas
2627 2349 3061 2418 transﬁguratus
3079 2349 3139 2402 in
3162 2349 3423 2418 angelum
3445 2347 3571 2400 lucis
3587 2363 3685 2417 per-

447 2439 588 2510 cjus.
649 2433 776 2511 Ipse
831 2443 914 2492 est
966 2438 1118 2492 enim
1177 2441 1336 2509 cujus
1389 2437 1660 2492 satellites
1706 2444 1855 2502 sunt,
1907 2453 2046 2508 quos
2129 2440 2364 2493 suadere
2391 2439 2611 2503 nititur,
2636 2445 2702 2490 ut
2728 2454 2857 2491 eum
2879 2438 3144 2508 angelum
3171 2438 3312 2490 lucis
3341 2435 3682 2490 arbitremur:

445 2525 809 2582 tenebrarum
871 2527 1078 2581 harum
1143 2527 1280 2580 dicit
1329 2533 1595 2591 rectores,
1664 2525 1894 2598 spiritus
1941 2543 2042 2580 ne-
2125 2535 2223 2581 aut
2267 2528 2476 2598 aliquid
2516 2529 2719 2580 horum
2767 2526 2950 2579 simile
2998 2526 3151 2592 facit,
3195 2525 3253 2579 in
3299 2525 3446 2578 omni
3487 2526 3678 2586 virtute,

447 2615 724 2688 Quissi‘mi,
755 2616 854 2686 qui
877 2613 1097 2686 degunt
1123 2617 1182 2668 in
1213 2613 1548 2681 cmlestibus,
1588 2615 1647 2669 in
1687 2615 2044 2669 firmamento
2127 2617 2300 2687 signis
2329 2621 2385 2669 et
2413 2617 2686 2686 portentis
2717 2613 3098 2680 mendacibus,
3133 2615 3193 2668 in
3225 2615 3373 2668 omni
3404 2613 3688 2684 deceptione

447 2703 674 2771 mundi;
706 2701 766 2757 hi
793 2705 930 2758 sunt
975 2703 1183 2756 erroris
1228 2703 1416 2769 duces,
1464 2704 1826 2758 tenebrarum
1867 2711 2044 2758 recto-
2126 2706 2458 2776 iniquitatis.
2489 2705 2635 2758 Nam
2667 2721 2792 2757 cum
2823 2703 3068 2774 aliquem
3097 2703 3418 2775 illaquearit
3443 2702 3684 2762 inimicus,

445 2795 556 2858 res,
594 2791 718 2847 'hoc
777 2792 869 2846 ‘est
929 2793 1263 2862 ignorantiae
1327 2799 1384 2846 et
1437 2793 1684 2863 perﬁdiae
1737 2793 2041 2864 praepositi.
2128 2801 2193 2849 ut
2222 2795 2457 2865 recipiat
2477 2810 2535 2848 se
2565 2797 2622 2846 et
2648 2793 2916 2863 loquatur
2941 2793 3000 2846 in
3032 2809 3118 2858 eo,
3153 2793 3261 2846 haec
3281 2795 3411 2846 dicit
3430 2793 3684 2853 Dominus,

447 2881 632 2951 (Aug/.3
655 2877 922 2936 Rectores
945 2881 1100 2935 enim
1121 2878 1483 2935 tenebrarum
1516 2883 1575 2935 in
1614 2897 1936 2953 perversum
1963 2883 2048 2936 in-
2128 2897 2238 2938 non
2273 2884 2430 2955 quasi
2461 2899 2589 2936 caro
2621 2888 2676 2936 et
2705 2883 2933 2952 sanguis
2959 2896 3090 2935 eum
3121 2879 3346 2952 decipit,
3371 2881 3690 2934 authumana

445 2969 736 3042 telligendi
765 2975 899 3024 sunt
924 2967 1260 3041 gubernare,
1289 2970 1452 3042 quasi
1481 2969 1895 3025 incredulitatis
1923 2987 2044 3024 ma-
2129 2973 2384 3035 tentatio,
2413 2971 2508 3026 sed
2533 2971 2688 3042 quasi
2711 2971 3058 3041 principatus
3069 2976 3128 3024 et
3149 2976 3414 3042 potestas,
3437 2974 3604 3023 rentur
3626 2973 3690 3020 te-

668 3053 912 3114 Pi'olnde
976 3055 1276 3130 Apostolus
1331 3055 1539 3113 Paulus
1595 3057 1903 3113 admonens
1942 3059 2526 3126 noanebrarum,'et
2545 3060 2796 3130 nequitia
2817 3055 3689 3130 spiritalis.Quamobremnonde-

447 3121 617 3220 quam
631 3147 788 3202 cauti
803 3149 1000 3202 contra
1019 3149 1275 3202 inimicos
1296 3163 1418 3202 esse
1437 3145 1760 3221 debeamus,
1779 3149 1860 3202 ait
1870 3149 2043 3203 servis
2125 3167 2249 3206 mus
2264 3149 2447 3204 locum
2460 3121 2805 3212 diabolo,sed
2818 3121 2874 3202 et
2886 3151 2936 3201 si
2953 3151 3189 3216 spiritus
3199 3151 3503 3218 potestatem
3523 3147 3692 3198 habrn-
3789 3143 3839 3212 ἠ

445 3237 548 3294 Dei
563 3237 658 3310 qui
670 3235 1062 3291 tribulationes
1073 3233 1432 3308 patiebantur
1448 3238 1642 3308 utique
1653 3237 2042 3304 seditionibus,
2129 3244 2197 3294 tis
2207 3241 2511 3294 ascenderit
2522 3254 2685 3306 super
2697 3238 2832 3306 nos,j
2841 3243 2976 3290 uxta
2987 3237 3135 3306 quod
3149 3237 3416 3308 scriptum
3428 3241 3525 3300 est,
3542 3239 3640 3287 loru
3650 3247 3688 3282 m

446 3318 916 3412 improbitatibus,
937 3325 1247 3380 inimicitiis
1266 3325 1558 3382 hominum
1583 3345 1594 3380 :
1632 3325 1754 3382 Non
1781 3331 1858 3381 est
1890 3328 2044 3382 nobis
2127 3343 2237 3382 non.
2261 3313 2451 3381 demus
2471 3329 2521 3380 ei
2533 3325 2718 3395 (Eccle.
2735 3338 2811 3379 Χ).
2831 3325 2991 3379 Dicat
3004 3325 3287 3395 quispiam
3307 3325 3411 3378 hoc
3438 3323 3572 3394 quod
3596 3321 3661 3374 ait
3683 3339 3690 3370 :

447 3415 758 3470 senectam
797 3415 1060 3470 adversus
1096 3429 1322 3470 carnem
1359 3421 1409 3470 et
1443 3418 1794 3484 sanguinem,
1825 3417 1916 3470 sed
1943 3415 2045 3470 ad—
2129 3415 2250 3472 Non
2263 3421 2336 3469 est
2348 3413 3090 3469 nobiscolluctatioadversus
3103 3418 3390 3467 carnemet
3403 3414 3693 3479 sanguinem

445 3505 634 3558 uersus
657 3505 956 3574 principes,
989 3503 1036 3558 ei
1053 3509 1334 3574 potestates
1363 3509 1410 3558 et
1438 3508 1670 3559 rectores
1692 3507 1911 3559 mundi.
1938 3502 2047 3558 Cu-
2127 3505 2217 3559 sed
2236 3507 2494 3558 adversus
2515 3506 2866 3572 principatus
2889 3507 2936 3556 et
2959 3505 3279 3571 potestates;
3317 3507 3373 3556 et
3393 3509 3578 3555 caetera
3596 3513 3696 3569 quae
3799 3531 3831 3554 -.

441 3593 538 3666 ius
554 3584 786 3647 mundi?
805 3591 945 3647 Coeli
975 3595 1034 3648 et
1057 3590 1224 3648 terrae
1241 3589 1266 3646 ἵ
1285 3592 1463 3648 Absit.
1497 3594 1678 3664 Hujus
1705 3593 1904 3648 mundi
1933 3610 2048 3648 non
2129 3597 2461 3664 sequuntur,
2484 3592 2608 3645 ideo
2625 3589 2752 3656 dici,
2778 3597 2841 3644 ut
2856 3589 3182 3655 doceamur,
3197 3609 3269 3646 ne
3283 3607 3345 3644 ea
3366 3591 3578 3662 quidem
3597 3601 3698 3658 qua

445 3675 536 3736 {est
560 3685 748 3737 rector
773 3681 882 3736 nisi
909 3684 1166 3736 Creator.
1197 3675 1310 3737 Sed
1353 3699 1519 3753 quem
1557 3683 1693 3738 dicit
1730 3683 2002 3738 mundum
2022 3685 2064 3744 ?,
2129 3679 2290 3737 nobis
2311 3681 2620 3734 ministrari
2641 3680 2776 3734 vitia
2793 3684 3057 3750 putamus
3079 3697 3144 3733 ex
3178 3695 3366 3746 carne,
3401 3679 3572 3733 carnis
3599 3689 3696 3730 esse

447 3771 731 3843 tinetur-es
769 3769 986 3826 mundi.
1031 3772 1284 3844 Denique
1325 3766 1484 3827 addit
1520 3777 1578 3826 et
1610 3771 1852 3844 exponit,
1903 3771 2049 3844 quod
2133 3773 2218 3826 vel
2263 3769 2571 3841 sanguinis,
2619 3769 2717 3823 sed
2765 3786 2800 3822 a
2855 3765 3192 3839 quibusdam
3251 3767 3582 3841 spiritalibus
3626 3775 3700 3818 ne-

447 3839 586 3914 dicit
611 3853 904 3915 mundum.
940 3839 1313 3915 Tenebrarum
1334 3861 1559 3915 harum.
1583 3839 1837 3926 Quarum
1853 3839 2050 3933 utique
2135 3860 2324 3932 quitiis
2335 3839 2732 3927 sdggeriSunt
2743 3858 2891 3911 enim
2909 3858 3136 3927 quidam
3150 3839 3434 3940 daemones
3453 3852 3700 3911 amoribus
3798 3893 3818 3932 ξ

449 3943 812 4003 tenebrarum
829 3947 856 4001 ?
884 3949 994 4003 nisi
1022 3947 1334 4004 inﬁdelium
1363 3957 1421 4004 et
1447 3951 1747 4021 impiorum
1774 3970 1784 4003 :
1823 3965 1953 4005 nam
1986 3967 2051 4005 ex
2135 3953 2192 4002 et
2219 3947 2510 4002 amatoriis
2532 3945 2763 4000 canticis
2787 3945 3109 4012 servientes,
3135 3954 3204 4001 ut
3223 3947 3494 4019 propheta
3512 3955 3700 4016 quoque

450 4037 637 4120 iinpiis
655 4041 717 4091 et
741 4033 1064 4092 infidelibus
1091 4053 1220 4092 cum
1247 4045 1436 4092 essent
1469 4039 1598 4092 facti
1643 4039 1718 4109 pii
1751 4043 1807 4094 et
1835 4036 2048 4107 ﬁdeles,
2133 4043 2538 4091 commemorat
2565 4033 2755 4089 dicen's
2788 4053 2799 4086 :
2835 4035 3049 4104 Spiritu
3093 4037 3487 4103 fornicationis
3526 4032 3702 4085 seducti

452 4097 656 4178 siccos
686 4123 993 4196 alloquitur
1017 4125 1169 4180 idem
1195 4097 1748 4197 Aposmlustuistis
1779 4097 2052 4182 animati;
2133 4131 2264 4179 sunt
2298 4126 2428 4196 (03c.
2484 4125 2574 4188 iv).
2619 4125 2762 4178 Nam
2807 4097 2882 4178 et-
2909 4097 3150 4178 barbara
3195 4125 3448 4196 quaedam
3503 4119 3703 4177 nomina
3807 4097 3839 4112 ἠ

417 4260 429 4268 .
453 4205 680 4282 quando
701 4204 948 4279 tenebras,
974 4215 1128 4268 nunc
1142 4219 1330 4268 autem
1345 4219 1444 4268 lux
1463 4219 1527 4268 in
1542 4217 1776 4270 Domino
1801 4213 1950 4285 (Eph.
1973 4221 2048 4286 v).
2135 4229 2330 4268 eorum
2351 4231 2472 4267 esse
2498 4213 2781 4277 dicuntur,
2815 4219 2879 4266 ut
2908 4229 3054 4284 saepe
3082 4213 3322 4268 confessi
3353 4219 3484 4267 sunt
3510 4211 3558 4264 hi
3587 4223 3702 4280 quos

452 4292 796 4358 ιέ-Αᾰυθνλεηε
816 4305 1120 4372 spiritalia,
1141 4302 1345 4373 inquit,
1376 4307 1634 4372 nequitiae
1652 4308 1715 4358 in
1737 4306 2046 4371 ccclestibus,
2068 4311 2262 4398 nitere
2304 4301 2504 4373 vulgus
2560 4301 2844 4356 maleﬁcos
2891 4309 3051 4355 vocat
3093 4307 3150 4354 et
3201 4301 3615 4359 incantationes,
3658 4300 3704 4348 et

453 4391 722 4447 adversus
750 4389 1033 4446 diabolum
1057 4392 1114 4446 et
1143 4391 1372 4464 angelos
1402 4393 1524 4463 ejus
1543 4387 1840 4458 dimicatis,
1862 4389 2052 4449 hostes
2069 4378 2116 4398 υ
2135 4409 2346 4464 preces,
2370 4397 2426 4445 et
2453 4391 2666 4445 colores
2703 4391 2861 4455 varii,
2909 4397 2964 4444 et
2995 4391 3218 4445 diversa
3258 4391 3341 4445 vel
3381 4387 3700 4444 metallorum

451 4475 668 4536 vestros
684 4483 798 4536 hon
815 4479 1033 4550 videtis,
1055 4486 1114 4536 et
1131 4480 1371 4535 vincitis.
1402 4481 1550 4536 Erue
1585 4499 1670 4536 me
1699 4483 1762 4535 de
1794 4486 2052 4538 manibus
2131 4497 2360 4552 genera,
2392 4481 2476 4534 vel
2508 4479 2778 4545 ciborum,
2811 4479 2880 4533 ad
2905 4495 3029 4550 qua:
3057 4479 3301 4534 invocati
3333 4481 3582 4534 assistere
3608 4473 3702 4528 die-

455 4573 822 4624 ini'micor'um
869 4583 1118 4625 meorum
1147 4575 1197 4625 et
1225 4585 1260 4624 α
1284 4571 1732 4640 persequentibus
1763 4587 1846 4625 me
1886 4573 2048 4639 (Psal.
2137 4585 2349 4636 mones,
2379 4573 2436 4622 et
2455 4569 2704 4622 infelices
2735 4569 2950 4622 animas
2973 4585 3172 4640 capere
3195 4574 3591 4623 memorantur.
3612 4560 3704 4616 Alii

451 4661 660 4726 cum).
692 4657 956 4715 Rectores
986 4674 1082 4716 eos
1111 4655 1308 4716 mundi
1348 4657 1505 4724 dixit,
1545 4659 1676 4730 quia
1715 4659 1820 4732 ipsi
1851 4667 2056 4732 regunt
2135 4673 2266 4712 vero
2295 4654 2615 4712 iracundias
2647 4664 2704 4711 et
2730 4658 2947 4712 furores
2976 4664 3034 4712 et
3061 4657 3207 4712 bella
3237 4658 3602 4712 committere:
3626 4648 3704 4705 alii

456 4739 754 4800 dileCtores
774 4749 969 4802 mundi
1000 4767 1011 4801 :
1038 4761 1148 4804 non
1169 4747 1319 4804 enim
1343 4753 1547 4820 regunt
1575 4747 1868 4815 mundum,
1895 4751 2055 4821 quasi
2135 4760 2374 4830 praeesse
2395 4746 2703 4801 inimicitiis
2725 4752 2782 4801 et
2811 4747 2960 4800 inter
2986 4746 3246 4801 homines
3276 4748 3406 4801 odia
3431 4743 3704 4800 concitare.
3807 4747 3810 4750 ‘
3837 4737 3839 4767 λ

453 4835 704 4890 rectores
731 4835 845 4890 sint
871 4827 995 4890 σωὶὶ
1015 4844 1074 4891 et
1098 4844 1264 4893 terra;
1287 4857 1299 4892 :
1321 4831 1420 4892 sed
1445 4835 1716 4893 mundum
1736 4845 2054 4911 peccatores
2136 4837 2279 4901 Quia
2310 4827 2428 4891 vult
2445 4853 2597 4906 ergo,
2623 4835 2799 4901 aiunt,
2839 4835 3136 4906 Apostolus
3171 4853 3276 4890 nos
3304 4837 3500 4888 docere
3527 4845 3628 4887 non
3653 4840 3707 4880 ex

457 4921 612 4990 diuit,
645 4924 694 4978 et
721 4927 966 4978 mundus
994 4939 1121 4980 eum
1152 4941 1264 4982 non
1291 4931 1537 4995 cognouit
1568 4929 1748 4994 (Joan.
1773 4931 1827 4995 ι).
1862 4927 2055 4984 Talem
2137 4931 2342 4980 natura
2358 4926 2606 4996 corporis
2627 4927 2684 4978 et
2701 4923 2771 4978 de
2791 4925 3028 4978 materia
3048 4925 3233 4978 carnis
3253 4919 3707 4993 etsanguinishzec

459 5007 734 5068 mundum
763 5011 845 5066 illi
875 5017 1096 5083 regunt,
1133 5018 1227 5086 qui
1247 5028 1360 5070 non
1380 5023 1723 5086 cognoscunt
1747 5013 2051 5071 Christum.
2137 5015 2399 5069 vitiorum
2429 5029 2639 5084 genera
2660 5013 2958 5085 procreari,
2984 5011 3080 5066 sed
3103 5012 3372 5066 instinctu
3393 5011 3702 5065 daemonum.

455 5093 604 5168 Quia
621 5102 902 5174 quomodo
925 5117 1038 5169 eos,
1063 5103 1159 5172 qui
1177 5103 1270 5157 lux
1304 5109 1452 5170 sunt,
1495 5105 1751 5159 Christus
1777 5101 2057 5176 gubernat
2137 5109 2434 5176 propterea
2462 5103 2543 5157 ait
2589 5122 2600 5156 :
2642 5103 2762 5157 Non
2811 5109 2882 5156 est
2925 5105 3076 5155 nobis
3114 5105 3428 5156 cottuctatio
3475 5101 3706 5153 adversus

459 5192 518 5244 et
543 5189 724 5270 regit:
751 5192 828 5246 sic
847 5203 960 5256 eos,
985 5190 1081 5262 qui
1101 5191 1345 5248 tenebrae
1374 5197 1526 5259 sunt,
1550 5193 1620 5247 ad
1645 5207 1810 5248 omne
1843 5195 2055 5249 malum
2138 5197 2487 5260 sanguinem.
2529 5194 2620 5246 sed
2657 5191 2915 5244 adversus
2947 5193 3300 5260 principatus
3341 5196 3386 5243 et
3429 5189 3702 5258 potestates,

399 5331 404 5337 .
461 5270 716 5334 diabolus
744 5280 1054 5358 praecipitat
1083 5285 1140 5335 et
1166 5280 1398 5351 instigat
1437 5299 1448 5334 ε
1493 5281 1598 5336 hoc
1631 5298 1764 5354 ergo
1793 5299 1896 5338 nos
1921 5283 2056 5338 hor-
2139 5287 2196 5336 et
2240 5281 2473 5352 reliqua.
2530 5277 2662 5334 Ideo
2708 5283 2897 5334 autem
2941 5295 3091 5332 nunc
3127 5295 3322 5334 eorum
3361 5277 3454 5350 qui
3501 5270 3706 5343 magicis

457 5359 617 5422 tatur
641 5365 958 5442 Apostolus,
990 5356 1056 5424 ut
1097 5383 1210 5424 non
1258 5375 1455 5424 contra
1490 5369 1773 5426 hominem
1821 5373 2052 5442 malum,
2138 5371 2387 5425 infelices
2414 5369 2627 5424 artibus
2649 5369 2918 5434 serviunt,
2941 5374 2997 5424 et
3025 5367 3202 5421 tacere
3225 5368 3336 5421 ista
3366 5364 3706 5438 perhibentur
3804 5356 3814 5366 ‘

459 5454 561 5509 sed
591 5460 787 5510 contra
813 5455 1117 5524 diabolum,
1151 5457 1248 5529 qui
1281 5471 1409 5512 cum
1449 5457 1544 5514 illo
1593 5467 1878 5532 operatur,
1930 5478 2054 5514 ore-
2139 5454 2568 5531 [prohibentur],
2609 5457 2666 5512 in
2705 5457 2951 5512 medium
2988 5457 3239 5528 exempla.
3285 5453 3626 5527 protulimus,
3651 5447 3705 5500 ut

429 5545 606 5612 ’ὼυῇ
635 5548 695 5600 et
720 5539 991 5618 quidquid
1018 5557 1316 5618 possumus
1351 5545 1642 5617 faciamus,
1695 5553 1760 5604 ut
1802 5547 2057 5606 diabolus
2137 5547 2498 5604 recordemur
2551 5547 2965 5618 [retundamus]
3004 5561 3200 5602 eorum
3245 5544 3579 5616 Opinionem,
3620 5533 3702 5607 qui
3805 5539 3811 5550 '
