3880 6146
381 285 484 345 4⁸11

976 289 1042 346 Β.
1081 288 1356 348 RABANI
1393 289 1628 348 HAURI
1661 290 1998 348 ARCHIEP.
2037 290 2362 350 MOGUNT.
2402 288 2696 348 OPEBUH
2733 287 2922 346 PARS
2955 288 3054 346 III.

3511 297 3604 354 472

383 410 667 484 quomodo
701 411 954 469 ccelcstia
1003 420 1400 488 nuncupentur
1441 421 1674 488 propter
1723 414 1976 473 volucres
1991 419 2042 478 Α
2059 419 2179 485 giat
2191 417 2351 472 homo
2369 433 2405 471 a
2422 418 2564 485 facie
2585 417 2776 483 leonis,
2807 418 2858 470 et
2876 417 3134 469 incurrat
3156 417 3220 470 in
3237 430 3423 472 ursum
3441 437 3457 484 ;
3473 424 3521 474 et
3529 422 3608 475 in-

383 499 529 570 cmli,
561 505 623 556 et
647 500 796 573 quod
815 501 876 556 in
901 513 1011 558 usu
1037 503 1264 572 dicitur,
1294 505 1540 578 pluviam
1566 505 1759 561 venire
1785 505 1857 560 de
1875 521 1983 560 cce-

385 587 444 644 lo
475 607 490 644 :
542 605 656 644 non
712 589 862 662 quod
915 591 1106 664 pluvia
1144 610 1178 648 e
1229 595 1369 650 cmlo
1415 594 1624 649 veniat.
1656 593 1981 666 Philosophi

388 676 595 749 quippe
621 676 786 734 aiunt
819 695 934 734 non
977 681 1223 753 amplius
1269 699 1438 756 quam
1485 681 1704 738 duobus
1733 681 1983 738 millibus

385 781 654 838 passuum
683 784 720 822 a
743 772 900 824 terra
923 768 1135 826 distare
1172 771 1370 840 nubes,
1403 787 1471 828 ex
1499 770 1704 845 quibus
1738 771 1983 826 fundan-

386 859 485 909 tur
507 853 710 926 pluvia
765 862 825 912 et
853 857 1036 914 imber
1081 859 1306 928 irroret,
1331 861 1496 932 juxta
1538 877 1708 933 quem
1753 877 1982 916 sensum

388 948 685 1001 cataractae
733 961 958 1020 quoque
997 949 1123 1004 coeli
1165 950 1226 1005 in
1254 949 1462 1006 diluvio
1493 955 1701 1022 apertae
1758 965 1881 1006 esse
1907 949 1984 1004 fe-

389 1039 615 1089 runtur.
645 1034 1050 1094 Verumtamen
1069 1045 1279 1110 quanto
1299 1039 1426 1111 quis
1453 1040 1614 1111 pejor
1631 1039 1984 1106 fuerit,tanto

389 1121 628 1177 vicinior
655 1123 766 1180 erit
790 1129 956 1181 terra:
983 1125 1120 1182 locis
1138 1126 1196 1182 in
1227 1127 1511 1200 pinguiori
1532 1127 1880 1183 substantiae.
1902 1127 1986 1182 Si-

391 1209 621 1282 quidem
649 1217 708 1268 et
734 1217 890 1270 terra
915 1219 976 1270 et
1010 1215 1389 1272 circumdatus
1431 1216 1594 1272 nobis
1639 1233 1738 1272 aer
1773 1215 1986 1272 habent

393 1299 794 1372 pinguedinem
823 1320 1004 1360 suam.
1060 1305 1238 1361 Aiunt
1265 1305 1495 1378 quidam
1532 1311 1592 1360 et
1626 1305 1844 1361 animas
1867 1305 1986 1361 suis

389 1389 718 1461 corporibus
753 1391 1040 1462 liberatas,
1083 1395 1131 1449 si
1177 1399 1484 1450 attenuatae
1513 1393 1724 1450 fuerint
1753 1393 1813 1448 in
1840 1411 1988 1466 prae-

390 1477 540 1536 senti
559 1477 692 1547 vita,
722 1485 782 1535 et
806 1480 964 1548 lima,
990 1487 1058 1538 ut
1073 1483 1156 1538 ita
1173 1481 1358 1538 dicam
1379 1475 1656 1546 ἀσκήσεως
1681 1488 1858 1554 atque
1880 1480 1989 1535 vir-

390 1570 580 1622 tutum
609 1567 668 1623 in
695 1567 900 1624 subtile
929 1585 1132 1642 corpus
1157 1571 1386 1639 attritas,
1407 1587 1522 1627 non
1550 1571 1902 1626 habitaturas
1926 1571 1987 1626 in

393 1652 783 1726 pinguioribus
821 1657 978 1726 locis,
1013 1659 1112 1714 sed
1157 1661 1294 1728 Deo,
1327 1661 1423 1732 qui
1463 1661 1825 1732 incorporeus
1879 1664 1982 1726 est,

2063 511 2233 560 troeat
2257 509 2322 560 in
2337 501 2566 560 domum
2577 520 2740 559 suam
2757 509 2808 558 et
2828 507 3055 558 reclinet
3076 520 3273 558 manus
3281 521 3435 576 super
3447 511 3609 576 parie-

2063 598 2169 649 tem
2187 599 2236 649 et
2250 595 2496 649 mordeat
2517 609 2644 648 eum
2661 595 2900 648 coluber.
2935 591 3132 648 Nonne
3162 595 3380 648 tenebris
3389 595 3492 650 dies
3523 597 3611 650 Do-

2062 685 2212 738 mini
2237 687 2288 738 et
2307 699 2422 738 non
2442 686 2560 749 tua,
2589 687 2639 737 et
2659 685 2836 752 caligo
2865 697 2993 736 non‘
3016 681 3215 736 habens
3259 683 3614 752 splendorem?

2066 771 2266 841 (Amos.
2283 775 2360 840 ν.)
2387 771 2678 836 Quomodo
2707 771 2860 828 enim
2888 787 3002 825 non
3049 769 3200 826 mala
3231 775 3315 825 est
3347 770 3460 826 dies
3490 771 3612 840 haec,

2064 857 2188 932 quae
2214 859 2464 916 tenebris
2509 864 2570 915 et
2623 859 2864 930 caligine
2914 857 3232 927 involvitur,
3267 858 3335 913 de
3367 875 3472 931 qua
3511 861 3614 915 Joel

2063 966 2286 1022 quoque
2305 949 2584 1022 propheta
2600 953 3009 1004 commemorat
3027 948 3220 1003 dicens
3251 965 3264 1001 :
3297 949 3477 1004 Canite
3503 951 3618 1003 tuba

2065 1042 2129 1094 in
2149 1037 2285 1094 Sion
2305 1055 2324 1092 :
2346 1039 2640 1108 pradicate
2669 1041 2732 1093 in
2768 1043 2952 1093 monte
2972 1042 3158 1092 sancto
3177 1052 3309 1104 meo,
3341 1041 3387 1090 et
3413 1039 3620 1104 confun-

2064 1129 2279 1182 dantur
2290 1143 2476 1182 omnes
2487 1129 2588 1196 qui
2597 1127 2848 1184 habitant
2870 1127 3368 1195 terram,quoniam
3375 1126 3480 1179 dies
3493 1127 3620 1180 adest

2063 1217 2293 1272 Domini
2295 1218 2449 1285 ,quia
2457 1232 2626 1285 prope
2636 1221 2710 1270 est
2723 1217 2836 1270 dies
2848 1216 3202 1270 tenebrarum
3212 1219 3263 1269 et
3275 1215 3624 1280 turbinis,dies

2067 1305 2275 1360 nebula:
2293 1309 2344 1358 et
2371 1306 2632 1372 caliginis
2672 1305 2822 1376 (laet.
2854 1305 2918 1376 ιι)
2949 1323 2964 1372 ;
3005 1309 3064 1359 et
3111 1301 3416 1376 Sophonias
3455 1301 3518 1356 de
3542 1319 3625 1356 ea-

2065 1392 2196 1448 dem
2221 1393 2315 1447 die
2331 1393 2583 1464 loquitur
2613 1409 2626 1446 :
2657 1393 2863 1461 Magna
2879 1409 3049 1462 prope
3075 1397 3126 1446 et
3155 1395 3306 1446 vetor:
3324 1377 3518 1456 nimis;
3538 1407 3625 1445 eoa

2067 1483 2180 1538 diei
2199 1483 2430 1536 Domini
2455 1497 2676 1548 amara,
2697 1485 2748 1536 et
2763 1482 2932 1548 dura,
2955 1486 3004 1534 et
3023 1483 3188 1550 fortis
3211 1497 3227 1534 :
3247 1481 3358 1534 dies
3387 1482 3498 1547 ira,
3529 1481 3628 1534 dies

2069 1573 2190 1636 illa,
2215 1572 2331 1625 dies
2351 1573 2624 1639 angustia:
2649 1575 2701 1624 et
2759 1572 3095 1624 necessitatis
3114 1567 3290 1638 (Soph.
3319 1569 3376 1635 ι),
3423 1572 3478 1622 et
3517 1567 3633 1621 reli-

2069 1675 2198 1730 qua.
2222 1659 2360 1714 Post
2377 1675 2500 1730 quae
2521 1658 2691 1714 infert
2716 1675 2730 1712 :
2752 1659 2821 1713 Et
2847 1660 3105 1730 afﬂigam
3125 1658 3387 1722 homines,
3404 1660 3449 1709 et
3467 1657 3637 1710 ambu-

393 1743 608 1800 vicinas
631 1744 787 1801 fore:
839 1747 890 1802 si
926 1764 1056 1804 vero
1084 1749 1228 1804 tales
1254 1749 1485 1817 fuerint,
1541 1749 1611 1804 de
1649 1747 1852 1821 quibus
1879 1747 1990 1803 dici
2007 1735 2056 1796 Β
2079 1735 2276 1802 labant
2295 1753 2360 1802 ut
2387 1751 2528 1816 caci,
2552 1751 2688 1817 quia
2701 1747 2934 1802 Domino
2949 1749 3312 1816 peccaverunt
3331 1744 3504 1816 (Apoc.
3531 1747 3635 1812 xu).

331 1864 340 1873 κ
393 1831 606 1904 possit:
638 1834 776 1890 Filii
805 1836 1120 1905 hominum,
1147 1855 1424 1908 usquequo
1449 1839 1616 1906 gravi
1641 1839 1799 1892 corde
1821 1839 1986 1909 (Psai.

397 1923 492 1991 Iv),
520 1920 636 1978 sive
667 1923 864 1995 pingui
909 1925 1096 1994 corde,
1125 1927 1435 1982 secundum
1462 1925 1852 1982 crassitudinis
1878 1942 1994 1984 sua

395 2009 620 2086 ppndus
637 2010 710 2066 ad
743 2011 942 2069 inﬁma
959 2015 1180 2070 detrahi
1200 2020 1258 2070 et
1275 2015 1618 2086 pinguedine
1631 2015 1988 2086 praegravari.

399 2074 536 2154 ἰάσει
553 2099 659 2154 hoc
687 2104 746 2154 et
771 2100 911 2156 illud
939 2103 1154 2175 pariter
1171 2074 1580 2172 disserendum,
1603 2074 1676 2159 an
1704 2074 1809 2158 hac
1837 2109 1996 2158 terra

401 2189 461 2241 et
497 2202 628 2242 aere
674 2188 878 2261 aliquis
926 2191 1191 2264 pinguior
1225 2193 1379 2248 locus
1405 2193 1500 2258 sit,
1533 2191 1684 2264 quia
1712 2192 1995 2264 plerisque

401 2272 722 2348 appellatur
738 2279 1016 2348 Infernus,
1051 2281 1111 2336 in
1139 2297 1250 2353 quo
1277 2281 1358 2347 hi,
1391 2281 1488 2353 qui
1517 2281 1782 2336 dicuntur
1807 2280 1992 2348 inferi,

400 2373 845 2423 commorantur.
871 2367 1116 2434 Quinam
1141 2387 1274 2426 vero
1303 2369 1397 2426 isti
1451 2369 1566 2424 sint
1603 2375 1679 2436 et,
1711 2385 1882 2441 quam
1909 2368 1996 2423 vel

314 2475 324 2480 -
401 2453 802 2526 cognitionem,
836 2457 922 2512 vel
951 2459 1335 2514 diversitatem
1379 2457 1642 2524 habeant,
1676 2459 1746 2512 ad
1774 2475 1872 2513 eos
1899 2457 1995 2529 qui

401 2541 683 2614 spiritalia
708 2545 976 2617 nequitis
1023 2547 1084 2602 in
1132 2546 1450 2602 caelestibus
1478 2547 1852 2619 appellantur,
1883 2563 1997 2602 non

407 2634 496 2685 est
546 2633 840 2702 prasentis
894 2635 1165 2706 temporis
1220 2635 1527 2707 disputare.
1559 2635 1859 2707 Reliquum
1889 2641 1993 2703 est,

402 2721 470 2773 ut
495 2719 630 2790 quid
658 2719 810 2776 inter
835 2723 1286 2778 colluctationem
1315 2723 1502 2778 carnis
1530 2729 1590 2778 et
1615 2723 1925 2793 sanguinis,
1943 2731 2002 2780 et

403 2804 556 2862 inter
583 2813 832 2864 rectores
857 2809 1219 2866 tenebrarum
1237 2811 1477 2866 istarum
1508 2815 1566 2866 et
1591 2810 1871 2882 spiritalia
1895 2827 1998 2866 ne-

405 2894 598 2966 quitia:
614 2896 675 2952 in
703 2897 1022 2954 ccelestibus
1050 2899 1142 2967 sit,
1175 2899 1236 2954 in
1263 2898 1482 2954 duobus
1501 2899 1650 2972 apud
1669 2901 2000 2972 Apostolum

2071 1836 2147 1892 Ut
2175 1835 2352 1907 igitur
2395 1837 2573 1908 possit
2612 1835 2739 1906 quis
2774 1835 2835 1890 in
2861 1836 2967 1891 hac
2992 1835 3086 1890 die
3137 1832 3356 1888 diabolo
3381 1832 3633 1898 resistere,

2071 1925 2206 1996 quia
2233 1925 2354 1996 ipse
2383 1930 2471 1979 est
2494 1931 2788 1980 accusator
2803 1924 3045 1980 fratrm
3074 1927 3642 1989 nostrorum,assnmat

2074 2013 2265 2068 omnia
2277 2029 2435 2067 arma
2453 2013 2556 2068 Dei
2581 2031 2593 2066 :
2611 2013 2716 2068 hoc
2731 2014 2883 2068 enim
2893 2018 3059 2069 sonat
3084 2005 3378 2078 πανοπλία,
3392 2016 3568 2066 nonut
3590 2011 3640 2064 in

2073 2100 2272 2157 Latino
2301 2099 2632 2174 simpliciter
2664 2118 2830 2157 arma
2855 2101 3134 2157 translata
3159 2107 3312 2168 sunt,
3345 2099 3438 2154 sed
3481 2098 3642 2154 omni-

2073 2189 2179 2245 bus
2205 2190 2334 2246 telis
2361 2191 2647 2262 armisque
2665 2191 3001 2258 succinctus,
3032 2189 3102 2245 de
3133 2189 3336 2262 quibus
3363 2194 3420 2244 et
3436 2203 3644 2259 sequen-

2075 2278 2228 2334 tibus
2255 2279 2584 2351 explicatur,
2614 2281 2757 2336 sciat
2797 2297 2859 2335 se
2885 2286 3022 2336 tunc
3062 2285 3218 2334 stare
3267 2295 3444 2350 posse,
3467 2277 3511 2332 si
3537 2277 3643 2330 uni-

2076 2383 2238 2422 versa
2281 2367 2455 2434 fuerit
2481 2375 2764 2441 Operatus,
2795 2375 2862 2424 ut
2905 2369 3106 2441 plenus
3131 2367 3346 2424 cunctis
3371 2364 3642 2422 virtutibus

2077 2456 2336 2512 stabilem
2372 2459 2512 2528 ﬁgat
2543 2458 2804 2529 gradum,
2838 2464 2896 2513 et
2951 2473 3066 2512 non
3112 2461 3402 2512 moveatur
3427 2455 3494 2510 de
3519 2453 3637 2519 acie,

2078 2545 2262 2617 sitque
2290 2563 2356 2600 ex
2389 2546 2498 2613 his,
2545 2546 2614 2600 de
2671 2545 2874 2618 quibus
2909 2546 3220 2601 Dominus:
3271 2545 3414 2602 Sunt
3437 2543 3640 2612 quidam

2079 2635 2143 2688 de
2189 2635 2279 2689 hic
2320 2636 2631 2689 astantibus
2680 2635 2891 2704 (Matth.
2940 2638 3045 2697 va)
3082 2653 3097 2702 ;
3143 2639 3202 2690 et
3230 2633 3340 2689 alio
3369 2632 3512 2687 loco:
3545 2631 3645 2686 Ete-

2082 2724 2205 2776 nim
2219 2723 2324 2790 βαι
2341 2725 2500 2777 statis
2519 2722 2600 2795 (Il
2617 2723 2737 2778 Cor.
2769 2723 2808 2794 ι)
2831 2741 2844 2790 ;
2867 2728 2926 2778 et
2949 2723 3256 2778 Psalmista
3286 2741 3298 2776 :
3332 2723 3548 2787 Statuit,
3575 2717 3646 2772 in-

2082 2815 2222 2883 quit,
2243 2827 2416 2880 supra
2442 2817 2660 2881 petram
2699 2813 2854 2882 pedes
2875 2828 3017 2866 meos
3051 2813 3216 2882 (Psat.
3251 2819 3448 2870 xxxrxl.
3475 2807 3646 2864 Tertia

2083 2915 2306 2972 quoque
2333 2917 2368 2954 a
2385 2899 2720 2972 quibusdam
2746 2900 3142 2972 interpretatio
3162 2898 3558 2964 subinducitur,
3577 2895 3648 2949 di-

405 2983 758 3041 manifestius
771 2987 1054 3043 discamus
1084 2987 1424 3059 agminibus.
1458 2988 1693 3054 Quando
1712 2988 1864 3043 enim
1882 2990 2004 3043 vult
2027 3051 2061 3059 _
2083 2987 2338 3044 centibus
2369 3005 2383 3041 :
2425 3005 2539 3044 non
2568 3005 2736 3044 omne
2773 2989 3070 3044 adversum
3099 2989 3388 3044 diabolum
3417 2984 3646 3059 praelium

406 3070 684 3130 humanas
703 3076 1064 3144 tentationes,
1104 3051 1210 3132 hoc
1229 3082 1316 3132 est
1341 3051 1796 3133 colluctationem
1813 3079 2000 3133 carnis
2019 3051 2064 3112 Ο
2082 3081 2266 3131 morte
2279 3076 2450 3142 ﬁniri,
2481 3077 2578 3132 sed
2592 3093 2720 3132 cum
2738 3077 2808 3132 de
2823 3077 3024 3132 saeculo
3046 3077 3159 3132 isto
3193 3051 3507 3142 exierimirs,
3533 3079 3651 3127 tunc

408 3165 468 3215 et
493 3159 801 3234 sanguinis-
811 3163 1081 3234 indicare,
1105 3165 1420 3238 despiciens
1441 3183 1537 3221 eas
1547 3171 1719 3239 atque
1746 3172 2000 3222 contem-

403 3263 546 3304 nens
571 3249 825 3324 loquitur
855 3271 870 3308 :
901 3255 1035 3322 Quis
1074 3271 1172 3310 nos
1199 3257 1472 3326 separabit
1499 3271 1535 3309 a
1565 3257 1834 3310 charitate
1859 3256 2001 3310 Dei?

412 3337 740 3408 Tributatio,
764 3359 842 3398 an
881 3347 1164 3412 angustia,
1197 3360 1276 3398 an
1296 3347 1599 3414 persecutio
1617 3350 1643 3398 Ρ
1661 3344 1834 3408 (Rom.
1865 3343 2001 3417 vm.)

406 3426 644 3492 Quando
669 3447 802 3486 vero
829 3431 1030 3488 docere
1058 3449 1162 3488 nos
1191 3433 1309 3488 vult
1326 3433 1396 3488 de
1409 3432 1744 3488 adversariis
1759 3437 2002 3504 potesta-

405 3514 642 3584 tibus,et
654 3520 970 3576 rectoribus
987 3521 1434 3589 tenebrarum,et
1449 3521 1795 3592 spiritalibus
1808 3521 2002 3593 nequi-

405 3604 502 3662 tiae
519 3606 580 3662 in
614 3607 952 3678 cmlestibus,
983 3609 1055 3664 ab
1079 3611 1190 3666 alio
1221 3611 1381 3684 quasi
1417 3611 1600 3682 capite
1640 3609 1818 3666 sumit
1843 3627 2001 3666 exor-

405 3692 565 3750 dium
594 3701 653 3751 et
679 3697 820 3753 dicit
845 3716 858 3752 :
907 3701 1099 3757 Certus
1120 3717 1246 3756 sum
1274 3703 1426 3754 enim
1453 3703 1588 3769 quia
1619 3715 1790 3768 neque
1827 3715 1996 3768 mors,

405 3799 580 3853 neque
601 3788 738 3854 vita,
760 3791 819 3842 et
843 3787 1081 3860 reliqua.
1111 3788 1390 3845 Prolixius
1417 3787 1655 3844 forsitan
1687 3805 1857 3860 quam
1887 3787 2001 3842 lec-

403 3877 500 3929 tor
521 3873 778 3944 voluerit,
809 3875 880 3932 de
906 3877 1013 3932 hoc
1039 3877 1285 3950 capitulo
1327 3877 1678 3951 disputatum
1733 3876 1808 3930 sit
1836 3895 1848 3930 :
1879 3876 1995 3944 sed,

404 3977 614 4034 quaso,
635 3963 733 4019 det
747 3965 971 4020 veniam
998 3966 1317 4021 difﬁcultati
1347 3966 1499 4021 illius
1530 3965 1638 4020 loci
1675 3969 1734 4020 et
1750 3981 2003 4037 persona:

407 4049 799 4122 Ephesiorum,
851 4053 948 4124 qui
995 4060 1123 4125 post
1167 4060 1320 4109 artes
1351 4054 1600 4124 magicas
1629 4053 1772 4108 scire
1801 4053 2005 4108 debue-

407 4143 539 4193 rant
555 4155 592 4192 a
619 4138 824 4210 quibus
849 4141 1088 4196 fuissent
1116 4143 1419 4214 aliquando
1439 4143 1680 4214 decepti.

479 4228 776 4296 Propterea
794 4231 1024 4298 accipite
1049 4235 1412 4285 armaturam
1440 4231 1558 4297 Dei,
1591 4236 1655 4284 ut
1682 4233 1902 4300 possitis
1920 4245 2004 4284 re-

2081 3163 2244 3219 nobis
2269 3163 2396 3218 forti
2404 3181 2470 3218 us
2493 3171 2552 3219 et
2567 3165 2818 3236 apertius
2835 3165 3214 3237 prmsentibus
3233 3171 3428 3220 contra
3441 3175 3654 3236 praesen-

2082 3258 2169 3308 tes
2197 3253 2452 3308 futurum
2483 3269 2604 3308 esse
2623 3259 2940 3322 certamen;
2981 3259 3040 3309 et
3065 3253 3145 3308 sic
3181 3254 3319 3309 illud
3339 3252 3480 3326 quod
3508 3249 3656 3323 paulo

2083 3347 2217 3400 ante
2244 3342 2622 3413 exposuimus,
2645 3349 2950 3414 exponunt,
2975 3359 3147 3412 neque
3169 3345 3482 3414 praesentia,
3505 3353 3655 3408 neque

2081 3431 2572 3499 futuramtfutura
2582 3431 2698 3488 hac
2706 3431 3185 3504 dicantesse,quae
3194 3437 3323 3504 post
3330 3431 3496 3486 vitam
3509 3429 3656 3483 istam

2082 3519 2454 3574 sintineunda
2463 3521 2791 3575 certamina.
2813 3521 2930 3576 Nec
2944 3537 3057 3576 non
3071 3521 3285 3576 etillud
3304 3540 3316 3574 :
3335 3523 3657 3590 Quapropter

2079 3609 2590 3676 contendimus,sive
2599 3611 2662 3664 in
2666 3612 2926 3679 presenti
2929 3611 3058 3676 ,sive
3066 3613 3129 3664 in
3140 3612 3570 3678 futuro,ptacere
3579 3604 3660 3658 illi

2083 3696 2286 3766 (IIDor.
2318 3699 2390 3765 v),
2418 3703 2990 3770 utpraesenstempus,
3021 3697 3172 3753 hanc
3192 3697 3654 3764 vitam,futurumv

2082 3790 2210 3857 post
2219 3791 2458 3840 mortem
2467 3785 2771 3858 signiﬁcari
2781 3792 3000 3859 putent.
3007 3787 3125 3842 Hoc
3135 3803 3365 3859 quoque
3376 3783 3517 3858 quod
3527 3794 3658 3836 nunc

2083 3873 2312 3929 dicitur:
2337 3875 2405 3928 Et
2423 3879 2616 3930 omnia
2636 3879 2866 3946 operati,
2882 3883 3047 3942 stare,
3071 3875 3144 3930 ad
3159 3875 3426 3930 eumdem
3452 3881 3658 3926 sensum

2085 3962 2330 4018 referent
2350 3983 2362 4016 :
2387 3963 2548 4034 quasi
2567 3980 2680 4018 non
2701 3964 2877 4034 possit
2895 3963 3102 4036 aliquis
3120 3965 3321 4018 omnia
3336 3963 3396 4017 in
3417 3953 3658 4033 praesenti

2083 4051 2200 4106 vita
2211 4051 2567 4122 operari,sed
2595 4069 2661 4107 ex
2684 4057 2846 4124 parte
2871 4053 3008 4124 quid
3026 4052 3215 4120 faciat,
3249 4053 3398 4106 sicut
3424 4067 3489 4104 ex
3515 4050 3656 4119 parte

2083 4139 2288 4206 videat,
2321 4146 2380 4194 et
2395 4156 2462 4194 ex
2479 4145 2640 4212 parte
2670 4141 2970 4213 prophetat
2990 4159 3002 4194 :
3027 4146 3086 4195 et
3103 4148 3243 4196 tunc
3258 4140 3499 4213 perfecte
3525 4141 3658 4190 stare

2082 4228 2284 4292 valeat,
2298 4245 2426 4284 cum
2450 4229 2712 4284 universa
2738 4229 2910 4284 fuerit
2923 4229 3376 4302 operatus.Alius
3403 4243 3528 4281 vero
3545 4224 3662 4278 sim-

405 4317 594 4370 sistere
603 4319 670 4370 in
683 4317 773 4371 die
794 4321 946 4372 malo
957 4323 1007 4372 et
1026 4322 1091 4373 in
1101 4320 1358 4374 omnibus
1362 4319 1596 4388 perfecti
1613 4323 1779 4372 stare.
1795 4317 2004 4390 (Hier.)
2017 4327 2066 4388 D
2084 4316 2282 4388 plicius
2290 4317 2408 4372 haec
2422 4318 2668 4390 exponit,
2684 4317 2904 4373 dicens:
2940 4318 3291 4390 Ephesiosad
3306 4317 3522 4373 futuras
3548 4318 3658 4366 ten-

406 4403 571 4460 Diem
606 4404 821 4462 malum
835 4411 936 4462 aut
955 4423 1204 4479 praesens
1238 4411 1462 4479 tempus
1497 4407 1760 4473 ostendit,
1791 4407 1862 4461 de
1889 4424 2002 4478 quo

404 4494 806 4566 supradixerat
821 4513 835 4550 :
857 4497 1194 4553 Redimentes
1207 4499 1710 4566 tempus,quoniam
1725 4497 1840 4551 dies
1860 4499 2002 4552 mali

404 4589 558 4650 sunt,
583 4589 818 4656 propter
833 4585 1128 4656 angustias
1162 4591 1221 4640 et
1237 4585 1367 4640 vitae
1393 4585 1566 4657 hujus
1591 4584 1831 4652 labores,
1863 4585 2000 4656 quia

403 4685 522 4726 non
533 4671 747 4744 absque
765 4673 970 4729 sudore
989 4681 1046 4730 et
1071 4674 1379 4730 certamine
1407 4673 1764 4746 pervenimus
1784 4673 1856 4728 ad
1883 4673 2000 4745 pal-

403 4774 558 4814 mam
589 4777 603 4814 :
661 4767 764 4816 aut
813 4769 966 4818 certe
1020 4763 1522 4819 consummationis
1564 4767 1736 4834 atque
1775 4762 1994 4834 judicii,

401 4847 628 4921 quando
652 4849 927 4920 diabolus,
955 4851 1218 4908 inimicus
1246 4859 1304 4908 et
1319 4852 1538 4919 vindex,
1563 4851 1622 4906 in
1651 4867 1756 4906 sua
1773 4866 1877 4904 nos
1905 4867 2000 4906 cu-

393 4936 517 5010 piet
542 4944 704 5010 parte
719 4939 984 5008 retinere,
1007 4941 1077 4996 de
1097 4958 1212 5014 qua
1242 4940 1596 5007 liberabitur,
1618 4939 1714 5010 qui
1733 4939 1999 5010 intelligit

397 5043 821 5100 superegenum
851 5035 911 5086 et
943 5046 1284 5102 pauperem:
1312 5033 1381 5085 In
1406 5031 1496 5084 die
1519 5031 1673 5084 enim
1695 5031 1847 5084 mala
1870 5029 1999 5084 tibe-

393 5119 546 5172 rabit
565 5134 693 5174 eum
726 5119 997 5174 Dominus
1023 5121 1194 5189 (Psal.
1217 5125 1328 5189 χι).
1362 5118 1491 5172 Haec
1518 5123 1605 5172 est
1633 5117 1753 5172 dies
1781 5117 1851 5172 de
1884 5133 1998 5189 qua

388 5209 451 5259 et
477 5205 589 5260 alio
617 5205 739 5262 loco
767 5206 1042 5278 scripturn
1073 5212 1158 5261 est
1199 5223 1212 5258 :
1253 5206 1382 5260 Ecce
1411 5209 1559 5260 venit
1601 5207 1718 5260 dies
1757 5208 1858 5259 ira
1896 5207 1998 5260 Do-

397 5295 714 5362 mini(1sai.
732 5303 875 5363 xm};
901 5301 962 5350 et
972 5293 1132 5350 alibi:
1157 5295 1281 5348 Dies
1300 5297 1453 5348 enim
1463 5295 1694 5349 Domini
1706 5297 1998 5348 insatiabi-

399 5382 471 5435 tis
496 5383 957 5452 ueniet/uroriset
966 5385 1228 5453 irztlsai.
1250 5383 1434 5452 xxur);
1457 5387 1516 5437 et
1532 5397 1785 5438 rursum:
1815 5385 1890 5438 Va:
1909 5385 1998 5437 de-

395 5468 771 5540 siderantibus
779 5472 1168 5528 diemDomini
1187 5489 1200 5524 :
1219 5476 1282 5525 ut
1301 5472 1592 5542 quiduobis
1612 5472 1760 5525 diem
1769 5473 1996 5526 Domini

396 5559 676 5625 et'hacest
703 5559 932 5626 tenetur:
957 5566 1146 5618 etnon
1174 5563 1274 5616 tua:
1301 5559 1806 5636 ;quemadmoaum
1832 5561 1886 5614 si
1901 5560 1992 5626 fu-

2081 4406 2326 4461 tationes
2345 4411 2403 4460 et
2419 4407 2856 4478 persecutiones,
2879 4423 3018 4478 quas
3030 4407 3142 4461 illis
3151 4407 3366 4462 Paulus
3379 4400 3660 4476 Apostolus

2080 4499 2208 4566 post
2223 4495 2368 4548 hanc
2376 4494 2684 4566 Epistolam
2697 4496 3022 4568 prophetico
3033 4495 3236 4568 spiritu
3251 4494 3476 4550 videbat
3487 4503 3659 4564 prove-

2081 4582 2509 4650 nire,cohortari
2521 4590 2580 4638 et
2599 4599 2848 4652 monere,
2871 4590 2936 4640 ut
2955 4584 3148 4639 omnia
3182 4585 3414 4650 faciant,
3436 4597 3532 4654 per
3549 4592 3660 4650 quae

2079 4671 2362 4744 possintin
2377 4671 2487 4727 ﬁde
2499 4678 2651 4728 stare
2661 4673 3074 4744 Evangelii,nec
3083 4673 3142 4728 in
3149 4671 3535 4746 persecutione
3547 4681 3658 4722 cor-

2081 4777 2270 4816 ruere:
2293 4761 2445 4815 diem
2463 4767 2656 4816 autem
2675 4761 2886 4816 malam
2899 4761 3122 4834 proprie
3142 4761 3213 4816 de
3242 4756 3658 4834 quadragesimo

2079 4855 2272 4904 octavo
2283 4850 2498 4922 psalmo
2525 4849 2868 4905 arbitrarnur
2883 4867 3006 4906 esse
3029 4867 3179 4906 nunc
3194 4855 3502 4922 sumptam.
3523 4845 3659 4899 State

2079 4953 2204 5006 ergo
2219 4941 2486 4994 succincti
2509 4942 2721 4994 lumbos
2750 4945 2950 5002 uestros
2972 4942 3035 4994 in
3054 4942 3303 4994 veritate.
3327 4937 3486 5004 Quod
3509 4937 3660 5007 juxta

2077 5025 2330 5082 membra
2348 5027 2534 5082 carnis
2563 5033 2622 5083 et
2639 5027 2888 5099 corporis
2899 5028 3089 5083 omnia
3109 5027 3369 5083 membra
3384 5027 3579 5082 anima:
3604 5022 3657 5076 in

2077 5115 2382 5188 Scripturis
2423 5121 2696 5172 vocentur
2749 5116 2888 5171 nulli
2919 5116 3156 5172 dubium
3198 5122 3304 5184 est,
3351 5117 3423 5172 de
3469 5111 3658 5186 quibus

2076 5221 2254 5260 unum
2282 5210 2418 5277 puto
2465 5223 2588 5261 esse
2636 5207 2740 5260 hoc
2771 5205 3110 5274 membrum,
3143 5207 3378 5272 lumbos,
3411 5219 3565 5276 quos,
3597 5204 3656 5252 ut

2077 5295 2440 5366 accingamus
2465 5295 2720 5362 veritate,
2753 5295 3097 5366 praccipitur.
3130 5293 3416 5366 Scriptum
3438 5297 3519 5348 est
3533 5304 3658 5362 quo—

2078 5397 2188 5454 que
2214 5381 2275 5436 in
2311 5383 2614 5454 Evangelia
2647 5377 2784 5434 κατὰ
2826 5377 3034 5434 Δουκᾶν
3061 5401 3073 5436 :
3110 5383 3238 5440 Sint
3285 5382 3466 5436 lumbi
3501 5379 3656 5434 uestri

2075 5473 2328 5538 accincti,
2379 5476 2427 5526 et
2459 5475 2698 5526 lucerna:
2750 5471 3006 5526 ardentes
3059 5473 3124 5527 in
3176 5471 3440 5525 manibus
3474 5467 3655 5523 uestris

2078 5560 2222 5631 (Luc.
2248 5561 2362 5632 xu).
2388 5559 2534 5624 Quia
2557 5559 2736 5630 igitur
2759 5557 2936 5614 lumbi
2957 5559 3018 5614 in
3041 5558 3412 5632 generatione
3439 5569 3651 5628 semper
