3880 6146
207 303 294 360 473-

527 293 1108 372 ENABRATIONUM
1143 295 1224 352 IN
1264 296 1420 355 EPP.
1442 295 1678 386 PAULI
1715 296 1854 384 LIB.
1895 296 2101 354 XVIII.
2129 326 2195 339 —-
2225 296 2304 354 IN
2343 295 2566 354 EPIS'I‘.
2605 297 2704 354 AD
2739 297 2993 356 EPHES.

3224 375 3235 378 _
3294 295 3398 357 m

203 423 476 496 accipiuntur
507 424 566 474 et
591 419 827 486 semine,
856 419 1169 476 secundum
1195 421 1340 476 illud
1367 439 1381 476 :
1415 423 1491 477 De
1519 424 1713 492 [ructu
1727 423 1877 484 Aest
1903 421 2118 478 Christi
2139 421 2465 493 Evangelia,
2480 427 2539 477 et
2557 437 2686 478 cum
2702 422 2984 478 calceatus
3003 422 3178 478 fuerit
3191 435 3403 493 praepa-

204 513 424 572 lumbitui
437 525 637 580 ponam
653 525 818 578 super
847 510 1113 564 thronum
1130 515 1293 564 tuum
1323 511 1489 578 (Psal.
1503 514 1712 578 cxxxr),

202 611 244 657 et
263 599 363 656 alibi
391 616 402 650 :
428 597 610 652 Adhuc
636 601 702 650 in
732 597 936 651 lumbis
953 603 1072 652 erat
1089 599 1215 652 Levi
1235 601 1418 668 patris
1435 603 1528 654 sui
1551 601 1719 654 Abra-

201 693 309 755 haut,
341 686 536 757 quando
581 687 820 739 obuiauit
854 689 907 739 ei
949 687 1329 742 Melchisedech
1369 689 1551 755 (Hebr.
1599 691 1715 758 vn),

198 778 360 834 videmr
387 773 532 830 nobis
581 773 886 829 accinxisse
930 773 1150 829 lumbos
1189 792 1341 843 suas,
1375 777 1472 848 qui
1512 793 1721 849 nequa-

199 883 321 938 quam
343 863 478 918 uxori
506 861 760 918 debitum
789 862 991 930 reddit,
1025 880 1127 918 nec
1154 865 1326 920 servit
1353 864 1588 932 libidini,
1619 865 1720 920 sed

194 955 388 1010 imitatur
400 951 708 1022 ingenitum
729 952 926 1018 Deum,
948 953 1329 1023 generationis
1347 953 1587 1025 negotiis
1605 971 1720 1010 non

487 1039 610 1095 Hoc
629 1039 778 1094 idem
804 1056 933 1095 reor
960 1047 1018 1095 et
1043 1041 1184 1096 illud
1203 1041 1537 1113 signiﬁcare,
1569 1043 1718 1114 quod

189 1132 374 1186 Joannes
419 1145 614 1184 zonam
659 1129 952 1202 pelliceam
1009 1129 1252 1185 habebat
1304 1131 1452 1186 circa
1496 1131 1717 1186 lumbos

189 1234 284 1272 suos
316 1217 506 1290 (Matth.
555 1216 660 1288 ur),
703 1221 761 1272 et
801 1234 914 1274 non
955 1224 1079 1272 erat
1112 1218 1182 1273 de
1231 1219 1342 1274 illis
1389 1219 1714 1287 immundis,

133 1375 138 1380 ἦ
186 1307 254 1378 qui
275 1313 472 1378 propter
518 1307 737 1365 ﬂuxum
773 1305 1002 1362 seminis
1035 1312 1194 1362 extra
1229 1312 1416 1363 castra
1459 1309 1716 1382 projecti,

184 1411 278 1450 eum
293 1410 403 1448 arca
427 1394 651 1448 Domini
669 1393 925 1450 habitare
951 1411 1065 1450 non
1093 1403 1362 1467 possunt;
1383 1414 1486 1452 nec
1514 1414 1580 1452 ex
1608 1398 1715 1464 his,

185 1483 234 1538 de
255 1481 424 1553 quibus
457 1482 518 1536 in
557 1482 824 1538 Numeris
861 1483 1127 1540 scribitur
1157 1502 1169 1538 :
1216 1485 1344 1542 Sint
1397 1489 1719 1542 vestimenta

183 1575 267 1640 ejus
287 1573 474 1624 dissuta
505 1564 704 1642 (Num.
741 1571 874 1638 vru).
926 1573 1032 1638 Qui
1062 1579 1252 1628 autem
1286 1575 1509 1629 Christo
1540 1575 1719 1630 accin-

181 1665 271 1714 ctus
284 1665 356 1714 est
378 1659 626 1728 veritate,
645 1659 763 1714 haec
782 1661 1112 1717 vestimenta
1129 1663 1188 1716 in
1209 1663 1387 1717 altum
1407 1663 1636 1734 colligit,
1661 1669 1718 1719 et

1798 517 1956 566 ratus
1975 515 2078 576 est,
2097 517 2155 565 et
2172 515 2520 582 praeparatus
2539 527 2652 566 non
2673 527 2735 566 se
2747 516 2909 583 putet
2927 527 3051 566 esse
3065 509 3398 583 perfectum,

1798 601 1898 656 sed
1909 599 1980 654 ad
1996 600 2102 654 hac
2115 605 2481 671 praeparetur,
2500 605 2564 655 ut
2578 606 2795 672 pergat,
2810 606 2868 655 et
2878 617 3118 672 pergens
3129 598 3319 652 veniat
3327 597 3400 652 ad

1799 689 1989 744 ﬁnem.
2011 689 2189 758 Super
2217 691 2410 743 omnia
2435 692 2758 758 accipientes
2783 685 3004 744 scutum
3023 690 3170 756 ﬁdei,
3203 691 3266 741 in
3295 703 3401 756 quo

1794 780 2014 848 possitis
2067 780 2259 832 omnia
2302 781 2500 847 jacula
2539 781 2783 846 maligni
2820 781 2982 846 ignea
3033 779 3396 844 exstinguere.

1801 866 1971 932 Quasi
1998 867 2202 922 dixerit
2227 883 2240 918 :
2261 867 2326 922 In
2346 866 2500 922 omni
2519 883 2688 938 opere
2712 871 2934 938 portate
2953 866 3214 938 clypeum
3245 863 3395 929 ﬁdei,

1801 960 1866 1010 ut
1905 955 2130 1028 possitis
2165 955 2300 1010 tecti
2354 961 2523 1027 atque
2562 955 2767 1010 muniti
2813 955 3068 1027 excipere
3112 954 3398 1009 venientes

1799 1045 2052 1114 sagittas,
2089 1050 2146 1099 et
2172 1044 2282 1099 huc
2312 1048 2482 1115 atque
2510 1043 2643 1100 illuc
2671 1049 2794 1098 arte
2837 1061 2932 1098 eas
2981 1041 3180 1098 bellica
3224 1042 3397 1096 decli-

1798 1149 1954 1188 nare.
1996 1133 2125 1187 Haec
2152 1139 2240 1188 est
2266 1132 2423 1200 ﬁdes,
2455 1150 2626 1204 quam
2665 1138 2725 1187 et
2751 1132 3036 1187 Abraham
3065 1137 3194 1203 post
3221 1131 3401 1186 multa

1801 1238 1972 1294 apera
2000 1227 2171 1294 atque
2193 1221 2428 1276 virtutes
2455 1221 2544 1276 vix
2571 1221 2756 1292 potuit
2775 1221 3104 1293 promereri,
3137 1225 3202 1274 ut
3229 1220 3300 1274 de
3331 1235 3398 1274 eo

1801 1310 2092 1382 Scriptura
2118 1311 2329 1366 diceret
2354 1329 2366 1364 :
2389 1311 2633 1368 Credidit
2652 1309 2939 1366 Abraham
2968 1311 3074 1365 Deo
3101 1314 3150 1363 et
3180 1321 3399 1378 reputa-

1802 1403 1922 1453 tum
1951 1404 2024 1453 est
2063 1402 2115 1452 ei
2141 1401 2217 1452 ad
2252 1400 2542 1467 justitiam
2575 1397 2750 1461 (Rom.
2792 1399 2888 1466 1v).
2922 1397 3226 1468 Perspicua
3266 1402 3400 1452 sunt

1799 1493 1991 1542 autem
2031 1487 2222 1558 jacula
2268 1486 2520 1557 maligni,
2554 1503 2677 1558 quae
2715 1487 2836 1540 vult
2878 1486 3102 1540 mittere
3131 1486 3188 1540 in
3230 1485 3399 1540 corda

1798 1584 1993 1631 nostra
2011 1593 2113 1648 per
2140 1575 2506 1646 cogitationes
2534 1574 2826 1647 pessimus,
2849 1575 2919 1629 de
2948 1573 3150 1646 quibus
3172 1575 3312 1644 jecit
3337 1573 3397 1655 ip

1799 1681 1896 1720 cor
1923 1665 2100 1733 Judae,
2131 1671 2196 1720 ut
2218 1665 2469 1719 traderet
2491 1664 2855 1719 Salvatorem.
2890 1664 3087 1734 Itaque
3117 1679 3221 1717 nec
3239 1662 3396 1733 priu-

177 1765 348 1802 sursum
370 1749 560 1814 trahit,
599 1755 658 1802 et
683 1749 964 1804 nudorum
997 1749 1238 1806 laterum
1266 1751 1576 1808 ﬁnditatem
1603 1751 2006 1826 bal-Bcipium
2034 1753 2262 1825 quidem
2287 1753 2492 1808 habere
2519 1753 2728 1824 poterit
2757 1753 3017 1808 inimicus
3045 1751 3248 1807 animae
3274 1749 3399 1804 ναις

177 1843 243 1892 teo
277 1837 486 1909 spiritali
548 1837 714 1903 velat,
767 1839 1013 1910 stringit,
1069 1839 1322 1907 includit,
1383 1848 1442 1896 et
1485 1848 1717 1913 paratus

173 1927 224 1980 ad
255 1926 478 1996 praelium
527 1933 639 1992 est,
672 1933 731 1980 et
755 1943 928 1998 opera
965 1927 1138 1990 habet
1179 1929 1442 1994 lucentia,
1475 1947 1598 2002 quae
1627 1931 1718 1985 lu-

173 2030 307 2068 cernae
331 2014 590 2068 dicuntur
620 2015 902 2070 ardentes.
933 2017 1000 2071 Et
1034 2019 1228 2071 induti
1255 2021 1430 2072 lorica
1456 2023 1712 2087 justitiw.

173 2103 289 2156 Sicut
309 2102 520 2157 difﬁcile
575 2103 906 2159 vulneratur
947 2105 1005 2160 in
1036 2105 1124 2159 his
1169 2107 1255 2160 vel
1293 2107 1536 2161 maxime
1580 2107 1717 2162 locis

171 2207 262 2262 quae
301 2191 456 2246 vitam
497 2197 723 2259 tenent,
772 2193 868 2265 qui
915 2194 1221 2249 confertam
1271 2195 1456 2250 hamis
1498 2201 1556 2250 et
1603 2196 1716 2252 fer-

167 2281 248 2333 reis
277 2280 494 2336 invicem
533 2281 767 2336 circulis
783 2267 790 2278 ’
805 2299 865 2337 se
887 2287 1178 2338 tenentem
1216 2283 1446 2338 loricam
1495 2285 1718 2340 virtutis

167 2368 346 2422 indutus
364 2375 445 2424 est
464 2389 477 2423 :
508 2370 601 2425 ita
619 2371 718 2442 qui
736 2377 824 2426 est
844 2371 1225 2427 circumdatus
1249 2372 1544 2445 multiplici
1564 2378 1716 2429 veste

161 2457 360 2527 justitia,
391 2475 491 2513 nec
521 2459 602 2513 ad
644 2459 1071 2516 similitudinem
1101 2461 1248 2516 cervi
1277 2461 1338 2516 in
1365 2463 1530 2532 jecur
1571 2461 1717 2517 acci-

165 2546 250 2615 piet
280 2547 558 2618 sagittam,
591 2565 696 2603 nec
725 2549 786 2603 in
815 2549 1096 2604 desideria
1123 2555 1346 2606 corruet
1372 2557 1430 2606 et
1457 2551 1676 2606 furores
1699 2571 1712 2620 ;

164 2634 233 2688 sed
248 2635 340 2690 erit
355 2637 574 2692 mundo
602 2637 789 2702 corde,
807 2636 1022 2692 habens
1051 2638 1327 2693 artiﬁcem
1342 2639 1513 2709 hujus
1531 2639 1716 2694 loricae

163 2722 316 2791 Deum;
335 2725 426 2796 qui
455 2724 772 2797 unicuique
801 2731 1124 2782 sanctarum
1153 2727 1342 2782 omnia
1361 2743 1523 2783 arma
1551 2726 1718 2782 fabri-

162 2817 294 2878 catur,
324 2819 377 2866 et
401 2829 514 2868 non
561 2813 697 2867 sinit
725 2830 856 2870 eum
893 2831 929 2869 a
949 2815 1138 2886 jacula
1165 2816 1387 2871 volante
1413 2833 1516 2888 per
1541 2816 1712 2882 diem,

161 2907 202 2952 et
235 2917 263 2954 a
291 2902 501 2973 sagittis
551 2901 880 2959 ardentibus
917 2903 1134 2975 percuti
1180 2906 1393 2975 pariter
1438 2911 1496 2959 et
1535 2905 1711 2960 exuri.

160 2986 209 3041 Et
241 2994 442 3045 catceati
489 2993 658 3061 pedes
712 2995 777 3046 in
822 2996 1232 3062 praeparatione
1280 2995 1572 3062 Evangelii
1609 3010 1715 3064 pa-

1795 1843 2077 1910 nerandaz,
2109 1843 2159 1896 si
2188 1842 2538 1897 tenuerimus
2576 1849 2798 1896 scutum
2828 1843 2958 1896 ﬁdei
2999 1860 3012 1894 :
3053 1841 3111 1896 in
3143 1857 3253 1912 qua
3285 1856 3394 1894 non

1795 1932 1978 1986 solum
2007 1930 2289 1986 venientia
2314 1931 2430 1985 tela
2447 1931 2804 2001 franguntur,
2827 1931 2924 1984 sed
2955 1930 3126 1985 etiam
3152 1930 3398 1984 telorum

1797 2021 1916 2093 ipse
1929 2020 2076 2092 ignis
2087 2018 2480 2090 exstinguitur,
2499 2019 2568 2074 de
2587 2035 2698 2090 quo
2717 2023 2776 2073 et
2793 2019 3069 2090 propheta
3087 2018 3398 2090 complorat

1797 2109 1988 2164 dicens
2019 2127 2032 2162 :
2057 2111 2252 2166 Omnes
2271 2110 2666 2176 adulterantes,
2683 2110 2847 2177 quasi
2864 2109 3119 2162 clibanus
3134 2108 3300 2161 corda
3317 2123 3398 2160 eo-

1799 2215 1932 2252 rum
1960 2199 2078 2266 (Ose
2103 2198 2216 2268 vn).
2249 2197 2358 2261 Qui
2390 2197 2540 2252 hunc
2568 2195 2872 2250 umbonem
2901 2195 3031 2250 ﬁdei
3063 2211 3235 2250 manu
3263 2195 3396 2249 forti

1797 2285 2064 2352 tenuerit,
2096 2291 2155 2340 et
2179 2287 2422 2341 confisus
2442 2286 2502 2339 in
2531 2285 2788 2352 Domino,
2811 2284 3001 2338 scierit
3031 2301 3090 2338 se
3121 2283 3396 2338 avenien-

1804 2375 1955 2430 tibus
1967 2374 2172 2446 jaculis
2199 2391 2322 2429 esse
2349 2390 2630 2440 securum,
2661 2374 2924 2444 loquetur
2949 2371 3266 2443 intrepidus
3291 2389 3302 2424 :
3327 2373 3393 2425 In

1797 2465 2030 2520 Domino
2049 2464 2276 2532 conﬁdo,
2295 2463 2559 2532 quomodo
2579 2465 2764 2517 dicitis
2782 2465 2986 2516 animas
3006 2477 3164 2516 mea:
3196 2461 3396 2514 Trans-

1798 2555 1984 2622 migra
1993 2555 2056 2606 in
2068 2553 2964 2622 montem,sicutpassequuoniam
2976 2567 3087 2604 ecce
3093 2554 3394 2620 peccatores

1799 2643 2143 2696 tetenderunt
2159 2657 2378 2708 arcum,
2404 2645 2752 2710 paraverunt
2767 2641 2998 2708 sagittas
3019 2655 3149 2692 suas
3169 2641 3232 2692 in
3258 2638 3395 2707 pha-

1797 2735 1968 2796 retra,
2000 2735 2063 2784 ut
2092 2731 2352 2798 sagittent
2380 2731 2444 2783 in
2473 2730 2696 2782 obscuro
2735 2732 2903 2781 rectos
2929 2729 3086 2782 corde
3119 2727 3282 2796 (Psat.
3315 2730 3391 2794 x).

1797 2817 1939 2874 Cum
1965 2835 2119 2889 ergo,
2169 2818 2370 2890 inquit,
2408 2817 2685 2872 conﬁdam
2715 2817 2774 2872 in
2820 2815 3078 2881 Domino,
3113 2831 3226 2888 qua
3255 2814 3393 2868 mihi

1796 2907 1942 2962 datis
1970 2907 2189 2962 ratione
2219 2906 2532 2972 consilium,
2567 2911 2763 2960 utnon
2790 2909 2935 2960 stem
2962 2905 3260 2959 adversum
3289 2904 3392 2958 ini-

1796 2996 2070 3050 micorum
2097 2995 2361 3066 impetus,
2387 3000 2445 3049 et
2466 2995 2656 3066 jacula
2683 3011 2806 3066 qua
2835 2998 3030 3048 contra
3058 3008 3149 3047 me
3168 2993 3228 3046 in
3254 2991 3394 3064 pha-

160 3078 228 3129 cis.
273 3078 604 3150 Diligentius
653 3079 962 3146 observate,
1003 3081 1153 3152 quod
1192 3082 1462 3137 virtutem
1513 3099 1714 3154 quam-
1735 3079 1962 3141 Cretris
1993 3089 2465 3156 praeparaverunt,
2495 3083 2744 3138 volentes
2776 3099 2891 3137 non
2927 3082 3110 3136 solum
3152 3097 3261 3146 me,
3293 3081 3392 3134 sed

160 3162 256 3219 dam
285 3167 474 3224 animae
503 3158 881 3242 appellaverit
908 3170 1097 3241 pedes,
1131 3170 1334 3242 quibus
1361 3171 1715 3242 ingredimur

156 3251 199 3305 in
219 3270 288 3322 eo,
308 3257 397 3327 qui
425 3257 570 3313 dicit
605 3276 620 3312 :
654 3259 764 3327 Ego
787 3275 913 3313 sum
939 3263 1052 3326 via,
1089 3265 1148 3314 et
1183 3276 1323 3332 quas
1351 3277 1456 3314 nos
1493 3265 1716 3332 oportet

158 3341 352 3398 calcare
389 3347 810 3418 praeparatione
853 3348 1138 3419 Evangelii
1175 3348 1346 3419 pacis.
1398 3349 1464 3404 In
1511 3349 1715 3404 horum

156 3430 621 3490 alceamentarum
673 3438 914 3506 ﬁguram
970 3442 1028 3491 et
1075 3437 1171 3490 illa
1227 3437 1608 3492 calcearnenta
1653 3438 1713 3492 in

158 3517 300 3574 Exodo
311 3531 740 3593 praecesserunt,
761 3541 884 3596 quae
903 3524 1110 3580 habere
1131 3525 1339 3597 pascha
1363 3526 1714 3582 vescentibus

156 3606 430 3680 imperatur,
466 3619 528 3668 et
560 3613 654 3667 his
690 3613 787 3685 qui
815 3615 885 3668 ad
914 3613 1233 3670 faciendum
1267 3614 1378 3669 iter
1412 3616 1714 3686 praeparati

155 3697 371 3755 sunt:Sic
385 3705 561 3769 enim,
580 3701 682 3767 ait,
706 3704 1115 3757 manducabitis
1143 3704 1319 3757 illud:
1339 3705 1520 3758 lumbi
1546 3707 1716 3758 vestri

151 3789 339 3843 accincti
360 3796 410 3844 et
439 3795 822 3845 calceamenta
847 3795 1026 3845 vestra
1053 3793 1118 3846 in
1150 3793 1380 3860 pedibus
1415 3795 1629 3859 vestris,
1663 3797 1712 3847 et

154 3873 295 3929 baculi
308 3881 474 3932 uestri
499 3883 569 3933 in
597 3880 861 3933 manibus
890 3882 1102 3943 vestris;
1115 3885 1165 3934 et
1180 3881 1464 3936 comedetis
1491 3883 1711 3936 illudin

150 3960 471 4024 festinatione.
503 3967 719 4024 Pascha
741 3973 817 4022 est
846 3971 998 4022 enim
1017 3969 1247 4023 Domini
1273 3969 1456 4036 (Exod.
1480 3979 1596 4042 xu).
1621 3969 1713 4025 Si-

151 4065 282 4118 gnum
289 4055 571 4126 siquidem
586 4057 1014 4128 praeparationis
1025 4062 1130 4123 est,
1145 4073 1274 4111 cum
1285 4057 1642 4120 festinatione
1653 4063 1712 4114 et

151 4138 360 4196 calceatis
376 4144 626 4216 pedibus
653 4145 967 4213 comedere,
998 4151 1062 4200 ut
1087 4145 1434 4202 corroborati
1459 4147 1709 4218 paschali

151 4226 404 4286 cibalatam
415 4240 476 4288 et
487 4233 824 4288 horribilem
845 4235 1061 4306 possint
1070 4251 1326 4289 eremum
1343 4235 1705 4307 pertransire.

153 4312 228 4378 Qui
252 4335 374 4391 ergo
409 4322 605 4378 adhuc
635 4321 906 4390 ambulat,
948 4323 1216 4379 calcietur
1248 4341 1261 4377 :
1295 4324 1390 4394 qui
1424 4341 1555 4380 vero
1587 4326 1710 4394 jam

149 4403 342 4463 Iordane
361 4413 708 4467 transmisso
735 4416 946 4467 terram
975 4413 1425 4484 repromissionis
1454 4413 1704 4468 intravit.

153 4494 287 4550 nudet
315 4500 541 4570 pedem.
579 4501 752 4568 Solve,
786 4500 884 4568 ait,
915 4505 1346 4556 calceamentum
1373 4503 1437 4555 de
1477 4503 1710 4571 pedibus

153 4585 231 4635 luis
255 4605 270 4638 :
295 4591 438 4642 locus
483 4591 642 4644 enim
689 4593 755 4644 in
791 4606 896 4659 quo
921 4595 1053 4656 stas,
1099 4595 1251 4644 terra
1277 4594 1472 4645 sancta
1512 4595 1605 4645 est.
1650 4591 1710 4646 Si

155 4670 244 4738 quis
265 4690 370 4730 non
398 4682 490 4731 est
515 4677 686 4732 Iesus
708 4679 880 4745 Nave,
911 4694 1016 4732 nec
1042 4678 1346 4749 apostolus,
1370 4679 1582 4733 calceat
1607 4695 1708 4750 pe-

154 4755 222 4811 des
233 4777 350 4818 suos
366 4766 426 4820 in
447 4765 868 4836 praeparatione
889 4765 1174 4836 Evangelii
1193 4767 1344 4838 pacis
1361 4785 1372 4821 :
1399 4765 1447 4821 si
1468 4767 1594 4839 quis
1611 4783 1709 4822 au-

155 4851 235 4901 tem
249 4853 528 4923 apostolus
545 4859 650 4920 est,
658 4859 718 4909 et
731 4855 878 4910 inter
885 4855 1181 4910 duodecim
1194 4855 1480 4910 numerari
1500 4861 1704 4928 potest,

155 4949 458 5012 nequaquam
479 4943 654 4998 tollat
674 4943 734 4998 in
747 4943 836 4998 via
853 4944 1294 4999 calceamentum
1311 4961 1496 5011 suum,
1514 4961 1616 5000 nec
1635 4945 1702 5000 ad

157 5029 418 5097 scorpiones
457 5038 520 5086 et
571 5030 830 5086 colubros
859 5033 1218 5088 declinaudos
1250 5034 1574 5088 calcaneum
1619 5039 1706 5089 te-

153 5119 444 5191 S‘lﬁedjam
455 5127 888 5176 consummatus
896 5127 1067 5194 atque
1077 5122 1355 5194 perfectus
1363 5127 1476 5177 stet
1488 5123 1546 5177 in
1555 5128 1709 5178 terra

157 5211 315 5270 Win,
342 5216 400 5262 et
425 5210 591 5264 vivat
607 5209 664 5264 in
683 5209 927 5278 Christo,
949 5217 1008 5266 et
1025 5217 1297 5281 sequatur
1319 5213 1544 5282 Agnum
1573 5229 1708 5283 quo-

156 5302 336 5365 uinique
357 5298 533 5352 vadit.
551 5298 836 5362 Quaeritur
854 5304 1180 5353 utrumnam
1199 5300 1272 5354 ad
1290 5299 1706 5354 distinctionem

159 5373 382 5452 Enngelii
415 5385 674 5454 alterius,
699 5403 850 5442 nunc
877 5387 1099 5456 dixerit,
1124 5388 1274 5459 pacis
1303 5389 1706 5460 Evangelium?

159 5477 208 5519 η
225 5477 353 5528 certe
376 5474 679 5546 proprium
707 5475 784 5530 sit
806 5476 912 5530 hoc
930 5477 1234 5549 Evangelii,
1248 5483 1314 5532 ut
1336 5477 1490 5549 pacis
1522 5478 1704 5532 Evan-

161 5552 316 5619 κείω
323 5563 686 5618 nominetur?
698 5562 806 5628 Qui
824 5563 1002 5634 igitur
1014 5564 1184 5620 habet
1196 5581 1411 5638 pacem,
1423 5565 1702 5622 calceatus

1795 3173 1966 3228 etiam
1995 3189 2190 3228 omnes
2217 3179 2400 3228 rectos
2434 3173 2601 3227 corde
2631 3171 2968 3244 percutere?
3009 3169 3148 3226 Ecce
3178 3175 3266 3224 sto
3295 3185 3393 3224 su—

1795 3278 1896 3333 per
1909 3266 2147 3332 petram,
2163 3266 2217 3314 at
2237 3279 2271 3314 η
2279 3277 2349 3314 an
2367 3261 2706 3331 transmigro
2727 3262 2787 3314 in
2807 3258 3388 3323 montestenebrosas,

1795 3357 1854 3405 et
1879 3351 2070 3405 omnia
2092 3349 2207 3404 tela
2243 3349 2488 3404 hostium
2535 3350 2776 3421 repulsa,
2811 3349 2871 3403 in
2917 3349 3067 3420 ipsos
3113 3347 3211 3420 qui
3253 3347 3392 3401 diri-

1792 3443 1930 3510 geut
1955 3443 2374 3494 convertuntur.
2406 3439 2475 3493 Et
2501 3443 2716 3506 galeam
2753 3439 2952 3492 salutis
2980 3440 3225 3506 accipite.
3249 3435 3388 3490 Pro-

1794 3533 1922 3599 pter
1959 3527 2104 3582 hanc
2143 3528 2367 3598 galeam
2404 3527 2604 3581 salutis
2640 3543 2836 3581 omnes
2877 3525 2936 3580 in
2978 3525 3160 3596 capite
3199 3529 3391 3579 nostra

1793 3633 1992 3670 sensus
2016 3616 2222 3686 integri
2242 3621 2603 3687 perseverant
2627 3634 2639 3668 :
2662 3621 2720 3668 et
2737 3614 2980 3670 maxime
3001 3613 3168 3679 oculi,
3183 3613 3252 3666 de
3273 3613 3393 3682 qui-

1791 3703 1896 3759 bus
1933 3705 1994 3758 in
2023 3703 2353 3759 Ecclesiaste
2392 3703 2656 3759 Salomon
2682 3704 2766 3757 ait
2794 3721 2807 3756 :
2845 3703 3124 3772 Sapientis
3147 3703 3296 3755 oculi
3323 3703 3389 3754 in

1791 3795 1965 3862 capite
2021 3797 2137 3861 ejus
2197 3793 2388 3860 (Eccle.
2428 3795 2507 3859 ιι).
2551 3791 2773 3846 Sciebat
2829 3790 2980 3844 enim
3035 3789 3186 3862 quod
3243 3794 3391 3843 esset

1791 3881 1896 3936 viri
1921 3886 2108 3953 caput,
2137 3885 2196 3936 et
2223 3881 2455 3952 quinam
2483 3880 2578 3934 isti
2605 3879 2751 3934 oculi
2777 3879 2837 3934 in
2871 3878 2975 3932 viri
3003 3877 3186 3950 capite
3215 3877 3390 3932 collo-

1792 3971 1922 4026 cati.
1967 3971 2026 4026 Si
2055 3969 2204 4025 enim
2233 3974 2402 4042 caput
2429 3969 2578 4023 illius
2609 3975 2696 4023 est
2723 3968 3000 4035 Christus,
3033 3973 3092 4022 et
3120 3967 3268 4022 oculi
3295 3983 3388 4021 sa-

1791 4059 1998 4131 pientis
2035 4059 2095 4114 in
2133 4059 2314 4132 capite
2342 4059 2466 4129 ejus
2493 4065 2644 4125 sunt,
2679 4057 2936 4129 sequitur
2978 4062 3045 4112 ut
3073 4056 3256 4112 omnis
3286 4073 3388 4110 na-

1793 4153 1910 4203 ster
1935 4165 2150 4215 sensus,
2183 4164 2362 4214 mens,
2407 4147 2692 4218 cogitatio,
2727 4163 2933 4214 sermo,
2975 4145 3270 4201 consilium
3297 4165 3310 4213 ;
3341 4147 3388 4200 si

1791 4243 1981 4292 tamen
1998 4237 2280 4309 sapientes
2298 4236 2588 4300 fuerimus,
2604 4236 2662 4290 in
2683 4235 2908 4291 Christo
2927 4235 3056 4292 sint.
3078 4236 3144 4290 In
3167 4235 3390 4290 Christo

1791 4332 1980 4381 autem
2007 4325 2210 4394 Verba,
2244 4325 2474 4393 lumine,
2507 4325 2762 4393 veritate,
2787 4325 3031 4397 justitia,
3065 4324 3390 4394 cunctisque

1725 4396 2108 4470 Dvirtutibus.
2172 4416 2374 4485 (Amb.)
2425 4415 2703 4480 Quoniam
2758 4396 2955 4469 centra
3009 4412 3389 4466 atrocissimas

1791 4503 1978 4559 hostes
2000 4509 2058 4558 et
2076 4503 2229 4561 omni
2256 4503 2718 4574 tergiversatione
2741 4502 2972 4556 callidos
3000 4499 3209 4554 bellum
3235 4499 3387 4568 geri-

1792 4608 1936 4660 mus,
1968 4593 2174 4647 idcirca
2204 4592 2360 4646 omni
2391 4591 2611 4646 cautela
2659 4596 2717 4644 et
2754 4587 3130 4644 sollicitudine
3157 4587 3388 4658 vigilare

1789 4679 2075 4748 debemus,
2097 4687 2162 4734 ut
2181 4696 2546 4751 quaecumque
2569 4678 2914 4733 tentaverint
2937 4677 3182 4732 munitos
3211 4691 3314 4730 nos
3331 4680 3391 4729 et

1788 4775 2129 4841 praeparatos
2156 4768 2464 4823 inveniant.
2495 4769 2736 4822 Necesse
2759 4771 2847 4822 est
2875 4767 3026 4821 enim
3056 4771 3122 4820 ut
3151 4771 3208 4820 et
3239 4765 3390 4820 Deus

1788 4857 2017 4928 adjuvet
2063 4873 2202 4928 quos
2231 4856 2436 4911 viderit
2463 4856 2524 4910 in
2551 4854 2811 4926 precibus
2839 4855 3070 4926 vigilare
3109 4860 3167 4909 et
3195 4854 3264 4908 de
3295 4870 3388 4908 ar-

1788 4946 1897 5001 mis
1925 4947 2046 5017 ejus
2081 4951 2400 5017 exspectare
2441 4943 2754 5000 victoriam.
2787 4945 2854 5000 In
2893 4943 3217 5016 hujusmodi
3255 4959 3389 5014 ergo

1787 5034 1934 5090 bello
1989 5034 2180 5090 sobria
2222 5040 2412 5090 mente
2450 5049 2592 5106 opus
2628 5039 2716 5088 est
2756 5039 2815 5089 et
2857 5049 3000 5104 pura
3025 5031 3386 5096 conscientia,

1789 5123 1922 5196 quia
1963 5139 2078 5177 non
2127 5129 2325 5178 contra
2371 5121 2619 5177 carnalia
2665 5122 2950 5194 nequitiae,
2983 5119 3080 5174 sed
3121 5119 3388 5174 adversus

1788 5201 2066 5284 spiritalia
2093 5211 2410 5266 dimicatur.
2437 5211 2647 5266 Contra
2678 5210 2992 5282 terrigenas
3019 5208 3172 5263 enim
3197 5207 3388 5262 hostes

1787 5317 1990 5372 corpus
2008 5299 2208 5370 sagina
2227 5298 2544 5366 roboratur,
2559 5307 2617 5355 et
2637 5299 2850 5372 poculis
2870 5314 3029 5352 mens
3047 5295 3385 5366 incenditur,

1787 5394 1852 5444 ut
1877 5389 2230 5460 repugnandi
2251 5393 2444 5443 sumat
2461 5388 2759 5443 audaciam
2780 5404 2793 5436 :
2819 5385 3088 5440 adversus
3107 5384 3259 5440 enim
3277 5386 3389 5458 spi-

1786 5477 1974 5532 ritalia
2000 5477 2266 5549 nequitiae
2295 5476 2627 5548 spiritaliter
2645 5474 3076 5548 repugnandum
3094 5477 3200 5541 est,
3222 5479 3282 5528 et
3299 5491 3387 5528 sa-

1783 5565 2038 5622 brietatis
2065 5572 2127 5620 et
2141 5565 2498 5622 abstinentia
2521 5580 2684 5619 arma
2710 5563 2986 5619 sumenda
3012 5568 3167 5631 sunt,
3198 5569 3264 5618 ut
3293 5563 3383 5616 in-
