3880 6146
483 257 590 322 475

1074 254 1138 320 Β.
1481 245 1715 321 unum
1751 236 2088 322 tamen
2127 235 2453 322 siceum.
2494 245 2794 320 opem
2828 239 3014 322 rans
3045 249 3149 322 in.

3595 269 3686 330 tib

481 378 591 448 fusi
623 380 817 448 sancto
846 373 1059 466 Spiritu
1094 386 1418 445 immundos
1447 394 1506 444 et
1542 391 1809 446 erraticas
1848 391 2078 464 spiritus
2094 392 2365 459 Afungor
2382 393 2446 444 in
2475 396 2684 454 catena,
2708 387 2772 444 ut
2787 387 2984 444 notum
3003 381 3252 444 videlicet
3267 389 3492 446 facerem
3510 399 3688 466 myste-

483 479 860 538 devincamus.
885 480 976 536 Sic
995 479 1188 551 itaque
1209 480 1597 550 succingemus
1613 478 1835 534 lumbos
1857 486 2077 536 nostros

483 571 540 625 in
569 571 821 637 veritate,
855 571 902 624 si
931 569 1115 641 parati
1146 586 1341 624 sumus
1371 570 1547 624 errori
1579 570 1859 624 resistere.
1880 570 2077 624 Omnis

481 659 632 712 enim
654 659 751 732 qui
777 659 998 730 operari
1037 659 1154 712 vult
1183 658 1458 728 succingit
1493 674 1572 726 se,
1600 661 1665 712 ut
1689 656 1876 713 ablato
1904 659 2078 730 impe-

479 745 730 826 dimento
763 745 1089 818 diligentius
1118 750 1398 818 operetur.

550 832 618 890 Et
631 835 888 906 gladium
909 837 1172 906 Spiritus,
1190 835 1334 905 quod
1353 839 1429 890 est
1450 835 1679 890 verbum
1699 831 1798 890 Dei
1816 853 1832 886 :
1850 849 1952 904 per
1967 850 2078 890 om-

481 925 606 979 nem
635 927 941 980 orationem
969 929 1019 979 et
1047 915 1488 991 obsecrationem,
1517 930 1736 979 orantes
1763 927 1920 978 omni
1949 927 2077 978 tem-

475 1030 605 1083 pore
627 1015 689 1068 in
701 1013 995 1083 Spiritu,et
1017 1016 1079 1067 in
1091 1016 1204 1083 ipso
1224 1012 1516 1082 vigilantes
1542 1017 1604 1066 in
1623 1016 1780 1067 omni
1801 1013 2074 1067 instantia

479 1107 528 1156 et
550 1103 709 1174 prece
733 1118 837 1175 pro
867 1103 1124 1156 omnibus
1159 1103 1364 1156 sanctis
1393 1109 1442 1156 et
1481 1119 1584 1170 pro
1623 1119 1708 1155 me
1737 1091 1938 1174 (Hier.)
1972 1094 2072 1156 Dei

479 1207 664 1246 sermo
693 1190 762 1246 de
795 1189 1012 1264 Spiritu
1041 1193 1232 1245 sancto
1261 1189 1387 1246 ﬂuit
1420 1211 1435 1244 :
1485 1193 1800 1245 contrarius
1829 1201 1958 1244 vero
2004 1184 2072 1244 de

479 1281 632 1334 terra
649 1278 916 1352 loquitur,
932 1285 990 1335 et
1009 1279 1140 1334 inde
1163 1279 1341 1333 sumit
1361 1279 1669 1334 exordium.
1705 1282 1812 1348 Qui
1840 1281 1990 1334 enim
2011 1281 2073 1334 de

481 1369 631 1423 terra
650 1373 742 1435 est,
775 1369 838 1422 de
869 1373 1020 1422 terra
1045 1369 1312 1438 loquitur.
1347 1369 1455 1436 Qui
1480 1369 1544 1422 de
1581 1373 1704 1423 caelo
1734 1371 1882 1422 venit
1909 1377 2074 1438 super

479 1473 662 1512 omnes
681 1461 774 1522 est,
793 1462 840 1511 et
857 1459 1000 1527 quod
1020 1458 1138 1512 vidi
1142 1461 1160 1510 t
1179 1461 1224 1511 et
1245 1459 1480 1521 audivit,
1512 1458 1608 1510 hoc
1631 1463 1864 1512 testatur
1882 1459 2068 1527 (Joan.

475 1543 757 1616 m).Porro
777 1561 962 1600 sermo
981 1545 1084 1601 Dei
1093 1541 1316 1618 gladius
1330 1545 1572 1618 Spiritus
1593 1551 1696 1612 est,
1714 1545 1782 1600 de
1799 1563 1908 1620 quo
1923 1563 2074 1602 nunc

478 1635 686 1689 Paulus
716 1633 798 1690 ait
825 1654 836 1688 :
873 1635 1099 1690 Gladius
1129 1636 1394 1704 Spiritus,
1439 1635 1582 1705 quod
1618 1641 1692 1689 est
1722 1637 1948 1690 verbum
1977 1637 2074 1690 Dei

2157 481 2304 534 rium
2327 479 2630 550 Evangelii,
2644 475 2888 532 breviter
2906 477 3400 550 perstringendum.
3413 479 3480 536 Et
3494 482 3692 553 quidem

2159 569 2254 639 qui
2283 567 2612 640 simpliciter
2630 565 2912 637 intelligit,
2937 568 3085 622 dicet
3110 576 3335 640 propter
3350 571 3690 626 testimonium

2159 653 2368 711 Christi
2390 671 2519 711 eum
2535 657 2604 710 de
2630 669 2853 709 carcere
2875 659 2932 710 et
2950 657 3018 710 de
3035 657 3243 712 catenis
3262 657 3374 712 haec
3383 655 3559 713 Romae
3575 659 3697 730 posi-

2157 736 2287 800 tum
2300 747 2508 818 scripta
2525 743 2744 800 misisse
2761 761 2773 774 ·
2793 741 2938 800 alius
2959 761 3089 800 vero
3105 752 3328 818 propter
3345 757 3530 818 corpus
3543 745 3698 802 humi-

2157 833 2352 903 litatis,
2383 841 2441 890 et
2470 842 2725 892 catenam
2754 835 2918 892 istam
2949 849 3060 907 qua
3087 833 3500 902 circumdamur,
3515 841 3568 890 et
3587 851 3700 892 nec-

2157 919 2290 978 dum
2313 925 2520 980 scimus
2541 926 2852 982 secundum
2882 921 3023 980 illud
3043 925 3190 996 quod
3211 926 3426 996 oportet
3447 937 3542 978 nos
3559 925 3696 992 scire,

2157 1017 2213 1067 et
2222 1021 2324 1084 per
2333 1011 2618 1086 speculum
2631 1015 2882 1070 videmus
2891 1016 2949 1069 in
2962 1012 3388 1085 a'anigmate,ista
3398 1021 3518 1067 eum
3527 1007 3700 1066 dixisse

2155 1101 2470 1169 contendet,
2485 1105 2542 1157 et
2553 1109 2687 1158 tunc
2700 1118 2826 1159 vere
2846 1115 3008 1175 posse
3027 1101 3086 1156 in
3102 1101 3432 1156 conﬁdentia
3454 1095 3701 1171 Evangelii

2155 1185 2373 1261 aperire
2410 1191 2696 1263 mysteria,
2733 1206 2860 1247 cum
2903 1197 3158 1246 catenam
3203 1190 3530 1262 deposuerit,
3559 1196 3612 1244 et
3644 1189 3702 1242 de

2154 1279 2374 1333 carcere
2401 1279 2544 1333 liber
2563 1281 2778 1346 exierit,
2811 1279 2919 1335 nisi
2938 1279 3080 1334 forte
3110 1285 3169 1334 et
3195 1279 3255 1334 in
3282 1273 3506 1332 vinculis
3524 1273 3706 1348 alisque

2155 1363 2388 1421 vinculis
2410 1371 2819 1440 computandus
2839 1373 2942 1434 est,
2967 1369 3062 1441 qui
3083 1365 3546 1423 conversationem
3561 1363 3707 1419 habet

2154 1456 2211 1510 in
2242 1455 2414 1523 caelis,
2438 1461 2496 1510 et
2523 1459 2593 1512 de
2623 1475 2732 1530 quo
2765 1457 2873 1512 dici
2893 1462 3078 1529 potest
3112 1476 3122 1510 :
3167 1455 3576 1510 Vosautem'non
3603 1457 3708 1508 estis

2154 1547 2213 1598 in
2233 1561 2418 1611 carne,
2441 1547 2532 1600 sed
2549 1550 2611 1600 in.
2632 1551 2859 1616 spiritu,
2880 1549 2931 1600 si
2951 1553 3136 1600 tamen
3157 1545 3399 1614 Spiritus
3421 1546 3510 1598 Dei
3526 1543 3707 1596 habitat

2155 1636 2219 1687 in
2249 1635 2396 1688 vobis
2417 1637 2588 1701 (Rom.
2624 1637 2760 1704 vni).
2794 1633 3037 1706 [Ambr.]
3067 1634 3126 1689 Si
3154 1641 3304 1689 recte
3333 1631 3704 1696 conversamur,

479 1723 662 1791 (Hebr.
694 1719 787 1792 ιγ).
817 1721 1025 1778 Vivens
1065 1725 1271 1796 quippe
1312 1731 1496 1778 seruio
1536 1723 1639 1778 Dei
1679 1729 1736 1778 et
1772 1722 1982 1791 efﬁcax,
2016 1709 2400 1794 etBSpirit'ue
2421 1729 2646 1777 sanotus
2669 1729 2860 1778 manet
2877 1723 2937 1779 in
2961 1721 3138 1789 nobis,
3166 1721 3380 1794 etquod
3399 1717 3709 1792 postulamus

477 1815 675 1867 acutus
695 1829 864 1884 super
891 1829 1114 1866 omnem
1137 1812 1436 1884 ancipitem
1455 1811 1725 1884 gladium,
1744 1819 1802 1867 et
1821 1817 2076 1884 penetra-

476 1898 603 1954 bilis
631 1917 810 1973 usque
837 1899 907 1956 ad
937 1900 1342 1971 artusgnimze,
1368 1904 1428 1957 et
1453 1902 1684 1966 ossium,
1718 1907 1775 1956 et
1801 1901 2072 1956 medulla-

475 2006 622 2043 rum.
639 1989 746 2054 Qui
767 1989 1008 2062 Spiritus
1042 1987 1296 2063 praecidit
1315 1991 1372 2044 et
1390 1989 1606 2057 dividit,
1641 1989 1881 2046 multum
1910 1989 2074 2063 proli-

403 2111 410 2116 -
475 2078 626 2133 ciens
653 2097 754 2152 per
799 2079 1112 2133 orationem
1154 2096 1349 2134 eorum
1394 2079 1490 2150 qui
1529 2079 1586 2133 in
1625 2081 1778 2133 omni
1816 2083 2072 2151 tempore

475 2165 778 2223 Dominum
824 2168 1200 2240 deprecantur
1252 2168 1310 2222 in
1369 2167 1600 2240 Spiritu,
1647 2171 1811 2240 juxta
1865 2167 2003 2224 illud
2055 2188 2066 2222 :

478 2257 653 2311 Orabo
683 2260 908 2326 spiritu,
943 2258 1106 2310 orabo
1136 2261 1182 2310 et
1213 2263 1389 2310 mente
1415 2258 1458 2319 )1
1487 2257 1606 2312 Cor.
1631 2260 1762 2325 xxv).
1798 2259 1856 2311 et
1881 2259 1938 2311 in
1967 2255 2073 2312 hoc

475 2343 788 2416 proﬁciens,
821 2351 886 2399 ut
911 2362 1012 2416 per
1037 2343 1255 2415 vigilias
1285 2347 1342 2399 et
1358 2343 1664 2400 instantem
1687 2357 1907 2416 precem
1927 2347 2073 2416 Apo-

475 2433 652 2488 stolus
681 2435 739 2488 in
762 2419 862 2488 Dei
893 2433 1059 2488 verbo
1081 2433 1458 2506 doctrinaeque
1479 2434 1708 2501 ditetur,
1733 2437 1790 2488 et
1820 2430 1937 2490 haec
1957 2451 2072 2488 om-

474 2521 562 2576 nis
592 2523 882 2594 opulentia
911 2521 982 2577 ad
1031 2522 1270 2577 aliorum
1314 2523 1570 2594 proﬁciat
1604 2523 1862 2588 salutem,
1897 2529 1963 2578 ut
1991 2525 2072 2578 eis

473 2627 696 2682 quoque
723 2611 859 2682 ipsis
889 2602 1192 2682 prosit‘qui
1219 2628 1320 2682 pro
1341 2629 1406 2666 eo
1437 2611 1746 2665 obsecrant.
1781 2612 2071 2684 Simulque

2156 1825 2452 1882 possumus
2472 1811 2794 1884 impetrare.
2812 1814 2930 1868 Hoc
2947 1817 3032 1866 est
3052 1827 3187 1882 ergo
3208 1813 3267 1866 in
3290 1809 3496 1882 Spiritu
3521 1821 3711 1878 semper

2156 1900 2337 1966 crare,
2369 1899 2581 1955 munda
2600 1899 2942 1956 conscientia
2966 1905 3023 1956 et
3051 1901 3161 1955 fide
3189 1899 3407 1971 integra
3427 1911 3629 1970 precem
3652 1894 3708 1950 ad

2155 1989 2334 2044 Deum
2375 1990 2636 2059 dirigere.
2677 1991 2740 2044 In
2799 2003 2968 2044 carne
3007 1991 3162 2044 enim
3208 1993 3350 2056 orat,
3397 1987 3489 2058 qui
3526 1981 3711 2057 polluta

2156 2083 2343 2132 mente
2362 2079 2854 2150 precatur,iterum
2870 2083 3338 2150 peccaturusmon
3351 2077 3417 2131 de
3435 2079 3618 2130 eventu
3630 2077 3712 2126 aut

2154 2165 2530 2238 subreptione,
2567 2168 2664 2222 sed
2693 2164 2762 2222 de
2792 2167 3104 2239 pr0posito;
3139 2165 3237 2222 sed
3263 2169 3446 2238 potest
3476 2172 3579 2218 non
3602 2175 3710 2234 pec-

2153 2253 2266 2308 cari
2297 2255 2368 2310 ad
2398 2261 2656 2320 mortem,
2678 2251 2726 2310 sl
2755 2257 3182 2326 perseveranter
3200 2260 3410 2321 oretur,
3435 2259 3498 2308 ut
3521 2249 3710 2306 animus

2152 2341 2348 2396 sedula
2359 2346 2546 2397 mente
2561 2345 2812 2398 intentus
2827 2345 2902 2398 sit
2916 2359 3142 2416 semper
3162 2346 3223 2399 in
3236 2339 3336 2400 Dei
3349 2338 3608 2414 legem,ea
3619 2351 3712 2392 me-

2154 2429 2338 2486 ditans
2366 2430 2456 2486 die
2491 2439 2770 2503 noctuque
2815 2444 2937 2504 quae
2966 2441 3122 2488 amat
3164 2433 3334 2488 Deus.
3371 2431 3522 2486 Tunc
3553 2437 3604 2482 et
3628 2432 3712 2498 p’m

2153 2520 2360 2575 sanctis
2387 2527 2624 2592 possunt
2654 2535 2834 2588 orare,
2867 2537 2981 2576 non
3019 2527 3106 2576 est
3157 2522 3309 2577 enim
3351 2515 3624 2590 indignum
3661 2517 3714 2569 ut

2153 2623 2252 2680 pro
2273 2609 2510 2664 invicem
2529 2603 2770 2664 sollicita
2793 2611 2907 2664 sint
2931 2612 3222 2666 membra:
3257 2627 3360 2666 nec
3386 2603 3712 2664 temerarium

472 2695 726 2770 Apostoli
754 2694 1043 2754 humilitas
1062 2701 1411 2764 admiranda,
1437 2699 1679 2771 petentis
1698 2699 1983 2771 Ephesios,
2007 2707 2069 2757 ut
2152 2697 2359 2769 poterit
2379 2697 2574 2764 videri,
2599 2699 2646 2752 si
2663 2712 2764 2770 pro
2787 2699 3059 2769 magistro
3081 2697 3347 2772 discipuli
3365 2693 3543 2753 idonei
3561 2688 3713 2749 inter-

474 2803 574 2858 pro
596 2804 656 2841 se
673 2787 883 2842 faciant
903 2778 1659 2862 obsecrationesAit'quippe
1685 2809 1695 2842 :
1720 2791 1785 2843 In
1807 2793 1962 2844 omni
1982 2793 2069 2844 in-
2149 2785 2378 2857 pellent,
2391 2785 2720 2857 adjuvantes
2747 2799 2895 2855 eum,
2922 2791 3004 2854 ut,
3028 2788 3358 2861 postpositis
3383 2785 3714 2858 impedimen-

473 2871 683 2929 stantia
704 2881 752 2930 et
767 2893 923 2946 prece
929 2893 1034 2946 pro
1044 2878 1298 2930 omnibus
1313 2880 1516 2930 sanctis
1535 2883 1583 2930 et
1590 2894 1694 2947 pro
1715 2895 1825 2944 me;
1844 2881 2068 2932 utseor-
2149 2876 2241 2942 tis,
2260 2873 2517 2929 libertate
2545 2881 2740 2930 utatur
2765 2870 2835 2930 ad
2857 2869 3300 2948 praedicandum,
3321 2878 3462 2932 sicut
3473 2871 3712 2928 traditum

473 2963 599 3018 sum
625 2967 968 3042 sanctorum,
992 2967 1051 3019 et
1068 2976 1321 3019 seorsum
1347 2965 1432 3018 sui
1461 2963 1671 3020 faceret
1698 2966 2062 3021 mentionem.
2090 3022 2131 3042 η
2150 2969 2238 3018 est
2281 2963 2350 3018 ab
2397 2969 2643 3030 auctore,
2677 2979 2748 3018 ne
2788 2979 3015 3036 pressus
3051 2967 3102 3019 vi
3145 2965 3564 3021 tribulationum
3613 2955 3716 3031 ipsa

549 3051 609 3106 Ut
631 3053 773 3106 mihi
787 3051 950 3107 detur
969 3070 1146 3108 sermo
1168 3055 1230 3106 in
1247 3055 1527 3123 apert-ioue
1549 3057 1662 3107 oris
1679 3059 1805 3122 mei,
1819 3055 1885 3109 in
1897 3073 1992 3110 con
1998 3059 2066 3124 ﬁ-
2088 3050 2132 3085 υ
2149 3050 2444 3108 formidine
2471 3064 2706 3108 acumen
2737 3051 3002 3110 doctrina:
3034 3053 3337 3118 obtundat,
3372 3053 3569 3108 amissa
3586 3061 3718 3104 seve-

472 3128 660 3196 dentia
674 3146 866 3196 notum
886 3143 1063 3211 facere
1087 3144 1417 3210 ‘mysterium
1430 3143 1738 3210 Evangelii,
1751 3159 1854 3213 pro
1864 3161 1970 3214 quo
1991 3149 2068 3200 le-
2149 3139 2335 3197 ritate.
2370 3134 2590 3214 Duplici
2614 3139 2790 3212 igitur
2813 3155 3020 3214 genere
3041 3159 3140 3216 pro
3169 3159 3241 3200 se
3271 3141 3538 3210 orandum
3561 3131 3723 3194 horta-

471 3231 690 3296 gationc
705 3229 918 3299 fungor
934 3233 996 3284 in
1008 3235 1198 3286 catena
1219 3248 1232 3280 :
1253 3233 1332 3284 ita
1349 3235 1414 3284 ut
1429 3233 1491 3286 in
1511 3233 1624 3300 ipso
1635 3233 1888 3298 aude-am,
1901 3237 2068 3301 prout
2145 3235 2260 3298 tur,
2291 3235 2356 3286 ut
2383 3233 2442 3286 et
2467 3243 2662 3287 sensus
2691 3229 2812 3303 ejus
2831 3233 3133 3304 impleatur
3145 3233 3371 3305 Spiritu
3391 3232 3458 3287 ad
3487 3224 3722 3300 eloquen-

471 3317 676 3388 oportet
719 3333 804 3374 me
853 3323 1022 3389 loqui.
1077 3310 1274 3389 (Hier,)
1307 3315 1425 3375 Hoc
1456 3314 1604 3391 quod
1635 3337 1784 3376 nunc
1832 3319 1913 3376 ait
1945 3341 1957 3374 :
1997 3325 2066 3378 In
2147 3317 2282 3374 dum
2310 3317 2475 3393 plene
2503 3321 2856 3394 mysterium,
2877 3327 2939 3376 ‘et
2957 3319 3198 3376 facultas
3221 3311 3304 3376 illi
3324 3323 3486 3377 detur
3505 3307 3719 3373 audacia:

469 3407 750 3476 apertione
779 3411 891 3462 oris
922 3411 1032 3463 mei
1059 3429 1072 3478 5
1105 3414 1163 3463 et
1187 3406 1320 3463 alibi
1355 3427 1367 3462 :
1399 3409 1662 3478 Aperiens
1691 3427 1748 3463 os
1775 3427 1941 3465 suum
1969 3411 2065 3466 ἀο-
2146 3410 2206 3465 in
2237 3407 2556 3475 asserendo,
2602 3409 2771 3481 quam
2799 3411 2995 3482 utique
3041 3421 3273 3482 precEm
3319 3403 3551 3465 libenter
3585 3397 3720 3460 audit

469 3495 614 3551 cebat
635 3495 948 3565 discipulos,
972 3499 1156 3551 dicens
1177 3494 1390 3564 (Matth.
1415 3500 1468 3567 ν)
1494 3517 1505 3563 ;
1532 3499 1617 3552 et:
1655 3497 1721 3554 Os
1741 3507 1922 3552 meum
1947 3517 2068 3568 ape-
2147 3491 2322 3566 Deus;
2354 3495 2505 3554 videt
2531 3499 2682 3552 enim
2711 3495 3051 3568 legationem
3081 3511 3252 3554 suam
3282 3497 3339 3556 in
3371 3495 3606 3570 apostolo
3633 3501 3718 3546 suo

467 3587 566 3638 rui
595 3588 874 3640 etattrari
892 3588 1158 3655 spiritum
1174 3584 1338 3654 (Psal.
1361 3591 1569 3655 cxvm);
1595 3593 1652 3640 et
1674 3606 1684 3640 :
1711 3589 1972 3656 Aperiam
2003 3592 2064 3642 in
2148 3583 2376 3658 despici,
2391 3587 2540 3641 unde
2561 3588 2754 3658 utique
2778 3577 3102 3658 indignatUS
3124 3589 3182 3642 in
3217 3601 3390 3644 cansa
3407 3603 3505 3644 sua
3521 3595 3622 3640 non
3639 3591 3718 3635 ne-

462 3675 744 3742 parabotis
773 3691 828 3728 os
860 3690 1043 3728 meum
1080 3675 1248 3738 (Psat.
1285 3675 1503 3744 Lxx'vu),
1531 3679 1588 3730 et
1617 3681 1819 3731 caetera
1860 3673 1948 3731 his
1987 3677 2064 3731 si-
2144 3673 2301 3745 gabit
2329 3673 2604 3730 ell‘ectum.
2630 3675 2689 3730 Si
2710 3675 2859 3730 enim
2877 3679 3228 3733 consuetudo
3259 3684 3316 3733 et
3338 3677 3424 3732 lex
3444 3680 3526 3730 est
3543 3665 3717 3742 legatis

465 3761 642 3831 milia,
673 3763 752 3817 sic
795 3761 1202 3836 accipiendum,
1245 3764 1404 3836 quaSi
1444 3763 1648 3818 dixerit
1689 3783 1700 3817 :
1740 3766 2066 3837 aperiantur
2146 3763 2438 3819 hominum
2455 3765 2793 3818 noninferre
2807 3765 3111 3838 exitia,qua
3129 3767 3565 3838 praesumptione
3577 3762 3717 3816 etau-

465 3838 718 3906 thesauri
758 3855 816 3906 et
849 3851 1178 3908 abscondita
1213 3869 1246 3906 a
1279 3847 1494 3908 saeculis
1533 3857 1885 3908 sacramenta
1923 3871 2064 3927 pan-
2145 3851 2307 3908 dacia
2323 3851 2522 3924 legatis
2543 3853 2644 3909 Dei
2663 3863 2776 3907 non
2794 3853 2976 3908 solum
2996 3855 3185 3922 exitia,
3215 3857 3316 3912 sed
3343 3863 3400 3911 et
3431 3869 3576 3908 mors
3599 3849 3718 3904 irro-

465 3927 692 4005 dantur,
733 3945 798 3994 "ut.
835 3939 1078 4012 Spiritus
1124 3947 1351 3996 sanctus
1401 3942 1642 3997 introcat
1665 3941 1740 3996 ’ad
1772 3960 1840 3997 ea
1879 3939 2064 4015 profe-
2144 3939 2339 4013 gatur!
2361 3942 2546 4006 Quare
2567 3948 2624 3996 et
2638 3933 2790 4007 dicit,
2814 3945 2916 3997 Pro
2941 3961 3046 4013 quo
3060 3947 3339 4012 legatione
3357 3947 3562 4013 fungar
3580 3941 3635 3994 in
3648 3949 3720 3990 ca-

467 4027 644 4081 renda
671 4044 792 4098 quae
823 4026 1067 4082 latitant.
1092 4024 1238 4083 Nam
1271 4029 1419 4100 quod
1447 4026 1616 4100 hujus
1649 4029 1978 4096 testimonii,
2009 4023 2064 4086 id
2147 4033 2272 4084 tona
2305 4050 2318 4084 :
2349 4044 2463 4086 non
2510 4031 2659 4086 enim
2688 4029 3120 4102 permittebatur
3147 4027 3328 4088 libere
3355 4031 3526 4104 loqui,
3555 4026 3642 4083 Sed
3668 4021 3716 4078 in

467 4121 572 4180 est,
600 4117 659 4170 ut
674 4117 836 4168 detur
854 4119 998 4170 mihi
1020 4133 1196 4171 sermo
1217 4121 1278 4171 in
1294 4121 1576 4185 apertione
1595 4121 1709 4172 oris
1729 4123 1852 4185 mei,
1863 4119 1969 4174 iste
1990 4121 2064 4175 sit
2146 4115 2492 4190 subjectione
2503 4125 2560 4174 et
2574 4119 2905 4174 necessitate
2936 4121 3104 4176 verba
3114 4121 3219 4177 Dei
3229 4123 3498 4186 referens,
3514 4106 3719 4173 vinculis

466 4195 802 4271 intellectus,
832 4205 1126 4275 sequentia
1173 4204 1432 4276 probant,
1473 4205 1541 4260 In
1583 4208 1932 4275 conﬁdentia,
1973 4209 2062 4264 in-
2147 4212 2205 4262 et
2223 4208 2404 4280 plagis
2431 4205 2834 4278 subjiciebatur
2853 4213 2910 4263 et
2930 4210 3226 4270 mortibus.
3255 4217 3314 4267 et
3333 4208 3608 4283 lapidatus
3627 4207 3714 4266 est,

466 4291 1004 4398 quit,notu1‘n.facere
1026 4295 1354 4398 mysterium.
1376 4295 2061 4370 Evangelii.Nequaquam
2080 4335 2131 4398 Β
2147 4297 2266 4369 ipse
2295 4297 2446 4351 enim
2477 4303 2534 4351 et
2560 4283 2632 4350 ad
2661 4297 2866 4352 bestias
2889 4299 3155 4370 pugnavit
3179 4292 3386 4372 Ephesi
3419 4293 3466 4369 (1
3479 4297 3592 4354 Cor.
3622 4289 3717 4359 XV)-

555 4377 863 4452 proverbiis
891 4379 949 4436 ct
976 4379 1277 4454 parabolis,
1297 4379 1442 4436 sicut
1461 4389 1518 4437 et
1537 4383 1841 4454 prophetae,
1871 4390 1928 4438 et
1946 4377 2130 4457 ipse"
2222 4387 2284 4440 Ut
2323 4391 2503 4440 autem
2543 4387 2729 4440 sciatis
2763 4391 2812 4440 et
2855 4403 2944 4442 vos
2975 4398 3094 4457 qua
3121 4391 3276 4444 circa
3313 4406 3398 4444 me
3427 4387 3572 4445 sunt,
3603 4381 3721 4452 quid

465 4467 739 4524 Dominus
785 4464 968 4524 adhuc
1001 4470 1342 4524 constitutus
1378 4467 1436 4524 in
1467 4483 1700 4541 corpore
1728 4470 2066 4543 loquebatur
2145 4491 2329 4544 agam,
2350 4479 2542 4530 omnia
2569 4477 2698 4528 nota
2716 4477 2862 4528 vobis
2883 4477 3044 4544 faciet
3072 4477 3360 4545 Tychicus‘,
3380 4477 3600 4533 dilectus
3619 4469 3719 4539 fra-

467 4557 657 4612 dicens
682 4577 693 4611 :
727 4557 875 4613 Venit
894 4559 1050 4624 hora,
1068 4561 1290 4630 quando
1317 4575 1666 4629 nequaquam
1687 4563 1749 4615 in
1759 4563 2063 4630 proverbiis
2147 4568 2254 4628 ter,’
2270 4563 2503 4630 etﬁdetis
2523 4565 2778 4617 minister
2794 4567 2858 4618 in
2879 4565 3128 4631 Domino,
3144 4581 3310 4634 quem
3333 4569 3466 4620 misi
3483 4565 3553 4618 ad
3571 4575 3651 4616 vos
3667 4561 3718 4610 in

467 4648 612 4700 vobis
655 4649 870 4716 loquar,
903 4649 995 4702 sed
1036 4647 1368 4716 conﬁdenter
1397 4647 1462 4702 de
1507 4647 1670 4703 Patre
1713 4653 2064 4706 annuntiabo

469 4728 614 4788 vobis
645 4734 826 4800 (Joan.
869 4735 998 4804 XVI).
1039 4735 1203 4792 Hunc
1231 4735 1580 4792 conﬁdentiae
1609 4749 1924 4793 sermonem
1970 4753 2062 4795 so-

466 4821 556 4876 lus
581 4819 790 4894 poterit
815 4821 1085 4886 obtinere,
1109 4826 1203 4897 qui
1228 4838 1340 4880 non
1367 4815 1630 4880 habuerit
1657 4841 1752 4880 cor
1779 4843 1840 4881 se
1870 4841 2061 4900 repre-

467 4906 718 4966 hendens
753 4930 764 4965 :
807 4911 871 4968 Si
903 4917 1054 4966 enim
1098 4929 1190 4968 cor
1217 4915 1471 4968 nostrum
1511 4928 1622 4969 non
1653 4912 2064 4984 reprehenderit

468 4999 583 5067 nos,
615 4988 1004 5069 conﬁdentiam
1041 5002 1301 5057 habemus
1335 5003 1410 5056 ad
1447 5003 1639 5070 Deum,
1681 5008 1731 5058 et
1778 5007 2063 5074 quodcun-

467 5093 568 5160 que
604 5091 946 5157 petierimus,
1011 5091 1341 5158 accipiemus
1398 5091 1468 5146 ab
1521 5107 1578 5145 eo
1637 5089 1691 5158 (Ι
1737 5095 1902 5148 Joan.
1961 5093 2060 5162 Ill).

468 5173 650 5230 Rarus
670 5177 860 5249 itaque
885 5183 971 5233 est
989 5177 1085 5250 qui
1104 5177 1161 5232 in
1179 5175 1518 5234 confidentia
1537 5185 1734 5236 notum
1753 5179 1923 5236 faciat
1939 5193 2063 5256 my-

468 5263 701 5319 sterium
733 5263 1036 5338 Evangelii,
1073 5265 1206 5339 quia
1233 5277 1394 5322 rarus
1423 5274 1508 5324 est
1537 5270 1632 5342 qui
1663 5267 2062 5328 confidentiam

468 5347 673 5434 habeat
690 5343 760 5406 ad
782 5344 980 5411 Deum.
1000 5375 1025 5408 (ι
1043 5356 1196 5434 Quis~
1215 5355 1366 5412 enim
1393 5353 1730 5429 gloriabitur
1757 5365 1972 5415 castum
2003 5369 2064 5415 se

469 5430 676 5494 habere
702 5445 816 5518 cor,
833 5447 936 5500 aut
955 5445 1082 5518 quis
1103 5431 1277 5500 stabit
1301 5443 1492 5500 dicens
1511 5448 1784 5504 mundum
1804 5462 1864 5504 se
1885 5456 2007 5504 esse
2031 5467 2063 5504 a

468 5515 743 5600 peccans?
773 5535 804 5585 3
833 5515 1113 5590 Posthac
1141 5519 1276 5608 quid
1301 5533 1380 5589 sit
1401 5529 1504 5603 ait,
1527 5537 1633 5605 pro
1661 5541 1767 5606 quo
1797 5524 2064 5607 tegi-tuom

2145 4649 2241 4706 hoc
2262 4655 2458 4720 ipsum,
2493 4657 2554 4704 ut
2579 4656 2909 4720 cognoscatis
2929 4669 3047 4722 quae
3076 4655 3226 4709 circa
3254 4671 3352 4708 nos
3373 4655 3522 4720 sunt,
3549 4653 3593 4705 et
3613 4661 3722 4702 con-

2144 4743 2350 4794 soletur
2377 4741 2542 4793 corda
2572 4746 2768 4794 vestra.
2792 4733 2990 4816 (Hien)
3012 4733 3326 4814 Dupliciter
3343 4743 3606 4814 accipite:
3632 4729 3718 4788 Vel

2145 4827 2271 4882 ideo
2293 4825 2597 4900 Tychicum
2633 4828 2870 4882 missum
2903 4821 3205 4900 Ephesum,
3239 4837 3305 4886 ut
3335 4831 3618 4886 nuntiaret
3651 4821 3721 4877 eis

2145 4915 2366 4972 vincula
2382 4911 2636 4988 Apostoli
2663 4923 2798 4972 nota
2815 4917 2962 4972 facta
2981 4931 3102 4974 esse
3119 4919 3178 4974 in
3203 4918 3360 4974 omni
3383 4917 3652 4992 preetorio,
3674 4913 3724 4965 ct

2145 5009 2400 5060 catenam
2420 5001 2570 5060 illius
2593 5005 2662 5060 ad
2684 5003 2852 5061 ﬁdem
2874 5005 3158 5079 Evangelii
3173 5009 3495 5081 profecisse,
3518 5021 3581 5060 eo
3598 5009 3722 5057 tem—

2148 5107 2282 5165 pore
2307 5104 2416 5164 quo
2445 5089 2516 5148 ad
2543 5089 2900 5149 Colossen'ses
2928 5097 3151 5168 scripsit
3177 5095 3374 5152 dicens
3404 5115 3416 5150 :
3441 5099 3564 5164 Qua
3589 5095 3721 5146 circa

2147 5199 2230 5236 me
2251 5187 2401 5248 sunt,
2425 5173 2615 5237 omnia
2638 5189 2767 5237 nota
2780 5183 2944 5251 faciet
2963 5189 3108 5240 vobis
3132 5183 3395 5255 Tychicus
3415 5187 3589 5252 frater
3605 5176 3723 5232 dile-

2146 5275 2282 5338 ctus,
2297 5273 2346 5325 et
2362 5273 2634 5338 minister,
2649 5275 2696 5326 et
2707 5282 2994 5328 conservus
3008 5277 3073 5329 in
3088 5275 3337 5340 Domino,
3353 5289 3511 5344 quem
3526 5271 3648 5324 misi
3658 5263 3721 5318 ad

2145 5376 2232 5415 vos
2262 5361 2324 5414 ob
2353 5357 2450 5414 hoc
2477 5363 2678 5429 ipsum,
2702 5365 2766 5414 ut
2795 5361 3124 5430 cognoscatis
3143 5373 3260 5433 qua
3287 5365 3440 5417 circa
3465 5371 3556 5416 nos
3583 5359 3718 5418 sunt.

2145 5449 2194 5504 et
2223 5449 2531 5504 consoletur
2556 5447 2722 5502 "corda
2746 5453 2925 5504 vestra
2951 5461 3078 5506 cum
3109 5449 3363 5508 Onesimo
3385 5449 3716 5506 charissima.

2143 5531 2195 5592 et
2259 5535 2414 5606 ﬁdeti
2473 5533 2671 5606 patre,
2741 5539 2844 5608 qui
2885 5543 2962 5595 est
3021 5546 3087 5594 es
3149 5533 3316 5606 vobis,
3382 5541 3492 5594 etc.
3558 5527 3721 5590 Gran-
