3880 6146
210 326 290 388 177

475 308 1052 386 ENARRATIONUM
1088 308 1167 386 ὼ
1194 328 1358 400 Epp.
1400 308 1616 385 pem
1648 306 1789 384 Lis.
1828 312 1974 384 ΧΠ.
2009 360 2073 371 -
2108 312 2194 385 tu
2228 306 2451 384 Epist.
2491 308 2547 384 ἡ
2585 306 2685 383 se
2723 308 3077 384 mure.

3304 314 3411 384 478

209 456 273 511 dis
301 454 423 508 enim
466 455 770 508 consolatio
807 459 929 509 erat
983 448 1177 510 audire
1237 452 1479 511 Paulum
1540 456 1968 522 “RomaeAcari;
2004 456 2118 509 Pam
2145 455 2350 526 quippe
2380 454 2672 521 fratribus,
2707 456 2756 507 et
2797 432 3040 507 charz’tas
3072 466 3198 506 cum
3363 445 3413 507 et

207 547 252 599 in
276 543 467 597 domina
497 542 743 607 urbium,
776 550 833 598 et
854 546 911 598 in
942 561 1068 598 arce
1117 546 1355 600 Romani
1389 545 1632 617 imperii,
1665 547 1733 599 de
1812 561 1956 613 pace.
1991 544 2172 613 Igitur
2200 550 2258 596 et
2277 542 2610 597 charitatcm
2632 548 2689 597 et
2707 540 2875 596 ﬁdem
2897 543 2979 596 sic
2996 542 3167 596 Pater
3184 546 3414 613 praestat

205 649 374 687 carcere
392 635 440 684 et
466 629 535 684 de
551 633 783 686 vinculis
810 634 1273 704 triumphantem.
1289 632 1389 687 Vel
1408 642 1557 688 certe
1589 635 1657 687 ob
1676 635 1732 688 id

206 723 445 793 Tychicum
492 721 729 774 missum
762 738 899 781 esse,
932 728 997 774 ut
1044 723 1519 776 conversationem
1548 723 1727 787 Pauli,

203 828 330 881 quam
361 810 709 879 ignorabant,
751 812 1115 865 annuntiaret
1160 812 1259 876 eis,
1285 818 1340 865 et
1374 812 1533 882 quasi
1560 811 1733 883 quod-

201 901 295 952 dam
319 899 586 969 exemplar
612 899 831 953 vivendi
856 901 1017 953 daret
1044 899 1384 954 discentibus
1412 908 1571 971 gesta
1589 902 1733 971 Apo-

198 988 291 1041 stoli
308 996 455 1057 atque
484 988 742 1053 virtutes,
777 994 834 1042 et
854 1006 981 1042 eum
1010 989 1221 1043 imitari
1253 989 1583 1043 volentibus.
1616 991 1732 1043 Nec

196 1090 326 1146 parva
343 1092 450 1128 esse
479 1082 704 1145 poterat
745 1078 1050 1131 consolatio
1084 1075 1333 1131 aemulari
1364 1078 1727 1147 cupientium,

194 1180 283 1235 qua
323 1164 626 1234 apostotum
684 1165 864 1234 egisse
913 1172 1305 1234 cognoverant.
1342 1167 1577 1231 (.lmbr.)
1629 1167 1734 1220 Per

192 1254 436 1323 Tychieum
467 1253 697 1323 Ephesii
732 1255 953 1308 discunt
998 1255 1129 1325 quid
1161 1262 1296 1324 agat
1323 1254 1640 1326 Apostolus,
1678 1262 1733 1309 et

188 1343 302 1395 idem
325 1343 603 1411 cognoscit
634 1343 766 1412 quid
806 1350 1038 1413 agerent
1068 1344 1310 1414 Ephesii.
1344 1344 1423 1397 De
1444 1332 1747 1414 Apostolo,

188 1432 287 1500 quia
311 1431 481 1484 divina
537 1440 702 1502 erant
747 1448 867 1502 quae
910 1432 1130 1502 agebat,
1165 1432 1397 1486 dubium
1433 1449 1545 1486 non
1577 1440 1729 1500 erat;

185 1520 257 1573 sed
286 1519 375 1573 hoc
402 1498 697 1573 scienduin
716 1528 840 1575 erat
861 1520 928 1574 de
951 1538 1034 1585 eo,
1052 1522 1185 1592 quid
1210 1528 1401 1592 ageret
1426 1521 1576 1576 inter
1606 1539 1734 1594 per-

184 1610 292 1662 ﬁdos
322 1616 374 1661 et
400 1609 640 1663 insidias
690 1627 887 1664 eorum
916 1630 928 1663 :
964 1611 1031 1664 de
1064 1611 1315 1681 Ephesiis
1345 1628 1474 1664 vero
1516 1613 1617 1664 hoc
1650 1628 1735 1665 co-

180 1698 538 1767 gnoscendum,
567 1698 613 1751 si
646 1700 980 1769 proficerent
1008 1716 1109 1752 nec
1130 1715 1227 1753 ne.
1266 1701 1339 1754 Ut
1376 1716 1507 1770 ergo
1542 1699 1734 1753 obedi-

1816 640 1879 686 ut
1906 632 2110 691 Filius;
2143 638 2199 685 et
2226 633 2452 686 haeresis
2475 630 2836 697 obmutescit,
2873 647 2994 702 qua:
3032 638 3147 685 non
3177 632 3297 684 vult
3324 648 3413 685 ea-

1817 718 1943 775 dem
1962 720 2165 774 Filium
2204 737 2386 792 posse,
2432 737 2554 792 quae
2601 720 2849 774 Patrem.
2902 721 3095 776 Gratia
3138 736 3263 773 cum
3303 734 3414 774 om-

1816 812 1977 863 nibus
1988 813 2235 879 quid-ilia
2246 817 2341 863 unt
2358 812 2655 863 Dominum
2668 812 2849 863 Jesmn
2866 808 3146 863 Christum
3160 811 3221 862 in
3236 812 3259 861 1⁵
3261 820 3415 863 ηεσιο-

1814 902 2087 967 ruptione.
2112 898 2318 965 (Amb.)
2352 894 2626 952 Pragscius
2647 897 2948 969 Apostolus
2970 898 3176 952 multos
3195 897 3414 952 futuros

1814 988 2121 1058 desperatae
2152 986 2279 1040 ﬁdei
2315 1004 2541 1041 sensum
2574 986 2848 1041 habentes
2887 986 2955 1040 de
2996 986 3237 1041 Domino
3283 986 3413 1041 Jesu

1816 1076 2058 1141 Christo,
2091 1093 2218 1129 cum
2248 1076 2336 1129 his
2362 1080 2630 1129 aeternam
2647 1076 2887 1143 gratiam
2907 1075 3043 1129 dicit
3065 1091 3411 1141 mansuram,

1816 1165 1909 1235 qui
1928 1165 2171 1233 diligunt
2184 1164 2491 1229 Christum,
2505 1170 2654 1219 recte
2677 1165 2745 1218 de
2774 1164 2871 1218 illo
2892 1170 2949 1217 et
2969 1181 3095 1218 cum
3111 1165 3211 1219 Dei
3232 1164 3416 1217 Patris

1818 1254 2100 1307 voluntate
2129 1254 2435 1307 sentientes
2460 1274 2473 1306 :
2508 1254 2604 1324 qui
2627 1253 2776 1306 enim
2798 1253 3133 1323 degenerem
3162 1254 3313 1306 hunc
3334 1252 3417 1305 di-

1815 1343 2107 1405 cunt,data
2137 1342 2245 1396 illis
2274 1343 2451 1413 gratia
2478 1342 2993 1405 auferetur.(H2‘er.)
3011 1340 3279 1396 Nonnulli
3297 1340 3416 1395 haec

1818 1431 1896 1485 ita
1925 1431 2279 1502 interpretati
2313 1437 2462 1493 sunt,
2493 1438 2557 1484 ut
2586 1446 2714 1485 eum
2749 1436 3015 1502 putarent
3043 1429 3273 1501 diligere
3298 1430 3413 1484 Do-

1817 1520 2033 1574 minum
2065 1528 2318 1574 nostrum
2360 1519 2550 1574 Jesum
2581 1518 2889 1584 Christum,
2924 1518 3021 1590 qui
3055 1517 3123 1572 ab
3154 1516 3416 1590 cperibus

1817 1609 2191 1679 corruptionis
2222 1609 2437 1662 alienus
2469 1609 2559 1671 sit,
2580 1620 2758 1678 ‘opera
2780 1608 3154 1678 corruptionis
3172 1607 3231 1660 in
3264 1607 3419 1663 coitu

1819 1698 2144 1752 sentientes.
2180 1696 2339 1752 Unde
2378 1703 2435 1751 et
2473 1698 2820 1751 consuetudo
2849 1702 2907 1750 et
2942 1710 3129 1750 sermo
3164 1692 3414 1767 vulgaris

182 1795 278 1839 rent
292 1792 341 1839 et
362 1786 611 1840 libenter
640 1788 901 1841 audirent
933 1788 1097 1842 verba
1124 1789 1367 1859 'I‘ychici,
1401 1789 1549 1842 hunc
1588 1804 1736 1842 com-
1754 1776 2190 1857 Bincorruptos,
2222 1786 2465 1855 Virgines
2487 1794 2663 1852 vocat,
2692 1802 2787 1840 eos
2810 1786 2903 1856 qui
2933 1778 3142 1839 coitum
3166 1785 3419 1840 nesciant

182 1875 380 1941 mendat,
411 1882 466 1929 et
485 1876 726 1929 fratrem
766 1878 932 1931 istum
980 1878 1407 1931 dilectissimum
1450 1894 1652 1932 vocans
1684 1884 1739 1932 et

179 1964 453 2017 ministrum
482 1966 594 2018 Dei
620 1966 907 2020 idoneum.
942 1970 1055 2021 Par
1092 1970 1369 2034 fratribus
1398 1972 1447 2020 et
1492 1968 1737 2022 (-haritas

179 2066 272 2103 cum
308 2054 403 2118 ﬁde
444 2066 477 2105 α
544 2055 649 2106 Deo
710 2057 868 2108 Patre
933 2062 981 2107 et
1038 2057 1269 2108 Domino
1316 2058 1440 2108 Jesu
1499 2056 1730 2109 Christo.

178 2140 356 2205 Pacem,
386 2149 509 2212 quas
550 2150 635 2195 est
661 2145 838 2212 janua
867 2143 1198 2205 dilectionis,
1235 2149 1389 2214 optat
1442 2161 1562 2197 esse
1609 2160 1735 2197 cum

176 2228 397 2282 fratribus
419 2238 475 2284 et
520 2232 863 2285 charitatem
894 2249 1023 2285 cum
1071 2234 1199 2295 ﬁde,
1232 2232 1297 2286 ut
1337 2233 1579 2303 ingressi
1637 2250 1739 2303 per

174 2328 328 2387 pacem
380 2320 608 2390 possint
654 2337 879 2374 manere
914 2322 972 2374 in
1025 2320 1315 2383 charitate,
1349 2338 1472 2391 quae
1530 2326 1615 2375 est
1672 2338 1735 2375 ex

175 2406 289 2458 fide:
316 2408 427 2460 haec
447 2414 541 2461 est
564 2410 717 2462 enim
764 2409 861 2463 Dei
895 2410 1077 2462 Patris
1100 2405 1163 2462 Et
1194 2410 1317 2463 Filii
1354 2411 1475 2479 ejus
1512 2411 1736 2463 Domini

172 2497 311 2548 nostri
339 2498 463 2550 Jesu
498 2498 743 2551 Christi.
778 2501 976 2565 (Hiera)
1010 2500 1153 2553 Nam
1194 2501 1241 2552 si
1282 2516 1391 2569 qua
1438 2498 1550 2552 alia
1596 2500 1740 2553 dona

175 2592 290 2643 sunt,
313 2602 430 2655 qua:
458 2586 805 2640 tribuuntur
834 2602 865 2640 a
894 2588 1009 2641 Deo
1060 2586 1223 2641 Patre
1256 2596 1311 2640 et
1340 2586 1576 2641 Domino
1608 2584 1739 2641 Jesu

169 2673 372 2739 Christo,
402 2675 569 2729 inter
599 2676 716 2730 haec
744 2691 849 2746 pax
900 2694 1011 2729 non
1050 2676 1346 2730 minimum
1388 2677 1637 2747 possidet
1662 2674 1741 2729 lo-

171 2777 284 2819 cum,
314 2780 429 2833 quae
459 2782 527 2818 su
539 2773 705 2835 perat
726 2781 945 2819 omnem
969 2782 1212 2821 sensum.
1231 2772 1285 2818 et
1304 2766 1547 2819 custodit
1574 2765 1741 2819 corda

1820 1876 2155 1929 feminarum
2191 1895 2201 1928 :
2228 1875 2644 1945 corruptos,qui
2662 1874 2977 1928 istiusmodi
2999 1873 3419 1944 degustaverint

1820 1965 2158 2035 voluptatem
2169 1963 2328 2018 .lllud
2335 1980 2440 2034 que
2452 1964 2837 2017 testimonium
2852 1968 3176 2034 coaptantes
3192 1983 3202 2015 :
3223 1962 3417 2032 Siquis

1821 2058 2081 2121 templum
2100 2056 2197 2107 Dei
2207 2057 2536 2120 corruperit,
2565 2058 2877 2120 corrumpet
2892 2054 3057 2105 illum
3078 2053 3217 2105 Deus
3238 2051 3395 2122 (1007‘

1820 2143 1913 2207 ηπ).
1940 2143 2047 2195 Sed
2064 2141 2249 2195 nescio
2262 2156 2333 2195 an
2356 2140 2461 2194 hoc
2481 2141 2705 2194 Valeant
2715 2141 3035 2211 explanare,
3055 2140 3204 2212 quod
3218 2138 3417 2194 scribi-

1818 2236 1938 2283 tur:
1969 2231 2343 2298 Unusqm‘sque
2363 2233 2655 2297 proprimn
2674 2229 2830 2282 habet
2850 2230 3058 2282 donum
3080 2242 3111 2280 (ι
3140 2229 3417 2291 Deo,aliu‘s

1820 2320 2035 2386 quidem
2065 2322 2160 2384 sic,
2196 2325 2243 2371 et
2264 2322 2414 2371 alius
2441 2321 2518 2371 sic
2549 2316 2601 2385 (Ι
2626 2318 2745 2372 Cor.
2781 2319 2892 2385 Vn).
2914 2306 3218 2370 Videamus
3245 2317 3419 2386 igitur

1821 2424 1891 2460 ne
1917 2408 2058 2460 forte
2109 2407 2308 2460 melius
2356 2408 2429 2461 sit
2469 2416 2634 2459 omne
2678 2412 2967 2476 peccatum
3001 2405 3416 2475 corruptionem

1822 2496 2023 2549 animae
2054 2496 2385 2565 intelligere,
2411 2504 2467 2549 et
2494 2512 2589 2548 eos
2619 2494 2714 2567 qui
2767 2510 2801 2547 a
2838 2498 3062 2565 peccato
3093 2493 3254 2548 liberi
3286 2498 3419 2574 sunt

1822 2585 2174 2655 incorruptos
2190 2583 2482 2649 vocari,ita
2501 2590 2567 2638 ut
2582 2580 2878 2654 diligentes
2901 2582 3203 2636 Dominum
3226 2585 3418 2637 Jesu'm

1823 2674 2106 2727 Christum
2138 2674 2197 2727 in
2223 2673 2642 2744 incorruptione
2662 2672 2791 2738 sint,
2811 2672 2944 2726 dum
2971 2670 3184 2742 peccati
3223 2673 3418 2725 vincu-

1822 2762 1891 2816 lis
1908 2770 2021 2816 ‘non
2046 2768 2331 2828 tenentur,
2361 2767 2418 2816 et
2442 2776 2567 2815 cum
2589 2761 2670 2815 eis
2690 2766 2776 2815 est
2803 2761 2989 2830 gratia
3003 2756 3419 2832 Dei.Simulque

168 2849 573 2923 intellectusque
604 2860 945 2920 sanctorum,
980 2855 1251 2907 serenitas
1284 2853 1539 2924 quaedam
1569 2861 1738 2925 atque
1820 2851 2064 2905 arbitror
2083 2852 2151 2904 ad
2172 2851 2592 2904 distinctionem
2622 2862 2817 2904 eorum
2838 2849 2935 2921 qui
2957 2840 3199 2918 diligunt
3221 2842 3418 2903 Domi-

167 2941 510 3011 tranquillitas
553 2943 757 2996 animae
786 2943 1121 3013 quiescentis
1161 2949 1218 2997 et
1246 2943 1565 2997 universam
1592 2949 1737 2997 tem-
1821 2956 1955 2995 num
1978 2936 2168 2995 Jesum
2188 2938 2601 3005 Christum,sed
2624 2954 2733 2993 non
2760 2938 2821 2992 in
2834 2937 3254 3009 incorruptione
3266 2950 3415 2993 nunc

167 3036 399 3097 pestatem
431 3037 491 3085 et
518 3031 818 3085 turbinem
850 3031 1336 3102 perturbationum
1358 3031 1579 3102 fugans.
1597 3030 1739 3085 Huic
1768 3097 1799 3102 _
1822 3030 2186 3101 positum,eos
2207 3028 2447 3099 gratiam
2468 3027 2569 3082 Dei
2597 3028 2804 3081 habere
2827 3020 3156 3098 Christi,qui
3178 3024 3421 3098 diligunt

165 3117 328 3171 similis
350 3121 716 3174 estcharitas
746 3097 870 3174 cuni
904 3120 1032 3181 ﬁde,
1069 3134 1236 3191 quam
1269 3127 1325 3174 et
1362 3097 1541 3191 ipsam
1574 3097 1801 3174 simulC
1822 3097 3418 3190 euminincorruptioneQuantienimdiliguntDominum

170 3204 286 3260 Deus
310 3208 478 3263 Pater
507 3210 693 3263 donat
722 3216 779 3262 et
805 3209 999 3273 Filius,
1025 3215 1087 3263 ut
1105 3209 1405 3279 diligamus
1459 3210 1639 3263 Deum
1673 3209 1741 3262 de
1820 3194 2005 3277 parati
2043 3206 2481 3278 exilium,parati
2514 3204 3060 3278 martyrium,parati
3089 3202 3341 3276 inepiam
3356 3208 3414 3261 et

166 3299 259 3348 toto
282 3296 530 3361 corde,et
561 3298 851 3369 proximos
874 3299 1017 3352 sicut
1039 3299 1493 3368 nosmetipsos,et
1522 3314 1623 3369 pro
1640 3296 1744 3350 ini-

169 3382 294 3438 micis
320 3388 528 3441 nostris
555 3404 878 3459 precemur.
895 3388 1052 3440 Hanc
1081 3396 1271 3457 pacem
1305 3391 1362 3439 et
1383 3386 1738 3452 cbaritatem,

166 3486 302 3540 quam
355 3477 729 3530 credentibus
774 3476 1072 3548 Apostolus
1112 3475 1473 3546 imprecetur,
1507 3474 1565 3528 hi
1611 3478 1739 3529 tan-

166 3566 259 3615 tum
296 3563 531 3629 habent,
580 3567 681 3636 qui
727 3566 967 3619 fratrum
1012 3565 1240 3618 nomine
1297 3569 1589 3617 merentur
1642 3582 1738 3617 vo-

1824 3296 2012 3349 omnia
2039 3300 2141 3367 pro
2163 3313 2227 3350 eo
2266 3296 2737 3349 contumeliarum
2793 3296 3004 3363 genera
3032 3293 3328 3359 sustinere,
3364 3300 3420 3349 et

1824 3385 2188 3439 nihilominus
2206 3386 2390 3439 carnis
2419 3385 2676 3456 passione
2696 3382 3072 3454 superantur?
3087 3382 3183 3437 sed
3201 3383 3289 3437 his
3308 3390 3421 3438 non

1824 3475 2167 3545 imprecatur
2194 3474 2496 3544 Apostolus
2523 3474 2787 3543 gratiam,
2822 3470 2955 3542 quia
2981 3471 3168 3541 gratia
3196 3470 3417 3527 Domini

1823 3569 1908 3617 est
1936 3578 2063 3616 cum
2095 3562 2355 3616 omnibus
2372 3562 2463 3632 qui
2485 3558 2729 3632 diligunt
2748 3574 2877 3614 eum
2898 3559 2957 3614 in
2977 3560 3414 3631 incorruptione.

665 3775 1192 3902 LIBER
1316 3775 1932 3904 NONUS
2030 3774 2891 3901 DECIMUS.

488 4012 1063 4092 EXPOSITIO
1144 4008 1264 4093 IN
1347 4010 1957 4091 EPISTOLAM
2040 4006 2194 4087 ΑΙ)
2277 3994 3070 4086 PHILIPPENSES.

680 4193 1207 4248 ARGUMENTUM.

216 4276 604 4352 Philippenses
652 4282 754 4334 viri
795 4289 956 4335 erant
990 4284 1274 4351 elegantes
1322 4288 1378 4336 et
1409 4282 1747 4353 contempla-

164 4366 286 4421 tione
311 4370 601 4425 virtutum
634 4372 828 4424 multis
849 4376 1009 4425 erant
1032 4372 1308 4435 meliores,
1329 4372 1424 4443 qui
1445 4377 1501 4425 et
1520 4372 1587 4424 ad
1610 4386 1746 4425 USUS

166 4460 477 4513 necessarios
500 4459 664 4513 beati
689 4460 847 4514 Pauli
864 4461 1099 4513 multam
1121 4477 1341 4531 semper
1361 4458 1747 4530 expendebant

166 4544 605 4613 sollicitudinem,
640 4547 918 4602 debitores
941 4567 998 4602 se
1030 4551 1152 4618 ejus
1192 4566 1310 4602 esse
1341 4549 1741 4613 existimantes,

166 4640 343 4703 utpote
373 4637 649 4707 apostoli,
686 4643 743 4690 et
763 4636 891 4708 quia
912 4638 981 4691 ob
1004 4636 1242 4691 aliorum
1266 4636 1565 4691 utilitatem
1599 4638 1743 4691 mul-

168 4724 259 4775 tum
287 4726 580 4780 sustinere
622 4725 915 4779 videbatur
951 4724 1199 4779 laborem
1236 4746 1244 4779 :
1282 4731 1339 4779 et
1365 4726 1469 4779 hoc
1498 4712 1621 4796 quis
1662 4743 1745 4779 re-

168 4824 466 4879 cognoscere
494 4814 732 4886 poterit,
770 4828 833 4866 ex
861 4813 969 4867 illis
1007 4832 1128 4885 qua:
1168 4815 1224 4868 in
1270 4815 1378 4868 fine
1409 4814 1655 4885 epistolae
1676 4812 1745 4866 ab

1827 4193 2071 4247 mcntius
2093 4192 2147 4246 id
2178 4186 2463 4245 vindicant
2492 4188 2596 4243 sibi
2629 4208 2639 4242 :
2665 4188 2712 4243 si
2743 4188 2854 4241 hon
2886 4185 3010 4258 quis
3047 4182 3261 4239 natura)
3292 4198 3421 4263 per-

1828 4282 2076 4352 pendens
2095 4279 2483 4334 inﬁrmitatem
2502 4276 2570 4331 ab
2590 4278 2778 4332 animo
2797 4292 2896 4331 suo
2914 4288 3139 4328 omnem
3154 4268 3425 4344 repulerit

1830 4371 2148 4425 elationem.
2177 4370 2277 4422 His
2307 4367 2535 4422 additur
2564 4366 2830 4438 quoniam
2860 4364 2938 4417 illi
2970 4361 3065 4433 qui
3096 4376 3161 4414 ex
3190 4361 3423 4414 circum-

1828 4459 2035 4513 cisione
2058 4464 2237 4521 erant,
2262 4457 2497 4511 suadere
2518 4450 2897 4527 properabant
2917 4451 3027 4504 illis
3051 4444 3306 4502 ﬁdelibus
3324 4448 3422 4519 qui

1830 4566 1893 4601 ex
1920 4547 2182 4619 gentibuS
2222 4546 2599 4605 crediderunt,
2640 4548 2703 4597 ut
2748 4538 2931 4610 legem
2962 4534 3324 4602 custodirent,
3350 4534 3419 4590 de

1829 4636 2029 4708 quibus
2055 4636 2354 4706 Apostolus
2385 4634 2440 4687 in
2472 4630 2718 4685 secunda
2746 4629 2815 4683 ad
2846 4624 3166 4681 Cerinthios
3187 4618 3423 4696 epistola

1829 4731 1884 4778 et
1914 4724 1983 4779 ad
2013 4725 2240 4778 Galatas
2269 4722 2513 4793 plurima
2532 4718 2753 4772 videtur
2781 4714 3091 4786 scripsisse,
3124 4720 3191 4767 ex
3220 4710 3423 4785 Quibus

1829 4813 2055 4884 quidam
2080 4814 2357 4864 venerunt
2384 4815 2440 4863 et
2470 4808 2541 4862 ad
2582 4804 2968 4877 Philippenses
2995 4809 3277 4858 tentantes
3298 4812 3424 4858 su‘r—

169 4900 328 4955 eidem
345 4904 528 4957 Paulo
551 4904 1045 4972 suntscripta.Sed
1069 4903 1253 4956 evenit
1264 4902 1332 4956 de
1350 4903 1595 4974 primatu
1618 4919 1745 4955 con-
1763 4897 1809 4954 D
1828 4902 1873 4955 ri
1882 4910 2010 4973 pere
2033 4900 2130 4963 eis,
2164 4898 2258 4970 qui
2281 4898 2450 4952 etiam
2476 4902 2531 4950 et
2566 4894 2843 4949 docebant
2860 4912 2954 4948 eos
2982 4893 3249 4959 dicentes,
3275 4890 3424 4964 quod

170 4991 440 5045 {cntionem
458 4992 682 5045 oboriri
700 4993 847 5045 inter
867 4992 1136 5063 quosdam
1157 4992 1464 5055 illorum,et
1476 4992 1579 5045 hoc
1600 4991 1748 5044 inter

172 5073 265 5129 illos
292 5080 381 5151 qui
414 5081 674 5134 maxime
703 5080 1001 5134 Virtutibus
1023 5082 1205 5133 ornati
1236 5097 1355 5133 esse
1377 5076 1740 5134 videbantur:

171 5164 353 5222 deducti
385 5187 526 5223 vero
562 5176 701 5223 sunt
729 5169 797 5221 ad
828 5170 973 5223 hanc
1004 5170 1419 5223 contentionem
1440 5170 1583 5222 sicut
1602 5176 1746 5240 saz‘pe

176 5253 283 5309 solet
305 5258 454 5312 inter
474 5257 746 5312 homines
785 5258 925 5319 fieri,
960 5259 1201 5311 maxime
1243 5256 1377 5310 dum
1420 5257 1530 5310 illis
1570 5258 1744 5311 affue-

176 5342 259 5395 rint
280 5347 369 5399 illa
390 5364 519 5418 quae
553 5354 797 5417 possunt
814 5339 1113 5417 primatum
1138 5347 1246 5400 illis
1266 5346 1746 5416 praestare.Virtus

178 5432 291 5484 enim
321 5434 421 5489 hoc
454 5436 542 5488 vel
575 5435 823 5488 maxime
854 5437 1101 5489 conferre
1138 5442 1337 5507 potest,
1380 5436 1508 5489 licet
1555 5442 1611 5489 et
1638 5436 1748 5490 alia

175 5519 327 5591 aliqua
346 5526 463 5579 sint
502 5538 643 5595 quae
684 5520 739 5577 id
790 5530 1055 5595 prazstare
1106 5525 1339 5595 possint.
1384 5525 1512 5578 Hace
1560 5530 1749 5580 tamen

177 5600 409 5675 quantum
429 5612 565 5668 aliis
615 5613 874 5667 meliores
913 5625 972 5668 se
1008 5614 1372 5685 perspiciunt,
1400 5612 1561 5667 tanto
1580 5612 1745 5668 vehe-

1828 4990 1938 5043 illis
1978 4989 2073 5060 qui
2107 4987 2327 5042 Christo
2369 4984 2729 5040 crediderunt
2768 4994 2879 5038 non
2921 4983 3214 5037 conveniat
3244 4981 3423 5051 legem

1829 5079 2112 5149 negligere
2139 5097 2149 5130 :
2185 5075 2377 5130 scribit
2402 5082 2536 5145 ergo
2568 5075 2625 5127 in
2652 5074 2913 5145 praesenti
2947 5071 3183 5145 epistola
3226 5068 3425 5123 beatus

1830 5168 2036 5221 Paulus
2065 5167 2133 5220 de
2179 5164 2496 5219 humilitate
2536 5161 2919 5227 custodienda,
2958 5160 3054 5214 illa
3092 5175 3214 5229 quae
3257 5156 3424 5212 scribi

1829 5255 2265 5319 conveniebant;
2300 5252 2548 5307 scribens
2596 5251 2675 5306 eis
2718 5236 2888 5306 simul
2947 5254 3003 5302 et
3047 5248 3116 5301 de
3172 5244 3281 5301 illis
3329 5249 3426 5319 qui

1830 5344 2108 5399 custodire
2131 5360 2225 5397 eos
2252 5342 2435 5412 legem
2456 5338 2767 5396 suadebant
2799 5359 2813 5395 :
2844 5343 2907 5392 ut
2937 5353 3048 5391 non
3071 5328 3431 5391 intenderent

1830 5433 1993 5488 dictis
2022 5446 2235 5495 eorum,
2258 5431 2633 5503 complectens
2664 5435 2719 5483 et
2751 5425 2958 5498 aliqua,
2979 5440 3101 5498 quae
3131 5425 3202 5480 ad
3233 5426 3428 5480 ineun-

1830 5524 1963 5577 dum
2002 5519 2293 5574 consilium
2349 5518 2548 5574 idonea
2597 5517 2705 5573 illis
2753 5532 2875 5570 esse
2910 5513 3293 5595 existimabat;
3327 5512 3423 5589 de-

1830 5607 2295 5667 monstrabuntur
2322 5616 2451 5663 vero
2474 5598 2694 5663 Cautius
2714 5604 2906 5662 omnia
2923 5602 3036 5661 ista
3058 5600 3117 5659 in
3144 5592 3426 5659 illiinter-
