3892 6158
462 283 568 342 ΠΩ
1047 283 1111 340 Β.
1152 281 1426 339 ΒΑΒΑΝῙ
1463 281 1697 339 MAURI
1733 279 1999 338 ARCHIE

2122 278 2440 338 MOGUNT.
2482 276 2782 358 QPEBUM
2816 276 3003 334 PARS
3037 279 3134 336 III.
3203 321 3213 336 ,
3571 295 3659 352 ιω

458 409 796 482 pretatione,
828 426 953 481 qua
976 425 1079 480 per
1103 413 1293 480 partes
1319 408 1512 464 futura
1541 412 1646 476 est,
1686 423 1815 462 cum
1854 411 1914 461 et
1942 406 2056 462 illis
2069 407 2122 467 Α
2135 405 2282 461 sicut
2297 411 2357 460 et
2381 422 2485 462 nos
2505 410 2566 460 et
2581 403 3048 477 compresbyteris
3063 405 3291 462 scribere
3307 415 3656 472 eonsueviums.

463 514 590 569 quae
609 499 698 554 his
715 497 1168 563 dicit,etresidua
1186 497 1378 552 omnia
1394 514 1517 569 quae
1531 498 1590 551 in
1608 496 2059 568 epistoladixisse
2139 494 2266 551 Non
2297 496 2450 549 enim
2476 495 2547 549 ad
2579 511 2741 548 suam
2771 510 3068 564 personam
3107 495 3316 551 rediens
3358 499 3486 555 dixit
3509 507 3664 576 coepi-

458 587 682 642 videtur
710 604 722 640 :
753 593 977 642 tantum
1007 603 1136 641 vero
1165 587 1410 658 adjicere
1431 586 1594 640 dictis
1614 585 1850 656 dignum
1879 592 1967 640 est
1987 586 2058 639 ad
2139 584 2321 656 scopis
2348 589 2413 638 ut
2439 583 2680 654 intelligi
2711 582 2888 654 possit
2915 583 3245 656 coepiscopis
3271 589 3476 655 nostris,
3498 593 3582 646 sed
3607 596 3663 649 ad

459 671 935 726 manifestandum
950 676 1167 726 textum
1178 670 1722 743 epistolai,quoniam
1739 669 1933 724 scribit
1951 669 2061 724 ista
2139 673 2279 728 illud
2310 673 2459 744 quod
2485 671 2627 727 dixit
2655 673 2912 726 omnibus
2938 677 3140 726 sanctis
3167 675 3228 727 in
3257 675 3450 730 Christo
3471 681 3670 736 Jesu.Ut

457 755 530 808 ad
551 771 648 810 eos
673 754 744 810 ab
775 755 914 810 urbe
938 756 1270 822 Roma,cum
1293 762 1443 812 esset
1461 755 1521 810 in
1546 755 1800 820 vinculis,
1833 754 2058 825 quando
2138 761 2378 832 intelligi
2399 760 2577 833 possit
2595 778 2724 816 cum
2739 759 2999 814 omnibus
3018 761 3111 831 qui
3137 767 3264 815 sunt
3280 763 3601 835 Philippis,ut
3622 769 3670 823 in

460 838 695 909 contigit
708 855 838 894 eum
851 840 1128 894 Caesarem
1138 841 1506 912 appellare,et
1515 846 1814 912 propterea
1823 839 1894 892 aJ
1900 839 1997 892 uda

2138 851 2347 906 sanctis
2365 849 2480 904 illic
2499 849 2617 904 suis
2636 849 2977 921 coepiscopis
2991 849 3314 904 etdiaconis.
3329 852 3444 906 Non
3459 853 3671 910 absolute

460 922 662 978 ductus
681 929 768 978 est
786 923 1044 990 Romam,
1058 925 1282 980 Nerone
1301 925 1396 979 illo
1409 925 1468 979 in
1488 931 1742 995 tempore
1761 929 2051 994 regnante.
2139 940 2439 1010 designans
2447 939 2650 993 horum
2670 937 3023 992 ηοωίηωεθά
3044 938 3174 1009 quia
3191 939 3502 996 humilitatis
3513 943 3675 998 θχιιοιι.

983 1013 1216 1099 ΟτΔτΡῙΙξΓ
1757 1087 1790 1099 η
1963 1088 1998 1099 η
2138 1029 2276 1083 tatio
2305 1028 2416 1082 illis
2443 1027 2624 1098 magis
2645 1032 2780 1098 apta
2799 1043 2921 1082 esse
2944 1026 3250 1095 videbatur,
3287 1028 3378 1099 qui
3407 1035 3461 1084 et
3483 1038 3676 1086 ceteros

465 1084 752 1154 Apostolus
781 1087 896 1150 agit
915 1088 1130 1152 gratias
1149 1087 1214 1139 de
1244 1087 1398 1138 bonis
1425 1086 1868 1153 Philippensibus
1893 1088 2002 1139 coll.

536 1157 624 1220 tis,
656 1156 855 1224 quibus
881 1158 1204 1224 signiﬁcans
1230 1172 1396 1209 suum
1417 1161 1644 1222 statum,
1671 1159 1831 1224 ponit
1849 1157 2002 1209 distil

2140 1117 2415 1172 instruere
2427 1123 2706 1188 poterant,
2723 1122 2780 1171 et
2793 1121 2926 1171 ante
2942 1115 3082 1170 alios
3095 1133 3154 1170 se
3169 1116 3300 1188 ipsis
3315 1117 3538 1172 formam
3547 1128 3677 1174 caete-

533 1203 736 1280 ctibries
760 1203 1210 1294 pradiban'tium,
1256 1231 1304 1280 et
1343 1243 1506 1280 suam
1545 1203 1890 1292 chdr‘itatem,
1943 1244 2055 1281 mo-

2140 1222 2227 1260 ros
2241 1205 2488 1277 praebere
2501 1205 2561 1259 in
2573 1205 2660 1258 his
2675 1221 2798 1276 quae
2807 1203 3315 1270 conveniebant,vel
3326 1205 3411 1276 agi
3421 1205 3677 1262 debebant.

534 1302 727 1365 netque
747 1313 871 1350 suos
899 1299 972 1350 ad
1003 1301 1356 1352 tolerantiam
1383 1300 1795 1366 persecutionis.
2207 1294 3124 1362 GratiasagoDeomeosuperomni
3135 1297 3685 1350 memoriavestrasem-

535 1387 744 1440 Paulus
770 1391 819 1439 et
845 1387 1152 1440 Timotheus
1170 1389 1316 1440 servi
1330 1388 1458 1440 Jesu
1479 1387 1901 1457 Christi.(Aug.)
1936 1387 2056 1441 Sic-
2130 1399 2232 1454 per
2260 1387 2326 1437 in
2352 1386 2601 1437 oratione
2630 1399 2752 1436 mea
2767 1399 2873 1452 pro
2893 1384 3150 1436 omnibus
3174 1383 3317 1436 vobis
3351 1399 3470 1436 cum
3486 1386 3678 1451 gaudio.

462 1477 528 1528 ut
554 1473 667 1528 duo
694 1480 828 1528 sunt
844 1474 1096 1541 timores,
1131 1474 1227 1546 qui
1243 1474 1459 1530 faciunt
1485 1475 1596 1529 duo
1621 1491 1832 1546 genera
1855 1476 2058 1530 timen-
2138 1474 2202 1528 Et
2214 1475 2522 1527 orationem
2541 1488 2722 1526 meam
2736 1473 2946 1540 faciens
2961 1474 3025 1526 in
3039 1474 3473 1526 communionem
3485 1477 3687 1527 vestram

457 1562 630 1631 tium;
661 1562 742 1617 sic
777 1563 903 1618 duae
930 1570 1064 1618 sunt
1081 1565 1395 1629 servitutes,
1431 1581 1556 1635 quae
1587 1563 1801 1619 faciunt
1829 1564 1942 1619 duo
1963 1581 2058 1634 ge-
2139 1563 2202 1615 in
2233 1563 2530 1629 Evangelio
2567 1577 2603 1614 a
2644 1563 2838 1629 prima
2875 1561 2962 1614 die
2992 1576 3163 1629 usque
3192 1575 3358 1614 nunc.
3390 1560 3693 1631 Frequenter

461 1667 601 1705 nera
626 1668 934 1706 servorum.
970 1653 1068 1707 Est
1114 1654 1288 1708 timor
1335 1669 1504 1724 quem
1535 1653 1784 1724 perfecta
1811 1653 2056 1708 Charitas
2137 1650 2362 1722 quidem
2373 1649 2728 1720 agratiarum
2743 1649 2962 1703 actione
2978 1647 3176 1720 incipit
3193 1647 3456 1703 scribere:
3473 1649 3570 1703 hoc
3585 1666 3694 1704 vero

462 1738 614 1794 foras
643 1740 838 1807 mittit,
870 1747 928 1794 et
965 1747 1052 1796 est
1079 1743 1222 1797 alius
1264 1742 1437 1796 timor
1476 1748 1681 1803 castus,
1721 1759 2056 1823 permanens
2075 1725 2122 1786 Β
2139 1738 2199 1793 in
2230 1739 2352 1794 loco
2377 1739 2601 1798 videtur
2627 1739 2799 1792 etiam
2838 1737 3086 1808 aliquam
3131 1737 3242 1792 illis
3281 1737 3524 1791 attestari
3549 1736 3692 1790 virtu-

462 1828 522 1883 in
550 1829 816 1884 saeculum
843 1830 1046 1885 saeculi.
1074 1832 1138 1885 In
1168 1831 1264 1885 illo
1295 1831 1516 1896 timore,
1554 1848 1721 1902 quem
1743 1831 1891 1886 foras
1921 1832 2054 1886 cba-
2137 1835 2272 1894 tem,
2305 1828 2352 1882 si
2372 1834 2564 1882 tamen
2608 1843 2721 1881 non
2764 1827 2946 1880 solum
2985 1842 3086 1897 pro
3143 1825 3254 1879 illis
3305 1826 3510 1896 gratias
3549 1841 3689 1895 agere

461 1917 600 1970 ritas
621 1916 813 1984 mittit,
848 1925 934 1972 est
953 1918 1122 1973 etiam
1138 1919 1376 1974 servitus
1405 1919 1571 1974 simul
1598 1920 1748 1974 foras
1775 1936 1904 1974 cum
1933 1920 2054 1991 ipso
2137 1933 2359 1988 semper
2386 1916 2555 1971 edicit
2581 1933 2751 1987 super
2779 1915 2930 1970 omni
2959 1915 3233 1981 oratione,
3257 1914 3355 1969 sed
3373 1921 3429 1968 et
3454 1915 3567 1984 jam
3581 1929 3696 1983 gau-

460 2005 666 2060 timore
687 2006 964 2061 mittenda
987 2025 998 2060 :
1020 2014 1324 2080 utrumque
1353 2008 1503 2062 enim
1526 2009 1716 2079 junxit
1731 2009 2051 2080 Apostolus,
2137 2005 2230 2059 dio
2259 2021 2360 2076 pro
2379 2005 2490 2059 illis
2519 2005 2652 2060 facit
2675 2005 2990 2059 orationem
3009 2019 3369 2058 communem
3397 2003 3453 2057 in
3483 2003 3698 2072 Evange-

461 2093 568 2148 hoc
595 2099 704 2148 est-
723 2101 782 2149 et
822 2095 1147 2150 servitutem
1185 2103 1243 2152 et
1286 2097 1567 2164 timorem,
1606 2097 1840 2152 dicendo
1870 2116 1882 2150 :
1932 2097 2055 2152 Non
2138 2094 2213 2148 lio
2243 2112 2308 2148 ex
2336 2094 2522 2166 prima
2547 2094 2639 2148 die
2683 2110 2862 2164 usque
2890 2109 3038 2148 nunc
3070 2093 3379 2147 demirans.
3411 2093 3548 2146 Nam
3578 2090 3703 2162 quod

461 2186 612 2236 enim
631 2187 908 2253 accepistis
927 2187 1191 2254 spiritum
1222 2189 1504 2240 servitutis
1529 2190 1734 2240 iterum
1766 2189 1829 2240 in
1861 2188 2058 2239 timore
2137 2183 2384 2254 gaudere
2413 2200 2473 2238 se
2495 2199 2596 2254 pro
2625 2183 2738 2237 illis
2769 2183 2829 2236 in
2871 2182 3223 2236 orationibus
3250 2181 3436 2246 edicit,
3469 2179 3706 2234 indicium

466 2272 638 2340 (Rom.
657 2277 788 2342 vm).
805 2273 891 2328 Ad
911 2274 1059 2328 hanc
1077 2274 1404 2329 servitutem
1426 2291 1648 2330 servum
1675 2273 2052 2345 pertinentem
2140 2289 2337 2327 eorum
2365 2271 2588 2326 virtutis
2619 2270 2828 2326 habere
2854 2270 3104 2338 videtur;
3129 2275 3188 2324 et
3216 2268 3366 2341 quod
3387 2286 3422 2323 a
3438 2268 3612 2340 prima
3632 2267 3710 2321 die

463 2359 794 2416 intuebatur
841 2367 898 2417 et
937 2361 1200 2418 dominus
1246 2363 1435 2418 dicens
1464 2383 1475 2416 :
1509 2367 1637 2418 Jam
1665 2380 1778 2418 non
1818 2365 1938 2418 dico
1971 2379 2060 2418 vos
2141 2377 2321 2434 usque
2348 2377 2498 2414 nunc
2518 2360 2676 2426 dixit,
2692 2359 3145 2414 immobilitatem
3166 2375 3363 2413 eorum
3393 2356 3592 2411 indicat
3607 2371 3713 2426 pro-

460 2466 656 2516 servos,
691 2453 826 2520 quia
855 2467 1043 2506 servus
1083 2455 1252 2508 nescit
1280 2454 1416 2522 quid
1460 2455 1632 2521 faciat
1663 2453 1924 2507 dominus
1945 2455 2061 2520 ejus
2142 2449 2514 2516 batissimam,
2547 2465 2614 2503 eo
2643 2448 2791 2520 quod
2824 2464 3117 2519 nunquam
3167 2446 3597 2502 mutabilitatem
3627 2443 3715 2497 ali-

464 2540 645 2604 (Joan.
671 2543 789 2610 xv).
813 2540 939 2594 Non
971 2541 1068 2594 ille
1090 2541 1286 2612 utique
1317 2557 1508 2596 servus
1539 2541 1612 2596 ad
1649 2541 1913 2596 timorem
1940 2558 2065 2612 per-
2146 2555 2316 2610 quam
2348 2538 2578 2592 fuerunt
2597 2537 2847 2609 perpessi
2879 2555 2892 2590 :
2926 2543 2984 2591 et
3009 2536 3284 2608 quoniam
3313 2535 3594 2590 incautum
3612 2548 3716 2586 esse

459 2625 650 2680 tinens
683 2634 922 2693 castum,
945 2627 1033 2682 cui
1064 2628 1272 2683 dicitur
1295 2647 1307 2682 :
1336 2629 1502 2697 Euge,
1532 2645 1681 2683 serve
1711 2631 1842 2683 bone
1870 2635 1918 2684 et
1937 2631 2065 2698 ﬁde-
2144 2626 2438 2681 videbatur
2463 2626 2710 2697 gaudere
2742 2642 2843 2698 pro
2871 2625 3408 2697 omnibus,quorum
3420 2623 3593 2678 exitus
3617 2629 3724 2675 erat

464 2716 554 2779 lis,
579 2717 740 2769 intra
766 2718 831 2769 in
857 2717 1132 2783 gaudium
1161 2719 1398 2777 Domini,
1421 2720 1508 2770 tui
1529 2719 1737 2787 (Matth.
1771 2715 1933 2786 xxv);
1965 2719 2063 2772 sed
2145 2716 2411 2783 incertus,
2443 2715 2672 2786 adjicit:
2699 2716 2985 2783 Conﬁdens
3016 2715 3115 2768 hoc
3143 2718 3330 2784 ipsum
3353 2716 3610 2783 quoniam
3639 2712 3723 2780 qui

464 2801 560 2855 ille
583 2819 777 2857 servus
803 2804 1090 2874 pertinens
1123 2805 1195 2859 ad
1235 2805 1500 2860 timorem
1529 2806 1681 2860 foras
1707 2823 1744 2860 a
1786 2806 2060 2861 charitate
2140 2806 2421 2859 inchoavit
2448 2808 2512 2858 in
2543 2805 2690 2858 vobis
2715 2819 2847 2873 opus
2879 2799 3083 2858 bonum
3109 2806 3360 2873 perﬁciet
3405 2807 3452 2856 et
3492 2817 3648 2869 usque
3675 2801 3727 2852 in

462 2890 820 2958 mittendum,
852 2893 921 2946 de
947 2910 1057 2964 quo
1101 2893 1232 2947 alibi
1275 2894 1412 2948 dicit
1451 2913 1463 2947 :
1506 2895 1706 2950 Servus
1734 2911 1846 2950 non
1875 2900 2060 2949 manet
2141 2895 2288 2948 diem
2317 2894 2525 2948 Christi
2557 2895 2705 2947 Jesu.
2751 2893 2902 2950 Bene
2946 2898 3140 2947 autem
3194 2899 3254 2946 et
3304 2890 3633 2963 principium
3673 2895 3723 2940 et

458 2981 524 3034 in
550 2981 793 3035 domoin
810 2987 1098 3049 aeternum,
1122 2985 1274 3050 ﬁlius
1293 2989 1480 3037 autem
1499 2990 1686 3038 manet
1712 2987 1774 3038 in
1790 2989 2059 3039 aeternum
2087 3041 2126 3053 Α
2142 2982 2314 3036 finem
2343 2981 2552 3036 Christi
2575 2981 2776 3052 gratias
2805 2981 3086 3052 aptavisse
3125 2980 3490 3053 perspicitur,
3517 2994 3626 3033 non
3662 2992 3734 3030 so—

463 3069 642 3136 (Joan.
675 3073 809 3138 vm).
857 3041 1135 3135 Quoniam
1189 3071 1379 3143 itaque
1423 3072 1580 3126 dedit
1623 3071 1782 3126 nobis
1810 3078 2061 3144 potesta-
2081 3041 2128 3102 Β
2151 3071 2272 3126 lum
2299 3041 3031 3142 quoniam‘confirmabatur
3055 3041 3155 3124 illa
3174 3041 3306 3142 quae
3335 3069 3397 3124 in
3428 3041 3642 3123 Christo
3663 3073 3737 3118 est

460 3162 578 3211 tem
604 3158 748 3212 ﬁlios
777 3158 879 3213 Dei
905 3159 1046 3226 ﬁeri,
1079 3177 1192 3214 non
1222 3161 1387 3228 servi,
1412 3161 1508 3215 sed
1547 3161 1647 3214 ﬁlii
1698 3161 1798 3216 Dei
1849 3162 2068 3222 simus;
2153 3160 2312 3226 ﬁdes,
2326 3160 2593 3231 quoniam
2619 3164 2678 3213 et
2705 3159 2842 3213 istos
2861 3159 2987 3230 plus
3013 3175 3138 3214 esse
3159 3161 3362 3214 ﬁrmos
3376 3174 3514 3228 erga
3538 3155 3732 3210 bonum

349 3282 358 3290 ο
460 3251 527 3300 ut
549 3247 692 3300 miro
723 3247 966 3318 quodam
995 3255 1052 3302 et
1077 3248 1366 3316 ineffabili,
1391 3250 1490 3304 sed
1504 3255 1696 3304 tamen
1718 3267 1852 3304 vero
1875 3250 2064 3318 modo,
2149 3248 2404 3315 faciebat,
2445 3248 2580 3302 dum
2633 3248 2916 3302 discerent
2966 3249 3102 3320 quia
3149 3265 3332 3303 causa
3370 3247 3594 3302 illorum
3630 3258 3738 3314 quae

462 3335 609 3389 servi
647 3351 760 3390 non
800 3336 946 3390 servi
1002 3353 1124 3391 esse
1169 3338 1448 3408 possimus
1479 3357 1490 3392 :
1525 3339 1672 3394 servi
1727 3338 1940 3394 scilicet
1981 3339 2056 3394 ti-
2149 3338 2293 3392 ﬁunt
2320 3338 2436 3392 Deo
2466 3338 2727 3392 convenit
2754 3337 2958 3409 aptari,
2984 3337 3092 3408 ipsi
3117 3337 3302 3392 etiam
3320 3353 3426 3408 pro
3455 3331 3734 3407 praeteritis

460 3439 617 3478 more
644 3430 818 3492 casto,
859 3425 929 3480 ad
975 3443 1142 3497 quem
1190 3427 1435 3498 pertinet
1481 3443 1673 3482 servus
1723 3427 1944 3482 intrans
1998 3427 2056 3482 in
2138 3424 2346 3480 debent
2371 3425 2687 3496 gratiarum
2715 3425 2926 3480 referre
2955 3426 3233 3480 actiones.
3271 3427 3426 3480 Nam
3455 3425 3537 3480 ita
3555 3424 3612 3477 in
3641 3419 3743 3475 illis

458 3511 682 3567 Domini
710 3513 798 3568 sui
819 3515 1089 3584 gaudium
1110 3531 1254 3583 ;non
1281 3516 1425 3570 servi
1456 3521 1645 3570 autem
1676 3516 1880 3571 timore
1907 3516 2058 3570 foras
2139 3515 2459 3586 persistere,
2494 3514 2978 3569 conﬁrmationem
2997 3515 3108 3568 illis
3135 3515 3212 3568 de
3243 3515 3460 3568 futuris
3489 3515 3740 3584 praestare

457 3600 752 3668 mittendo,
798 3603 868 3656 ad
926 3621 1093 3675 quem
1141 3605 1389 3675 pertinet
1433 3621 1626 3658 servus
1655 3621 1769 3659 non
1819 3622 2056 3661 manens
2103 3599 2446 3658 'videbatur.
2481 3604 2637 3658 Sicut
2666 3609 2738 3656 est
2763 3607 2988 3672 justum
3007 3604 3150 3656 mihi
3165 3604 3274 3658 hoc
3301 3619 3498 3674 sapere
3515 3617 3620 3670 pro
3646 3615 3746 3653 om-

454 3688 516 3742 in
543 3688 710 3744 domo
728 3689 788 3744 in
813 3695 1108 3746 aeternum.
1127 3684 1393 3746 Omnibus
1415 3695 1622 3747 sanctis
1649 3695 1751 3762 qui
1768 3697 1900 3746 sunt
1930 3693 2056 3747 Phi-
2137 3693 2302 3746 nibus
2329 3693 2495 3759 vobis,
2517 3708 2574 3746 eo
2595 3693 2740 3760 quod
2767 3692 2996 3745 habeam
3023 3707 3113 3745 vos
3153 3694 3223 3746 in
3267 3694 3436 3747 corde
3465 3706 3582 3744 meo
3613 3692 3659 3742 et
3688 3689 3740 3738 in

459 3779 622 3846 lippis
647 3795 776 3832 cum
806 3782 1064 3849 episcopis
1091 3785 1138 3833 et
1169 3781 1419 3834 diaconis
1458 3783 1648 3848 gratia
1678 3781 1826 3834 vobis
1865 3787 1914 3835 et
1940 3797 2056 3850 pas:
2136 3782 2379 3835 vinculis
2399 3782 2534 3835 meis
2550 3785 2599 3834 et
2629 3783 2693 3834 in
2723 3782 2882 3834 omni
2898 3781 3216 3848 defensione
3248 3785 3300 3834 et
3335 3780 3750 3849 conﬁrmatione

457 3881 493 3920 a
523 3867 626 3922 Deo
667 3868 830 3922 Patre
859 3873 1044 3922 nostra
1071 3872 1120 3922 et
1153 3869 1388 3923 Domino
1424 3871 1551 3924 Jesu
1577 3869 1808 3924 Christo.
1845 3869 2053 3939 (Δηὼ.)
2137 3869 2428 3937 Evangelii
2453 3871 2867 3938 comparticipes
2895 3871 3093 3937 gratim
3120 3885 3322 3924 omnes
3369 3885 3463 3924 vos
3487 3885 3611 3923 esse.
3643 3865 3748 3920 Hoc

462 3955 591 4010 Haec
619 3961 705 4010 est
722 3956 1066 4027 praescriptio
1095 3957 1345 4028 epistolae
1377 3976 1389 4010 :
1425 3958 1655 4012 sociavit
1702 3975 1833 4012 vero
1865 3959 2055 4013 Timo-
2137 3956 2210 4011 ad
2238 3957 2398 4024 illud,
2442 3958 2592 4028 quod
2621 3958 2681 4011 in
2719 3955 3102 4029 superioribus
3140 3964 3233 4012 est
3265 3958 3518 4024 dictum,
3549 3954 3752 4019 retulit,

459 4043 656 4098 theum
683 4060 892 4110 secum,
927 4060 992 4098 eo
1019 4045 1168 4115 quod
1215 4052 1271 4100 et-
1314 4045 1548 4099 miserat
1591 4062 1719 4100 eum
1756 4047 2056 4118 aliquando
2136 4044 2233 4100 ubi
2279 4047 2436 4110 dixit,
2490 4047 2626 4102 Cum
2663 4049 2868 4114 gaudio
2896 4052 2946 4101 et
2977 4049 3297 4102 orationem
3345 4050 3566 4116 faciens
3603 4058 3756 4113 super

459 4131 519 4184 in
547 4131 929 4186 Macedoniam
949 4149 1077 4186 cum
1106 4134 1302 4188 Erasto
1319 4140 1375 4187 et
1403 4134 1551 4204 quod
1566 4141 1734 4189 notus
1753 4142 1903 4189 esset
1921 4137 2050 4192 illis.
2137 4139 2583 4189 communionem
2595 4140 2836 4189 vestram
2849 4137 2912 4188 in
2923 4135 3324 4203 Evangelium,
3342 4136 3547 4190 volens
3557 4133 3755 4192 dicere.

460 4219 784 4274 Notandum
814 4236 944 4274 vero
970 4226 1056 4274 est
1083 4221 1242 4287 illud,
1283 4222 1552 4292 quoniam
1595 4223 1885 4294 episcopos
1915 4225 2056 4278 dixit
2138 4223 2402 4294 quoniam
2437 4240 2527 4277 me
2554 4224 2642 4277 vel
2677 4223 2919 4278 maxime
2952 4223 3113 4276 decet
3148 4224 3301 4278 talia
3339 4225 3416 4279 de
3469 4223 3758 4278 vobiscre-

461 4308 604 4375 illos,
637 4308 732 4380 qui
755 4325 903 4363 nunc
930 4308 1242 4380 presbyteri
1269 4311 1554 4379 dicuntur,
1597 4311 1677 4365 sic
1712 4312 1837 4366 illos
1867 4312 2287 4383 nomi-ndere,
2323 4311 2420 4383 qui
2470 4329 2693 4383 semper
2732 4329 2831 4366 vos
2869 4312 2928 4366 in
2969 4312 3134 4366 corde
3184 4329 3322 4367 meo
3376 4312 3588 4380 habeo,
3639 4310 3764 4364 licet

460 4414 622 4464 nans,
655 4413 758 4454 nec
777 4397 928 4452 enim
959 4397 1171 4452 ordinis
1199 4405 1324 4453 erat
1349 4399 1564 4454 multos
1594 4401 1652 4454 in
1691 4417 1806 4455 una
1833 4397 2117 4456 civitate"
2137 4400 2244 4454 sim
2263 4401 2322 4454 in
2349 4401 2600 4467 vinculis,
2632 4401 2764 4454 licet
2809 4400 2878 4454 ob
2911 4399 3304 4456 defensionem
3345 4419 3547 4456 meam
3575 4407 3766 4454 tenear

459 4505 581 4542 esse
623 4486 767 4554 illos,
798 4487 894 4558 qui
931 4503 1080 4541 nunc
1128 4487 1371 4559 episcopi
1413 4496 1844 4561 nuncupantur:
1877 4491 2054 4562 siqui-
2138 4505 2238 4559 pro
2265 4505 2432 4560 opere
2461 4505 2613 4544 meo:
2635 4489 2716 4542 sic
2730 4489 2881 4542 enim
2911 4506 3000 4542 me
3029 4489 3290 4544 affectari
3333 4491 3480 4545 facit
3500 4490 3573 4544 de
3595 4487 3762 4550 vobis,

457 4577 588 4631 dem
612 4593 715 4631 nec
741 4592 841 4648 per
867 4576 1118 4646 singulas
1146 4576 1398 4631 civitates
1433 4583 1598 4632 erant
1641 4578 1889 4650 antiquis
1915 4585 2056 4633 tem-
2137 4583 2201 4632 ut
2211 4577 2383 4632 sciam
2397 4577 2663 4648 quoniam
2679 4577 3136 4648 praedicationem
3150 4584 3208 4632 et
3219 4579 3572 4634 doctrinam
3587 4592 3765 4632 meam

460 4663 688 4735 poribus
716 4663 1060 4717 functionem
1087 4663 1232 4718 hanc
1262 4664 1634 4736 adimplentes
1664 4683 1676 4718 :
1709 4665 1807 4720 sed
1839 4667 2054 4737 episco-
2135 4666 2512 4721 confirmastis
2524 4672 2875 4737 pervestram
2889 4667 3076 4733 tidem,
3093 4665 3302 4722 tribuit
3327 4669 3482 4722 mihi
3493 4667 3699 4740 gratia:
3713 4666 3767 4718 in

460 4768 562 4823 pos
590 4751 781 4805 dicens
800 4752 991 4806 statim
1021 4760 1366 4808 memoratus
1397 4760 1483 4808 est
1513 4761 1572 4808 et
1611 4754 1894 4809 diaconos.
1927 4757 2054 4810 Non
2137 4755 2532 4826 apostolatum,
2554 4755 2978 4826 comparticipes
3004 4754 3137 4810 facti
3164 4761 3231 4808 ut
3269 4756 3460 4821 dicat,
3499 4757 3768 4828 quoniam

461 4837 657 4910 utique
683 4839 894 4894 relictis
921 4840 1263 4912 presbyteris
1290 4841 1554 4896 diaconos
1571 4843 1805 4898 dixisset
1822 4843 2052 4898 inferio—
2136 4842 2316 4898 habeo
2332 4861 2428 4897 vos
2441 4844 2502 4898 in
2523 4843 2712 4898 animo
2728 4861 2968 4914 semper,
2983 4860 3049 4898 eo
3079 4843 3228 4914 quod
3252 4846 3632 4900 credidistis:
3649 4860 3772 4898 con-

460 4943 552 4982 res
582 4929 909 4994 eorum,sed
938 4929 1046 4984 ista
1065 4930 1190 5002 quis
1220 4931 1422 4984 melius
1452 4938 1811 5001 recognoscet
1833 4949 1898 4986 ex
1918 4932 2050 4999 illis,
2130 4933 2514 4986 .ﬁrmationem
2541 4933 2691 4986 enim
2721 4933 2779 4986 in
2803 4932 3099 5002 Evangelio
3129 4932 3374 4988 illorum
3404 4935 3562 4989 dicit
3582 4933 3780 4988 credu-

459 5033 586 5088 quze
615 5015 686 5071 ad
713 5016 904 5071 Titum
931 5019 1139 5088 scripta
1167 5026 1318 5085 sunt,
1337 5019 1396 5072 in
1423 5019 1626 5090 quibus
1655 5020 1824 5074 dicit:
1851 5022 1912 5075 Ut
1932 5037 2054 5075 con-
2137 5021 2374 5085 litatem,
2389 5038 2456 5076 eo
2485 5021 2632 5092 quod
2653 5022 2943 5075 credentes
2965 5027 3240 5091 quantum
3263 5022 3345 5076 ad
3369 5023 3510 5078 illos
3530 5023 3778 5094 pertinet

457 5108 656 5161 stituas
681 5122 782 5176 per
809 5109 1052 5160 civitates
1083 5109 1444 5174 presbyteros,
1489 5111 1632 5163 sicut
1658 5126 1750 5176 ego
1789 5109 1890 5162 tibi
1913 5125 2053 5178 prae-
2135 5111 2470 5165 conﬁrmant
2525 5110 2998 5180 praedicationem,
3059 5109 3208 5180 quod
3259 5127 3416 5166 vera
3467 5111 3780 5174 habeatur,

459 5199 573 5264 cepi
613 5196 748 5260 (Tit.
785 5197 843 5264 ι),
893 5200 952 5248 et
994 5194 1266 5264 adjiciens
1301 5197 1497 5265 quales
1531 5216 1542 5250 :
1579 5202 1804 5267 oportet,
1845 5197 2049 5268 inquit,
2137 5199 2282 5254 sicut
2307 5205 2365 5252 et
2391 5199 2450 5253 in
2473 5199 2770 5270 Evangelio
2800 5198 3072 5269 scriptum
3100 5204 3187 5253 est
3217 5216 3228 5250 :
3257 5201 3386 5266 Qui
3411 5203 3637 5270 accipit
3667 5204 3782 5268 ejus

457 5288 762 5353 episcopum
801 5284 1338 5352 irreprehensibilem
1359 5301 1463 5339 esse
1489 5288 1542 5353 (Ι
1561 5287 1806 5356 Tim.m),
1829 5286 2056 5358 presby-
2138 5291 2532 5352 testimonium,
2550 5290 2791 5356 signavit
2811 5290 3080 5357 quoniam
3100 5289 3239 5341 Deus
3255 5304 3452 5342 veras:
3483 5295 3570 5344 est
3593 5291 3784 5357 (Joan.

458 5377 610 5426 teros
659 5372 946 5444 episcopos
976 5371 1264 5426 evidenter
1307 5373 1624 5430 nominans.
1659 5375 1778 5432 Hoc
1815 5392 1944 5429 vero
1992 5377 2050 5430 in
2132 5380 2233 5447 ιιι),
2263 5376 2368 5430 hoc
2393 5381 2500 5444 est,
2521 5375 2754 5430 credens
2774 5375 3125 5430 confirmavit
3143 5379 3446 5446 quantum
3469 5379 3551 5432 ad
3585 5394 3650 5432 se
3679 5383 3784 5440 est,

459 5460 579 5514 loco
607 5460 1010 5516 intendendum
1039 5465 1144 5526 est,
1161 5461 1428 5531 quoniam
1454 5463 1739 5519 dixitcum
1769 5467 2048 5534 episcopis;
2135 5465 2250 5532 illa,
2265 5481 2390 5537 quae
2417 5482 2452 5518 a
2480 5465 2596 5521 Deo
2623 5469 2774 5531 sunt,
2803 5471 2867 5519 ut
2893 5471 3024 5536 pote
3045 5480 3195 5518 vera.
3214 5463 3380 5518 Nam
3412 5471 3482 5520 et
3513 5481 3792 5538 compar-

460 5563 576 5602 non
611 5548 757 5604 sicut
800 5550 1029 5620 quidam
1071 5549 1470 5605 intellexerunt
1513 5553 1857 5626 coepiscopis
1892 5553 2050 5620 dixit,
2135 5553 2332 5624 ticipes
2377 5553 2574 5624 gratim
2625 5538 2767 5608 meae
2825 5553 2960 5624 quia
2995 5552 3154 5618 dixit,
3183 5551 3464 5622 idipsum
3517 5553 3693 5618 dicit,
3727 5569 3794 5605 eo
