3880 6146
244 212 318 269 43]
561 199 1131 257 ENARRATIONUM
1166 200 1247 255 IN
1284 199 1437 255 EPP.
1481 198 1698 254 PAULI
1734 198 1874 263 LIB.
1915 200 2064 256 XIX.
2098 231 2163 242 —
2201 202 2282 257 IN
2316 201 2545 260 EPIST.
2578 201 2678 258 AD
2716 202 3036 259 PHILIPP.
3327 208 3436 266 482

239 329 353 401 quod
374 327 476 398 ipse
498 326 777 393 acceperat
803 321 1048 393 gratiam
1075 321 1437 393 apostolatus,
1469 326 1535 377 ut
1560 320 1754 376 crede-
1766 320 1823 384 Α
1839 337 1969 377 nem
2012 323 2283 378 indicans.
2330 325 2475 380 Tum
2534 326 2763 398 quidem
2800 326 3192 384 existimabant
3232 346 3431 388 omnes

236 424 332 473 rent
351 414 447 475 alii,
466 412 599 467 sicut
619 416 677 465 et
694 410 960 465 Romanis
986 410 1235 465 scribens
1255 410 1393 465 dicit
1414 430 1431 465 :
1463 413 1564 465 Per
1587 428 1749 481 quem
1831 410 2059 466 beatum
2078 413 2318 467 Paulum
2334 413 2622 469 interﬁcia
2639 416 2882 480 Nerone,
2902 432 2969 469 eo
2990 417 3139 488 quod
3157 419 3430 474 crudelis-

234 508 476 573 accepimus
495 503 730 569 gratiam
750 505 799 553 et
815 503 1181 568 apostolatum
1192 503 1256 554 in
1292 502 1595 555 obedientia
1622 503 1751 569 ﬁdei
1830 499 2007 555 simus
2026 507 2173 555 erat:
2191 507 2248 555 et
2257 503 2497 557 maxime
2519 503 2653 574 quia
2666 520 2810 558 nova
2822 505 3078 575 quaedam
3090 506 3431 580 illistempo-

236 598 279 648 in
299 592 509 646 omnibus
533 591 777 657 gentibus
811 591 981 656 (Rom.
1011 589 1187 656 I).Qui
1215 588 1477 643 credebat
1503 606 1749 644 commu-
1830 589 1986 645 ribus
1998 590 2197 644 docere
2212 591 2521 657 videbatur,
2539 593 2781 647 multum
2793 599 3057 648 extranea
3068 594 3430 667 illorumqum

234 680 402 736 nicabat
424 679 603 749 utique
634 677 852 748 gratias,
875 683 934 731 et
960 678 1184 748 copiose
1199 694 1367 733 suum
1388 694 1523 748 erga
1542 696 1637 733 eos
1666 678 1749 733 af-
1829 678 1980 749 apud
2000 679 2282 733 Romanos
2296 685 2430 734 tunc
2440 680 2554 736 ritu
2574 681 2808 736 deorum
2836 681 3184 737 colebantur.
3218 685 3432 741 Praeter

232 771 387 824 fectum
410 767 692 821 ostendens
721 766 890 821 dicit:
940 768 1104 821 Testis
1139 772 1291 821 enim
1329 769 1471 822 mihi
1508 774 1581 822 est
1610 770 1750 823 Deus
1832 783 2059 821 omnem
2076 784 2204 822 vero
2225 785 2383 839 spem
2398 769 2749 824 introductus
2777 775 2865 824 est
2882 770 3184 826 defendens
3199 789 3429 829 causam

228 857 615 929 quemadnwdum
628 857 869 910 desidero
884 871 1068 910 omnes
1080 872 1170 909 vos
1192 859 1257 910 in
1280 858 1579 911 visceribus
1596 858 1754 912 Chri—
1834 872 2015 910 suam.
2042 857 2167 910 Non
2181 857 2364 912 solum
2379 858 2512 928 quia
2532 858 2672 912 nihil
2692 875 2891 929 passus
2910 864 3014 926 est,
3040 877 3237 915 verum
3257 862 3429 917 etiam

227 949 416 1001 stiJesu:
436 945 699 998 ethocoro
718 949 782 997 ut
799 944 1043 998 eharitas
1061 949 1240 998 vestra
1268 948 1445 1013 magis
1471 948 1754 1014 magisque
1835 951 1893 999 et
1918 944 2146 1015 plenam
2172 946 2533 1000 securitatem
2583 953 2670 1001 est
2711 954 3020 1015 assecutus,
3068 949 3149 1003 ita
3191 956 3257 1005 ut
3291 957 3349 1006 et
3395 967 3433 1005 a

225 1035 411 1089 abundet
428 1036 487 1087 in
517 1035 821 1101 cognitione
853 1037 904 1086 et
923 1036 1080 1087 omni
1096 1049 1278 1099 sensu,
1302 1039 1364 1087 ut
1379 1035 1617 1102 probetis
1636 1037 1751 1089 uti-
1835 1033 2015 1088 Roma
2046 1039 2243 1105 postea
2260 1034 2590 1101 discederet,
2614 1042 2672 1090 et
2693 1042 2959 1091 consueto
2979 1054 3134 1092 more
3162 1039 3430 1095 doctrinae

226 1127 349 1188 liora,
374 1128 431 1176 ut
451 1124 565 1175 sitis
582 1124 792 1175 sinceri
810 1126 859 1175 et
874 1124 993 1176 sine
1013 1124 1304 1189 o/fensione
1324 1125 1387 1176 in
1416 1124 1503 1176 die
1524 1123 1750 1189 Christi,
1834 1122 2177 1177 immineret.
2192 1122 2402 1178 Omnes
2422 1140 2552 1177 vero
2571 1125 2645 1178 ad
2663 1125 3094 1180 demirationem
3108 1126 3431 1199 impellebat

222 1214 371 1281 repleti
410 1212 592 1278 fructu
655 1213 892 1279 justitia
937 1226 1040 1279 per
1082 1213 1273 1265 Jesum
1330 1211 1629 1277 Christum,
1690 1215 1755 1267 in
1836 1211 1993 1278 illud,
2045 1212 2193 1283 quod
2237 1211 2423 1266 fuerat
2461 1212 2691 1280 factum,
2724 1219 2782 1267 et
2830 1215 3130 1285 plurimam
3165 1217 3429 1272 ﬁduciam

220 1303 410 1367 gloriam
436 1304 481 1352 et
515 1300 738 1353 laudem
768 1300 885 1353 Dei.
927 1299 1074 1353 Nam
1102 1300 1251 1370 quod
1291 1299 1448 1367 dixit,
1489 1303 1553 1355 in
1595 1304 1757 1355 visce-
1836 1300 2094 1355 ﬁdelibus
2114 1300 2415 1366 tribuebat,
2450 1301 2533 1356 ita
2559 1307 2624 1355 ut
2647 1308 2875 1373 excepto
2905 1305 3059 1358 omni
3089 1310 3303 1373 terrore
3326 1323 3426 1378 pa-

222 1390 339 1443 ribus
375 1388 581 1451 Christi,
633 1387 819 1441 dicere
846 1388 1041 1454 voluit,
1084 1387 1144 1442 in
1189 1388 1462 1443 charitate
1506 1389 1605 1444 illa
1632 1407 1755 1460 quae
1837 1396 1995 1443 catus
2036 1390 2302 1460 dogmata
2336 1390 2580 1444 doceret.
2626 1391 2772 1445 Nam
2810 1392 2958 1462 quod
3004 1392 3160 1460 dixit,
3211 1397 3274 1449 in
3322 1400 3428 1450 toto

218 1476 469 1531 seclmdum
514 1476 805 1531 Christum
860 1482 965 1543 est,
1004 1483 1062 1531 et
1115 1478 1265 1548 quod
1316 1478 1472 1545 dixit,
1513 1479 1757 1533 charitas
1832 1481 2110 1548 praetorio,
2159 1484 2226 1532 ut
2253 1478 2404 1533 dicat
2430 1479 2489 1533 in
2521 1479 2709 1549 regiis,
2743 1487 2800 1534 et
2826 1480 2937 1534 illis
2962 1498 3085 1552 quae
3114 1482 3263 1537 circa
3297 1499 3429 1538 eum

219 1570 368 1630 astra,
396 1565 487 1619 illa
510 1566 710 1637 utique
738 1583 861 1637 quae
890 1572 948 1619 et
975 1582 1111 1637 erga
1138 1567 1320 1621 Deum
1348 1573 1407 1622 et
1432 1584 1567 1637 erga
1590 1568 1757 1622 alter-
1777 1636 1803 1639 _
1836 1573 1987 1622 sunt.
2010 1566 2343 1622 Praetorium
2364 1567 2503 1622 illud
2527 1568 2844 1635 nominans,
2874 1569 3023 1639 quod
3040 1586 3190 1624 nunc
3209 1587 3276 1625 ex
3294 1587 3430 1626 con-

218 1659 365 1708 utrum
401 1659 496 1710 est.
543 1636 684 1709 vult
728 1636 861 1725 ergo
891 1636 1079 1709 dicere
1117 1673 1128 1707 :
1162 1656 1431 1727 quoniam
1470 1636 1633 1711 testis
1670 1636 1820 1711 estB
1836 1656 2133 1711 suetudine
2155 1656 2427 1727 palatium
2450 1656 2827 1710 nominamus.
2851 1636 3113 1728 Iiocergo
3142 1658 3430 1726 dixit,volo

216 1742 322 1797 mihi
336 1743 488 1810 Deus,
520 1743 769 1815 qualiter
786 1760 923 1814 erga
948 1760 1046 1798 vos
1068 1744 1330 1799 allectum
1350 1750 1536 1813 teneo,
1570 1750 1629 1798 et
1656 1762 1754 1800 oro
1835 1762 1950 1811 vos,
1972 1744 2175 1815 inquit,
2207 1744 2369 1808 scire,
2402 1760 2467 1797 eo
2509 1744 2658 1815 quod
2690 1745 2788 1798 illa
2827 1762 2950 1815 quae
2987 1746 3253 1801 doctrinae
3290 1764 3430 1803 mea;

216 1847 290 1900 per
308 1831 812 1902 singulamomenta
834 1831 1121 1886 abundare
1148 1833 1329 1903 magis
1348 1833 1407 1887 in
1425 1832 1580 1888 vobis
1596 1834 1754 1889 illam
1835 1839 1969 1889 sunt
1986 1833 2047 1887 in
2064 1832 2299 1903 singulis
2327 1831 2524 1886 diebus
2544 1832 2959 1887 incrementum
2978 1834 3429 1905 accipiunt.Nam

214 1919 511 1986 charitatem,
538 1937 669 1992 quae
698 1927 758 1974 et
799 1937 933 1991 erga
959 1921 1140 1975 Deum
1169 1927 1228 1975 et
1253 1938 1389 1992 erga
1415 1922 1752 1977 alterutrum
1833 1924 2050 1977 vinctus
2078 1922 2149 1976 ad
2178 1921 2434 1975 omnium
2469 1921 2729 1975 notitiam
2756 1922 3001 1992 perveni,
3033 1922 3296 1980 inductus
3328 1925 3429 1979 de-

210 2014 286 2061 est.
325 2009 613 2063 Scientiam
661 2025 792 2064 vero
836 2010 1258 2064 convenientem
1298 2009 1505 2065 habere
1530 2028 1627 2065 vos
1654 2028 1752 2066 cu-
1835 2011 2085 2067 fensione
2119 2027 2246 2065 mea
2269 2009 2443 2075 adfui,
2478 2015 2536 2062 et
2565 2009 2645 2063 sic
2674 2008 2746 2063 ab
2765 2010 2918 2064 omni
2952 2011 3199 2081 periculo
3230 2012 3430 2068 libera-

209 2096 277 2165 pio
299 2096 357 2150 de
383 2096 488 2151 illis
510 2114 641 2168 quae
687 2097 759 2151 ad
798 2097 1063 2152 virtutem
1100 2098 1405 2169 pertinent,
1452 2099 1755 2170 probantes
1835 2106 1947 2167 tus,
1978 2108 2044 2155 ut
2072 2099 2237 2154 multi
2262 2099 2455 2153 ﬁdeles
2491 2114 2621 2152 cum
2654 2099 2859 2153 ﬁducia
2885 2099 3152 2155 docerent
3179 2101 3280 2155 illa
3304 2118 3428 2173 quas

207 2202 299 2254 qua
320 2186 422 2240 sint
444 2186 698 2253 utiliora,
732 2192 790 2240 et
819 2202 955 2257 erga
979 2187 1077 2240 illa
1101 2188 1283 2258 magis
1313 2188 1749 2243 sollicitudinem
1830 2189 2058 2263 pietatis
2084 2193 2235 2253 sunt,
2275 2204 2344 2241 ex
2368 2186 2480 2240 illis
2517 2203 2641 2257 qua:
2669 2203 2806 2257 erga
2841 2204 2932 2241 me
2959 2188 3105 2242 facta
3129 2194 3263 2243 sunt
3289 2189 3430 2244 ﬁdu-

206 2274 463 2344 expendite,
491 2275 571 2328 ita
600 2279 673 2328 ut
698 2275 758 2329 in
795 2274 988 2330 futura
1020 2275 1113 2329 die
1142 2276 1262 2330 sine
1290 2277 1406 2331 ullo
1431 2278 1750 2349 appareatis
1830 2279 1975 2334 ciam
2004 2276 2359 2348 accipientes.
2405 2277 2644 2343 Quidam
2682 2277 2903 2344 quidem
2933 2282 2981 2330 et
3018 2282 3243 2346 propter
3284 2280 3430 2332 invi-

202 2363 602 2433 reprehensione,
635 2363 937 2435 plurimam
966 2364 1336 2419 directionum
1364 2366 1584 2437 copiam
1612 2366 1751 2421 obti-
1830 2371 1986 2422 diam
1999 2372 2049 2421 et
2066 2367 2470 2420 contentionem
2491 2382 2508 2428 ;
2528 2365 2760 2432 quidam
2784 2380 2907 2418 vero
2922 2370 2971 2418 et
2985 2371 3209 2434 propter
3225 2368 3429 2420 bonum

202 2456 373 2519 nentes,
401 2468 497 2523 pro
522 2450 736 2523 quibus
762 2452 971 2524 poterit
993 2458 1051 2507 et
1078 2452 1137 2506 in
1165 2454 1430 2524 praesenti
1448 2454 1563 2509 vita
1580 2455 1751 2525 glori-
1825 2458 2103 2525 placitum
2122 2454 2406 2509 Christum
2425 2454 2798 2506 annuntiant.
2833 2452 2903 2506 Et
2922 2452 3089 2508 latius
3109 2453 3430 2524 signiﬁcans

200 2539 317 2594 ﬁmi
351 2540 405 2595 in
435 2540 587 2596 vobis
629 2541 803 2608 Deus,
847 2541 1106 2596 omnibus
1134 2558 1307 2612 supra
1332 2548 1519 2598 vestra
1544 2544 1749 2599 virtute
1833 2543 1966 2615 quid
1985 2543 2059 2597 sit
2089 2542 2237 2614 quod
2268 2541 2473 2595 dixerit
2495 2546 2725 2611 propter
2750 2540 3016 2595 invidiam
3032 2548 3089 2596 et
3115 2543 3429 2598 contentio-

200 2627 321 2682 illum
346 2629 814 2697 collaudantibus,
857 2630 919 2685 in
946 2631 1107 2700 cujus
1147 2631 1374 2685 nomine
1402 2632 1520 2687 hinc
1546 2632 1746 2687 facitis.
1832 2649 1963 2687 nem
1991 2630 2221 2702 adjicit:
2251 2630 2365 2685 Alii
2399 2629 2624 2700 quidem
2654 2645 2722 2683 ex
2752 2630 3110 2685 contentione
3141 2631 3430 2686 Christum

197 2716 283 2771 Ista
297 2718 507 2790 quidem
518 2718 757 2790 scripsit
766 2719 839 2773 ad
849 2735 963 2785 eos,
988 2719 1250 2774 affectum
1270 2721 1562 2791 proprium
1581 2738 1749 2792 quem
1831 2720 2193 2788 annuntiant,
2224 2736 2338 2773 non
2367 2719 2584 2773 sincere
2604 2718 2989 2773 existimantes
3008 2718 3429 2775 tribulationem

195 2821 297 2874 erga
311 2823 395 2861 eos
413 2807 666 2862 habebat
686 2808 1017 2863 ostendens:
1041 2814 1100 2863 et
1121 2808 1348 2880 quidem
1366 2808 1426 2863 in
1445 2810 1749 2865 verissimis
1830 2810 2038 2864 inferre
2056 2808 2293 2863 vinculis
2308 2806 2468 2861 meis.
2493 2806 2755 2871 Quidam,
2782 2806 2983 2878 inquit,
3006 2807 3318 2864 invidentes
3344 2825 3432 2862 re-

193 2892 403 2950 laudibus
430 2898 501 2951 ad
531 2914 740 2951 eorum
767 2903 852 2951 est
878 2897 1324 2952 exhortationem
1348 2897 1576 2953 abusus.
1610 2898 1750 2953 Inci-
1768 2951 1808 2968 η
1830 2898 1935 2953 bus
1973 2898 2115 2953 bene
2162 2913 2299 2968 erga
2336 2913 2427 2951 me
2461 2896 2656 2967 gestis,
2706 2901 2765 2949 et
2807 2896 3073 2966 quoniam
3111 2896 3253 2951 nihil
3294 2896 3430 2951 mali

193 2983 253 3051 pit
272 3000 385 3039 vero
409 2986 469 3040 in
495 2985 975 3056 subsequentibus
1090 3003 1212 3057 quae
1239 2951 1310 3041 de
1338 2951 1406 3041 se
1766 2951 1810 3012 Ο
2216 2951 2966 3051 διάυοιιιξδηιθιΝθτοῖιθω,
2985 2985 3083 3040 sed
3113 2991 3172 3040 et
3197 2985 3429 3056 illaque

192 3070 335 3127 facere
359 3073 467 3128 illis
503 3075 685 3129 simul
728 3074 956 3145 quidem
998 3076 1158 3146 quasi
1186 3075 1523 3144 all'ectuosis,
1565 3083 1624 3132 et
1654 3078 1748 3149 qui
1831 3093 1968 3147 erga
1984 3093 2076 3130 me
2090 3074 2572 3139 fueruntedicens,
2588 3073 2727 3128 solvi
2746 3073 2815 3128 ab
2835 3090 2900 3128 eo
2921 3073 3221 3145 promerui,
3234 3079 3431 3130 contra

189 3160 312 3215 valde
336 3180 431 3234 pro
474 3164 577 3218 illo
628 3163 874 3229 solliciti,
926 3164 1203 3235 siquidem
1231 3170 1489 3237 sumptus
1528 3167 1747 3222 misisse
1830 3181 1922 3219 me
1958 3180 2118 3219 suam
2147 3163 2566 3219 contentionem
2588 3167 2909 3217 exercentes
2938 3162 3281 3230 discurrunt,
3313 3179 3428 3218 non

192 3247 440 3305 ridentur:
484 3251 862 3307 conveniebat
888 3252 1041 3306 enim
1066 3252 1273 3309 talibus
1304 3259 1363 3308 et
1389 3254 1487 3308 illa
1513 3272 1637 3326 quae
1658 3273 1748 3311 se-
1832 3253 2039 3308 ﬁducia
2065 3258 2298 3324 agentes
2321 3251 2379 3305 id
2401 3251 2609 3322 aliqua,
2634 3251 2734 3305 sed
2755 3251 3026 3323 nequitia,
3048 3256 3113 3306 ut
3147 3251 3231 3306 ita
3269 3252 3425 3307 dixe-

185 3339 385 3394 cundum
409 3359 471 3395 se
502 3346 679 3395 erant
697 3347 832 3395 nota
854 3340 1055 3407 facere,
1080 3341 1362 3414 simulque
1382 3344 1522 3398 etad
1540 3344 1749 3399 doctri-
1831 3341 1960 3408 lim,
1984 3340 2316 3413 impietatis,
2338 3340 2606 3410 dogmata
2619 3340 2819 3394 docere
2836 3340 3213 3411 deproperant
3235 3359 3247 3395 :
3265 3348 3331 3396 ut
3348 3341 3431 3397 illi

187 3440 288 3480 nam
318 3429 421 3484 illis
466 3433 750 3502 proﬁcere
794 3437 1073 3501 poterant.
1104 3432 1249 3485 Nam
1296 3431 1429 3503 quia
1462 3431 1567 3487 sub
1595 3439 1751 3489 arcta
1832 3430 1927 3500 qui
1948 3430 2007 3484 in
2026 3429 2344 3501 principatu
2365 3434 2423 3482 et
2441 3433 2720 3499 potestate
2738 3434 2962 3494 sunt,ex
2980 3428 3207 3484 illorum
3225 3430 3433 3485 ﬁducia

182 3524 311 3572 emat
333 3520 692 3586 necessitate,
734 3520 1037 3591 Apostolus
1065 3519 1292 3591 pietatis
1321 3523 1749 3594 contemplatio-
1831 3519 2074 3591 permoti
2112 3534 2303 3573 secum
2339 3522 2622 3589 reputent,
2656 3516 2924 3587 quoniam
2954 3516 3157 3571 horum
3176 3518 3431 3572 omnium

185 3618 237 3656 ne
273 3607 543 3663 sufﬁciens
606 3614 735 3662 erat
775 3608 1000 3663 erudire
1055 3608 1201 3669 illos,
1259 3610 1384 3679 ejus
1435 3611 1749 3666 imitatione
1831 3624 2002 3663 causa
2022 3608 2120 3662 illa
2146 3606 2350 3673 existit,
2382 3606 2532 3677 quod
2563 3622 2667 3675 ego
2701 3605 2822 3659 sine
2856 3605 3104 3676 periculo
3140 3605 3429 3677 negotium

181 3692 319 3750 etiam
333 3697 600 3767 graviora
618 3698 865 3751 tolerare
895 3714 996 3769 pro
1026 3697 1253 3752 virtute.
1274 3698 1478 3770 Incipit
1486 3716 1617 3754 vero
1636 3700 1747 3755 sic:
1835 3697 2185 3752 transierim:
2204 3695 2484 3749 utiterum
2517 3695 2811 3749 adversum
2826 3710 2917 3747 me
2936 3698 3351 3761 convertantur,
3373 3700 3434 3749 et

234 3783 365 3838 Scire
381 3791 575 3840 autem
597 3803 693 3840 vos
710 3790 846 3851 volo,
864 3788 1089 3853 fratres,
1117 3790 1384 3856 quoniam
1404 3804 1467 3842 ea
1487 3805 1606 3858 quas
1622 3806 1753 3859 erga
1835 3802 2004 3858 poena
2026 3802 2153 3839 mea
2176 3789 2408 3839 caeteros
2438 3782 2821 3853 corrigantur:
2838 3783 2941 3836 hoc
2954 3787 3146 3836 autem
3157 3783 3283 3854 quis
3296 3799 3433 3854 erga

181 3886 245 3925 me
263 3879 386 3929 sunt
405 3878 590 3945 magis
615 3877 694 3929 ad
712 3877 1021 3944 profectum
1043 3875 1337 3944 Evangelii
1357 3884 1747 3945 pervenerunt,
1835 3874 2063 3930 beatum
2075 3873 2314 3928 Paulum
2335 3872 2596 3926 effectum
2627 3871 2945 3943 intelligens
2955 3886 3313 3943 nequaquam
3330 3873 3431 3927 de-

182 3961 243 4012 ita
264 3966 318 4014 ut
334 3965 567 4018 vincula
590 3979 717 4018 mea
739 3965 1039 4033 manifesta
1070 3966 1133 4018 in
1167 3964 1381 4019 Christo
1411 3966 1539 4020 Jesu
1559 3969 1755 4033 ﬂerent
1834 3962 2152 4029 mirabitur,
2161 3960 2322 4034 quasi
2332 3961 2429 4032 qui
2443 3960 2514 4015 ob
2529 3960 2797 4015 invidiam
2808 3960 3199 4033 fueritaliquid
3210 3977 3433 4033 perpes-

181 4048 225 4100 in
242 4053 610 4120 totaprztorio
628 4056 681 4105 et
699 4054 903 4106 ceteris
921 4053 1195 4118 omnibus,
1231 4056 1281 4107 et
1294 4055 1485 4121 plures
1502 4056 1754 4121 fratrum
1836 4070 1952 4121 sus,
1966 4052 2168 4107 deinde
2178 4051 2273 4123 qui
2283 4050 2442 4116 dixit,
2460 4055 2512 4105 et
2522 4066 2625 4119 per
2645 4051 2847 4104 bonum
2857 4053 3133 4120 placitum
3149 4051 3433 4107 Christum

182 4138 461 4195 inDomino
483 4142 1071 4209 conﬁdentesvinculis
1093 4144 1229 4196 meis
1242 4142 1628 4198 abundantius
1656 4160 1757 4198 au-
1831 4144 2157 4213 pradicant,
2188 4140 2477 4196 evidenter
2512 4139 2653 4194 illud
2681 4139 3015 4211 signiﬁcavit
3041 4139 3233 4195 dicens
3264 4157 3278 4194 :
3312 4143 3435 4210 qui-

181 4223 337 4327 derent
360 4231 483 4283 sine
516 4232 721 4283 timore
747 4231 976 4283 verbum
994 4231 1163 4298 loqui.
1195 4229 1402 4285 Beatus
1425 4231 1634 4287 Paulus
1663 4247 1820 4327 ap-D
1838 4231 2200 4299 damquidem
2213 4230 3083 4327 excharitate,scientesquoniam
3094 4230 3433 4327 indefensio-

184 4314 366 4380 Pellans
410 4318 673 4383 Festum,
706 4334 773 4372 eo
817 4318 967 4389 quod
993 4317 1215 4373 volebat
1243 4335 1374 4373 eum
1401 4320 1610 4376 Judaeis
1638 4314 1817 4376 tra-"
1840 4316 3086 4387 mmengeliipositussum,hocest,quidam
3099 4315 3433 4370 charitatem

182 4398 305 4472 dere,
332 4412 390 4460 et
415 4407 722 4478 postulans
748 4423 807 4461 se
836 4406 986 4461 mitti
1014 4408 1087 4462 ad
1118 4408 1415 4475 Casarem,
1443 4409 1644 4465 ductus
1672 4416 1759 4466 est
1837 4408 1993 4463 illam
2014 4423 2184 4479 quam
2199 4423 2335 4477 erga
2359 4406 2647 4461 Christum
2666 4404 2947 4459 habebant
2965 4402 3287 4474 praedicant,
3303 4420 3432 4459 con-

182 4489 225 4544 in
244 4494 468 4550 vinculis
486 4496 1037 4551 RomamJnductus
1064 4512 1194 4551 vero
1222 4501 1354 4551 ante
1385 4498 1670 4554 Neronem
1701 4504 1759 4554 et
1838 4497 2076 4553 ﬁdentes
2096 4495 2324 4568 quidem
2352 4511 2542 4549 meum
2570 4510 2692 4548 esse
2712 4509 2852 4564 opus
2873 4497 2937 4546 ut
2955 4491 3290 4563 praedicetur
3308 4493 3430 4563 pie-

182 4577 534 4639 defensionem
576 4584 668 4639 sui
724 4582 949 4651 faciens,
999 4583 1227 4639 biennio
1283 4584 1380 4640 illo
1426 4586 1753 4643 demoratus
1834 4591 1942 4652 tas,
1963 4585 2276 4640 abutuntur
2298 4600 2428 4637 vero
2467 4581 2671 4637 ﬁducia
2704 4598 2769 4635 eo
2791 4580 2939 4651 quod
2966 4580 3050 4634 ita
3085 4596 3221 4651 erga
3239 4597 3331 4635 me
3349 4581 3433 4637 di-

178 4667 455 4734 plenariam
496 4673 744 4744 adeptus
783 4679 867 4727 est
908 4673 1288 4728 securitatem.
1322 4675 1454 4729 Ideo
1498 4680 1557 4730 et
1582 4676 1643 4730 in
1675 4676 1753 4731 si-
1833 4674 1967 4730 vina
2009 4674 2255 4729 donante
2299 4670 2485 4742 gratia
2529 4671 2605 4724 sit
2639 4669 3046 4740 dispensatum,
3076 4675 3142 4724 ut
3167 4670 3457 4743 ﬁduciam_

181 4758 329 4813 cauda
352 4760 423 4814 ad
462 4761 835 4816 Timotheum
882 4760 1133 4832 Epistola
1172 4777 1343 4833 quam
1383 4780 1420 4817 a
1469 4763 1651 4818 Roma
1683 4764 1754 4820 ad
1836 4762 2021 4817 cuncti
2037 4765 2488 4832 assequerentur,
2519 4759 2709 4812 dicens
2737 4757 3050 4814 evidentius
3080 4760 3287 4814 horum
3298 4776 3433 4831 quo-

180 4859 281 4902 emn
326 4849 584 4922 scripsit,
617 4865 732 4904 non
778 4855 915 4904 tunc
950 4851 1175 4921 quando
1202 4856 1261 4905 et
1303 4851 1755 4923 Philippensibus
1837 4867 1946 4923 que
1973 4855 2033 4906 et
2065 4850 2292 4905 illorum
2322 4847 2651 4903 arbitrium:
2688 4849 2831 4915 Quid
2857 4852 3009 4903 enim
3034 4856 3058 4902 ν
3076 4850 3213 4903 dum
3250 4852 3431 4903 omni-

184 4933 423 4993 itn'bebat
454 4958 469 4993 :
524 4938 742 4994 etenim
767 4943 905 4992 tunc
946 4954 1074 4993 cum
1103 4939 1225 5011 ipso
1253 4940 1325 4995 ad
1354 4940 1480 4996 illos
1508 4940 1749 5012 scripsit,
1834 4941 2414 5004 modosiveoccasione,
2443 4940 2553 4991 sive
2565 4939 2791 4992 veritate
2806 4937 3427 5006 Christusprzdicatur.

183 5024 258 5077 Sed
290 5027 546 5084 secunda
596 5027 735 5094 vice,
775 5027 997 5099 quando
1044 5028 1159 5084 illic
1198 5030 1381 5102 capite
1411 5036 1499 5085 est
1525 5030 1755 5102 punitus
1838 5028 2023 5100 (Aug)
2044 5027 2144 5084 Isti
2173 5025 2504 5082 mercenarii
2524 5031 2705 5093 erant,
2731 5027 2828 5098 qui
2853 5026 3028 5081 Paulo
3054 5025 3308 5097 apostolo
3336 5025 3426 5079 in-

184 5112 393 5172 !cribens
420 5116 571 5172 dicit
592 5133 605 5172 :
626 5119 695 5173 In
722 5120 915 5186 prima
943 5133 1065 5172 mea
1092 5119 1403 5187 defensione
1422 5135 1580 5174 nemo
1609 5121 1756 5175 mihi
1833 5116 2129 5172 videbant:
2162 5133 2337 5188 quare
2362 5114 2731 5171 invidebant?
2761 5115 2870 5170 nisi
2913 5114 3048 5186 quia
3095 5113 3432 5186 temporalia

181 5200 349 5273 adfuit,
383 5207 483 5262 sed
509 5222 703 5261 omnes
720 5221 809 5261 me
825 5209 1177 5276 reliquerunt
1200 5225 1217 5262 :
1243 5223 1357 5263 non
1376 5208 1495 5263 illis
1522 5211 1753 5278 impute-
1833 5205 2222 5279 requirebant?
2235 5205 2333 5261 sed
2352 5204 2488 5277 quid
2509 5204 2784 5277 adjungat
2796 5202 3089 5269 attendite,
3098 5201 3433 5270 Quidenim?

184 5292 271 5344 tur.
290 5295 569 5351 Dominus
584 5299 773 5351 autem
791 5298 972 5350 astitit
988 5296 1135 5350 mihi
1152 5301 1203 5351 et
1221 5296 1555 5364 confortavit
1572 5313 1676 5365 me,
1691 5303 1755 5352 ut
1835 5297 1973 5351 dum
2000 5296 2320 5350 omnimodo
2348 5297 2459 5350 sive
2487 5297 2782 5358 occasione,
2800 5295 2914 5351 sive
2930 5295 3162 5348 veritate
3181 5292 3431 5349 Christus

180 5391 255 5441 Μ’
281 5397 360 5438 me
386 5385 719 5454 pradicatio
738 5387 1059 5453 implmtur,
1083 5388 1135 5440 et
1155 5385 1401 5441 audiant
1419 5400 1606 5441 omnes
1626 5401 1755 5456 gen-
1833 5387 2250 5449 annuntietur;
2274 5386 2410 5439 etin
2429 5384 2529 5439 hoc
2545 5385 2773 5453 gaudeo,
2792 5383 2884 5435 sed
2904 5386 2955 5435 et
2979 5383 3243 5450 gaudebo.
3274 5380 3433 5438 Veri-

186 5469 308 5529 ωςσι
323 5473 599 5528 liberam
622 5488 751 5528 sum
782 5488 961 5543 acere
979 5475 1150 5530 leonis
1170 5473 1253 5541 (II
1283 5474 1424 5531 Tim.
1446 5477 1547 5544 IV).
1571 5474 1752 5532 Nero-
1834 5477 2026 5530 tasest
2041 5472 2323 5541 Christus,
2344 5472 2554 5533 veritas
2576 5487 2621 5529 a
2640 5470 3429 5553 mercenﬂiis,occasionc_au-
