3892 6158
501 271 605 328 487

1085 272 1148 326 Β.
1189 270 1466 329 RABANI
1501 269 1734 328 MAURI
1779 271 2121 330 ARCHIEP.
2152 271 2486 328 'MOGUNT.
2528 270 2827 327 OPERUH
2861 271 3048 330 PARS
3079 273 3181 330 III.

3613 283 3701 341 488

501 397 890 466 nobismetipsis
907 397 1250 450 alterutrum
1275 397 1614 462 arbirantes,
1635 395 1864 452 etillud.
1895 398 2101 452 honore
2115 395 2300 468 Aipse
2325 395 2400 451 sit
2426 395 2603 452 Filius
2627 396 2952 467 unigenitus
2979 397 3081 452 Dei
3117 397 3308 463 Patris,
3337 397 3392 454 in
3440 399 3602 456 forma
3621 402 3705 460 Dei

502 487 843 540 alterutrum
863 487 1270 553 praeenientes,
1303 490 1369 539 ut
1395 484 1522 556 plus
1561 485 1947 556 unusquisque
1965 501 2101 540 con-

503 573 640 628 sorti
670 589 772 627 suo
795 571 1040 628 scientiae
1069 578 1126 628 et
1152 573 1467 628 sanctitatis
1503 573 1784 628 ascribens
1815 577 2103 629 summam

502 661 853 716 discretionis
871 678 1014 717 verae
1034 662 1093 717 in
1119 663 1354 717 alterius
1381 663 1562 732 magis
1579 677 1748 733 quam
1765 662 1828 716 in
1849 679 1952 718 suo
1990 679 2104 718 cre~

501 751 598 804 dat
623 755 773 804 stare
796 751 1036 821 judicio.
1057 751 1214 822 Saepe
1245 757 1436 806 autem
1457 751 1661 806 accidit
1699 751 1815 805 sive
1842 751 2104 806 illusione

501 837 708 893 diaboli
740 839 855 894 sive
885 839 1194 894 intercessu
1222 839 1429 894 erroris
1466 839 1718 905 humani,
1753 839 1888 909 quia
1917 839 2102 894 nullus

501 933 591 982 est
611 927 670 982 in
694 927 802 981 hac
817 928 1107 1000 carne,qui
1136 945 1248 982 non
1271 927 1388 982 falli
1404 929 1555 982 velut
1577 929 1743 982 homo
1764 945 1878 982 non
1905 928 2098 999 possit,

500 1022 568 1072 ut
597 1023 655 1072 et
677 1017 773 1071 ille
803 1017 1108 1084 interdum,
1139 1017 1236 1088 qui
1251 1017 1482 1071 acrioris
1510 1016 1723 1087 ingenii
1744 1016 2102 1088 scientiaeque

501 1105 735 1176 majoris
760 1110 848 1160 est
874 1105 1088 1177 aliquid
1116 1105 1320 1160 falsum
1358 1110 1548 1160 mente
1577 1105 1872 1176 concipiat,
1905 1111 1964 1160 et
2009 1106 2102 1160 ille

503 1194 599 1265 qui
619 1193 886 1248 tardioris
913 1193 1126 1265 ingenii
1151 1211 1215 1248 ac
1246 1193 1480 1248 minoris
1509 1199 1597 1248 est
1641 1193 1850 1259 meriti,
1895 1193 2099 1248 rectius

499 1281 712 1354 aliquid
731 1282 1028 1354 veriusque
1053 1283 1376 1354 praesentiat
1408 1300 1419 1335 :
1454 1287 1512 1336 et
1528 1281 1732 1336 idcirco
1777 1283 1964 1337 nullus
1994 1281 2100 1337 sibi

502 1371 756 1442 quamvis
783 1371 1020 1426 scientia
1047 1371 1314 1443 praeditus
1342 1370 1496 1425 inani
1524 1377 1745 1425 tumore
1765 1371 2102 1442 persuadeat

503 1459 651 1532 quod
707 1459 884 1532 possit
930 1459 1226 1514 collatione
1274 1459 1507 1514 alterius
1549 1477 1662 1514 non
1714 1477 1898 1530 egere.
1956 1461 2102 1514 Nam

501 1548 722 1602 etiamsi
735 1547 1012 1619 judicium
1039 1549 1162 1619 ejus
1217 1547 1488 1603 diabolica
1533 1565 1648 1603 non
1687 1549 1846 1602 fallat
1893 1547 2098 1615 illusio,

501 1637 758 1691 elationis
776 1642 968 1691 tamen
991 1642 1049 1690 et
1077 1635 1352 1708 superbiae
1378 1636 1662 1707 graviores
1715 1637 1946 1708 laqueos
1988 1654 2101 1692 non

2181 485 2412 556 aequalis
2421 485 2595 552 Patri,
2603 483 2662 539 in
2677 485 2861 540 forma
2873 485 3018 560 servi
3034 487 3291 542 mediator
3299 487 3389 541 Dei
3405 492 3449 541 et
3461 489 3708 546 hominum

2183 574 2340 627 homo
2365 575 2616 630 Christus
2642 577 2795 629 Jesus
2819 576 2873 641 (Ι
2894 577 3033 629 Tim.
3067 579 3143 642 ιι),
3166 575 3286 646 quis
3337 591 3440 630 non
3475 575 3710 650 intelligat

2184 661 2332 732 quod
2397 661 2456 716 in
2525 663 2707 717 forma
2760 662 2860 718 Dei
2919 663 3086 717 etiam
3146 662 3260 735 ipse
3319 663 3486 736 seipso
3559 668 3712 738 major

2183 751 2382 804 est?in
2409 750 2592 805 forma
2610 756 2800 806 autem
2829 752 2975 806 servi
3011 751 3182 806 etiam
3219 751 3392 822 seipso
3417 752 3582 807 minor
3627 761 3710 822 est,

2181 837 2239 892 in
2269 837 2633 893 similitudine
2676 839 2970 894 hominum
3017 839 3192 894 factus
3237 845 3293 894 et
3342 839 3524 895 habitu
3553 841 3717 896 inven-

2183 932 2275 981 tus
2311 931 2378 982 ut
2423 927 2592 982 homo
2610 929 2635 982 ?
2653 928 2752 982 Est
2821 945 2956 1000 ergo
3017 928 3128 982 .Dei
3202 927 3370 984 Filius
3438 929 3530 983 Dei
3593 929 3722 984 Patri

2182 1020 2388 1070 natura
2413 1016 2664 1086 aequalis,
2685 1016 2881 1072 habitu
2933 1018 3134 1083 minor,
3166 1015 3226 1070 in
3251 1017 3424 1072 forma
3443 1014 3581 1071 enim
3603 1017 3724 1072 servi

2183 1120 2355 1176 quam
2373 1104 2589 1176 accepit
2615 1105 2800 1160 minor
2837 1110 2926 1160 est
2953 1106 3140 1172 Patre,
3173 1105 3232 1158 in
3253 1103 3429 1158 forma
3453 1109 3623 1158 autem
3643 1104 3724 1159 Dei

2182 1193 2242 1247 in
2262 1209 2374 1264 qua
2396 1199 2536 1259 erat,
2567 1199 2871 1266 antequam
2900 1193 3046 1248 hanc
3079 1193 3378 1264 accepisset
3412 1193 3619 1264 aequalis
3657 1198 3728 1247 est

2182 1281 2356 1336 Patri.
2371 1283 2478 1350 Qui
2489 1298 2616 1337 cum
2633 1285 2697 1337 in
2705 1284 2892 1351 forma
2911 1285 3012 1338 Dei
3032 1287 3182 1348 esset,
3205 1298 3318 1337 non
3337 1285 3583 1350 rapinam
3607 1283 3731 1336 orbi»

2185 1374 2364 1424 tratus
2390 1375 2464 1424 est
2495 1387 2600 1425 esse
2626 1387 2680 1425 se
2722 1375 2988 1441 aequalem
3015 1373 3120 1426 Deo
3141 1371 3353 1440 (Greg.)
3377 1371 3443 1424 Et
3465 1367 3514 1423 ei
3557 1373 3730 1424 semet-

2182 1457 2366 1529 ipsum
2393 1459 2758 1514 exinanivisse
2787 1465 2876 1514 est
2899 1459 2970 1514 ab
2988 1458 3382 1515 invisibilitatis
3401 1475 3508 1512 sure
3555 1457 3735 1527 magni-

2182 1546 2379 1601 tudine
2408 1547 2680 1602 visibilem
2709 1548 3145 1616 demonstrasse,
3175 1553 3240 1602 ut
3258 1546 3400 1602 servi
3425 1547 3642 1600 formam
3664 1551 3734 1600 te-

2182 1641 2358 1705 geret,
2383 1636 2488 1690 hoc
2507 1636 2656 1706 quod
2674 1635 3154 1709 incircumscripte
3183 1635 3373 1691 omnia
3397 1651 3462 1690 ex
3487 1633 3739 1689 divinitate

501 1725 719 1780 evadet.
752 1725 890 1790 Quis
918 1725 1068 1780 enim
1096 1726 1201 1780 hoc
1229 1725 1334 1779 sibi
1363 1724 1575 1796 absque
1627 1725 1844 1796 ingenti
1897 1711 2167 1797 poteritB
2184 1729 2522 1794 penetraret.
2547 1725 2748 1794 (Amb.)
2771 1725 2990 1797 Rapere
3007 1725 3334 1780 hominibus
3364 1729 3448 1778 est
3471 1722 3738 1788 mon’silla,

501 1830 776 1886 usurpare
794 1813 1076 1886 pernicie?
1104 1830 1233 1868 cum
1261 1830 1394 1867 vaas
1423 1813 1710 1868 electionis
1729 1813 1788 1868 in
1815 1830 1926 1884 quo
1945 1814 2106 1869 Chri-

501 1906 640 1970 stus,
672 1907 740 1958 ut
759 1902 876 1974 ipse
893 1903 1177 1974 professus
1198 1907 1302 1968 est,
1321 1901 1656 1972 loquebatur
1674 1902 1744 1957 ob
1765 1903 1870 1957 hoc
1890 1903 2102 1957 solum-

501 1991 669 2046 modo
715 2008 776 2046 se
827 1997 1044 2046 asserat
1087 1990 1534 2062 Hierosolymam
1593 1991 1998 2056 conscendisse,
2039 1997 2106 2046 ut

499 2079 618 2134 suis
645 2079 980 2151 coapostolis
1017 2079 1380 2150 Evangelium
1434 2079 1584 2151 quod
1609 2079 1892 2150 gentibus,
1950 2096 2102 2134 reve-

500 2168 652 2223 lante
690 2174 750 2223 et
797 2173 1133 2240 cooperante
1175 2167 1434 2235 Domino,
1472 2167 1830 2240 praedicabat,
1884 2174 2102 2223 secreta

499 2257 912 2312 examinatione
931 2256 1228 2323 conferret,
1262 2274 1364 2329 per
1385 2257 1535 2329 quod
1556 2256 1873 2312 ostenditur
1888 2273 2001 2312 non
2019 2274 2104 2312 so-

499 2345 619 2401 lum
639 2345 1069 2401 unanimitatem
1090 2351 1261 2417 atque
1288 2345 1645 2400 concordiam
1673 2361 1775 2418 per
1812 2347 1930 2401 haec
1959 2362 2102 2417 prie-

499 2439 665 2506 cepta
689 2435 920 2501 servari,
953 2451 1147 2490 verum
1158 2433 1329 2489 etiam
1339 2439 1568 2488 cunctas
1581 2433 1790 2490 diaboli
1805 2435 2106 2490 adversan-

500 2523 574 2578 tis
605 2523 840 2578 insidias
871 2527 930 2578 et
963 2522 1238 2578 illusionis
1281 2524 1404 2593 ejus
1450 2522 1681 2594 laqueos
1733 2539 1848 2578 non
1893 2523 2100 2588 timeri,

503 2607 736 2676 (Ambr.,
757 2613 919 2679 Aug.)
951 2611 1164 2666 Deinde
1191 2611 1444 2683 exemplo
1466 2611 1770 2666 admodum
1791 2611 2105 2667 necessario

501 2697 684 2753 utitur
713 2699 784 2753 ad
803 2698 1138 2753 humilitatis
1165 2699 1480 2753 doctrinam
1499 2698 1654 2753 illam
1671 2699 1861 2755 dicens
1873 2717 1996 2772 quae
2021 2717 2106 2756 se-

503 2785 750 2842 cundum
780 2787 1068 2842 Christum
1097 2791 1248 2842 sunt.
1282 2789 1394 2843 Hoc
1421 2791 1572 2842 enim
1620 2791 1814 2842 sentite
1847 2791 1913 2844 in
1956 2791 2102 2844 vobis

496 2877 642 2944 quod
669 2881 718 2930 et
745 2879 809 2930 in
839 2876 1054 2932 Christo
1073 2877 1220 2930 Jesu.
1243 2876 1370 2930 Non
1397 2875 1502 2930 hoc
1522 2875 1603 2930 ita
1619 2875 1887 2932 debemus
1917 2878 2102 2932 existi-

2185 1829 2257 1867 ex
2287 1813 2490 1884 quibus
2517 1813 2731 1885 aliquid
2773 1813 3034 1886 acquiere
3063 1831 3190 1870 sese
3221 1831 3387 1886 posse
3412 1811 3704 1867 existimant
3727 1828 3737 1862 :

2183 1901 2419 1956 dicimus
2447 1902 2597 1956 enim
2624 1901 2968 1974 frequenter,
2996 1903 3269 1975 quoniam
3321 1903 3474 1956 illam
3517 1917 3626 1954 rem
3669 1915 3744 1952 ra-

2184 1989 2446 2061 piendam
2486 2007 2606 2045 esse
2634 1991 2990 2059 existimavit,
3047 1993 3157 2047 hoc
3197 1997 3285 2046 est
3342 2007 3468 2046 cum
3501 1989 3748 2044 celeritate

2180 2078 2318 2134 illud
2334 2079 2596 2151 suscepit,
2625 2080 2783 2151 quasi
2806 2081 2942 2152 quia
2967 2097 3242 2152 magnum
3273 2079 3355 2135 illi
3367 2081 3576 2135 lucrum
3599 2075 3748 2148 possit

2182 2161 2435 2222 conferre
2451 2187 2465 2235 ;
2490 2168 2598 2222 hoc
2616 2185 2750 2240 ergo
2763 2169 2902 2224 dicit
2915 2170 2982 2224 de
2996 2170 3246 2236 Christo,
3271 2171 3534 2238 quoniam
3551 2182 3653 2220 non
3667 2179 3746 2218 ra-

2181 2259 2379 2325 pinam
2397 2258 2706 2312 arbitratus
2735 2263 2829 2324 est,
2863 2264 2926 2313 ut
2957 2261 3036 2314 sit
3053 2261 3288 2328 aequalis
3321 2257 3752 2323 Deo,hocestnon

2185 2361 2448 2416 magnam
2471 2347 2752 2418 reputavit
2769 2347 2926 2402 illam
2943 2363 3066 2418 quae
3077 2348 3152 2402 ad
3172 2349 3358 2402 Deum
3371 2351 3476 2400 .est
3501 2341 3754 2415 aequalita-

2188 2438 2323 2500 tem,
2347 2440 2406 2490 et
2419 2435 2599 2490 elatus
2624 2435 2683 2490 in
2709 2452 2814 2490 sua
2839 2436 3153 2508 permansit
3179 2435 3480 2507 dignitate,
3497 2433 3592 2488 sed
3607 2428 3760 2501 magis

2189 2538 2291 2592 pro
2310 2522 2549 2578 aliorum
2565 2523 2808 2578 utilitate
2821 2524 3080 2596 paelegit
3089 2523 3402 2579 humiliora
3413 2519 3674 2576 sustinere
3681 2532 3757 2572 ne-

2187 2610 2364 2681 gotia,
2397 2627 2566 2682 quam
2597 2611 2903 2667 secundum
2932 2630 2992 2667 se
3013 2618 3207 2667 erant:
3229 2617 3292 2668 et
3319 2611 3548 2684 quidem
3573 2625 3690 2664 cum
3717 2605 3764 2660 in

2185 2697 2367 2754 forma
2394 2699 2494 2755 Dei
2533 2706 2796 2769 exstaret,
2827 2706 2893 2756 ut
2929 2701 3081 2768 dicat
3108 2701 3218 2758 Dei
3277 2701 3542 2766 existens,
3579 2698 3674 2752 hoc
3696 2699 3765 2749 est

2184 2787 2457 2842 Dominus
2477 2794 2536 2843 et
2552 2789 2872 2844 dominator
2891 2795 2950 2844 et
2973 2789 3368 2845 universitatis
3395 2794 3608 2846 auctor.
3655 2785 3764 2840 Hac

2182 2875 2336 2931 enim
2350 2877 2540 2932 omnia
2557 2895 2680 2949 quae
2709 2877 2860 2932 dicta
2877 2885 3010 2934 sunt
3023 2879 3516 2951 nuncupationem
3527 2875 3626 2932 Dei
3655 2870 3766 2928 sub-

499 2979 674 3031 mare,
693 2970 759 3019 ut
780 2981 894 3019 non
925 2963 1325 3031 existimemus,
1359 2963 1520 3036 quasi
1538 2981 1641 3019 nos
1661 2965 1980 3021 existimare
1995 2968 2100 3021 ﬁn-
2126 3031 2160 3036 Δ
2181 2965 2342 3035 sequi
2367 2965 2630 3020 videntur
2641 2967 2933 3022 veraciter.
2949 2967 3096 3032 Quid
3117 2973 3320 3023 autem
3329 2963 3615 3022 fecit?Sed
3630 2975 3770 3018 seme-

493 3069 712 3123 gamus,
746 3053 846 3108 sed
872 3069 1001 3107 vere
1030 3052 1415 3108 existimemus
1431 3070 1594 3125 posse
1621 3070 1744 3109 esse
1773 3054 1986 3126 aliquid
2011 3071 2099 3109 oc-
2117 3031 2162 3092 θ
2182 3056 2386 3122 tipsum
2399 3057 2964 3124 eainanivitformam
2975 3051 3774 3127 sewiaccipienaExinanitum

493 3142 709 3198 cultum
729 3143 788 3196 in
827 3141 958 3209 alio,
1002 3158 1112 3213 quo
1150 3141 1311 3198 nobis
1338 3142 1596 3214 superior
1623 3142 1714 3209 sit,
1747 3143 1969 3198 etiamsi
2005 3142 2102 3198 bo-

495 3246 632 3286 num
653 3237 930 3298 nostrum,
953 3247 1064 3302 quo
1092 3231 1188 3287 illo
1203 3232 1461 3287 videmur
1485 3231 1802 3303 superiores
1824 3249 1966 3298 esse,
1985 3249 2098 3288 non

495 3319 572 3374 sit
598 3321 896 3376 occultum.
928 3321 1056 3375 Istae
1100 3319 1467 3392 cogitationes
1495 3320 1878 3391 deprimentes
1907 3337 2098 3392 super-

495 3407 666 3475 biam,
683 3409 1057 3480 adjungentes
1071 3407 1423 3476 charitatem,
1441 3407 1656 3464 faciunt
1664 3424 1838 3463 onera
1848 3409 2099 3464 fraterna

495 3496 730 3552 invicem
753 3511 867 3552 non
894 3497 1078 3568 solum
1095 3513 1254 3568 aequo
1283 3497 1490 3563 animo,
1523 3497 1622 3551 sed
1650 3495 1821 3552 etiam
1842 3496 2098 3552 libentis-

493 3585 633 3640 sime
647 3585 934 3651 sustineri,
965 3602 1150 3658 neque
1171 3585 1290 3640 ulla
1315 3602 1406 3640 res
1419 3585 1728 3640 officiosum
1747 3585 1920 3640 istum
1937 3585 2096 3640 labo-

491 3689 612 3728 rem
639 3673 713 3730 ad
750 3674 1029 3747 portanda
1057 3690 1232 3728 onera
1257 3673 1502 3728 aliorum
1521 3674 1659 3729 facit
1702 3674 1944 3730 libenter
1994 3674 2096 3728 im-

489 3762 678 3834 pendi,
711 3762 820 3818 nisi
840 3779 970 3818 cum
988 3762 1302 3834 cogitamus
1329 3768 1541 3834 quanta
1549 3780 1651 3835 pro
1663 3763 1824 3818 nobis
1852 3763 2094 3836 pertule-

401 3881 408 3884 -
490 3850 566 3904 rit
591 3851 882 3908 Dominus.
913 3851 1059 3907 Hinc
1099 3851 1250 3906 enim
1274 3851 1582 3907 admonens
1631 3851 1933 3924 Apostolus
1978 3867 2090 3908 non

489 3955 615 4011 quae
669 3956 775 3994 sua
807 3945 944 3996 sunt
989 3939 1347 4011 unusquique
1392 3940 1768 4007 intendentes,
1814 3941 1913 3996 sed
1969 3957 2092 4012 quae

489 4026 731 4083 aliorum
759 4046 772 4081 :
795 4029 908 4084 Hoc
921 4030 1277 4083 enimsentite
1287 4031 1352 4083 in
1371 4030 1520 4083 vobis
1545 4031 1691 4099 quod
1713 4035 1765 4084 et
1783 4033 1850 4084 in
1878 4031 2094 4087 Christo

486 4115 634 4181 Iesu,
650 4117 752 4185 qui
763 4116 1164 4184 cuminforma
1193 4117 1293 4170 Dei
1321 4121 1592 4183 esset,non
1620 4120 1887 4187 rapinam
1934 4119 2093 4174 arbi-

489 4206 672 4256 tratus
694 4207 770 4256 est
797 4217 904 4257 esse
929 4219 983 4257 se
993 4206 1259 4272 aequalem
1271 4205 1377 4258 Deo
1395 4223 1412 4258 :
1434 4205 1526 4259 sed
1539 4207 1886 4282 sem-eptisum
1906 4207 2096 4260 asina-

488 4291 634 4344 nieit
655 4291 905 4359 formam
929 4293 1079 4346 servi
1091 4293 1385 4360 accipiens,
1408 4297 1468 4346 et
1487 4297 1709 4348 caetera.
1724 4293 1813 4348 Ad
1839 4294 1945 4349 hoc
1957 4293 2098 4349 dun-

2110 4345 2160 4404 D

2181 3141 2368 3196 divina
2391 3142 2683 3214 Scriptura
2692 3160 2794 3215 pro
2818 3143 3061 3198 nihilum
3094 3150 3280 3210 vocat,
3315 3145 3471 3200 sicut
3483 3140 3614 3197 alibi
3629 3138 3776 3209 scrip-

2179 3233 2304 3285 tum
2333 3237 2420 3286 est
2449 3233 2620 3294 (Rom.
2653 3236 2728 3300 in)
2764 3249 2776 3285 :
2812 3233 3093 3288 Eeaeuata
3121 3239 3201 3288 est
3219 3237 3379 3302 ﬁdes,
3413 3233 3622 3288 hocest
3645 3226 3780 3283 nulla

2179 3334 2302 3373 esse
2331 3325 2556 3374 ostensa
2584 3325 2688 3374 est.
2719 3319 2794 3374 Ut
2822 3320 3068 3392 idipsum
3097 3322 3366 3394 sapiatis,
3401 3320 3654 3376 eamdem
3669 3315 3780 3371 cha-

2179 3407 2406 3462 ritatem
2417 3407 2689 3465 habentes
2698 3395 2994 3464 unanimes
3009 3425 3195 3466 unum
3207 3411 3524 3483 sapientes.
3533 3407 3783 3464 Evacuata

2179 3501 2266 3551 est
2294 3513 2427 3568 ergo
2454 3498 2775 3568 praedicatio
2798 3504 3012 3566 nostra,
3027 3499 3134 3554 hoc
3167 3505 3263 3554 est
3281 3499 3448 3554 nulla
3461 3503 3548 3553 est
3561 3502 3618 3552 et
3635 3508 3774 3548 vana.

2177 3585 2323 3640 Nam
2351 3587 2502 3658 quod
2521 3586 2662 3642 dicit
2695 3587 2962 3658 seipsum,
2997 3587 3251 3643 formam
3300 3588 3456 3645 servi
3509 3585 3784 3658 accipiens,

2174 3673 2509 3745 dignitatem
2538 3675 2696 3730 illam
2724 3675 3035 3744 abscondit,
3069 3676 3196 3733 hoc‘
3210 3679 3411 3734 solum
3427 3694 3465 3732 a
3493 3671 3786 3730 videntibus

2173 3779 2235 3817 se
2255 3779 2377 3818 esse
2431 3763 2858 3819 existimabatur
2893 3765 3043 3836 quod
3079 3771 3138 3820 et
3179 3767 3372 3822 videri
3429 3768 3652 3840 poterat
3680 3780 3693 3816 :
3723 3757 3792 3814 di-

2173 3850 2305 3906 vina
2347 3851 2500 3907 enim
2546 3859 2751 3908 natura
2809 3853 3026 3909 cunctis
3068 3861 3201 3910 erat
3260 3856 3496 3911 occulta
3525 3873 3539 3908 :
3573 3853 3787 3908 formam

2173 3945 2365 3995 autem
2381 3940 2547 4007 servi,
2565 3945 2632 3998 ut
2648 3941 2800 3996 dicat
2826 3947 3091 3998 naturam
3119 3944 3302 4011 servi,
3318 3943 3587 4000 humana
3610 3939 3689 3996 sic
3709 3952 3794 3992 vo-

2173 4033 2336 4084 catur
2349 4033 2555 4084 natura
2579 4047 2594 4098 ;
2619 4029 2834 4085 servilis
2852 4030 3003 4086 enim
3019 4035 3105 4086 est
3121 4031 3404 4088 humana
3413 4037 3644 4096 natura,
3667 4027 3796 4082 sicut

2173 4121 2233 4172 et
2259 4117 2399 4172 illud
2427 4118 2574 4190 quod
2589 4118 2747 4186 dixit,
2769 4119 2830 4174 in
2845 4119 3028 4174 forma
3041 4119 3166 4188 Dei,
3192 4121 3261 4176 in
3284 4121 3706 4176 divinanatura
3727 4113 3799 4169 di.

2175 4206 2272 4274 cit,
2303 4205 2410 4261 hoc
2437 4213 2524 4262 est
2533 4207 2750 4262 'divinie
2769 4213 2988 4264 natura
2996 4208 3272 4278 existens,
3308 4217 3376 4266 et
3389 4209 3668 4283 quoniam
3678 4203 3800 4261 dixit

2177 4293 2418 4350 formam
2431 4295 2595 4362 servi,
2613 4311 2913 4352 commune
2927 4301 3121 4352 autem
3135 4304 3273 4353 erat
3284 4298 3402 4354 hoc
3415 4304 3480 4354 et
3490 4291 3799 4354 hominibus

485 4382 660 4445 taxat,
689 4384 755 4434 ut
768 4379 1226 4452 quemadmoduu
1237 4379 1332 4435 ille
1361 4380 1422 4436 in
1444 4397 1510 4436 eo
1525 4381 1674 4454 quod
1687 4382 1937 4438 Verbum
1963 4399 2094 4439 caro
2110 4379 2160 4404 ν
2179 4387 2237 4438 et
2256 4384 2532 4454 jumentis
2551 4389 2610 4438 et
2629 4385 2862 4457 angelis,
2877 4385 3070 4441 formai
3089 4386 3251 4442 enim
3268 4405 3584 4444 servorum
3597 4389 3743 4448 sunt,
3754 4385 3805 4435 et

481 4467 694 4523 factum
723 4474 810 4524 est
835 4473 896 4524 et
919 4468 1198 4524 habitavit
1219 4469 1278 4524 in
1297 4469 1477 4536 nobis,
1504 4475 1564 4526 et
1579 4471 1703 4526 sine
1722 4477 1951 4543 peccato
1965 4488 2095 4528 cum

483 4562 652 4624 esset,
673 4562 907 4629 peccata
932 4564 1128 4613 nostra
1166 4558 1432 4630 suscepit,
1457 4575 1570 4614 non
1590 4561 1839 4616 attendit
1855 4577 1962 4617 sua
1995 4560 2094 4616 sed

481 4650 696 4711 nostra,
724 4645 808 4700 ita
831 4651 894 4700 et
906 4662 1010 4702 nos
1035 4645 1278 4702 libenter
1294 4647 1366 4702 ad
1395 4648 1518 4718 ejus
1549 4647 1921 4715 imitationem
1949 4649 2092 4704 invi-

485 4748 610 4787 cem
636 4748 812 4788 onera
837 4739 1032 4788 nostra
1069 4741 1375 4806 portemus.
1408 4737 1480 4790 Et
1508 4737 1592 4792 illi
1637 4737 1866 4809 quidem
1899 4737 2094 4793 dicunt

485 4820 762 4874 minorem
786 4821 992 4876 Filium
1010 4839 1131 4878 esse
1161 4840 1333 4896 quam
1349 4825 1517 4879 Pater
1541 4831 1646 4893 est,
1659 4826 1796 4898 quia
1820 4826 2092 4899 scriptum

483 4914 571 4964 est
598 4907 720 4980 ipso
740 4909 979 4965 Domino
1007 4911 1259 4966 dicente:
1291 4915 1454 4968 Pater
1473 4917 1658 4984 major
1686 4931 1773 4969 me
1800 4921 1875 4970 est
1907 4917 2086 4984 (Joan.

483 5000 616 5068 xiv),
647 4997 853 5054 veritas
885 5004 1076 5054 autem
1104 5001 1352 5056 ostendit
1377 5001 1686 5056 secundum
1707 5003 1928 5072 justum
1967 5019 2090 5058 mo-

483 5087 619 5144 dum
647 5087 820 5158 etiam
839 5088 1023 5160 seipso
1051 5088 1331 5144 minorem
1355 5089 1580 5158 Filium,
1612 5091 1891 5162 quomoda
1939 5091 2092 5148 enim

483 5192 598 5232 non
617 5177 790 5234 etiam
816 5177 1002 5250 seipso
1031 5177 1217 5232 minor
1239 5178 1421 5234 factus
1447 5184 1551 5246 est,
1596 5179 1694 5252 qui
1723 5180 2091 5252 semeptisum

483 5263 789 5321 exinanivit
805 5265 1048 5322 formam
1075 5265 1222 5322 servi
1241 5266 1562 5340 accipiens?
1590 5268 1643 5325 N
1645 5284 1789 5342 eque
1812 5268 1966 5325 enim
2010 5269 2091 5326 sic

486 5351 706 5424 accepit
731 5353 970 5410 formam
984 5354 1152 5422 servi,
1183 5360 1250 5410 ut
1276 5354 1565 5412 amitteret
1601 5356 1843 5414 formam
1871 5358 2008 5426 Dei;
2039 5358 2088 5414 si

483 5453 622 5510 ergo
645 5439 729 5495 ita
746 5448 977 5516 accepta
1000 5447 1090 5499 est
1107 5442 1290 5498 forma
1313 5445 1478 5512 servi,
1509 5449 1577 5502 ut
1600 5462 1717 5502 non
1733 5446 2092 5504 amitteretur

485 5526 674 5585 fama
697 5528 976 5598 Dei,cu~m
1014 5531 1150 5590 etin
1171 5531 1356 5590 forma
1381 5533 1549 5602 servi,
1577 5539 1639 5591 et
1661 5535 1726 5592 in
1748 5534 1934 5593 forma
1984 5535 2090 5594 Dei

2175 4471 2258 4526 illi
2272 4471 2551 4543 siquidem
2570 4473 2702 4528 facti
2725 4480 2876 4542 sunt,
2897 4475 3104 4546 adjecit
3130 4476 3361 4532 etillud
3377 4476 3542 4549 quod
3570 4469 3806 4548 proprie-

2173 4565 2351 4616 tatem
2365 4561 2726 4632 signiﬁcaret,
2749 4563 3030 4620 instruere
3043 4564 3265 4633 volens,
3295 4567 3466 4638 quod
3477 4566 3701 4622 dixerat
3712 4559 3809 4614 for-

2174 4659 2328 4705 mam
2346 4650 2510 4718 servi,
2529 4653 2592 4708 in
2611 4653 3045 4707 similitudinem
3075 4654 3342 4710 hominis
3376 4655 3594 4710 factus.
3625 4652 3809 4708 Factus

2175 4738 2326 4810 quod
2353 4737 2510 4806 dixit,
2531 4755 2633 4811 pro
2653 4741 2874 4796 habitus
2891 4740 3098 4813 posuit.
3120 4742 3286 4798 Nam
3297 4743 3470 4816 quod
3491 4741 3642 4799 dixit
3667 4739 3726 4796 in
3747 4735 3813 4792 si-

2173 4826 2553 4882 militudinem
2563 4827 2827 4898 hominis,
2860 4835 2926 4885 ut
2947 4829 3100 4885 dicat
3125 4829 3187 4885 in
3215 4831 3478 4888 homine
3508 4825 3813 4887 similitudo

2173 4916 2326 4971 enim
2337 4915 2582 4972 hominis
2598 4917 2767 4972 homo
2778 4922 2884 4986 est,
2900 4918 3021 4975 haec
3054 4919 3258 4974 omnia
3285 4921 3612 4994 conjunxit
3635 4919 3706 4975 de
3721 4913 3818 4972 Dei

2172 5005 2340 5060 verbo
2367 5005 2594 5074 dicens;
2623 5005 2776 5063 unde
2802 5007 3010 5079 adjecit
3039 5025 3054 5062 :
3085 5008 3154 5062 In
3188 5009 3500 5066 schemate
3538 5013 3628 5065 vel
3658 5006 3819 5078 specie

2171 5095 2430 5149 inventus
2459 5099 2536 5150 est
2555 5099 2620 5150 ut
2659 5097 2838 5152 homo.
2876 5095 2964 5151 Ad
2983 5097 3508 5168 comparationem
3536 5097 3700 5155 illius
3724 5109 3822 5151 na-

2169 5187 2314 5238 tura;
2341 5200 2464 5255 quae
2483 5183 2543 5239 in
2570 5184 2727 5240 nulla
2760 5184 2944 5258 specie
2967 5185 3056 5240 vel
3079 5185 3394 5243 schemate
3440 5186 3700 5262 perspici
3727 5199 3822 5256 p0-

2169 5275 2300 5327 test.
2332 5271 2637 5329 Schemaet
2661 5273 2905 5347 speciem
2913 5273 3122 5347 posuit,
3136 5279 3201 5330 ut
3210 5274 3390 5332 dicat
3417 5277 3715 5352 quoniam
3741 5273 3826 5331 in-

2169 5358 2404 5416 visibilis
2451 5366 2510 5419 et
2535 5362 2690 5419 omni
2717 5362 3002 5421 schemate
3035 5361 3180 5420 liber
3205 5364 3497 5423 existens
3537 5367 3700 5423 sicut
3751 5362 3829 5418 fas

2169 5453 2258 5504 est
2278 5449 2456 5504 voluit
2469 5449 2532 5506 in
2556 5451 2787 5507 homine
2804 5451 2998 5508 videri.
3018 5451 3086 5510 In
3097 5449 3473 5525 quibusdam
3484 5471 3633 5513 vero
3649 5465 3834 5512 exem-

2170 5535 2423 5609 plaribus
2441 5537 2528 5594 ita
2549 5539 2789 5610 legitur,
2822 5546 2875 5596 et
2923 5541 3122 5600 habitu
3145 5543 3444 5602 inventus
3465 5551 3555 5603 est
3575 5551 3650 5602 ut
3675 5545 3836 5599 homo
