3880 6146
237 237 310 292 489

529 212 1098 288 ENARRATIONUM
1130 231 1210 288 IN
1245 231 1400 288 EPP.
1440 231 1656 289 psum
1693 230 1832 288 LIB.
1873 231 2022 289 nx.
2061 261 2129 276 -
2173 232 2253 288 IN
2290 231 2513 288 EPIST.
2552 231 2651 288 AD
2688 230 3006 293 pmmpp.

3287 235 3394 292 490

234 359 371 427 (Aug.)
385 355 655 412 Habitusin
673 373 741 410 ea
849 355 1058 411 dicitur
1086 373 1210 427 quae
1235 356 1398 412 nobis
1424 362 1488 413 ut
1516 357 1781 422 habea-A
1792 355 1928 411 bum
1951 355 2305 429 susceptione
2332 354 2595 421 hominis,
2631 355 2797 411 sicuti
2828 372 2933 411 nec
2958 356 3213 413 membra
3239 365 3393 415 veste

234 454 302 502 tur
311 446 469 501 accidit
490 465 500 512 ;
526 450 890 500 verumtatem
905 445 1011 499 hoc
1024 445 1279 511 interest,
1297 447 1445 517 quod
1465 447 1723 518 quaedam

231 553 370 590 eorum
393 551 495 606 qua:
518 534 768 588 accidunt
793 534 973 599 nobis,
1007 540 1072 588 ut
1090 534 1346 589 habitum
1374 535 1585 598 faciant
1611 553 1724 591 non

230 630 448 678 mutantur
469 640 500 676 a
522 621 674 676 nobis
697 641 709 674 :
737 622 835 677 sed
864 622 987 693 ipsa
1012 639 1116 677 nos
1144 628 1369 678 mutant
1406 624 1466 678 in
1511 642 1572 679 se
1603 625 1727 696 ipsa

228 713 389 782 integra
403 716 450 765 et
462 711 778 765 inconcussa
787 712 1077 766 manentia
1099 730 1112 778 ;
1137 712 1301 766 sicuti
1313 712 1591 784 sapientia
1600 730 1726 768 cum

228 801 372 854 accidit
386 800 569 854 homini
586 816 699 854 non
720 799 842 870 ipsa
864 805 1134 865 mutatur,
1168 801 1268 855 sed
1294 800 1579 855 hominem
1608 819 1730 856 mu-

226 894 433 960 tatquem
466 889 527 942 de
568 889 742 943 stulto
782 888 1111 960 sapientem
1130 889 1297 956 facit;
1339 890 1594 960 quaedam
1649 891 1729 945 sic

225 978 432 1044 accidunt,
457 983 516 1031 ut
538 983 595 1031 et
622 982 846 1032 mutent
870 984 929 1032 et
955 983 1249 1033 mutentur
1271 978 1437 1033 sicuti
1465 978 1642 1047 cibus,
1673 984 1732 1034 et

220 1068 305 1137 ipse
326 1066 554 1120 amittens
572 1067 816 1137 speciem
835 1083 996 1121 suam
1012 1067 1073 1121 in
1093 1084 1295 1139 corpus
1321 1073 1577 1124 nostrum
1604 1084 1729 1122 ver-

220 1154 334 1220 titur,
347 1159 489 1209 etnos
505 1155 696 1210 refecti
715 1155 838 1210 cibo
856 1155 927 1209 ab
937 1155 1184 1211 exilitate
1199 1162 1370 1227 atque
1399 1174 1435 1210 a
1458 1157 1730 1228 languore

215 1243 257 1296 in
274 1242 415 1297 robur
436 1250 597 1315 atque
614 1244 915 1299 valentiam
925 1250 1356 1300 commutamur.
1373 1245 1626 1301 Tertium
1637 1263 1733 1316 ge-

215 1347 291 1385 nus
300 1336 369 1385 est
383 1349 493 1386 cum
506 1332 628 1404 ipsa
647 1349 771 1404 quae
798 1334 1060 1389 accidunt
1072 1339 1369 1389 mutantur
1396 1340 1453 1389 et
1476 1334 1732 1389 habitum

214 1419 386 1486 faciunt,
405 1426 455 1475 et
471 1422 878 1493 quodammodo
897 1429 1192 1477 mutantur
1216 1422 1286 1477 ab
1307 1423 1377 1477 iis
1397 1422 1601 1495 quibus
1628 1424 1732 1478 ha-

212 1508 345 1563 bitum
367 1510 560 1565 faciunt
584 1510 734 1565 sicut
778 1517 863 1567 est
908 1512 1077 1566 vestis
1109 1530 1121 1565 :
1152 1529 1283 1567 nam
1311 1512 1510 1567 induta
1537 1512 1739 1584 accipit

210 1596 390 1652 formam
415 1616 573 1670 quam
594 1616 709 1655 non
726 1599 970 1655 habebat
988 1606 1174 1667 exuta,
1190 1617 1318 1655 cum
1331 1600 1732 1672 ipsamembra,

1803 446 2002 500 induta
2036 451 2348 501 mutantur.
2382 445 2524 500 Cum
2558 446 2681 515 ejus
2710 444 3088 502 obedientiam
3116 463 3294 519 usque
3323 450 3396 505 ad

1804 541 2045 589 mortem
2073 535 2280 591 factam
2309 534 2731 589 commendaret
2746 536 3064 605 Apostolus,
3097 553 3298 608 parum
3316 537 3399 592 illi

1805 621 1914 679 fuit
1940 624 2144 690 dicere,
2181 625 2362 692 factus
2390 624 2638 678 obediens
2677 640 2847 693 usque
2872 626 2947 678 ad
2982 630 3213 680 mortem
3236 645 3253 680 :
3286 643 3398 681 non

1807 711 1959 767 enim
1990 712 2438 783 qualemcunque
2468 717 2727 777 mortem,
2762 713 2861 766 sed
2890 713 3124 779 addidit,
3166 720 3400 770 mortem

1807 807 1996 854 autem
2015 804 2216 867 crucis,
2248 800 2345 855 illa
2374 806 2556 856 morte
2575 802 2737 872 pejus
2766 801 2910 856 nihil
2926 801 3032 857 fuit
3049 802 3200 857 inter
3216 804 3405 859 omnia

1808 906 2020 959 genera
2047 890 2314 944 mortium
2339 909 2352 957 ;
2385 890 2628 961 denique
2656 890 2751 945 ubi
2780 891 3001 946 dolores
3030 892 3289 948 acerrimi
3318 910 3408 948 ex-

1810 977 2046 1049 agitant,
2080 979 2363 1033 cruciatus
2391 984 2637 1045 vocatur,
2660 996 2696 1033 a
2714 996 2879 1034 cruce
2902 981 3245 1048 nominatus,
3268 1000 3407 1055 pen-

1811 1066 2008 1121 dentes
2043 1066 2194 1123 enim
2227 1067 2287 1122 in
2316 1067 2469 1138 ligno
2505 1067 2754 1122 cruciﬁxi
2796 1068 3042 1124 clavibus
3090 1070 3162 1124 ad
3191 1069 3409 1143 lignum

1810 1154 2047 1226 pedibus
2063 1155 2434 1228 manibusque
2445 1157 2646 1211 conﬁxi
2659 1157 2934 1228 producta
2946 1164 3127 1214 morte
3138 1158 3413 1215 necaban-

1813 1250 1909 1299 tur
1931 1262 1955 1311 °,
1967 1244 2064 1299 diu
2082 1244 2442 1300 vivebaturin
2465 1261 2649 1313 cruce,
2663 1262 2777 1302 non
2800 1246 2929 1318 quia
2950 1248 3172 1319 longior
3184 1248 3299 1304 vita
3315 1249 3412 1303 eli-

1813 1332 2071 1402 gebatur,
2086 1334 2183 1388 sed
2206 1334 2339 1405 quia
2354 1351 2508 1389 mors
2545 1334 2669 1406 ipsa
2684 1335 3147 1406 protendebatur,
3164 1354 3236 1392 ne
3253 1338 3414 1393 dolor

1816 1421 1981 1477 citius
1992 1423 2267 1478 ﬁniretur.
2290 1423 2433 1478 Mori
2447 1423 2623 1479 voluit
2633 1440 2734 1495 pro
2748 1424 3137 1496 nobis,parum
3151 1426 3411 1495 dicimus;

1816 1511 2067 1582 cruciﬁgi
2096 1512 2359 1583 dignatus
2395 1512 2466 1567 de
2496 1517 2677 1567 morte
2696 1514 2942 1584 pessima
2958 1514 3162 1569 occidit
3187 1532 3415 1571 omnem

1818 1605 2059 1654 mortem
2094 1618 2106 1653 :
2140 1602 2387 1672 pessima
2406 1601 2558 1656 enim
2584 1608 2709 1656 erat
2726 1619 2840 1657 non
2859 1602 3303 1675 intelligentibus
3322 1606 3416 1660 Ju-

198 1684 250 1740 ‘et
278 1704 381 1742 cum
410 1688 733 1757 induuntur,
766 1696 825 1744 et
857 1706 989 1745 cum
1025 1695 1324 1757 exuuntur,
1366 1690 1426 1744 in
1454 1705 1555 1744 suo
1585 1685 1799 1745 statuB
1818 1688 1970 1753 daeis,
1992 1705 2173 1743 nama
2193 1690 2433 1745 Domino
2456 1691 2634 1744 electa
2661 1697 2803 1757 erat,
2824 1691 3005 1763 ipsam
3023 1693 3172 1748 enim
3192 1710 3416 1749 crucem

210 1782 432 1831 maneant.
460 1778 655 1832 Potest
675 1795 797 1833 esse
827 1779 999 1833 etiam
1024 1784 1290 1850 quartum
1313 1794 1513 1849 genus,
1528 1794 1657 1833 cum
1669 1795 1737 1833 ea

206 1880 295 1933 qua
316 1864 547 1921 accidunt
591 1867 666 1921 ad
701 1866 1017 1922 faciendum
1062 1866 1339 1933 habitum,
1371 1883 1475 1921 nec
1513 1872 1739 1922 mutant

203 1951 355 2021 quibus
376 1954 646 2021 accidunt,
654 1972 758 2010 nec
766 1954 837 2010 ab
848 1956 927 2010 eis
938 1955 1063 2027 ipsa
1073 1972 1168 2010 mu
1174 1960 1386 2022 tantur,
1402 1956 1549 2010 sicut
1561 1972 1738 2012 annu-

200 2040 262 2094 lus
282 2041 447 2112 digito.
470 2043 621 2098 Cum
650 2044 826 2115 igitur
849 2044 1156 2116 Apostolus
1183 2045 1254 2099 de
1297 2044 1588 2115 unigenito
1636 2045 1738 2100 Dei

200 2129 283 2182 tilio
291 2130 609 2201 loqueretur,
617 2139 896 2204 quantum
908 2133 1157 2205 pertinet
1166 2133 1239 2187 ad
1252 2132 1605 2188 divinitatem
1615 2134 1665 2204 ej
1671 2150 1738 2188 us

196 2218 444 2274 secundum
470 2220 525 2275 id
546 2221 705 2292 quod
722 2221 1011 2283 verissime
1028 2222 1179 2276 Deus
1194 2226 1297 2289 est,
1311 2222 1582 2293 aequalem
1597 2221 1739 2277 dixit

198 2321 285 2359 esse
306 2307 459 2374 Patri,
492 2309 649 2381 quod
676 2327 792 2366 non
811 2310 863 2364 ei
890 2310 1000 2365 fuit
1015 2315 1290 2382 tanquam
1318 2310 1535 2382 rapina,
1557 2310 1616 2365 id
1653 2316 1740 2366 est

194 2395 312 2463 quasi
336 2397 570 2453 alienum
618 2405 902 2471 appetere,
934 2400 982 2454 si
1018 2415 1241 2471 semper
1286 2416 1522 2454 manens
1567 2400 1626 2454 in
1672 2417 1740 2455 ea

194 2484 453 2554 aequalitate
472 2488 657 2543 nollet
682 2488 970 2544 hominem
997 2488 1232 2543 induere
1259 2494 1318 2542 et
1338 2488 1659 2544 hominibus
1677 2495 1743 2545 ut

194 2570 323 2627 homo
346 2590 638 2648 apparere,
664 2577 764 2631 sed
780 2578 1145 2649 semetipsum
1162 2577 1487 2645 exinanivit,
1509 2594 1622 2632 non
1634 2578 1740 2632 for-

192 2675 306 2716 mam
330 2681 479 2720 suam
506 2671 767 2733 mutans,
808 2667 905 2721 sed
946 2666 1183 2721 formam
1227 2666 1371 2721 servi
1411 2666 1688 2738 accipiens
1721 2685 1733 2720 :

189 2763 330 2821 neque
377 2769 679 2811 conversus
723 2762 824 2809 aut
877 2760 1290 2810 transmutatus
1344 2754 1403 2809 in
1453 2755 1740 2809 hominem

189 2840 351 2895 amissa
374 2842 827 2899 incommutabili
856 2843 1184 2911 stabilitate,
1207 2844 1306 2899 sed
1320 2860 1642 2915 quanquam
1651 2861 1741 2897 ve—

189 2940 281 2982 rum
303 2930 577 2987 hominem
608 2933 963 3005 suscipiendo
992 2933 1111 3005 ipse
1140 2938 1429 3004 susceptor
1453 2933 1514 2987 in
1540 2932 1740 2987 simili-

1817 1794 1979 1832 suam
2010 1776 2234 1847 signum
2263 1778 2558 1834 habiturus
2589 1786 2730 1847 erat,
2762 1780 2943 1852 ipsam
2964 1798 3189 1837 crucem
3215 1783 3286 1837 de
3301 1784 3419 1838 dia-

1816 1865 1945 1920 bolo
1958 1872 2221 1937 superato
2231 1871 2504 1938 tanquam
2514 1874 2790 1939 tropaeum
2802 1870 2862 1924 in
2872 1870 3153 1926 frontibus
3161 1872 3415 1927 ﬁdelium

1818 1954 2122 2026 positurus,
2145 1960 2211 2010 ut
2219 1955 2433 2011 diceret
2441 1957 2742 2029 Apostolus
2761 1975 2771 2009 :
2796 1959 2938 2012 Mihi
2950 1964 3137 2014 autem
3146 1961 3291 2016 absit
3303 1964 3416 2030 glo-

1818 2045 2109 2111 riari,nisi
2118 2046 2182 2099 in
2192 2061 2354 2100 cruce
2364 2045 2593 2100 Domini
2601 2048 2941 2101 nostriJesus
2958 2049 3412 2117 0hristi(Gal.vi).

1887 2134 2227 2188 Humiliavit
2253 2136 2604 2202 semetipsum
2658 2136 2840 2201 factus
2866 2136 3114 2190 obediens
3148 2153 3318 2206 usque
3344 2140 3420 2192 ad

1819 2226 2070 2286 mortem,
2095 2227 2326 2276 mortem
2354 2227 2542 2276 autem
2563 2226 2762 2276 crucis.
2794 2222 3038 2293 {Ambr.)
3064 2224 3414 2292 Humiliavit,

1820 2308 2022 2380 inquit,
2038 2309 2118 2363 sei
2122 2325 2287 2380 psum
2301 2327 2313 2362 :
2334 2326 2513 2380 usque
2523 2310 2583 2364 in
2600 2311 2749 2365 hunc
2760 2311 2942 2366 locum
2950 2312 3069 2377 ,illa
3080 2328 3203 2383 quae
3216 2312 3419 2368 divinae

1818 2404 2036 2453 natura:
2062 2397 2445 2453 condecebant
2461 2398 2613 2454 visus
2629 2405 2716 2453 est
2743 2399 2967 2466 dixisse,
2996 2400 3056 2455 in
3077 2400 3420 2474 subsequen-

1821 2486 1972 2541 tibus
1991 2504 2121 2541 vero
2143 2487 2215 2541 ad
2235 2486 2334 2541 illa
2347 2487 2555 2541 transit
2569 2504 2692 2559 quae
2703 2488 2962 2543 humanae
2974 2494 3212 2560 possunt
3231 2491 3416 2562 aptari

1822 2580 2056 2631 naturae.
2091 2577 2285 2630 Factus
2326 2577 2576 2631 obediens
2606 2593 2775 2645 usque
2803 2579 2877 2632 ad
2905 2584 3136 2633 mortem
3182 2585 3417 2634 mortem

1819 2670 2006 2719 autem
2036 2667 2236 2719 crucis.
2268 2664 2348 2719 De
2390 2664 2620 2719 homine
2651 2664 2877 2736 quidem
2906 2666 3173 2721 condecet
3216 2673 3282 2722 ut
3304 2668 3416 2722 ista

1820 2753 2099 2819 dicantur,
2131 2752 2331 2808 divinae
2360 2758 2552 2808 autem
2582 2759 2798 2808 naturae
2828 2770 3185 2826 nequaquam
3235 2757 3420 2828 aptari

1820 2846 2057 2914 possunt
2080 2842 2192 2895 ista
2224 2860 2236 2895 :
2268 2859 2372 2897 nec
2402 2842 2553 2898 enim
2576 2848 2817 2897 mortem
2837 2844 2956 2915 pati
2976 2850 3181 2899 natura
3209 2845 3305 2899 illa
3325 2863 3421 2918 po-

1821 2936 1950 2997 test,
1977 2948 2100 3002 quae
2129 2937 2187 2985 et
2214 2936 2506 2987 mortuum
2528 2931 2800 2987 suscitare
2829 2933 3107 3004 promisit,
3131 2933 3421 2989 evidenter

184 3016 391 3075 tudinem
416 3021 720 3077 hominum
736 3022 915 3077 factus
925 3039 1039 3077 non
1057 3021 1183 3088 sibi,
1209 3021 1307 3076 sed
1337 3021 1418 3075 eis
1454 3020 1655 3093 quibus
1679 3021 1739 3075 in
1759 3028 1803 3088 ο
1822 3020 2061 3075 Domino
2090 3020 2211 3091 ipso
2238 3020 2458 3075 dicente
2481 3038 2493 3073 :
2518 3021 2720 3077 Solvite
2740 3025 3004 3091 templum
3023 3023 3138 3089 hoc,
3162 3025 3227 3076 in
3239 3024 3417 3079 tribus

189 3103 367 3163 homine
386 3112 674 3183 apparuit,
692 3117 751 3166 et
774 3110 971 3166 habitu
990 3111 1249 3165 inventus
1277 3115 1342 3165 ut
1364 3110 1551 3177 homo,
1578 3110 1635 3164 id
1656 3114 1743 3165 est

184 3192 392 3253 habendo
411 3199 731 3268 hominem,
747 3200 1006 3255 inventus
1020 3206 1088 3255 ut
1102 3200 1271 3254 homo
1306 3204 1409 3253 est.
1434 3198 1562 3253 Non
1588 3199 1740 3253 enim

184 3288 363 3350 poterat
374 3288 625 3344 inveniri
643 3295 709 3345 ut
727 3289 894 3344 homo
913 3289 985 3343 ab
1010 3288 1098 3343 his
1127 3288 1223 3359 qui
1265 3304 1361 3343 cor
1387 3288 1741 3343 immundum

183 3369 435 3445 habebant,
460 3385 519 3433 et
531 3377 773 3433 verbum
794 3378 942 3450 apud
979 3378 1206 3432 Patrem
1232 3377 1421 3433 videre
1440 3393 1553 3431 non
1581 3382 1741 3449 pote-

184 3469 298 3526 ηῐιῐ.
325 3465 428 3520 nisi
456 3466 571 3522 hoc
610 3466 968 3539 suscipiendo
1005 3467 1154 3538 quod
1190 3465 1408 3537 possint
1452 3465 1655 3532 videre,
1687 3472 1746 3519 et

180 3564 257 3617 per
277 3555 413 3624 quod
442 3556 516 3611 ad
538 3556 687 3610 illud
715 3556 907 3611 lumen
950 3555 1189 3610 interius
1243 3554 1601 3609 ducerentur.
1629 3555 1743 3610 Iste

181 3644 336 3696 autem
351 3643 583 3699 habitus
610 3660 727 3699 non
754 3648 842 3698 est
867 3660 934 3698 ex
947 3643 1129 3715 primo
1153 3659 1362 3714 genere
1386 3661 1399 3695 :
1451 3658 1564 3698 non
1591 3643 1744 3699 enim

178 3741 374 3786 manens
401 3738 624 3788 natura
648 3732 893 3787 hominis
921 3737 1187 3787 naturam
1213 3732 1317 3786 Dei
1355 3731 1738 3786 commutavit.

180 3813 339 3887 Neque
365 3837 430 3875 ex
447 3820 728 3888 secundo,
744 3838 858 3876 non
872 3820 1023 3875 enim
1032 3819 1354 3875 immutavit
1375 3820 1544 3874 homo
1563 3820 1743 3874 Deum

177 3909 221 3958 et
243 3912 481 3964 mutatus
509 3910 589 3966 ab
639 3909 737 3965 illo
767 3914 870 3965 est.
903 3909 1100 3981 Neque
1127 3926 1193 3964 ex
1217 3913 1419 3981 quarto
1452 3925 1565 3964 non
1592 3908 1745 3964 enim

174 3992 238 4045 sic
264 4004 587 4070 assumptus
626 4004 716 4053 est
749 3998 938 4065 homo,
984 4003 1051 4053 ut
1087 4014 1270 4071 neque
1323 3997 1443 4070 ipse
1498 4002 1746 4053 mutaret

172 4078 340 4153 Deum,
358 4102 467 4142 nec
483 4087 560 4141 ab
590 4087 692 4142 illo
720 4092 1054 4155 mutaretur,
1078 4086 1177 4142 sed
1206 4087 1395 4159 potius
1437 4103 1502 4141 ex
1528 4086 1698 4141 tertio
1727 4103 1740 4139 :

172 4169 379 4229 sicenim
393 4180 733 4248 assumptus
741 4181 828 4231 est
841 4180 1357 4231 utcommutaretur
1368 4173 1742 4241 ineﬁ‘abiliter,

1821 3110 2008 3163 diebus
2028 3111 2357 3164 resuscitabo
2383 3111 2533 3165 illud
2553 3111 2733 3178 (Joan.
2759 3113 2838 3178 ιι),
2857 3116 2914 3165 et
2931 3110 3269 3165 solutionem
3286 3112 3413 3183 qui-

1822 3197 1952 3259 dem
1965 3198 2176 3268 templo
2186 3198 2418 3269 aptavit,
2442 3198 2871 3253 resurrectionis
2887 3216 3017 3253 vero
3033 3200 3417 3271 operationem

1823 3285 1930 3341 sibi
1947 3286 2176 3357 aptavit,
2199 3287 2393 3341 statim
2412 3287 2471 3342 in
2491 3287 2615 3359 ipso
2634 3288 2908 3360 principio
2923 3288 3113 3343 dicens
3129 3308 3141 3343 :
3157 3291 3223 3344 In
3253 3290 3417 3345 Chri-

1822 3381 1910 3429 sto
1937 3376 2070 3429 Jesu
2109 3374 2490 3445 singulariter,
2526 3382 2585 3430 et
2610 3382 2675 3431 ut
2705 3376 2878 3432 moris
2906 3382 3031 3432 erat
3055 3377 3126 3432 de
3156 3395 3270 3433 una
3294 3395 3419 3451 per-

1822 3480 1963 3518 sona
1987 3463 2195 3533 dicens,
2218 3463 2459 3518 duarum
2484 3469 2542 3517 et
2563 3464 2839 3519 rationem
2862 3471 3208 3522 memoratus
3229 3473 3334 3531 est,
3360 3473 3419 3522 et

1824 3557 2086 3606 naturam
2111 3551 2320 3616 dicens,
2354 3553 2454 3621 qui
2484 3554 2546 3605 in
2582 3553 2768 3618 forma
2786 3554 2881 3607 De:
2927 3559 3144 3609 esstans
3170 3556 3416 3622 formam

1822 3642 1967 3695 servi
1990 3642 2210 3708 accepit,
2247 3639 2535 3694 evidenter
2569 3639 2722 3693 aliud
2751 3640 2900 3710 quod
2940 3641 3129 3695 dicens
3170 3642 3271 3696 Dei
3299 3643 3413 3697 for-

1825 3745 1997 3793 mam,
2029 3728 2182 3782 aliud
2202 3727 2375 3782 etiam
2396 3728 2540 3781 servi
2565 3727 2735 3782 :illud
2764 3727 2991 3798 quidem
3018 3735 3308 3801 sumptum
3335 3731 3416 3785 di-

1825 3832 1975 3883 cens,
2007 3816 2158 3871 hunc
2184 3832 2315 3870 vero
2360 3820 2697 3870 sumentem.
2744 3816 2819 3870 Ut
2845 3821 3037 3872 autem
3065 3816 3265 3873 divisio
3298 3819 3417 3874 haec

1824 3906 2104 3960 dictorum
2144 3921 2258 3959 non
2286 3905 2529 3959 alterum
2558 3904 2806 3976 aliquem
2837 3906 2908 3960 ad
2939 3906 3170 3978 plenum
3213 3913 3417 3979 praeter

1829 3993 2114 4049 Christum
2155 3993 2324 4049 faciat
2369 3993 2628 4064 intelligi,
2669 3994 2814 4048 servi
2852 3994 3094 4050 formam
3114 3996 3419 4069 unicuique

1827 4083 2089 4138 reddidit.
2115 4082 2434 4139 Secundum
2446 4088 2511 4137 ut
2531 4087 2590 4137 et
2602 4082 2661 4137 in
2679 4089 2942 4156 promptu
2961 4085 3201 4157 perspici
3221 4087 3414 4158 possit,

1826 4173 1968 4227 illud
1996 4172 2223 4246 quidem
2249 4172 2399 4243 quod
2427 4171 2569 4225 dixit
2598 4171 2694 4243 qui
2715 4172 2774 4227 in
2801 4173 2983 4229 forma
3002 4174 3247 4231 existens
3267 4183 3326 4232 et
3338 4193 3422 4231 re-

175 4263 217 4310 et
240 4263 597 4320 excellentius
617 4270 788 4336 atque
816 4264 1187 4336 conjunctius,
1220 4265 1355 4336 quia
1371 4263 1542 4318 vestis
1561 4263 1632 4317 ab
1649 4262 1747 4318 ho—
1827 4261 1983 4333 liqua
2000 4261 2191 4315 omnia
2216 4261 2316 4315 illa
2352 4260 2495 4315 dixit
2520 4277 2643 4332 quae
2672 4261 2730 4315 in
2760 4278 3002 4333 persona
3029 4263 3422 4335 intelliguntur

172 4347 296 4404 mine
319 4368 450 4407 cum
491 4353 776 4419 induitur,
805 4352 1045 4415 formam
1082 4352 1327 4408 hominis
1372 4351 1595 4424 accipit.
1628 4338 1808 4406 HocD
1827 4350 2033 4405 Christi
2060 4369 2077 4418 με
2113 4350 2351 4404 formam
2399 4366 2531 4405 vero
2576 4350 2722 4404 servi
2757 4366 2827 4406 ne
2862 4351 3017 4406 aliud
3054 4351 3190 4421 quid
3220 4360 3424 4423 praeter

174 4450 283 4508 ergo
322 4442 559 4498 nomine
594 4442 823 4498 habitus
864 4442 1002 4498 satis
1056 4441 1394 4513 signiﬁcavit
1447 4440 1748 4513 Apostolus

171 4531 634 4595 quemadmodum
644 4531 865 4599 dixerit,
883 4535 947 4586 in
964 4532 1339 4585 similitudine
1354 4532 1647 4584 hominum
1656 4531 1747 4598 fa-

175 4617 284 4682 άω,
305 4620 439 4690 quia
456 4637 580 4676 non
598 4620 1095 4691 transﬁguratione
1114 4620 1174 4676 in
1188 4618 1493 4685 hominem,
1520 4619 1617 4673 sed
1645 4618 1748 4673 ha-

174 4698 267 4759 bitu
291 4707 476 4764 factus
505 4715 599 4764 est
629 4726 758 4764 cum
786 4708 1016 4763 indutus
1044 4714 1131 4762 est
1157 4706 1403 4775 homine,
1439 4723 1607 4778 quem
1642 4705 1749 4760 sibi

175 4793 343 4849 ﬁniens
354 4797 784 4867 quodammodo
794 4802 963 4868 atque
973 4797 1326 4852 conformans
1334 4795 1750 4850 immortalitati

171 4884 571 4957 eternitatique
594 4885 837 4941 sociaret
856 4904 869 4953 ;
891 4886 991 4941 sed
1011 4886 1170 4940 illum
1185 4885 1441 4939 habitum
1458 4884 1554 4956 qui
1575 4890 1661 4939 est
1688 4883 1749 4938 in

175 4974 513 5043 Perceptione
546 4975 836 5046 sapientiae
864 4980 924 5029 et
949 4974 1257 5046 disciplina
1278 4973 1455 5028 Graeci
1485 4972 1636 5027 nizin
1659 4988 1751 5026 vo-

173 5064 295 5127 cant,
321 5061 481 5118 hunc
511 5070 708 5119 autem
724 5063 1030 5120 secundum
1046 5079 1213 5135 quem
1230 5061 1466 5117 dicimus
1484 5061 1751 5129 vestitum

176 5146 239 5198 Vel
254 5157 550 5207 armatum
574 5152 802 5208 schema
829 5151 1016 5225 potius
1033 5151 1339 5224 appellant,
1361 5168 1430 5206 ex
1451 5166 1561 5223 quo
1591 5149 1755 5205 intel-

175 5229 374 5305 ligimus
400 5240 479 5296 de
508 5240 621 5296 isto
646 5258 856 5313 genere
882 5240 1107 5297 habitus
1130 5240 1380 5296 locutum
1397 5240 1752 5313 Apostolum,

175 5327 422 5391 quoniam
439 5329 676 5402 quidem
695 5330 757 5386 in
772 5330 979 5386 Graecis
987 5328 1399 5402 exemplaribus
1421 5333 1603 5401 σκῆμα
1624 5328 1758 5384 scri-

176 5415 318 5480 μω
356 5424 473 5483 est,
507 5418 656 5488 quod
686 5435 789 5473 nos
823 5418 884 5473 in
925 5419 1140 5475 Latinis
1168 5417 1425 5473 habitum
1461 5416 1755 5472 habemus.

178 5496 282 5563 Quo
304 5506 556 5563 nomine
578 5512 800 5581 Oportet
811 5506 1050 5582 intelligi
1067 5523 1182 5565 non
1198 5512 1482 5564 mutatum
1504 5522 1627 5564 esse
1642 5521 1762 5561 ver-

576 5608 842 5671 Punon.
869 5607 1026 5672 CXII

1830 4438 2117 4494 Christum
2146 4456 2269 4494 esse
2290 4439 2645 4494 existimetur
2672 4444 2981 4510 reputasse,
3011 4455 3079 4495 eo
3101 4440 3249 4510 quod
3280 4446 3337 4495 et
3352 4440 3422 4494 ab

1830 4545 1896 4583 eo
1924 4527 1999 4583 sit
2024 4534 2271 4600 accepta,
2304 4528 2495 4584 dicens
2524 4544 2654 4582 vero
2692 4543 3037 4598 quaecunque
3066 4528 3419 4599 oportebant,

1831 4617 1901 4671 de
1930 4617 2119 4671 divina
2145 4617 2284 4671 dicit
2320 4623 2543 4682 natura,
2585 4615 2657 4669 ad
2683 4615 3021 4670 humilitatis
3056 4623 3425 4687 augmentum

1831 4705 2202 4776 conjunxit,et
2210 4705 2307 4759 illa
2327 4721 2449 4776 quas
2470 4703 2839 4759 humanitatis
2848 4710 2982 4759 sunt
3000 4706 3229 4777 propria
3237 4706 3296 4762 in
3311 4723 3427 4762 una

1831 4794 2139 4864 eademque
2175 4809 2414 4864 persona
2454 4792 2644 4847 dicens
2674 4791 2838 4847 illum
2864 4793 3136 4850 honorem
3167 4796 3265 4868 qui
3292 4813 3429 4869 erga

1833 4898 1964 4936 eum
1988 4887 2116 4953 post
2132 4881 2450 4952 passionem
2466 4880 2672 4948 existit,
2692 4881 2917 4952 adjecit,
2935 4888 3201 4953 quoniam
3242 4887 3429 4941 Domi-

1833 4987 1940 5026 nus
1956 4973 2108 5026 Jesus
2134 4972 2400 5035 Christus,
2419 4970 2706 5025 evidenter
2717 4972 3018 5028 ostendens
3030 4973 3294 5044 quoniam
3314 4990 3428 5028 non

1835 5059 2007 5115 alium
2022 5059 2266 5131 aliquem
2276 5064 2480 5131 praeter
2499 5058 2787 5115 Christum
2804 5061 3088 5117 existimat
3104 5079 3227 5116 esse
3247 5078 3431 5118 susce-

1835 5153 1997 5221 ptum
2025 5149 2314 5203 hominem
2326 5154 2383 5203 et
2402 5148 2669 5204 virtutem
2688 5148 2935 5216 illorum,
2969 5166 3093 5222 quae
3111 5150 3431 5221 signiﬁcan-

1837 5244 1934 5295 tur
1977 5242 2309 5293 naturarum
2349 5237 2724 5293 diﬁ‘erentiam
2761 5237 3024 5293 ostendit.
3066 5239 3211 5294 Nam
3240 5256 3308 5296 ex
3333 5240 3430 5297 illo

1841 5343 1952 5399 quo
1979 5324 2168 5380 divina
2186 5342 2429 5398 persona
2446 5326 2638 5382 omnia
2662 5325 2819 5391 dixit,
2841 5325 3254 5396 copulationem
3271 5328 3433 5385 sum-

1842 5416 2054 5471 cienter
2063 5414 2328 5469 ostendit.
2347 5415 2552 5470 Omnia
2567 5414 2794 5486 quidem
2806 5414 2866 5469 in
2877 5414 2997 5468 loco
3009 5414 3105 5470 ubi
3119 5416 3189 5471 de
3206 5417 3431 5473 Christo

1844 5505 2097 5579 disputat
2114 5502 2274 5576 quasi
2303 5503 2374 5559 de
2396 5519 2511 5560 una
2536 5518 2777 5576 persona
2805 5501 3067 5560 universa
3088 5504 3243 5573 dicit,
3256 5510 3316 5560 et
3335 5505 3434 5560 illa

3047 5604 3123 5664 18
