3892 6158
502 215 607 272 49⁸

1088 213 1152 266 B.
1192 211 1465 267 RABANI
1510 210 1742 266 MAURI
1779 209 2118 266 ARCHIEP.
2159 211 2483 268 MOGUNT.
2528 195 2828 270 OPERUM
2865 201 3184 268 PARS'III.

3615 224 3700 279 496

499 331 904 396 ministraverit
941 341 1138 392 vestrae
1176 335 1471 402 voluntati,
1503 341 1808 407 apportans
1844 335 1944 390 illa
1975 351 2098 408 quae
2111 340 2164 400 Α
2179 343 2235 392 et
2253 339 2565 409 gloriamur
2592 341 2651 394 in
2683 337 2904 394 Christo
2925 337 3027 410 qui
3047 338 3240 395 horum
3268 340 3415 396 nobis
3433 349 3607 399 auctor
3621 363 3698 402 ex-

500 427 644 484 mihi
669 445 707 483 a
743 425 898 482 vobis
924 425 1098 480 missa
1133 430 1268 480 sunt
1291 423 1350 479 in
1386 430 1611 479 tantum
1657 423 1917 479 inciderit
1945 425 2096 496 peri-

499 517 708 583 culum,
727 516 882 587 Opus
895 513 1125 587 quidem
1152 513 1378 570 Domini
1399 513 1780 568 ministerium
1799 513 1985 585 ipsum
2002 531 2095 569 vo-

499 622 634 661 cans
673 621 686 658 :
717 604 1172 677 supplementum
1201 619 1333 657 vero
1375 619 1572 657 eorum
1600 601 1991 658 minorationis
2021 603 2092 658 ad

497 709 664 750 suum
690 691 1022 764 obsequium
1048 692 1155 747 hoc
1183 692 1333 748 idem
1361 709 1582 759 vocans,
1612 691 1694 746 ita
1720 697 1786 746 ut
1805 692 2092 764 cupientes

495 783 720 839 mittere
758 781 858 838 illa
883 797 1006 852 quae
1031 781 1104 836 ad
1138 797 1275 836 usus
1300 787 1462 835 erant
1504 797 1838 846 necessaria,
1862 780 2094 835 minime

496 871 764 938 valerent,
796 887 863 926 eo
892 870 1040 943 quod
1069 870 1456 942 unusquisque
1477 887 1820 942 quiscunque
1846 870 1930 924 illi
1957 871 2093 924 dare

497 961 807 1026 voluerant,
813 977 916 1032 per
929 976 989 1014 se
999 959 1248 1032 perferre
1262 975 1374 1015 non
1389 959 1780 1031 poterant,hoc
1789 976 1922 1030 ergo
1931 957 2090 1013 dixit:

498 1051 618 1123 ipse
643 1048 921 1122 supplevit
941 1053 1000 1103 et
1018 1065 1142 1120 quae
1159 1047 1312 1104 vobis
1337 1049 1592 1115 deerant,
1613 1049 1709 1103 ille
1735 1047 1804 1104 ab
1833 1047 2093 1102 omnibus

497 1137 794 1212 accipiens,
828 1143 886 1192 et
912 1137 1164 1193 omnium
1195 1137 1460 1210 supplens
1489 1144 1637 1204 vota,
1670 1136 2002 1209 apportavit,
2037 1142 2094 1190 et

499 1228 618 1284 haec
631 1228 824 1284 dicens
840 1227 911 1282 de
925 1227 1220 1282 Timotheo
1239 1226 1469 1298 quidem
1487 1233 1832 1282 memoratus
1851 1231 1938 1281 est
1953 1242 2093 1298 quo-

499 1317 656 1374 niam
671 1315 947 1372 missurus
956 1315 1032 1370 sit
1041 1331 1192 1370 eum:
1205 1315 1276 1370 de
1289 1316 1668 1388 Epaphrodito
1683 1332 1812 1370 vero
1826 1315 2094 1387 quoniam

499 1405 656 1462 misit
679 1421 811 1462 eum
838 1421 968 1460 cum
995 1405 1112 1459 suis
1130 1405 1373 1476 scriptis,
1395 1405 1604 1476 adjecit
1629 1421 1760 1460 vero
1789 1405 1860 1458 ad
1881 1404 2090 1460 omnia.

1107 1510 1344 1566 CAPUT
1371 1512 1472 1567 ΙΙΙ.

506 1601 750 1658 Ostendit
777 1601 1188 1654 evacuationem
1227 1603 1494 1668 legalium
1521 1601 1679 1653 verba
1717 1603 1767 1653 et
1801 1603 2039 1668 exemplo
2079 1616 2091 1652 :

2175 427 2337 494 stitit,
2363 435 2681 484 nontamen
2701 429 2760 483 in
2781 428 2889 482 illis
2911 444 3034 499 qua:
3068 429 3360 484 secundum
3386 447 3587 487 carnem
3597 443 3704 490 sunt

2174 517 2442 587 pietatem
2462 534 2583 572 esse
2593 517 2914 582 definimus,
2935 516 3014 571 sic
3031 522 3090 570 et
3107 515 3364 572 Dominus
3373 519 3426 574 in
3437 520 3706 592 Evangeliis

2173 605 2331 660 dicit:
2352 608 2571 662 Etenim
2602 610 2764 662 Pater
2782 610 2914 661 tales
2933 608 3130 676 quaerit
3147 609 3244 676 qui
3258 623 3309 661 se
3323 609 3550 676 adorent,
3570 614 3706 680 spiri-

2176 698 2264 756 tus
2277 701 2352 750 est
2375 697 2533 763 Deus,
2555 701 2604 750 et
2625 697 2726 764 qui
2743 696 2973 750 adorent
3001 698 3214 761 eum,in
3231 698 3424 764 spiritu
3457 702 3504 750 et
3519 701 3708 753 veritate

2175 785 2363 839 debent
2399 787 2636 839 adorare
2674 786 2854 852 (Joan.
2891 783 2994 849 1v);
3030 783 3125 854 qui
3162 789 3217 837 et
3243 784 3312 838 ad
3348 785 3708 841 Samaritanam

2175 873 2414 938 dicebat,
2465 891 2588 944 quae
2618 872 2932 928 aestimabat
2975 873 3034 926 in
3076 873 3193 926 loco
3241 879 3485 944 oportere
3511 875 3708 930 adorare

2174 960 2533 1017 Divinitatem
2561 963 2796 1018 docens:
2830 961 3098 1033 quoniam
3127 961 3441 1033 incorporea
3462 963 3710 1019 estdivina

2175 1055 2380 1105 natura
2428 1058 2486 1106 et
2513 1052 2614 1106 tali
2645 1050 2879 1105 arbitrio
2905 1050 3194 1104 conveniet
3232 1067 3352 1105 eam
3377 1050 3596 1106 adorari.
3622 1052 3713 1107 Ma-

2173 1140 2322 1196 xime
2350 1157 2480 1194 vero
2511 1141 2607 1194 illo
2636 1141 2757 1194 loco
2785 1140 2922 1194 satis
2955 1140 3147 1206 claret,
3181 1141 3326 1212 quod
3357 1140 3576 1212 Spiritus
3607 1157 3712 1196 san—

2172 1232 2297 1284 ctus
2315 1245 2427 1284 non
2445 1230 2518 1284 sit
2535 1235 2813 1295 creatura,
2833 1227 2930 1283 ubi
2959 1228 3225 1300 jubemur
3248 1245 3357 1284 non
3380 1229 3570 1284 servire
3585 1246 3716 1284 crea-

2173 1323 2314 1373 turae
2329 1319 2425 1372 sed
2447 1317 2707 1372 creatori.
2735 1319 2796 1384 (Α
2805 1320 2921 1386 ug.)
2941 1318 3070 1372 Non
3099 1334 3164 1372 eo
3194 1318 3356 1372 modo
3375 1333 3478 1389 quo
3493 1316 3719 1388 jubemur

2179 1424 2280 1479 per
2322 1407 2654 1462 charitatem
2693 1407 2900 1461 servire
2941 1407 3196 1473 invicem,
3239 1406 3383 1478 quod
3437 1411 3517 1462 est
3559 1406 3718 1464 Graece

2179 1496 2460 1573 δουλεύειν,
2479 1495 2577 1550 sed
2595 1512 2662 1550 eo
2682 1495 2850 1550 modo
2871 1512 2982 1566 quo
3002 1501 3226 1550 tantum
3239 1497 3350 1550 Deo
3369 1495 3587 1550 servitur
3601 1495 3720 1566 quod

2179 1591 2267 1640 est
2303 1585 2493 1640 Graece
2521 1583 2816 1664 λατρεύειν.
2851 1585 3012 1640 Unde
3054 1584 3358 1639 idololatrae
3385 1584 3624 1640 dicuntur
3645 1583 3724 1656 qui

573 1673 768 1726 deinde
784 1686 839 1725 se
862 1675 1100 1738 excusat,
1119 1677 1169 1725 et
1191 1687 1275 1726 eos
1301 1673 1374 1725 ad
1388 1673 1734 1725 imitandum
1749 1687 1802 1724 se
1816 1675 2092 1740 provocat.
2111 1668 2158 1728 B
2177 1673 2492 1728 simulacris
2529 1690 2653 1728 eam
2698 1673 3024 1727 servitutem
3073 1671 3334 1726 exhibent
3370 1688 3485 1743 quae
3525 1669 3724 1724 debetur

573 1761 648 1816 De
668 1764 874 1828 οδεενο,
895 1760 1100 1828 fratres
1120 1763 1248 1826 mei,
1269 1761 1498 1829 gaudete
1527 1762 1592 1813 in
1608 1761 1861 1814 Domino.
1887 1758 2095 1829 (Amb.)

2179 1763 2323 1818 Deo:
2355 1762 2664 1818 secundum
2690 1761 2836 1816 hanc
2865 1761 3017 1815 enim
3049 1760 3373 1816 servitutem
3397 1759 3592 1814 dictum
3619 1765 3718 1813 est:

505 1849 688 1906 Orans
712 1864 816 1922 pro
835 1846 948 1903 illis
974 1847 1086 1903 ista
1097 1847 1251 1903 dicit.
1274 1849 1393 1904 Hoc
1419 1853 1522 1914 est,
1539 1847 1830 1919 contingat
1844 1846 2000 1902 vobis
2020 1849 2100 1902 ita
2179 1853 2480 1906 Dominum
2526 1852 2704 1906 Deum
2737 1856 2899 1904 tuum
2939 1851 3218 1916 adorabis,
3242 1854 3292 1904 et
3320 1850 3413 1904 illi
3436 1851 3533 1902 soli
3555 1849 3720 1902 servies

503 1936 695 1994 omnia
721 1937 840 2010 pati
869 1953 972 2010 per
999 1937 1248 1992 divinam
1279 1937 1524 2008 gratiam
1543 1942 1610 1992 ut
1636 1954 1859 2009 semper
1888 1937 2099 2008 gaudio
2183 1941 2397 2008 (Matth.
2428 1944 2524 2009 ιγ).
2548 1940 2695 1995 Nam
2723 1940 2828 1993 hoc
2859 1938 3179 1993 distinctius
3199 1939 3389 1994 Graeca
3418 1937 3474 1991 in
3492 1935 3726 2008 scriptura

505 2025 628 2082 sitis
672 2024 873 2098 repleti
929 2025 990 2080 in
1035 2025 1146 2080 illis
1185 2025 1348 2080 bonis
1387 2043 1510 2098 quae
1548 2025 1618 2080 ab
1655 2041 1723 2080 eo
1767 2025 1928 2080 nobis
1970 2032 2103 2081 sunt
2181 2028 2481 2095 invenitur,
2495 2028 2951 2106 λατρέυσις,θῐιίω
2963 2026 3322 2098 habet,porro
3333 2025 3379 2081 si
3397 2026 3493 2080 tali
3504 2024 3728 2079 servitute

504 2115 773 2188 prastita.
795 2115 946 2170 Bene
966 2118 1158 2169 autem
1184 2114 1372 2186 posuit
1386 2118 1451 2170 in
1477 2117 1730 2182 Domino,
1754 2131 1820 2168 eo
1839 2115 1990 2186 quod
2017 2121 2104 2169 est
2183 2121 2455 2171 creaturae
2483 2117 2691 2172 servire
2720 2115 3104 2188 prohibemur,
3137 2114 3400 2187 quoniam
3437 2113 3638 2186 quidem
3657 2111 3727 2167 di-

502 2204 752 2277 gaudere
776 2209 836 2259 et
860 2220 974 2259 non
1001 2202 1162 2270 bene,
1186 2203 1412 2276 quando
1441 2204 1568 2274 quis
1595 2205 1655 2258 in
1674 2203 1836 2258 bonis
1864 2221 2104 2276 praesen-
2184 2212 2338 2261 ctum
2354 2213 2468 2260 est:
2501 2207 2805 2261 Dominum
2837 2207 3011 2260 Deum
3041 2209 3204 2260 tuum
3225 2203 3635 2269 adorabis,etilli
3648 2202 3730 2256 soli

504 2293 654 2350 tibus
678 2293 946 2350 delectari
973 2291 1210 2358 videtur,
1239 2309 1374 2364 erga
1402 2292 1780 2365 possessiones
1807 2298 1864 2346 et
1889 2293 2106 2348 fruitio-
2184 2295 2566 2350 servies.Unde
2577 2295 2944 2366 etApostolus
2954 2294 3268 2349 detestatur
3279 2309 3372 2347 eos
3381 2291 3474 2364 qui
3483 2291 3733 2346 coluerunt

505 2399 638 2440 nem
665 2399 864 2439 earum
897 2380 956 2438 id
985 2381 1093 2437 sibi
1118 2381 1329 2436 bonum
1358 2399 1480 2436 esse
1511 2382 1858 2436 existimans.
1890 2383 2012 2437 Hac
2041 2398 2103 2436 ea
2185 2389 2244 2438 et
2270 2383 2584 2438 servierunt
2608 2389 2879 2438 creaturae
2931 2383 3120 2454 potius
3150 2399 3321 2454 quam
3349 2379 3602 2437 Creatori.
3629 2379 3730 2434 Non

505 2473 630 2528 dem
663 2474 899 2528 scribere
941 2471 1106 2537 vobis,
1138 2470 1278 2525 mihi
1309 2471 1536 2541 quidem
1572 2471 1896 2542 impigrum,
1929 2472 2104 2524 vobis-
2186 2478 2273 2527 est
2295 2473 2490 2544 utique
2520 2478 2780 2528 creatura
2809 2471 3053 2543 Spiritus
3094 2477 3341 2537 sanctus,
3385 2469 3470 2524 cui
3497 2467 3564 2523 ab
3588 2464 3733 2522 omni-

505 2565 694 2615 autem
721 2563 977 2616 cautum.
1016 2558 1161 2612 Hinc
1187 2559 1388 2630 incipit
1414 2559 1542 2614 illos
1567 2559 1979 2630 reprehendere
2008 2559 2102 2630 qui
2186 2561 2289 2617 bus
2329 2562 2458 2616 talis
2487 2562 2723 2618 servitus
2753 2556 3050 2616 exhibetur
3080 2560 3304 2616 dicente
3344 2557 3622 2631 Apostolo:
3649 2554 3734 2612 Nos

507 2653 672 2704 erant
697 2664 766 2702 ex
784 2646 1227 2710 circumcisione,
1253 2647 1349 2719 qui
1369 2647 1607 2702 suadere
1626 2648 1737 2702 illis
1755 2647 2104 2704 conabantur
2183 2652 2646 2706 enimsecundum
2657 2653 3138 2706 czrcumcisionem
3147 2651 3354 2720 spiritu
3370 2649 3460 2704 Dei
3468 2647 3730 2706 servientes,

505 2742 572 2793 ut
597 2735 908 2792 secundum
935 2736 1118 2806 legem
1142 2735 1412 2790 viverent.
1444 2736 1590 2791 Nam
1620 2736 1768 2808 quod
1797 2735 1954 2803 dixit,
1983 2736 2103 2791 haec
2184 2740 2332 2811 quod
2357 2745 2442 2794 est
2471 2739 2530 2794 in
2558 2739 2750 2794 Graeco
2777 2739 3140 2816 λατρεύοντες,
3169 2738 3362 2810 plures
3387 2735 3532 2790 enim
3557 2731 3736 2788 codices

506 2824 704 2882 eadem
719 2824 980 2890 scribere,
1004 2840 1117 2878 non
1134 2821 1268 2896 quia
1280 2825 1401 2896 jam
1421 2825 1724 2896 scripserat
1747 2825 1885 2880 dicit
1909 2843 1921 2877 :
1945 2824 2100 2879 nullo
2183 2827 2352 2881 etiam
2390 2826 2573 2882 Latini
2620 2827 2702 2881 sic
2728 2827 2956 2892 habent,
2987 2829 3090 2898 qui
3113 2829 3327 2896 spiritu
3365 2827 3459 2880 Dei
3481 2824 3731 2878 servimus.

505 2914 660 2970 enim
685 2914 747 2969 in
774 2913 896 2968 loco
925 2912 984 2967 in
1016 2912 1268 2984 Epistola
1293 2913 1348 2968 id
1375 2913 1598 2968 videtur
1619 2913 1844 2979 dixisse,
1864 2913 2102 2968 alteram
2141 2986 2146 2987 ί
2183 2917 2361 2971 Graeci
2391 2921 2582 2971 autem
2611 2932 2824 2983 omnes,
2858 2921 2959 2971 aut
2987 2931 3130 2987 pene
3161 2931 3380 2979 omnes,
3410 2912 3469 2967 in
3497 2906 3739 2966 nonnullis

505 3007 697 3060 autem
725 3001 950 3076 quando
978 3000 1291 3074 scripsitad
1309 3019 1405 3057 eos
1421 3002 1731 3074 Epistolam
1751 3002 1905 3058 nullo
1933 3002 2099 3057 modo
2121 2986 2164 3048 ο
2180 3011 2372 3060 autem
2398 3004 2810 3077 exemplaribus
2837 2986 3051 3060 Latinis
3087 3004 3408 3059 invenimus
3433 3017 3539 3057 non
3564 2999 3737 3069 spiritu

503 3081 821 3158 didicimus,
855 3090 954 3146 sed
983 3091 1118 3162 quia
1157 3091 1426 3146 docuerat
1463 3108 1559 3146 eos
1596 3091 2000 3146 instantissime
2029 3091 2100 3146 de
2179 3095 2279 3150 Dei
2314 3097 2602 3159 servimus,
2643 3094 2742 3148 sed
2770 3097 2977 3164 spiritu
3004 3096 3111 3149 Deo
3136 3095 3431 3159 servimus,
3469 3089 3561 3145 sed
3586 3085 3669 3159 qui
3694 3085 3739 3138 in

503 3181 592 3237 his
605 3181 742 3254 ipsis
769 3180 1010 3252 negotiis
1030 3181 1254 3252 quando
1281 3180 1376 3235 illo
1402 3180 1588 3235 fuerat
1611 3181 1715 3236 hoc
1743 3181 1881 3235 dicit
1905 3199 1916 3234 :
1949 3181 2100 3246 Quo-
2180 3183 2286 3238 hoc
2331 3188 2541 3249 errant,
2589 3190 2648 3237 et
2693 3181 3014 3238 auctoritati
3061 3183 3313 3254 graviori
3341 3180 3559 3235 credere
3585 3177 3741 3231 detre-

503 3269 660 3327 niam
678 3269 820 3325 mihi
847 3269 919 3324 de
947 3268 1150 3341 quibus
1175 3269 1499 3340 frequenter
1523 3269 1680 3324 vobis
1699 3269 1919 3324 locutus
1949 3286 2095 3336 sum,
2181 3277 2354 3339 ctant,
2385 3272 2642 3342 nunquid
2684 3277 2741 3325 et
2769 3270 2908 3326 illud
2951 3271 3172 3326 varium
3227 3271 3292 3326 in
3316 3266 3584 3323 codicibus
3607 3277 3740 3334 repe-

502 3358 573 3416 de
617 3358 731 3414 illis
767 3357 906 3431 ipsis
941 3357 1185 3414 scribere
1222 3358 1529 3430 impigrum
1567 3364 1671 3424 est,
1717 3374 1785 3413 eo
1833 3375 1945 3431 quo
1985 3359 2098 3413 fre-
2181 3361 2368 3415 riunt:
2392 3362 2622 3416 Nescitis
2639 3363 2776 3430 quia
2803 3375 3034 3428 corpora
3053 3363 3241 3414 vestra
3259 3361 3521 3428 templum
3539 3357 3596 3408 in
3622 3351 3742 3406 vobis

504 3464 684 3522 quens
711 3447 1072 3504 commonitio
1097 3448 1375 3504 cautelam
1410 3447 1566 3503 vobis
1594 3447 1926 3524 ampliorem
1953 3465 2098 3519 prae-
2179 3455 2256 3504 est
2283 3448 2528 3519 Spiritus
2564 3453 2762 3515 sancti,
2785 3464 2946 3519 quem
2969 3448 3179 3503 habetis
3203 3465 3240 3503 a
3265 3450 3372 3503 Deo
3394 3452 3418 3500 7
3439 3446 3491 3512 (Ι
3524 3442 3635 3499 Cor.
3661 3438 3741 3506 vr.)

501 3535 637 3594 bere
651 3537 890 3593 videtur.
905 3537 1040 3602 Quae
1052 3543 1188 3592 sunt
1207 3554 1340 3609 ergo
1359 3536 1505 3592 ista?
1533 3538 1706 3592 Videte
1724 3553 1903 3605 canes,
1927 3539 2100 3592 videte
2181 3537 2422 3610 [Ambr.]
2452 3539 2522 3593 Et
2539 3543 2604 3592 ut
2620 3555 2691 3592 ne
2707 3537 2964 3592 videatur
2998 3552 3065 3591 ex
3095 3537 3388 3608 Superﬂuo
3414 3534 3507 3588 ille
3524 3531 3744 3586 incusare

502 3630 677 3682 malos
704 3630 1000 3706 operarios.
1035 3627 1217 3682 Canes
1245 3626 1461 3682 vocavit
1488 3642 1584 3680 eos
1612 3642 1679 3680 eo
1709 3625 1858 3698 quod
1886 3627 2099 3680 nullam
2180 3627 2299 3698 ipse
2344 3627 2482 3680 nihil
2511 3627 2624 3680 tale
2651 3625 2865 3680 habens
2891 3625 2964 3680 ad
2981 3625 3086 3680 ‘sui
3117 3625 3507 3697 probationem
3535 3619 3634 3674 illis
3663 3619 3744 3671 ha-

502 3713 778 3771 haberent
793 3715 1209 3782 verecundiam,
1231 3714 1330 3770 sed
1351 3719 1411 3770 et
1427 3713 1753 3786 frequenter
1778 3714 2101 3786 reprehensi
2181 3714 2441 3770 bentibus
2461 3715 2610 3770 unde
2629 3715 2924 3785 glorietur.

501 3821 604 3878 pro
639 3820 812 3876 prava
849 3809 908 3859 et
947 3821 1094 3859 vana
1139 3802 1414 3869 doctrina,
1446 3803 1508 3857 in
1552 3803 1752 3858 iisdem
1799 3803 2099 3874 persistere
2253 3805 2320 3860 Et
2348 3806 2568 3874 quidem
2597 3820 2688 3873 ego
2717 3805 2920 3859 habens
2959 3805 3356 3872 conﬁdentiam
3382 3807 3434 3856 et
3458 3805 3520 3857 in
3538 3812 3686 3855 carne
3707 3796 3748 3847 si

503 3893 829 3960 videantur;
869 3892 1049 3947 malos
1085 3899 1280 3948 autem
1320 3891 1608 3964 operarios
1642 3890 1797 3960 dicit,
1839 3908 1906 3946 eo
1949 3891 2100 3963 quod
2181 3896 2305 3963 quis
2333 3895 2553 3948 videtur
2565 3897 2710 3948 alter
2727 3894 2795 3948 in
2818 3907 2988 3947 carne
3015 3893 3292 3962 conﬁdere
3318 3907 3376 3946 eo
3395 3893 3586 3960 magis.
3613 3885 3666 3941 Si
3691 3882 3748 3936 de

503 3997 619 4037 non
645 3981 744 4034 illa
779 3981 979 4034 docere
1006 3980 1276 4036 festinent
1301 3997 1424 4052 quae
1468 3980 1694 4052 pietatis
1737 3981 2094 4036 conveniunt.
2181 3982 2287 4048 his,
2317 3982 2520 4054 inquit,
2537 3981 2748 4036 bonum
2777 3986 2903 4036 erat
2930 3996 3140 4052 magna
3163 3997 3390 4053 sapere,
3422 3979 3560 4034 nulli
3580 3987 3747 4030 eorum

502 4069 658 4141 Opus
685 4073 878 4124 autem
912 4073 1074 4124 vocat
1113 4069 1447 4137 doctrinam,
1488 4069 1653 4124 sicuti
1684 4075 1743 4124 et
1775 4069 1922 4124 alibi
1959 4069 2101 4124 dixit
2179 4071 2458 4126 infirmior
2485 4088 2610 4126 sum
2641 4069 2948 4126 secundum
2979 4070 3125 4124 hanc
3152 4069 3457 4125 rationem.
3484 4062 3679 4123 Deinde
3700 4064 3748 4114 et

456 4165 460 4170 ‘
500 4158 559 4227 (Ι
580 4158 704 4214 Cor.
736 4161 854 4227 iu):
882 4155 948 4213 Si
973 4160 1132 4226 cujus
1153 4173 1284 4226 opus
1315 4161 1604 4224 manserit,
1637 4159 1781 4227 quod
1805 4160 2101 4228 superredi-
2181 4176 2283 4231 per
2315 4166 2504 4232 partes
2547 4159 2683 4214 dicit
2726 4158 2918 4213 omnia
2961 4157 3064 4212 illa
3105 4175 3234 4231 quae
3282 4156 3608 4213 videbantur
3645 4163 3746 4206 esse

503 4249 708 4316 ﬁcavit,
720 4246 1020 4302 mercedem
1035 4247 1338 4316 accipiet,si
1357 4250 1515 4316 cujus
1533 4263 1666 4316 opus
1685 4250 1910 4314 arserit,
1926 4249 2099 4302 detri-
2115 4302 2163 4320 ἢ
2182 4263 2388 4318 magna
2414 4248 2544 4302 'illis
2585 4247 2680 4320 qui
2718 4247 3028 4302 secundum
3055 4247 3242 4316 legem
3280 4243 3742 4301 conversabantur.

503 4337 866 4404 mentabitur,
897 4334 968 4390 de
996 4334 1266 4390 doctrinis
1292 4334 1446 4389 enim
1464 4335 1562 4389 illa
1589 4334 1792 4390 dixisse
1814 4329 2165 4391 evidenter”
2183 4338 2552 4392 Circumcisus
2572 4341 2761 4392 octava
2787 4338 2893 4392 die.
2927 4337 3078 4391 Beno
3105 4335 3300 4408 posuit
3325 4341 3574 4391 octavam
3599 4329 3746 4389 diem.

504 4425 860 4498 cognoscitur
903 4425 1078 4480 Videte
1099 4425 1484 4479 concisionem.
1516 4425 1668 4479 Bene
1696 4429 1887 4480 autem
1914 4425 2100 4480 conci-
2183 4432 2248 4480 ut
2274 4426 2597 4480 ostenderet
2613 4442 2727 4480 non
2746 4443 2806 4480 se
2826 4425 2996 4480 fuisse
3015 4423 3314 4491 advenam,
3336 4423 3398 4479 in
3417 4421 3612 4496 quibus
3628 4415 3752 4471 solet

502 4515 720 4571 sionem
747 4514 906 4582 dixit,
941 4530 1006 4569 eo
1035 4513 1185 4586 quod
1213 4513 1438 4585 quando
1465 4513 1524 4568 id
1561 4515 1683 4568 ﬁeri
1707 4513 1824 4569 Deo
1853 4515 2100 4586 compla-
2184 4520 2380 4586 postea
2395 4513 2664 4568 celebrari
2683 4513 3029 4570 circumcisio
3050 4513 3244 4585 (Aug.)
3285 4513 3400 4568 Sed
3425 4518 3484 4568 et
3515 4509 3584 4566 ab
3616 4503 3754 4562 initio

507 4603 672 4658 cebat
692 4603 1040 4658 circumcisio
1067 4607 1207 4669 erat,
1241 4601 1376 4675 quia
1412 4619 1542 4658 vero
1581 4619 1729 4658 nunc
1757 4620 1872 4658 non
1907 4620 2103 4658 secun-
2184 4609 2242 4658 et
2265 4604 2574 4658 secundum
2616 4603 2817 4674 legem,
2851 4603 2911 4657 in
2955 4600 3240 4658 veteribus
3277 4597 3637 4658 sacramentis
3663 4593 3755 4648 cir-

506 4690 643 4746 dum
670 4691 792 4746 Dei'
801 4691 868 4746 ﬁt
890 4691 1255 4758 voluntatem,
1279 4691 1379 4746 sed
1399 4691 1770 4747 conciduntur
1785 4697 2010 4747 tantum
2029 4693 2102 4748 ad
2182 4691 2449 4747 cumcisio
2486 4693 2852 4764 parvulorum
2881 4696 3076 4746 octavo
3105 4689 3197 4746 die
3226 4690 3353 4746 ﬁeri
3383 4691 3650 4762 praecepta
3671 4686 3760 4737 est-

506 4779 757 4850 corporis
792 4778 1170 4848 nocivitatem,
1207 4779 1332 4835 ideo
1373 4780 1445 4834 ad
1482 4797 1644 4835 suam
1674 4781 1784 4835 illis
1813 4788 2105 4853 comparat
2184 4782 2450 4853 quoniam
2499 4781 2772 4848 Christus,
2830 4781 2888 4835 in
2943 4796 3056 4852 quo
3099 4780 3166 4834 fit
3207 4780 3406 4835 delicti
3435 4773 3665 4833 carnalis
3688 4783 3764 4824 ex-

506 4883 807 4942 personam
826 4867 1016 4924 dicens
1042 4887 1055 4923 :
1076 4869 1184 4924 Nos
1212 4872 1364 4923 enim
1383 4885 1576 4923 sumus
1595 4873 1963 4926 circumcisio.
1988 4871 2108 4926 Hoc
2187 4871 2464 4942 spoliatio,
2481 4887 2651 4942 quam
2675 4870 2955 4942 signiﬁcat
2983 4869 3363 4936 circumcisio,
3387 4867 3481 4922 die
3501 4859 3763 4922 Dominico

509 4963 612 5025 est,
647 4957 746 5029 qui
772 4957 872 5012 illa
894 4957 1114 5028 agimus
1134 4973 1256 5028 quae
1274 4957 1483 5028 placita
1509 4963 1644 5012 sunt
1662 4959 1778 5014 Deo
1803 4978 1814 5013 :
1841 4963 1899 5013 et
1925 4965 2107 5016 custo—
2187 4959 2509 5026 resurrexit,
2527 4959 2625 5030 qui
2641 4965 2770 5031 post
2782 4959 3084 5030 septimum
3113 4963 3346 5013 octavus
3374 4961 3478 5012 est.
3501 4954 3583 5010 Es;
3595 4961 3765 5021 genere

509 5046 609 5103 des
626 5045 950 5102 cautissime
964 5062 1160 5101 sumus
1173 5046 1398 5101 illorum
1419 5047 1672 5118 quae_Deo
1693 5047 1931 5118 placent,
1957 5047 2106 5120 quod
2188 5051 2380 5104 Israel.
2413 5049 2490 5104 Ex
2510 5050 2672 5120 cujus
2697 5064 2906 5120 genere
2923 5046 3264 5103 descendere
3290 5061 3492 5125 omnes
3508 5041 3762 5100 videntur.

511 5136 801 5209 prOprium
825 5140 914 5190 est
940 5134 1165 5190 illorum
1191 5133 1288 5206 qui
1317 5150 1377 5189 se
1403 5133 1610 5189 habere
1641 5136 1980 5207 promittunt
2003 5137 2108 5192 cir-
2189 5137 2284 5209 qui
2312 5136 2370 5191 in
2399 5136 2651 5209 qualibet
2676 5143 2811 5193 sunt
2839 5137 3010 5192 tribu.
3039 5138 3116 5191 De
3142 5137 3298 5191 tribu
3342 5133 3653 5204 Beniamin.
3673 5125 3766 5182 Ne-

510 5224 929 5292 cumcisionem,
953 5239 1023 5278 ex
1049 5222 1186 5295 ipsis
1214 5221 1382 5278 rebus
1406 5222 1466 5277 id
1493 5225 1852 5293 conﬁrmans,
1871 5225 2100 5297 adjicit:
2187 5226 2431 5282 cessaria
2449 5226 2556 5282 fuit
2581 5226 2752 5282 etiam
2792 5225 2976 5281 tribus
3001 5225 3262 5297 adjectio,
3293 5223 3372 5279 ed
3411 5217 3766 5278 ostensionem

512 5313 621 5383 Qui
647 5313 866 5383 Spiritu
894 5315 1000 5368 Deo
1035 5314 1306 5367 servimus
1344 5317 1394 5367 et
1432 5315 1750 5381 gloriamur
1787 5317 1852 5368 in
1891 5315 2104 5371 Christo
2188 5315 2340 5388 quod
2367 5332 2480 5370 non
2523 5315 2738 5371 advena
2762 5315 2950 5383 fuerit,
2983 5315 3081 5370 sed
3108 5331 3145 5368 a
3173 5311 3487 5386 primordio
3516 5307 3644 5365 inde
3664 5302 3764 5360 ori-

509 5403 654 5467 Jesu,
681 5407 865 5457 etnon
881 5403 948 5456 in
975 5416 1145 5456 carne
1171 5401 1500 5468 conﬁdimus
1530 5405 1800 5472 quoniam
1817 5406 2105 5459 carnalem
2184 5404 2377 5476 ginem
2400 5404 2654 5460 traxerit.
2704 5403 2864 5459 Unde
2891 5409 2950 5458 et
2977 5402 3290 5458 evidentius
3318 5399 3464 5454 illud
3492 5396 3764 5452 insinuans

511 5489 615 5544 Deo
640 5491 983 5558 [unctionem
1015 5491 1318 5545 reddimus.
1343 5488 1456 5544 Sed
1484 5490 1630 5548 sicut
1655 5497 1745 5547 est
1770 5493 2104 5548 conveniens
2185 5494 2339 5550 dicit.
2379 5494 2633 5550 Hebrzus
2667 5509 2734 5549 ea
2780 5493 3034 5549 Hebraeis.
3088 5493 3214 5548 Non
3238 5487 3390 5548 dixit
3408 5507 3426 5542 :
3456 5486 3677 5544 Iudaeus
3709 5495 3766 5534 ex
