3868 6138
195 305 272 364 497
533 301 1108 359 ENARRATIONUM
1141 303 1220 360 IN
1260 304 1413 363 EPP.
1453 305 1670 362 PAULI
1707 303 1844 360 LIB.
1878 301 2098 358 XIX.-—
2129 299 2208 355 IN
2245 297 2468 354 EPIST.
2511 297 2609 352 AD
2645 296 2955 353 PHILIPP.
3278 297 3384 356 498

192 429 362 488 Induis.
409 425 621 483 Novella
669 427 822 482 enim
859 431 986 482 erat
1028 427 1146 484 haec
1191 433 1555 504 nuncupatio,
1602 431 1701 486 sed
1717 433 1768 492 Α
1782 429 2010 494 bantur,
2041 427 2144 481 hos
2169 431 2340 496 atque
2376 423 2700 495 hujusmodi
2728 437 2948 478 errores
2985 427 3046 478 et
3069 422 3210 479 vitia
3239 422 3380 481 dicit

193 517 400 576 Hebraus
422 531 482 570 ex
507 514 774 582 Hebraeis,
788 516 858 570 de
879 516 1118 588 antiqua
1133 520 1550 592 nuncupatione
1565 521 1707 576 anti-
1787 535 1847 572 se
1871 517 2158 582 damnare,
2187 519 2246 568 et
2273 518 2522 568 stercora
2548 510 2833 578 arbitrari,
2863 517 2931 566 ut
2967 511 3256 568 Christum
3293 511 3385 568 lu-

195 607 401 680 quitatem
425 621 530 660 sua:
570 603 801 676 originis
831 606 1202 662 conﬁrmavit.
1255 609 1468 664 Deinde
1506 616 1565 665 et
1609 611 1707 664 illa
1787 606 2096 672 crifaceret,
2129 609 2188 658 et
2203 619 2316 657 non
2338 599 2750 656 observationes
2777 600 2917 671 legis
2945 601 2994 655 si
3013 615 3170 656 more
3200 600 3385 676 patrio

192 695 516 768 qnasuntejus
527 693 1142 766 propositi.Secundum
1161 699 1707 770 legem,inquit,Pha-
1787 693 2224 758 celebrarentur,
2259 691 2406 746 sicut
2450 688 2520 744 ab
2574 689 2698 762 ipso
2747 687 3040 745 celebrate
3085 694 3238 757 sunt,
3257 688 3382 745 sine

191 787 344 838 riuus.
371 783 450 838 Illi
474 781 620 837 enim
649 782 746 854 qui
772 782 831 836 in
859 782 1010 837 hanc
1030 784 1413 842 consistebant
1443 788 1706 842 haeresim
1788 784 1904 837 ulla
1931 781 2128 838 salutis
2159 780 2492 835 necessitate
2513 779 2660 833 sicut
2675 777 2854 832 Judaei
2881 777 3245 834 celebrandas
3275 793 3382 852 pu-

186 873 294 928 canti
307 871 612 942 interpretes
637 871 780 942 legis
806 887 930 926 esse
959 873 1370 942 existimantur,
1404 881 1464 931 et
1487 877 1585 930 illa
1611 876 1708 932 do-
1785 871 2001 939 tabant,
2041 876 2142 924 aut
2189 869 2374 924 fallaci
2417 867 2776 922 simulatione
2812 867 2962 939 quod
3005 868 3066 923 in
3093 867 3264 926 Petro
3297 881 3383 923 re-

186 977 276 1016 cere
301 959 648 1032 properabant
683 977 807 1031 qua:
838 960 898 1014 in
941 961 1066 1032 lege
1111 961 1320 1020 habere
1349 963 1700 1032 videbantur,
1787 961 2180 1034 prehenderat.
2213 958 2321 1023 Qui
2368 957 2518 1012 enim
2559 961 2838 1029 praecepta
2870 955 3012 1028 legis
3052 955 3290 1029 implere
3317 972 3378 1013 se

182 1051 276 1105 hinc
304 1049 538 1104 ostendit.
573 1049 890 1104 Secundum
937 1055 1347 1107 aemulationem
1374 1069 1704 1123 persequens
1785 1056 1949 1122 putat
1973 1066 2076 1122 per
2102 1046 2398 1102 arbitrium
2427 1046 2668 1118 propriae
2689 1045 2993 1101 voluntatis
3026 1045 3150 1101 sine
3175 1045 3380 1118 spiritu

183 1142 412 1205 aetrnum,
433 1137 498 1193 Et
515 1139 784 1210 quoniam
806 1139 868 1192 in
898 1140 1288 1210 persecutione
1310 1141 1554 1197 habebat
1581 1159 1705 1214 per-
1785 1139 2165 1211 gratiae,suam
2179 1135 2463 1208 justitiam
2482 1135 2602 1190 vult
2613 1132 3382 1206 constituere,nonjustitiam

179 1227 330 1282 factam
345 1225 734 1298 probationem,
766 1227 890 1281 fieri
918 1227 1072 1282 enim
1108 1236 1350 1300 poterat,
1383 1236 1448 1285 ut
1486 1232 1593 1286 hoc
1631 1231 1706 1286 fe-
1787 1227 1891 1282 Dei
1911 1242 2152 1282 sumere.
2184 1226 2328 1280 Nam
2359 1223 2508 1279 unde
2525 1223 2664 1279 dicit
2682 1223 2833 1278 idem
2859 1223 3190 1296 Apostolus:
3209 1228 3276 1279 ut
3293 1225 3383 1278 in-

181 1317 357 1370 rocitste
373 1315 482 1370 sola
507 1316 720 1375 faceret
744 1317 1106 1372 simulatione
1135 1318 1234 1373 illa
1265 1336 1378 1390 qua
1405 1337 1509 1392 pro
1529 1336 1704 1376 zemu-
1785 1319 1982 1371 veniar
2002 1320 2068 1370 in
2087 1318 2186 1370 illo
2200 1330 2313 1369 non
2328 1314 2530 1368 habens
2538 1314 2828 1382 justitiam
2847 1327 3173 1382 meam,quz
3188 1327 3254 1368 ea:
3273 1315 3382 1382 lege

178 1405 336 1459 latione
349 1403 562 1476 pietatis
587 1405 645 1460 id
671 1405 854 1460 facere
881 1405 1194 1474 videbatur,
1225 1407 1423 1479 adjicit
1447 1426 1459 1462 :
1502 1410 1706 1466 Seeun-
1785 1410 1878 1469 est,
1904 1406 1996 1459 sed
2012 1406 2301 1474 justitiam
2315 1418 2434 1470 qua
2461 1418 2526 1456 ea:
2551 1399 2960 1472 ﬁde,justitiam
2973 1417 3039 1455 ex
3056 1401 3381 1481 Deo)quare

178 1495 530 1561 dumjustitzam
540 1510 664 1563 qua
683 1497 746 1548 in
759 1498 868 1563 lege
886 1496 1154 1562 est/actus
1169 1499 1289 1550 sine
1305 1498 1703 1566 querela.Bene
1784 1509 1946 1550 suam
1959 1492 2240 1564 justitiam
2259 1491 2398 1546 dicit
2417 1506 2541 1563 quae
2581 1505 2648 1544 ex
2689 1489 2813 1561 lege
2847 1505 3085 1561 eamque
3098 1487 3383 1561 justitiam

170 1589 314 1636 autem
327 1581 452 1636 dixit
477 1597 598 1651 quas
614 1585 679 1636 in
700 1585 810 1651 tege
836 1589 930 1650 est,
960 1599 1027 1638 eo
1047 1584 1196 1656 quod
1233 1602 1346 1640 non
1378 1592 1502 1640 erat
1528 1587 1697 1658 possi-

1855 1582 2002 1648 obat,
2032 1599 2145 1636 non
2173 1586 2364 1636 autem
2392 1595 2574 1646 suam,
2591 1579 2690 1633 sed
2720 1595 2786 1633 ex
2813 1579 2931 1634 Deo
2945 1578 3382 1650 justitiam,un

169 1669 248 1724 bile
269 1669 369 1724 sine
393 1671 706 1742 querelaad
730 1671 960 1742 plenum
981 1689 1144 1746 posse
1162 1673 1406 1745 aliquem
1427 1676 1696 1730 invenire.
1784 1677 1871 1726 est
1897 1689 1962 1726 ex
1980 1671 2109 1726 ﬁde.
2142 1669 2412 1740 Nunquid
2452 1669 2541 1722 lex
2579 1684 2693 1724 non
2723 1673 2812 1724 est
2837 1685 2906 1722 ex
2943 1667 3098 1724 Deo?
3129 1667 3256 1739 quis
3273 1666 3382 1723 nisi

168 1758 321 1813 Omnia
341 1775 462 1814 vero
488 1759 798 1815 decurrens
823 1767 883 1814 et
911 1762 1214 1817 ostendens
1257 1765 1526 1834 quoniam
1563 1765 1702 1820 nihil
1721 1747 1768 1812 Β
1788 1760 2030 1815 infidelis
2093 1760 2198 1814 hoc
2251 1757 2488 1812 dixerit?
2516 1757 2614 1812 sed
2649 1773 2716 1813 ex
2765 1757 2890 1828 lege
2925 1756 3063 1812 dicit
3098 1755 3381 1828 justitiam
3431 1815 3438 1826 ί

166 1847 311 1902 deerat
352 1848 399 1903 ei
444 1849 677 1916 bonum,
719 1866 786 1903 ex
830 1849 943 1904 illis
991 1867 1116 1922 quae
1168 1855 1479 1908 secundum
1520 1854 1703 1925 legem
1785 1866 1965 1916 suam,
1991 1850 2052 1902 in
2100 1864 2212 1920 qua
2251 1848 2419 1902 homo
2463 1850 2627 1918 putat
2671 1845 2927 1901 sufficere
2956 1845 3063 1902 sibi
3103 1845 3286 1916 legem
3310 1844 3382 1900 ad

166 1941 300 1990 erant.
315 1937 409 1992 Sed
425 1953 764 2007 quacunque
777 1939 922 1993 mihi
941 1946 1104 1994 erant
1125 1943 1428 2008 lucra,hzc
1453 1946 1702 1998 existimo
1783 1939 2039 1993 facienda
2065 1937 2252 1991 divina
2274 1935 2560 2002 mandata,
2595 1934 2882 1990 conﬁdens
2916 1933 2977 1990 in
3013 1934 3219 1990 virtute
3255 1949 3378 1991 sua.

160 2031 328 2093 propter
351 2026 630 2081 Chn’stum
658 2028 992 2081 detrimenta
1007 2047 1024 2082 :
1046 2028 1204 2084 lucra
1224 2031 1455 2101 quidem
1484 2032 1696 2101 dicens,
1784 2028 1864 2083 Ex
1901 2027 2010 2080 ﬁde
2037 2031 2228 2080 autem
2249 2023 2532 2096 justitiam
2552 2021 2679 2078 ideo
2703 2022 2842 2078 dicit
2859 2039 2982 2081 esse
3001 2039 3068 2078 ex
3092 2022 3230 2091 Deo,
3249 2023 3384 2094 quia

163 2116 208 2166 ut
231 2113 454 2168 ostendat
489 2115 764 2186 quoniam
809 2118 1126 2172 necessario
1155 2123 1291 2173 tunc
1339 2119 1654 2190 agebantur
1683 2139 1696 2174 :
1783 2115 1935 2174 Deus
1953 2114 2255 2185 unicuique
2266 2112 2511 2185 partitur
2527 2127 2853 2166 mensuram
2869 2110 3022 2180 ﬁdei,
3045 2111 3189 2166 etad
3211 2110 3380 2166 ﬁdem

160 2200 369 2270 sdjiciens
403 2219 532 2257 vero
573 2203 676 2257 illa
717 2221 840 2275 qua:
875 2211 1041 2260 erant
1081 2205 1154 2260 ad
1184 2207 1698 2277 conﬁrmationem,
1782 2205 2094 2277 pertineret
2120 2203 2349 2257 credere
2378 2201 2527 2272 quod
2553 2201 2614 2256 in
2649 2199 2811 2254 nobis
2842 2200 2992 2255 Deus
3020 2204 3287 2271 operetur
3323 2205 3384 2254 et

160 2290 258 2344 dicit
290 2291 537 2362 quoniam
582 2293 742 2347 lucra
772 2292 1014 2348 habebat
1066 2294 1164 2349 illa
1217 2295 1535 2352 sollicitudo
1579 2314 1701 2370 qua:
1781 2292 1941 2357 velle,
1991 2291 2134 2346 sicut
2181 2289 2522 2362 operabatur
2555 2287 2615 2343 in
2662 2287 2761 2342 illa
2810 2287 3168 2360 ΡιιιῬιιΐδιίδ,
3219 2286 3380 2357 cuius

159 2395 257 2449 erga
275 2379 386 2434 illos
403 2387 589 2435 erant.
621 2383 786 2437 Nunc
813 2399 945 2437 vero
972 2384 1154 2454 magis
1191 2389 1327 2440 sunt
1360 2385 1703 2442 detrimenta
1781 2386 2082 2452 aperuerat
2114 2381 2264 2434 Deus
2302 2383 2572 2444 mentem,
2615 2381 2682 2432 ut
2721 2375 3042 2432 intenderet
3079 2393 3149 2431 ea
3191 2391 3316 2448 qua:
3347 2392 3384 2430 a

159 2466 206 2549 in
210 2471 598 2540 comparatione
613 2470 822 2525 Christi
845 2478 1126 2543 reputata.
1142 2473 1302 2528 Unde
1321 2473 1390 2528 ad
1414 2490 1703 2546 compara-
1781 2470 1956 2524 Paulo
1975 2468 2323 2524 dicebantur.
2337 2469 2418 2522 Ac
2443 2483 2545 2539 per
2568 2467 2674 2520 hoc
2691 2481 2796 2520 nec
2815 2465 2924 2538 ipsi
2953 2465 3133 2521 Judaei
3149 2465 3246 2537 qui
3265 2479 3382 2519 cre-

158 2554 320 2612 tionem
335 2557 540 2612 Christi
559 2574 574 2610 :
593 2556 701 2613 Sed
713 2564 762 2612 et
777 2561 1028 2614 existimo
1043 2563 1233 2616 omnia
1251 2563 1583 2616 detrimenta
1597 2577 1702 2617 esse
1784 2559 2050 2613 diderunt
2067 2559 2128 2612 in
2156 2556 2464 2622 Christum,
2503 2555 2564 2610 in
2595 2554 2800 2627 quibus
2840 2561 2899 2609 et
2925 2555 3134 2612 Paulus
3158 2554 3286 2620 fuit,
3316 2570 3384 2608 ex

151 2649 326 2713 propter
347 2650 844 2716 supereminentem
873 2652 1165 2703 scientiam
1191 2651 1318 2704 Jesu
1349 2650 1558 2705 Christi
1593 2653 1702 2706 Do-
1783 2647 1904 2718 lege
1934 2647 2184 2702 hmredes
2221 2645 2450 2700 omnino
2500 2644 2722 2699 dicendi
2761 2649 2912 2711 sunt,
2959 2643 3058 2698 sed
3091 2641 3280 2714 potius
3315 2657 3383 2697 ex

155 2734 264 2786 mini
276 2737 390 2788 mei.
415 2735 571 2790 Bene
603 2735 794 2808 posuit
819 2738 1050 2792 Domini
1067 2741 1196 2804 mei,
1213 2740 1372 2810 quasi
1391 2755 1459 2794 ex
1472 2755 1700 2810 compa-
1781 2736 2174 2808 promissione.
2202 2735 2335 2791 Ideo
2360 2735 2511 2789 enim
2542 2733 2754 2788 dictum
2786 2737 2906 2788 est:
2941 2733 3010 2787 In
3039 2734 3196 2787 Isaac
3221 2747 3380 2793 voca-

153 2820 321 2876 rstione
336 2839 681 2894 cognoscens
699 2813 879 2896 ipsam
910 2825 1305 2881 differentiam.
1321 2828 1482 2882 Unde
1501 2833 1560 2882 et
1585 2843 1703 2883 mo-
1783 2827 1938 2880 bitur
1970 2827 2074 2880 tibi
2093 2841 2276 2880 semen
2304 2823 2483 2896 (Hebr.
2513 2821 2760 2893 x1),quia
2785 2837 2900 2876 non
2928 2819 3024 2893 qui
3046 2819 3149 2876 ﬁlii
3173 2819 3379 2889 carnis,

153 2911 220 2961 tus
237 2925 404 2965 amore
427 2913 742 2968 Dominum
759 2930 925 2968 suum
953 2915 1135 2969 Deum
1155 2915 1293 2970 dixit
1311 2933 1322 2968 :
1340 2922 1405 2970 ut
1431 2922 1560 2988 post
1585 2933 1704 2972 ma-
1781 2914 1842 2969 hi
1860 2915 1988 2969 Filii
2007 2915 2131 2982 Dei,
2153 2913 2252 2968 sed
2278 2913 2381 2966 ﬁlii
2405 2911 2792 2983 promissionis
2831 2911 3178 2982 deputantur
3207 2909 3270 2965 in
3296 2925 3383 2965 se-

145 2997 290 3064 jorum
307 2999 584 3056 bonorum
616 3002 700 3056 illi
720 3020 891 3058 causa
908 3003 1200 3059 existente.
1231 3005 1448 3060 Deinde
1474 3006 1694 3077 adjicit:
1781 3003 1953 3057 mine.
1983 3004 2046 3059 Ut
2073 3016 2390 3072 cognoscam
2419 3016 2563 3066 eum,
2589 3005 2637 3053 et
2664 3002 2929 3054 virtutem
2957 2998 3380 3053 resurrectionis

151 3085 325 3154 Propter
340 3105 495 3158 quem
527 3094 728 3146 omnia
757 3093 1184 3147 detrimentatus
1211 3110 1356 3161 sum,
1375 3101 1423 3148 et
1451 3099 1702 3152 existimo
1721 3078 1766 3138 Cn
1782 3095 1918 3161 ejus.
1950 3093 2078 3146 Non
2105 3090 2246 3144 dixit
2263 3089 2752 3144 resurrectionem.
2783 3089 2874 3142 sed
2893 3090 3158 3142 uirtutem
3185 3101 3378 3142 resur-

149 3183 190 3226 ut
209 3181 434 3233 stercora.
469 3179 545 3234 Et
596 3181 863 3250 quoniam
901 3180 1236 3236 videbantur
1273 3183 1695 3253 contumeliosa,
1781 3183 2059 3235 rectionis.
2090 3179 2228 3244 Quae
2257 3183 2345 3232 est
2371 3182 2561 3232 autem
2587 3175 3014 3231 resurrectionis
3027 3176 3152 3248 ejus
3165 3173 3380 3230 virtus?

149 3271 192 3315 ut
222 3271 444 3322 stercora
491 3284 702 3322 vocare
745 3269 844 3324 illa
897 3285 1020 3340 quae
1073 3271 1214 3342 legis
1257 3278 1410 3338 sunt,
1438 3273 1701 3329 velociter
1782 3269 2052 3340 quoniam
2079 3285 2182 3340 pro
2213 3266 2474 3322 omnibus
2493 3265 2640 3320 facta
2667 3271 2770 3332 est,
2803 3271 2862 3320 et
2890 3270 2962 3325 ut
2991 3281 3188 3320 omnes
3214 3263 3375 3320 simi-

66 3381 74 3394 ~
144 3351 312 3422 adjicit:
331 3357 388 3410 (It
408 3357 704 3412 Christum
715 3359 1418 3426 lucrifaciamﬂstendens
1429 3363 1698 3434 quoniam
1779 3357 1892 3412 lem
1921 3362 2254 3428 assequatur
2271 3354 2771 3410 resurrectionem:
2791 3353 3024 3408 credens
3041 3353 3196 3408 enim
3213 3352 3379 3410 Chri-

144 3445 430 3512 comparatio
458 3445 698 3500 illorum
737 3447 835 3518 qui
880 3448 1192 3502 secundum
1233 3450 1520 3505 Christum
1565 3458 1701 3507 sunt
1779 3452 1886 3513 sto,
1919 3447 2084 3501 credo
2105 3445 2278 3500 etiam
2306 3450 2364 3498 et
2379 3444 2646 3498 virtutem
2675 3441 3103 3497 resurrectionis
3129 3442 3254 3514 ejus
3281 3457 3376 3498 co-

143 3527 222 3584 ista
253 3533 378 3588 talia
427 3535 656 3590 faciunt
695 3535 890 3603 videri,
944 3537 1188 3608 qualiter
1235 3545 1335 3593 aut
1382 3540 1699 3610 quomodo?
1777 3552 2066 3606 gnoscere,
2106 3535 2213 3588 hoc
2239 3540 2328 3587 est
2352 3532 2577 3604 assequi
2635 3529 3128 3598 resurrectionem,
3165 3530 3226 3584 in
3262 3547 3378 3602 qua

145 3617 188 3670 Et
212 3623 443 3676 inveniar
473 3627 544 3679 in
573 3626 676 3679 illo
705 3640 816 3679 non
837 3625 1042 3680 habens
1071 3642 1251 3681 meam
1263 3630 1696 3698 justitiam,qua3
1780 3625 2008 3678 effectus
2033 3623 2094 3677 in
2121 3621 2428 3677 immortali
2457 3627 2515 3674 et
2542 3618 2874 3698 impassibili
2901 3623 3104 3673 natura
3123 3617 3194 3672 ab
3222 3619 3376 3673 omni

140 3710 287 3778 ωερε
300 3717 370 3766 est
394 3731 412 3766 ε
442 3715 540 3766 sed
568 3715 736 3766 illam
775 3729 893 3782 qua
915 3729 980 3768 ea;
1007 3716 1110 3782 ﬁde
1145 3720 1221 3769 est
1241 3694 1468 3783 Christi,
1509 3694 1610 3786 qui
1634 3733 1701 3772 es:
1777 3718 2004 3786 peccato
2033 3711 2177 3765 liber
2202 3727 2319 3776 ero,
2343 3709 2494 3763 ultra
2511 3724 2623 3762 non
2644 3694 2904 3778 indigens
2920 3707 3194 3778 lege.Nec
3222 3706 3374 3762 enim

143 3796 215 3849 Deo
229 3804 292 3851 est
307 3803 471 3868 justit
479 3805 540 3855 ia
559 3817 628 3856 ea:
647 3802 771 3868 ﬁde.
786 3802 986 3874 Cupio,
1009 3802 1216 3875 inquit,
1232 3804 1390 3858 illam
1413 3805 1695 3876 justitiam
1779 3805 1942 3856 erant
1967 3805 2344 3855 consentanea
2355 3796 2525 3852 simul
2545 3796 2717 3850 etiam
2731 3801 2790 3849 et
2808 3795 3040 3850 affectus
3059 3795 3183 3866 ejus
3201 3810 3373 3866 quam

137 3887 314 3957 assequi
336 3905 458 3961 qua
499 3907 574 3944 ex
615 3889 732 3944 Deo
769 3896 874 3956 est,
916 3907 1088 3962 quam
1136 3892 1359 3964 assequi
1398 3910 1696 3964 possumus
1777 3907 1912 3960 erga
1926 3890 2108 3960 legem
2127 3905 2256 3943 cum
2283 3885 2472 3940 labore
2502 3891 2561 3940 et
2585 3885 2790 3940 sudore
2815 3883 3093 3938 virtutum
3121 3899 3249 3938 sum
3278 3883 3369 3938 di-

140 3987 216 4041 per
237 3976 376 4032 illam
403 3979 586 4034 ﬁdem
607 3995 731 4050 quae
755 3979 814 4034 in
843 3979 1066 4036 Christo
1093 3986 1197 4046 est,
1215 3988 1274 4036 et
1295 3981 1420 4036 ideo
1450 3983 1694 4054 despicio
1775 3984 2052 4044 recturus,
2083 3977 2182 4032 sed
2211 3976 2402 4031 divina
2423 3974 2612 4046 gratia
2648 3972 2973 4028 custodibor
3013 3973 3074 4026 in
3109 3971 3271 4027 bonis
3299 3989 3366 4028 eo

137 4075 277 4118 mam
297 4067 587 4138 justitiam
617 4085 742 4139 quae
773 4085 840 4122 ex
865 4069 990 4139 lege
1020 4075 1122 4134 est,
1155 4070 1336 4124 sciens
1373 4086 1499 4125 eam
1535 4077 1594 4126 et
1609 4073 1693 4126 la-
1777 4067 1926 4138 quod
1945 4073 2083 4122 tunc
2100 4083 2205 4121 nec
2231 4081 2460 4139 peccare
2487 4065 2638 4118 ultra
2665 4068 2880 4134 potero.
2904 4063 2971 4118 Et
2999 4064 3375 4118 communica-

134 4147 364 4210 bdriosam
388 4174 538 4225 esse,
577 4163 636 4210 et
654 4157 1058 4228 impossibilem
1085 4159 1157 4212 ad
1185 4159 1550 4214 directionem
1576 4160 1693 4228 ;fa—
1777 4162 1982 4210 tionem
1989 4159 2317 4226 passionum
2339 4157 2456 4223 eius
2479 4153 2782 4221 conformis
2799 4153 2981 4221 factus
2993 4154 3166 4207 morti
3182 4154 3376 4221 eius,“

137 4239 255 4295 cilius
277 4245 422 4300 enim
448 4246 598 4300 mihi
629 4263 694 4300 ex
724 4246 847 4316 lege
875 4263 1108 4318 peccare
1151 4253 1256 4314 est,
1303 4265 1472 4320 quam
1502 4249 1691 4320 dirigi,
1774 4247 2039 4314 quomodo
2069 4260 2360 4300 occurram
2381 4247 2446 4297 in
2466 4259 2586 4296 mm
2603 4243 3063 4296 resurrectionem
3082 4257 3200 4309 qua
3219 4245 3376 4294 estea:

134 4334 173 4380 et
192 4331 526 4388 manifestius
577 4334 789 4388 faciens
816 4351 939 4404 quae
978 4335 1052 4388 sit
1077 4335 1177 4389 illa
1202 4352 1269 4390 ex
1308 4337 1426 4391 Deo
1447 4337 1689 4407 justitia,
1705 4395 1751 4407 _
1773 4337 2034 4388 mortuis.
2067 4334 2306 4404 Propter
2321 4331 2446 4397 hoc,
2473 4329 2678 4402 inquit,
2707 4333 2766 4382 et
2800 4327 3215 4383 communicare
3240 4343 3374 4399 pas-

137 4431 226 4484 qnae
239 4435 332 4490 per
350 4423 510 4477 illam
554 4423 725 4476 ﬁdem
756 4395 878 4493 quae
907 4423 966 4477 in
1006 4423 1228 4478 Christo
1267 4431 1356 4479 est
1380 4395 1755 4496 acquiriturD
1773 4422 2024 4478 sionibus
2051 4395 2388 4494 ejus-cupio,
2419 4395 2727 4474 consimilis
2755 4416 2934 4471 factus
2959 4415 3129 4470 morti
3157 4395 3373 4486 ejus,eo

135 4502 173 4556 in
207 4508 378 4564 ﬁdem.
411 4511 611 4579 (Aug.)
648 4512 764 4565 Hoc
809 4527 943 4582 ergo
989 4514 1315 4568 Judaeorum
1355 4515 1566 4569 Paulus
1603 4515 1692 4570 di-
1775 4512 1923 4582 quod
1953 4511 2024 4566 ad
2055 4510 2483 4565 similitudinem
2503 4509 2625 4577 ejus
2655 4503 3126 4574 contemplatione
3144 4503 3372 4574 pietatis

135 4601 254 4650 xerat
289 4601 434 4669 quod
479 4600 703 4654 malum
750 4600 1034 4656 habebant
1097 4608 1156 4658 et
1219 4603 1498 4674 imprimis
1553 4604 1692 4659 illud
1773 4601 1845 4654 ab
1871 4600 2068 4655 alienis
2105 4599 2177 4654 ad
2201 4603 2442 4654 mortem
2473 4594 2787 4667 pertrahor,
2818 4607 2917 4663 spe
2956 4591 3056 4646 illa
3097 4607 3209 4670 qua
3235 4607 3369 4646 con-

133 4684 244 4750 quod
265 4690 589 4756 ignorantes
609 4691 709 4743 Dei
717 4693 1010 4759 justitiam
1039 4697 1088 4746 et
1115 4707 1276 4747 suam
1305 4697 1540 4746 volentes
1570 4709 1693 4747 con-
1773 4690 1886 4744 ﬁdo
1915 4689 2194 4760 particeps
2234 4687 2357 4740 fieri
2403 4686 2526 4756 ejus
2564 4680 2990 4738 resurrectionis
3018 4697 3143 4752 qua:
3195 4680 3369 4736 etiam

134 4774 326 4844 diluere,
349 4781 600 4847 justitiae
637 4780 736 4832 Dei
776 4795 890 4832 uon
935 4785 1069 4834 sunt
1107 4782 1337 4850 subjecti
1386 4782 1558 4846 (Rom.
1592 4788 1686 4851 x);
1773 4779 1954 4832 multa
1973 4782 2032 4831 et
2057 4776 2336 4830 immensa
2364 4773 2580 4844 repleta
2604 4774 2691 4824 est
2715 4769 2916 4841 gloria.
2949 4771 3074 4825 Non
3101 4773 3368 4841 quiajam

131 4855 286 4919 deinde
329 4867 483 4938 quod
544 4873 676 4939 post
727 4867 1048 4938 passionem
1100 4885 1167 4924 ac
1222 4869 1690 4926 resurrectionem
1770 4869 2090 4936 acceperim,
2123 4871 2224 4920 aut
2241 4868 2369 4933 jam
2390 4863 2664 4932 perfectus
2691 4862 2800 4913 sim
2833 4879 2848 4912 :
2865 4875 3166 4930 persequor
3181 4865 3369 4914 autem

134 4947 292 5007 (Ἠὼςιί
315 4955 452 5010 dato
482 4963 660 5028 atque
687 4941 1046 5012 manifestato
1091 4964 1444 5014 sacramento
1489 4960 1688 5030 gratiae
1770 4960 1821 5012 si
1845 4961 1895 5010 et
1923 4955 2398 5025 comprehendam,
2435 4954 2500 5005 in
2527 4966 2634 5018 quo
2662 4953 2710 5003 et
2740 4949 3154 5019 comprehensus
3182 4964 3311 5002 sum
3333 4964 3370 5002 a

131 5042 385 5100 mdum
419 5045 687 5100 ordinem
721 5045 1146 5113 Melchisedech,
1187 5047 1373 5102 adhuc
1415 5047 1690 5120 putabant
1771 5047 1984 5102 Christo
2009 5046 2155 5098 .Iesu.
2182 5042 2260 5096 Eo
2289 5039 2438 5111 quod
2457 5039 2527 5094 de
2559 5053 2785 5092 sursum
2815 5037 2898 5092 illi
2923 5035 3205 5108 apparuit,
3218 5041 3278 5090 et
3297 5035 3368 5090 de

134 5138 432 5188 mamenti-
486 5138 684 5188 vetera
743 5149 858 5189 non
913 5151 980 5190 ex
1033 5136 1438 5191 consuetudine
1480 5138 1686 5192 solem-
1769 5135 1908 5188 caelo
1935 5133 2193 5188 Christus
2223 5145 2384 5184 suam
2415 5127 2498 5182 illi
2531 5127 2777 5182 ostendit
2810 5125 3071 5196 gloriam,
3101 5125 3209 5178 hoc
3233 5123 3370 5181 dicit

133 5211 292 5286 litatis,
314 5222 413 5276 sed
445 5238 518 5276 ex
543 5223 878 5278 necessitate
906 5223 1106 5279 salutis
1144 5241 1266 5280 esse
1303 5225 1640 5281 celebranda
1670 5247 1680 5281 :
1770 5224 1830 5278 in
1858 5223 1997 5278 illud
2029 5221 2178 5293 quod
2199 5219 2510 5291 perfectum
2549 5222 2638 5270 est
2666 5215 2907 5270 necdum
2935 5212 3261 5282 constituto,
3277 5230 3370 5269 ex-

131 5317 220 5369 (ῐπὲ
238 5313 424 5365 tamen
461 5311 517 5364 si
555 5327 846 5384 nunquam
883 5312 1125 5369 fuissent
1156 5315 1474 5369 necessaria
1515 5315 1689 5370 infru-
1772 5319 1962 5385 specto
1989 5310 2142 5376 enim
2169 5309 2308 5363 illud
2337 5307 2537 5361 adhuc.
2574 5305 2780 5360 Omnia
2807 5307 3000 5358 autem
3031 5302 3174 5358 facio
3195 5303 3370 5360 enite-

131 5397 275 5451 dnose
299 5405 474 5470 atque
503 5400 750 5456 inaniter
797 5417 899 5473 pro
949 5402 1032 5457 eis
1075 5401 1381 5458 Machabaei
1411 5410 1687 5475 martyres
1771 5418 1933 5456 scens
1979 5398 2204 5470 assequi
2249 5395 2738 5469 participationem
2791 5408 3015 5461 eorum,
3057 5393 3118 5448 in
3165 5391 3369 5464 quibus

131 5477 302 5539 ﬁerent.
324 5488 622 5543 Postremo
668 5489 808 5545 illud
860 5492 1009 5562 quod
1031 5492 1448 5564 praedicatores
1491 5491 1688 5563 gratiae
1769 5491 1890 5562 ipse
1910 5489 2083 5544 oculis
2109 5487 2251 5542 meis
2278 5485 2533 5558 perspexi
2553 5501 2674 5538 esse
2693 5483 3000 5550 Christum,
3023 5481 3250 5554 quando
3276 5497 3366 5535 me

134 5565 434 5632 Christianos
463 5578 644 5632 Judaei
667 5584 938 5650 tanquam
981 5581 1172 5636 hostes
1212 5581 1354 5651 legis
1392 5597 1690 5652 perseque-
1770 5583 2198 5650 persequentem
2227 5593 2330 5650 per
2346 5591 2507 5634 suam
2528 5571 2926 5628 revelationem
2943 5571 3286 5647 preveniens
3304 5569 3364 5625 in
