3868 6138
415 272 518 334 5ο3
1001 275 1067 331 Β.
1107 274 1381 334 RABANI
1417 276 1651 336 MAURI
1687 276 2026 336 ARCHIEP.
2065 275 2391 334 MOGUNT.
2431 274 2732 338 OPEBUM
2765 275 2950 333 PARS
2986 276 3086 333 III.
3540 282 3628 338 504

410 404 747 468 macerant,
777 404 838 456 et
861 400 942 455 sic
968 400 1158 457 omnia
1185 401 1335 474 apud
1363 403 1488 458 illos
1517 403 1578 459 in
1607 403 1882 460 charitate
1907 403 2076 463 ﬁe-A
2091 405 2168 456 sti
2189 400 2544 473 7(Psat.xxi),
2579 401 2804 474 aliaque
2833 401 2924 456 his
3214 402 3398 458 Oratio
3433 407 3633 461 estcum

411 489 550 545 bant
575 494 642 545 ut
676 487 1094 545 delectarentur
1139 491 1328 562 potius
1386 509 1578 549 coram
1626 493 1885 549 omnibus
1913 511 2006 549 re-
2085 489 2251 544 dicit:
2275 489 2608 561 Glariﬁcaoi
2618 496 2667 544 te
2694 507 2861 560 super
2879 496 3110 558 terram,
3143 507 3273 560 opus
3293 497 3634 548 consummavi

411 578 704 652 prehensas
723 594 848 650 qua
873 582 1066 634 tamen
1088 596 1230 652 opus
1241 580 1528 638 habebant
1555 589 1620 638 ut
1636 583 2008 654 reprehende-
2086 581 2230 648 quod
2239 580 2441 634 dedisti
2451 580 2597 634 mihi
2610 585 2675 634 ut
2699 580 2938 648 facerem
2967 580 3150 647 (Joan.
3169 581 3325 649 xvn);
3348 578 3455 634 sive
3473 579 3594 635 illud
3621 601 3631 635 :

413 672 628 735 rentur,
667 673 726 722 et
742 683 911 722 nemo
956 667 1057 724 illa
1092 685 1216 741 qua;
1256 669 1466 726 ﬁebant
1493 672 1802 728 secundum
1829 672 2005 727 ullam
2085 668 2154 725 Et
2159 684 2264 737 pro
2291 670 2369 722 eis
2395 671 2676 737 sanctiﬂco
2694 671 2983 738 meipsum,
3004 673 3070 722 ut
3088 669 3204 722 sint
3219 673 3268 721 et
3296 671 3398 738 ipsi
3425 672 3638 738 sanctiﬁ-

351 796 357 802 ς
411 755 710 812 incusabat
750 757 1049 812 rationem.
1107 758 1294 813 Etiam
1345 775 1476 828 rogo
1514 766 1564 815 et
1625 767 1692 826 te,
1741 776 2006 830 germane
2086 759 2198 811 cati
2226 759 2292 811 in
2317 760 2547 812 veritate
2572 757 2780 827 (Ibid.).
2813 755 3120 812 Postulain
3165 762 3268 823 est,
3317 772 3438 812 cum
3488 757 3634 812 dicit:

410 861 657 916 contpar,
689 846 895 914 adiuva
925 849 1074 901 illas.
1107 846 1348 912 Quidam
1377 846 1604 903 beatum
1634 847 1874 904 Paulum
1895 849 2008 904 exi-
2087 847 2269 910 Pater,
2300 861 2432 916 quos
2471 846 2672 900 dedisti
2706 847 2866 912 mihi,
2909 849 3026 902 volo
3061 851 3128 900 ut
3161 847 3258 900 ubi
3295 862 3382 914 ego
3417 862 3547 913 sum,
3597 853 3638 901 et

411 933 786 990 stimaverunt
811 933 942 989 hinc
963 951 1195 991 uxorem
1220 934 1484 992 habuisse
1503 943 1561 991 et
1586 937 1658 992 ad
1695 938 1852 993 illam
1868 938 2006 992 scri-
2088 936 2198 1004 ipsi
2222 937 2581 1002 sintmecum,
2603 939 2668 989 ut
2685 936 2914 990 videant
2925 937 3170 1002 gloriam
3190 950 3367 989 meam
3392 950 3546 1004 quam
3567 936 3639 989 de-

412 1023 554 1080 bens
569 1039 817 1094 rogasse,
845 1024 1008 1096 quasi
1035 1024 1310 1096 Philippis
1339 1027 1861 1083 commorantem.N
1865 1043 2006 1100 eque
2089 1023 2224 1077 disti
2234 1022 2380 1077 mihi
2391 1022 2579 1093 (Ibid)
2609 1023 2714 1078 Vel
2744 1029 2915 1091 certe,
2947 1039 3077 1078 cum
3103 1023 3275 1078 dicit:
3317 1025 3488 1088 Pater,
3509 1026 3642 1092 igno-

413 1113 487 1168 ad
514 1111 654 1167 illud
683 1111 1042 1184 inspicientes
1073 1114 1340 1184 quoniam
1358 1114 1500 1169 dixit
1524 1115 1808 1171 all'ectiose
1825 1123 1884 1170 et
1897 1132 2010 1170 non
2089 1128 2171 1166 see
2199 1115 2296 1178 eis,
2330 1127 2443 1166 non
2471 1115 2622 1166 enim
2667 1115 2856 1167 sciunt
2897 1115 3036 1182 quid
3077 1115 3299 1180 faciunt
3323 1112 3468 1183 (Luc.
3495 1116 3642 1180 χχιιι).

413 1200 717 1268 affectiose,
747 1200 896 1272 quod
925 1202 1045 1258 viro
1075 1203 1303 1274 quidem
1337 1203 1519 1274 aptari
1548 1209 1754 1276 potest,
1786 1203 2010 1260 mulieri
2091 1199 2419 1254 Gratiarum
2439 1199 2586 1254 actio
2629 1206 2714 1255 est
2746 1242 2758 1255 .
2795 1200 3072 1272 Conﬁteor
3088 1203 3208 1266 tibi,
3240 1202 3417 1266 Pater,
3446 1201 3647 1256 Domine

414 1295 608 1346 autem
635 1306 992 1362 nequaquam
1030 1311 1044 1359 ;
1095 1307 1234 1363 quos
1279 1292 1646 1348 conveniebat
1679 1293 1852 1348 etiam
1871 1294 2010 1349 illud
2091 1292 2212 1344 cali
2229 1295 2280 1343 et
2325 1295 2502 1355 terra,
2533 1292 2671 1360 quia
2717 1291 3055 1344 abscondisti
3107 1289 3218 1344 hac
3257 1305 3293 1343 a
3350 1290 3649 1357 sapientibus

417 1379 684 1451 cogitare,
743 1379 1010 1450 quoniam
1066 1381 1422 1451 conjugalem
1475 1381 1666 1436 divina
1721 1382 2012 1455 Scriptura
2092 1383 2140 1431 et
2157 1380 2414 1432 revelasti
2439 1393 2502 1432 ea
2524 1381 2908 1447 parvulis,ita,
2937 1381 3120 1445 Pater,
3149 1381 3284 1448 quia
3309 1381 3386 1432 sic
3416 1378 3521 1447 fuit
3542 1380 3649 1446 pla-

417 1467 574 1524 nullo
599 1467 661 1522 in
687 1467 810 1524 loco
835 1467 996 1523 illum
1025 1469 1120 1540 qui
1143 1469 1354 1541 nuptiis
1381 1469 1624 1525 sociatus
1635 1475 1720 1526 est
1737 1471 1888 1539 dicit,
1912 1471 2012 1526 sed
2093 1468 2268 1520 citum
2296 1471 2424 1521 ante
2453 1471 2501 1521 te
2535 1467 2678 1538 (Luc.
2710 1466 2789 1534 x).
2818 1466 2921 1520 Vel
2947 1472 3102 1520 certe
3149 1482 3277 1521 cum
3303 1465 3464 1520 dicit:
3493 1467 3651 1531 Pater,

419 1555 581 1611 illum
609 1556 706 1628 qui
733 1555 837 1610 sub
857 1557 1054 1612 eadem
1081 1557 1192 1612 ﬁde
1220 1563 1308 1615 est
1331 1577 1343 1612 :
1375 1575 1508 1614 nam
1537 1565 1596 1613 et
1621 1559 1895 1614 Dominus
1917 1561 1946 1631 j‘

2126 1556 2308 1610 ‘ratias
2325 1570 2428 1624 ago
2445 1555 2548 1609 tibi
2564 1558 2834 1624 quoniam
2861 1557 3078 1610 audisti
3105 1571 3210 1620 me,
3236 1555 3462 1609 sciebam
3495 1558 3653 1608 autem

419 1661 555 1715 gum
584 1650 746 1700 vocat
769 1645 926 1700 illam
954 1647 1433 1702 conversationem
1456 1665 1578 1720 quae
1606 1647 1710 1703 sub
1735 1648 1860 1720 lege
1888 1655 1974 1704 est
1997 1667 2009 1703 :
2032 1717 2069 1720 _
2095 1647 2230 1712 quia
2269 1659 2482 1714 semper
2509 1660 2594 1698 me
2612 1645 2778 1698 audis
2827 1646 3010 1713 (Joan.
3051 1648 3149 1714 x1).
3177 1645 3312 1709 Quae
3341 1649 3520 1698 tamen
3545 1657 3657 1712 qua-

423 1737 614 1800 totlite,
677 1733 883 1805 inquit,
933 1737 1143 1804 jugum
1179 1752 1385 1801 meum,
1423 1717 1695 1805 quoniam
1730 1717 1896 1792 suave
1939 1744 2015 1792 est
2031 1717 2080 1778 Β
2097 1737 2229 1787 tuor
2247 1731 2720 1803 supplicationum
2745 1748 2958 1803 genera
3000 1733 3136 1788 licet
3171 1731 3488 1803 singillatim
3505 1746 3562 1785 ac
3584 1729 3659 1784 di-

425 1822 638 1890 (Matth.
664 1825 762 1892 XI).
803 1822 1040 1880 Videtur
1057 1839 1192 1895 ergo
1213 1808 1284 1878 ad
1329 1824 1575 1896 aliquem
1610 1825 1854 1880 scribere
1880 1827 2017 1882 atl'e-
2098 1837 2258 1876 verso
2289 1825 2544 1893 tempore
2587 1823 2898 1876 secundum
2946 1838 3138 1892 quem-
3177 1819 3660 1893 comprehendimus

423 1915 518 1966 ctu
557 1915 617 1966 et
642 1909 754 1966 ﬁde
803 1911 916 1967 illis
959 1913 1321 1984 conjunctum
1373 1930 1542 1984 quem
1583 1919 1640 1969 et
1672 1915 1931 1970 hortatur
1955 1922 2018 1971 ut
2100 1909 2331 1964 modum
2361 1909 2510 1964 idem
2541 1910 2816 1966 Dominus
2839 1910 3162 1965 distinxerit
3187 1909 3483 1975 oll'erenda,
3497 1913 3660 1962 tamen

425 1999 497 2054 ad
525 2000 880 2055 concordiam
907 2017 1004 2055 eas
1032 2017 1134 2056 suo
1161 2001 1395 2057 reducat
1410 1991 1617 2070 studio,
1649 2003 1720 2058 de
1751 2021 1864 2075 qua
1884 2021 2019 2076 pace
2103 1997 2276 2052 etiam
2305 1997 2474 2053 simul
2513 2016 2582 2053 ea
2628 1997 2688 2054 in
2733 1999 3144 2071 supplicatione
3175 1999 3418 2071 perfecta
3441 2011 3662 2068 compre-

425 2088 680 2160 disputat
705 2089 834 2156 illis,
892 2095 957 2144 ut
998 2095 1056 2144 et
1093 2091 1328 2146 consilia
1363 2090 1474 2145 illis
1511 2090 1729 2146 tribuat
1767 2091 1932 2158 bona,
1965 2099 2024 2148 et
2104 2086 2275 2141 bendi
2302 2103 2465 2159 posse
2485 2087 2637 2142 idem
2667 2088 2786 2143 suis
2815 2089 3067 2144 ostendit
3097 2087 3382 2160 exemplis,
3413 2103 3506 2159 per
3531 2085 3662 2139 illam

427 2177 621 2231 omnia
639 2183 774 2248 agat
792 2193 922 2233 cum
941 2195 1166 2234 summa
1183 2179 1494 2250 diligentia,
1530 2180 1613 2234 ita
1641 2185 1708 2235 ut
1725 2181 1797 2236 ad
1816 2183 2021 2237 unani-
2103 2175 2316 2230 scilicet
2343 2176 2676 2244 orationem,
2696 2193 2868 2249 quam
2891 2176 2964 2232 ad
2993 2178 3167 2232 finem
3187 2175 3466 2247 Evangelii
3492 2188 3663 2229 secun-

428 2265 685 2320 mitatem
702 2266 829 2322 illas
847 2267 1014 2324 faciat
1039 2283 1346 2335 recurrere,
1369 2274 1427 2323 et
1441 2269 1744 2324 ostendens
1761 2271 2028 2342 quoniam
2109 2264 2247 2319 dum
2260 2265 2534 2320 Joannem
2559 2265 2803 2337 legimus
2816 2282 2948 2322 eum
2963 2265 3352 2338 copiosissime
3368 2263 3666 2337 profudisse»

428 2353 612 2424 dignm
631 2359 767 2410 sunt
792 2356 986 2411 multae
1012 2355 1347 2426 diligentiae:
1365 2357 1491 2424 Qua
1509 2373 1725 2412 mecum
1749 2359 2027 2414 laborave-
2107 2370 2174 2407 ex
2203 2354 2364 2424 cujus
2381 2359 2538 2408 textu
2559 2355 2694 2426 quia
2713 2355 2944 2426 longum
2963 2355 3233 2410 universa
3248 2369 3576 2426 percurrere,
3601 2349 3668 2404 di-

430 2447 571 2496 runt
601 2446 666 2498 in
693 2445 1010 2513 Evangelia.
1041 2445 1280 2500 Evidens
1300 2449 1386 2500 est
1403 2445 1670 2516 quoniam
1699 2445 1903 2501 alicubi
1919 2447 2028 2502 iter
2109 2441 2288 2512 ligens
2319 2442 2620 2514 inquisitor
2651 2443 2770 2499 haec
2797 2444 2880 2498 ita
2917 2461 3040 2499 esse
3065 2443 3326 2500 lectionis
3359 2441 3525 2514 ipsius
3547 2438 3668 2494 serie

432 2532 557 2602 ejus
584 2538 792 2588 secutae
817 2539 952 2588 sunt
991 2539 1049 2588 et
1075 2534 1539 2589 ministraverunt
1563 2535 1614 2588 ei
1643 2535 1898 2607 implenti
1927 2536 2028 2591 do-
2112 2531 2319 2602 poterit
2335 2531 2574 2600 edoceri,
2607 2549 2776 2604 quem
2812 2549 3042 2588 sensum
3068 2533 3375 2605 Apostolus
3401 2545 3600 2602 quoque
3623 2528 3671 2582 in

432 2619 671 2674 ctl'inam
699 2620 944 2692 pietatis,
961 2626 1021 2676 et
1046 2627 1112 2678 ut
1129 2639 1200 2676 ne
1217 2622 1474 2678 videatur
1497 2639 1698 2694 puram
1728 2624 2031 2696 quamdam
2111 2619 2363 2690 Epistola
2373 2621 2447 2674 ad
2458 2621 2847 2692 Philippenses
2862 2621 2965 2676 has
2985 2629 3234 2693 quatuor
3242 2618 3672 2692 supplicationum

435 2706 621 2763 dicere
643 2708 1084 2765 decertationem
1105 2709 1278 2766 addit.
1305 2711 1444 2766 Cum
1462 2712 1731 2767 Clemente
1752 2718 1801 2767 et
1825 2718 2029 2769 caeteris
2111 2707 2324 2778 species
2334 2708 2999 2780 aliquantumimmutato
3017 2725 3238 2782 ponens
3257 2708 3448 2764 ordine
3477 2705 3671 2760 eviden-

437 2800 708 2865 operariis
732 2801 890 2866 meis,
920 2815 1160 2868 quorum
1189 2805 1425 2854 nomina
1451 2805 1586 2854 sunt
1619 2803 1684 2855 in
1715 2803 1858 2856 libro
1884 2805 2026 2857 vita.
2109 2801 2200 2850 ter
2219 2795 2510 2868 expressit,
2538 2797 2896 2870 ostenditque
2922 2797 3133 2853 debere
3164 2815 3261 2854 eas
3309 2808 3674 2865 nonnunquam

392 2883 397 2888 ’
439 2883 560 2939 Hoc
585 2892 690 2954 est,
724 2886 986 2942 similiter
1027 2888 1173 2944 sicut
1229 2887 1311 2942 illi
1365 2887 1852 2944 colloboraverunt
1893 2891 2033 2946 mihi
2112 2884 2281 2939 simul
2309 2885 2414 2940 sub
2443 2886 2645 2942 ardore
2663 2887 2831 2942 unius
2851 2887 3282 2960 supplicationis
3305 2885 3504 2951 oﬂ‘erri,
3526 2883 3596 2938 ita
3610 2879 3677 2935 di-

396 2971 404 2981 '
438 2971 512 3028 ad
563 2973 875 3030 doctrinam
929 2976 1154 3048 pietatis
1203 2996 1217 3045 ;
1291 2977 1518 3032 evidens
1573 2982 1661 3032 est
1695 2978 1846 3033 enim
1904 2979 2034 3034 hinc
2113 2989 2278 3031 cens:
2307 2976 2399 3029 sed
2408 2977 2473 3030 in
2493 2979 2651 3030 omni
2661 2979 3348 3031 orationeetobsecratione
3365 2991 3486 3030 cum
3498 2973 3712 3042 gratia--

439 3061 611 3118 etiam
657 3063 797 3120 illud
841 3065 1108 3137 quoniam
1135 3060 1360 3138 quando
1399 3065 1539 3120 dicit
1563 3065 1635 3121 ad
1663 3067 1982 3122 Corinthios
2013 3086 2026 3121 :
2052 3073 2096 3134 c
2118 3078 2250 3118 rum
2264 3067 2478 3118 actione
2482 3067 2771 3134 petitiones
2784 3068 3332 3120 vestrainnotescant
3344 3063 3488 3134 apud
3505 3062 3672 3116 Deum.

441 3150 714 3222 Nunquid
741 3169 855 3209 non
882 3155 1142 3210 habemus
1158 3159 1477 3224 potestatem
1488 3159 1780 3210 mulierem
1803 3159 2040 3211 circum-
2117 3151 2313 3222 (Aug.)
2345 3152 2458 3208 Per
2484 3153 2635 3225 quod
2661 3153 2840 3208 voluit
2863 3169 2966 3208 nos
3013 3154 3075 3208 in
3121 3153 3231 3209 hac
3257 3150 3540 3225 Specialius
3566 3163 3676 3202 eru-

441 3239 638 3296 ducere
657 3247 684 3296 γ
701 3241 756 3312 (I
789 3242 913 3298 Cor.
945 3246 1045 3312 ιιι).
1087 3243 1213 3298 Non
1243 3241 1376 3315 quia
1401 3259 1691 3316 nunquam
1727 3245 2041 3300 circumdu—
2119 3239 2260 3308 dire,
2294 3241 2444 3312 quod
2490 3247 2548 3296 et
2588 3241 2648 3296 in
2693 3242 2948 3297 oratione
2985 3243 3306 3314 gratiarum
3341 3241 3482 3296 actio
3507 3237 3679 3293 debeat

441 3329 588 3384 xerit
618 3329 774 3399 dicit,
803 3331 902 3387 sed
947 3332 1083 3404 quia
1125 3349 1238 3387 non
1286 3349 1525 3404 semper,
1561 3332 1709 3404 quod
1739 3338 1798 3388 et
1821 3334 2040 3389 cautius
2121 3345 2250 3384 cum
2267 3330 2646 3400 postulatione
2665 3331 2906 3386 misceri.
2947 3331 3108 3396 Quod
3149 3337 3344 3388 autem
3372 3331 3452 3385 ait
3487 3330 3680 3384 :Postu-

446 3415 606 3474 nobis
655 3425 914 3476 notatum
969 3427 1075 3487 est,
1143 3426 1201 3476 et
1243 3427 1534 3477 ostensum
1579 3428 1665 3476 est
1717 3422 1776 3477 in
1829 3423 2042 3495 exposi-
2121 3420 2352 3474 lationes
2371 3425 2559 3475 vestra
2585 3423 2931 3476 innotescunt
2957 3422 3110 3490 apud
3139 3423 3340 3488 Deum,
3379 3435 3489 3474 non
3513 3416 3584 3470 sic
3607 3429 3680 3468 re-

447 3507 606 3563 tione
646 3509 826 3581 ipsius
865 3510 1148 3582 Epistolas,
1197 3516 1254 3565 et
1306 3511 1515 3565 iterum
1579 3516 1706 3566 orat
1747 3528 1850 3582 pro
1905 3511 2036 3566 illis.
2121 3506 2440 3578 cipiendum
2471 3513 2742 3580 tanquam
2755 3510 2872 3565 Deo
2892 3511 3270 3578 innotescant,
3293 3509 3390 3582 qui
3415 3509 3684 3572 eas,etan-

444 3595 683 3653 Gaudete
710 3601 776 3653 in
815 3600 1044 3656 Domino
1080 3616 1310 3670 semper,
1356 3603 1565 3654 iterum
1607 3601 1747 3666 dico,
1789 3603 2036 3669 gaudete.
2121 3601 2352 3667 tequam
2373 3604 2579 3664 essent,
2605 3605 2841 3654 noverat
2873 3617 2884 3652 :
2938 3599 3038 3653 sed
3057 3615 3160 3670 pro
3192 3599 3353 3654 nobis
3370 3595 3685 3652 innotescunt

446 3684 566 3740 Hoc
588 3692 695 3761 est,
735 3703 960 3760 semper
977 3687 1133 3743 vobis
1158 3687 1298 3743 talia
1337 3687 1526 3742 adsint
1544 3704 1581 3743 a
1623 3689 1760 3755 Deo,
1792 3705 1894 3760 pro
1921 3689 2044 3760 qui-
2122 3685 2272 3756 apud
2283 3685 2464 3741 Deum
2485 3703 2588 3758 per
2614 3687 2994 3754 tolerantiam,
3022 3703 3136 3742 non
3165 3687 3318 3760 apud
3338 3684 3578 3742 homines
3603 3693 3686 3752 per

447 3773 552 3828 bus
579 3776 786 3846 gaudio
831 3777 1061 3848 possitis
1106 3777 1350 3849 impleri.
1407 3776 1626 3832 Deinde
1653 3783 1712 3831 et
1737 3777 1809 3832 ad
1839 3776 2042 3832 exhor-
2117 3775 2472 3844 jactantiam,
2505 3780 2606 3830 aut
2639 3775 2784 3831 forte
2831 3776 3191 3832 innotescunt
3219 3776 3392 3832 etiam
3427 3772 3564 3846 apud
3601 3783 3686 3822 an-

447 3863 722 3920 tationem
747 3866 1007 3933 vertitur,
1040 3882 1210 3937 quem
1238 3865 1422 3937 aptari
1467 3871 1692 3938 poterat
1734 3865 1816 3920 illi
1841 3866 2042 3920 exhor—
2119 3862 2297 3932 gelos,
2347 3865 2444 3936 qui
2483 3870 2618 3919 sunt
2653 3865 2803 3937 apud
2839 3865 3038 3933 Deum,
3083 3871 3149 3920 ut
3197 3859 3593 3937 quodammodo
3609 3871 3687 3912 eas

447 3952 652 4007 tationi
680 3970 804 4024 qua:
839 3954 1160 4008 humilitate
1185 3955 1371 4010 fuerat
1387 3953 1554 4008 facta.
1577 3956 1839 4010 Modestia
1863 3959 2042 4010 vestra
2125 3951 2365 4006 offerant
2382 3953 2519 4020 Deo,
2548 3959 2606 4008 et
2636 3954 2708 4008 de
2734 3953 2821 4009 his
2855 3955 3170 4020 consulant,
3206 3962 3267 4010 et
3310 3953 3456 4026 quod
3481 3951 3586 4008 Deo
3607 3948 3686 4018 ju-

451 4047 581 4094 nota
609 4044 683 4096 sit
713 4044 970 4096 omnibus
1004 4043 1345 4097 hominibus.
1380 4043 1536 4097 Sicut
1562 4048 1620 4096 et
1648 4058 1742 4096 vos
1770 4043 1894 4097 volo
1921 4059 2045 4098 esse
2123 4038 2292 4094 bente
2337 4041 2686 4114 implendum
2725 4060 2848 4100 esse
2874 4043 3262 4114 cognoverint,
3287 4045 3391 4098 hoc
3416 4039 3564 4096 nobis
3591 4033 3684 4090 evi-

447 4129 752 4196 modestos,
774 4129 856 4184 ita
883 4136 949 4184 ut
975 4147 1170 4184 omnes
1217 4147 1386 4202 super
1417 4136 1664 4185 vestram
1708 4131 2042 4186 modestiam
2125 4127 2326 4184 denter
2357 4131 2442 4184 vel
2484 4132 2726 4186 latenter
2773 4138 3082 4205 reportent,
3127 4133 3272 4188 dixit
3299 4132 3447 4187 enim
3483 4125 3682 4198 angelus

448 4216 520 4272 de
531 4215 686 4272 vobis
699 4217 1076 4288 gratulentur,
1099 4223 1160 4272 et
1172 4217 1440 4288 quoniam
1463 4217 1701 4272 modesti
1719 4217 2045 4290 frequenter
2121 4217 2337 4272 homini
2362 4238 2373 4272 :
2396 4220 2540 4274 Cum
2558 4221 2926 4293 oraretis,ego
2937 4221 3115 4277 obtuli
3135 4222 3449 4277 orationem
3467 4222 3682 4271 vestram

448 4305 852 4373 solentnoceri,
865 4306 1058 4379 adjicit
1076 4325 1088 4361 :
1103 4309 1372 4362 Dominus
1395 4323 1564 4376 prope
1591 4313 1688 4374 est,
1711 4308 1862 4362 nihil
1884 4311 2040 4364 solli-
2121 4307 2490 4378 inconspectu
2505 4308 2778 4364 claritatis
2789 4309 2892 4364 Dei
2901 4309 2929 4382 (
2930 4311 3144 4379 Tob.xu)
3156 4311 3243 4365 .Et
3251 4325 3368 4380 pas:
3385 4310 3482 4364 Dei
3498 4315 3682 4376 quam

449 4399 552 4450 citi
569 4399 713 4452 sitis.
751 4396 907 4452 Licet
952 4396 1312 4450 novicitatem
1354 4395 1700 4462 sustinentis,
1734 4396 1908 4452 nolite
1927 4398 2042 4451 sol-
2057 4413 2108 4474 ι)
2122 4400 2346 4465 superat
2355 4412 2574 4452 omnem
2583 4414 2805 4452 sensum
2814 4401 3084 4453 custodiat
3106 4400 3274 4454 corda
3294 4403 3468 4452 vestra
3487 4399 3533 4448 et
3541 4391 3681 4447 intel-

450 4485 587 4540 liciti
615 4502 757 4553 esse,
799 4503 974 4558 prope
1009 4491 1097 4541 est
1129 4485 1280 4540 Deus
1326 4485 1424 4557 qui
1466 4483 1621 4539 vobis
1659 4485 2041 4556 indigentibus
2123 4488 2380 4554 ligentias
2390 4491 2596 4540 vestras
2607 4489 2671 4540 in
2681 4487 3178 4544 0hristoJesu.Hoc
3189 4482 3685 4559 estipsevobispm-

447 4573 594 4628 ferat
620 4575 912 4644 auxilium,
936 4575 1032 4648 qui
1049 4581 1107 4633 et
1131 4579 1332 4648 potens
1362 4579 1451 4628 est
1484 4590 1580 4628 eos
1599 4574 1696 4646 qui
1715 4581 1918 4629 nocent
1944 4593 2041 4630 vos
2123 4579 2237 4629 stet
2246 4573 2551 4646 perfectam
2561 4589 2756 4646 pacem
2767 4575 2942 4647 quiab
2958 4576 3219 4631 omnibus
3230 4569 3684 4648 pluspotest.Nam

448 4663 821 4732 punire.Quid
829 4681 962 4736 ergo
973 4664 1234 4720 convenit
1241 4663 1422 4719 facere
1439 4679 1535 4719 eos
1547 4662 1750 4734 quibus
1764 4669 1999 4719 nocetur
2017 4663 2042 4718 ?
2123 4679 2320 4736 pacem
2331 4663 2435 4718 Dei
2445 4665 2866 4736 supereminere
2888 4665 3031 4720 dixit
3045 4666 3236 4720 omnia
3248 4669 3315 4720 ut
3339 4663 3487 4718 dicat
3508 4659 3682 4714 Deum.

449 4749 554 4805 Sed
579 4751 645 4803 in
671 4755 832 4804 omni
857 4756 1106 4808 oratione
1121 4758 1171 4808 et
1196 4754 1560 4808 obsecratione
1579 4769 1706 4807 cum
1719 4756 2042 4822 gratiarum
2194 4754 2269 4807 De
2281 4757 2470 4807 caetero
2483 4758 2673 4822 patres
2691 4770 3028 4824 quaecunque
3057 4760 3188 4810 sunt
3208 4769 3358 4818 uera,
3385 4756 3686 4822 quantum]uc

449 4838 662 4892 actione
686 4839 974 4908 petitiones
1023 4847 1210 4896 vestra
1257 4845 1606 4897 innotescant
1643 4843 1794 4911 apud
1844 4843 2037 4897 Deum.
2116 4843 2344 4912 pudica,
2373 4858 2712 4912 quascunque
2742 4847 2924 4913 justo,
2975 4859 3306 4912 quacunque
3329 4842 3534 4903 sancta,
3567 4847 3687 4904 qut-

451 4926 670 4996 llsaac.)
702 4925 818 4980 Has
867 4932 1110 4996 quatuor
1153 4929 1626 5001 supplicationum
1675 4929 1887 5000 species
1915 4929 2040 4984 illos
2123 4946 2337 5000 cunque
2368 4933 2660 4999 amabilia,
2695 4947 3032 5002 quaecunque
3047 4935 3194 4987 bona
3213 4933 3396 5000 fama,
3413 4931 3464 4984 si
3479 4921 3686 4996 quocir-

447 5013 733 5070 doeet:ita
744 5013 918 5069 etiam
935 5010 1210 5070 Dominus
1227 5017 1482 5090 exemplo
1502 5033 1604 5072 suo
1633 5016 1794 5071 nobis
1816 5016 2041 5072 initiare
2125 5023 2233 5085 tus,
2256 5021 2308 5073 si
2328 5035 2438 5088 qua
2485 5023 2609 5074 laus
2643 5021 2969 5090 disciplinae,
3004 5023 3114 5076 haec
3149 5022 3377 5089 cogitate
3402 5031 3517 5088 qua
3551 5016 3596 5066 et
3616 5008 3686 5062 di-

444 5104 710 5174 dignatus
720 5108 826 5172 est,
843 5102 977 5158 utin
991 5102 1097 5158 hoc
1112 5118 1335 5176 quoque
1347 5093 1610 5178 impleret
1624 5105 1764 5160 illud
1775 5105 1924 5176 quod
1935 5105 2040 5176 ipsi
2121 5109 2333 5162 dicistis
2351 5113 2400 5162 et
2419 5112 2718 5178 accepistis,
2753 5115 2804 5164 et
2820 5111 3060 5165 audistis
3080 5115 3130 5164 et
3150 5109 3368 5163 vidistis
3385 5110 3448 5160 in
3471 5117 3567 5166 me,
3593 5099 3686 5150 hac

441 5192 652 5248 dicitur
671 5211 683 5247 :
700 5195 828 5262 Qua
845 5193 1161 5262 capitJesus
1173 5193 1352 5260 facere
1363 5199 1411 5248 et
1425 5196 1610 5250 docere
1639 5196 1775 5262 (Act.
1797 5196 1858 5262 1).
1893 5195 2040 5248 Nam
2121 5199 2287 5264 agite,
2309 5203 2359 5252 et
2383 5199 2524 5252 Deus
2550 5200 2708 5252 Pacis
2749 5203 2857 5252 erit
2872 5200 3166 5254 vobiscum.
3191 5194 3396 5266 (Amb.)
3425 5183 3682 5248 Veritatis.

443 5280 845 5336 obsecrationis
855 5297 1036 5352 genus
1055 5280 1292 5336 assumit
1303 5297 1432 5336 cum
1446 5281 1606 5338 dicit:
1631 5285 1815 5350 ‘Pater,
1847 5285 1900 5336 si
1912 5298 2040 5351 pos-
2121 5283 2323 5356 inquit,
2357 5285 2706 5356 diligentiam
2727 5286 3010 5354 adhibete,
3027 5285 3326 5359 pudicitia,
3341 5279 3584 5356 justitiie,
3603 5289 3682 5328 ca-

443 5371 601 5425 sibile
625 5375 720 5435 est,
753 5375 1000 5426 transeat
1043 5386 1174 5424 ame
1195 5373 1344 5424 calix
1374 5374 1472 5425 istc
1501 5372 1720 5440 (Matth.
1753 5373 1925 5438 xxvx),
1950 5372 2039 5426 Vel
2120 5374 2300 5441 statis,
2315 5380 2381 5429 ut
2396 5375 2566 5442 dicat,
2586 5374 2882 5430 Abstinete
2923 5393 3020 5431 vos
3051 5393 3086 5430 a
3111 5375 3297 5449 pravis
3338 5367 3571 5443 negotiis
3587 5362 3683 5416 δίου

443 5457 582 5514 illud
629 5457 777 5530 quod
831 5475 898 5516 ex
926 5475 1168 5530 persona
1211 5459 1335 5530 ejus
1375 5465 1638 5514 cantatur
1687 5459 1743 5514 in
1772 5459 1986 5532 psalmo
2019 5479 2031 5513 :
2119 5463 2200 5517 uti
2229 5468 2288 5518 et
2303 5463 2380 5517 ibi
2413 5463 2570 5529 dixit,
2603 5463 2660 5516 in
2695 5463 2956 5519 omnibus
2983 5481 3080 5520 vos
3107 5459 3504 5537 comprobastis
3520 5456 3680 5510 castos

441 5550 599 5614 Deus,
625 5548 765 5603 Deus
788 5564 962 5614 meus,
983 5551 1184 5617 respice
1211 5551 1275 5602 in
1296 5564 1396 5612 mc,
1433 5565 1606 5616 quare
1625 5565 1710 5602 me
1741 5550 2038 5618 dereliqui-
2117 5567 2258 5613 esse,
2293 5551 2351 5605 in
2399 5551 2624 5621 negotio
2663 5557 2727 5605 ut
2755 5553 2999 5622 ageretis
3017 5553 3116 5606 illa
3183 5568 3269 5606 ne
3297 5545 3548 5604 omnibus
3581 5537 3680 5612 pll-
