3868 6138
217 286 298 343 505

577 279 1152 342 ENARRATIONUH
1186 281 1266 338 IN
1303 281 1456 338 EPP.
1497 283 1713 340 PAULI
1749 284 1887 342 LIB.
1929 285 2251 344 XIX—IN
2287 286 2510 344 EPIST.
2550 287 2648 344 AD
2686 285 2995 343 PHILIPP.

3319 285 3426 344 506

213 415 328 474 cent,
368 407 462 462 hoc
502 411 600 472 est,
643 406 740 461 illa
768 422 894 478 quae
933 405 1005 461 ab
1034 405 1296 463 omnibus
1331 408 1806 478 cognoscunturA
1823 413 1940 464 stat
1965 410 2104 465 mihi
2131 410 2213 466 sic
2240 425 2423 482 posse,
2446 415 2514 465 ut
2539 416 2597 467 et
2619 410 2875 483 requiem
2899 407 3252 466 convenienti
3280 409 3426 465 arbi-

211 515 306 554 esse
328 497 468 553 bona.
489 496 628 550 Nam
657 501 716 551 et
742 495 892 568 apud
912 512 1108 550 omnes
1136 495 1336 551 similis
1364 501 1454 552 est
1468 496 1743 552 bonorum

213 585 446 649 confessio,
477 601 542 640 ex
569 583 770 656 quibus
799 584 1063 657 operibus
1091 584 1238 640 bona
1261 601 1358 641 vos
1387 585 1576 658 opinio
1604 586 1738 642 sub-

211 675 330 746 sequi
349 673 542 746 poterit
553 689 897 746 quaecunque
925 679 1057 730 sunt
1083 674 1355 731 virtutum
1376 691 1567 747 opera,
1593 692 1741 748 quie-

210 779 381 833 cunque
412 761 630 817 laudem
677 761 830 818 vobis
877 763 949 818 ab
978 763 1239 820 omnibus
1281 764 1575 836 providere
1609 781 1740 837 pos-

205 859 320 919 sunt,
341 850 434 906 hoc
457 850 705 907 videntes
732 851 794 906 in
821 851 1002 919 nobis,
1033 852 1140 907 hoc
1168 852 1320 908 docti
1348 870 1385 908 a
1411 853 1592 922 nobis,
1623 854 1741 910 hec

205 942 335 1011 agite,
361 946 413 994 et
435 939 707 996 habebitis
738 953 962 1014 semper
987 942 1168 997 Deum
1194 941 1478 998 vobiscum
1507 942 1740 1015 profun-

201 1029 302 1082 dam
339 1026 480 1083 vobis
510 1045 673 1084 suam
711 1047 908 1102 pacem
936 1030 1298 1102 praebentem.
1331 1031 1742 1088 Consummans

201 1134 299 1170 vero
328 1117 500 1172 omnia
525 1117 628 1172 illa
664 1135 788 1190 quae
828 1119 1231 1175 exhortationis
1270 1119 1518 1186 fuerunt,
1548 1120 1744 1176 scribit

199 1205 312 1260 uitia
345 1205 409 1259 de
574 1223 700 1277 quae
743 1207 913 1262 mista
963 1207 1189 1264 fuerant
1231 1207 1338 1264 sibi
1377 1209 1448 1264 ab
1477 1209 1606 1264 illis.
1639 1211 1741 1266 Ga-

197 1297 312 1347 risus
340 1309 455 1348 sum
479 1301 668 1350 autem
710 1299 775 1350 in
803 1297 1037 1352 Domino
1076 1285 1432 1365 concinenter,
1473 1302 1739 1369 quoniam

197 1383 371 1436 tandm
387 1385 689 1452 aliquando
709 1388 1038 1455 reﬂoruistis
1058 1403 1164 1456 pro
1181 1403 1266 1440 me
1293 1385 1514 1453 sentire,
1535 1391 1675 1442 sicut
1690 1394 1740 1442 et

193 1472 469 1536 sentiebatis,
493 1477 750 1542 occupati
774 1480 963 1530 autem
988 1475 1177 1546 eratis.
1216 1475 1387 1543 Bene,
1409 1475 1546 1548 quia
1577 1476 1736 1544 dixit,

193 1561 473 1626 inDomino,
497 1565 564 1616 ut
582 1578 698 1616 non
721 1562 1010 1619 videretur
1037 1563 1109 1618 ob
1138 1565 1436 1636 pecuniam
1466 1566 1742 1621 directam

191 1647 270 1703 sibi
295 1647 472 1715 laetari,
512 1650 616 1705 sed
653 1652 1004 1724 propositum
1049 1652 1275 1708 illorum
1306 1653 1402 1726 qui
1441 1654 1734 1722 miserunt,

1824 499 1935 552 trio
1963 497 2166 553 abutar
2196 503 2255 553 et
2279 497 2542 553 tristitias
2574 498 2704 554 forti
2731 500 2923 554 animo
2955 499 3152 562 feram,
3178 503 3236 552 et
3260 503 3326 553 ut
3353 515 3425 556 ne

1824 587 2136 642 aestimetur
2153 594 2514 642 contemnere
2533 587 2632 643 illa
2651 604 2777 659 quae
2796 585 2866 642 ab
2885 587 2996 642 illis
3015 587 3187 642 missa
3201 587 3422 642 fuerant

1821 675 1933 730 tale
1961 674 2173 731 habens
2195 676 2520 732 institutum
2545 676 2758 748 adjicit.
2789 678 3176 732 Verumtamen
3197 678 3324 730 bene
3342 677 3421 744 fe-

1821 766 1971 818 cistis
1999 768 2467 820 communicantes
2497 767 2859 820 tribulationi
2881 781 3025 831 mea,
3062 781 3160 819 vos
3188 765 3418 836 quidem
3483 778 3490 786 ‘

1821 853 1974 908 omni
1989 852 2154 908 laude
2173 853 2350 926 digni,
2366 870 2469 925 pro
2490 853 2694 926 quibus
2711 853 3171 910 communicastis
3187 853 3421 909 tribula-

1820 941 2069 997 tionibus
2089 942 2250 1010 meis,
2270 941 2558 999 mittentes
2577 948 2838 1015 sumptus
2859 942 3216 998 sublevantes
3235 958 3420 998 neces-

1821 1031 2048 1086 sitatam
2076 1048 2286 1098 meam,
2311 1049 2377 1086 ex
2397 1031 2602 1103 quibus
2622 1047 2848 1088 necesse
2868 1037 2956 1087 est
2981 1037 3048 1087 ut
3072 1035 3131 1086 et
3148 1031 3421 1086 mercedis

1820 1119 1976 1174 vobis
2001 1120 2152 1175 adsit
2177 1121 2514 1176 communio.

1890 1206 2058 1263 Scitis
2075 1215 2261 1264 autem
2291 1217 2338 1264 et
2359 1226 2465 1276 vos,
2485 1211 2874 1280 Philippenses,
2895 1211 3041 1278 quod
3059 1211 3125 1264 in
3137 1213 3420 1280 principio

1819 1298 2110 1366 Evangelii
2123 1301 2344 1368 quando
2368 1300 2646 1369 profectus
2671 1315 2798 1352 sum
2827 1315 2863 1352 a
2891 1299 3227 1365 Macedonia,
3257 1301 3419 1354 nulla

1819 1387 1966 1440 mihi
1977 1387 2214 1442 Ecclesia
2235 1390 2664 1443 communicavit
2685 1391 2749 1442 in
2762 1389 2980 1443 ratione
2993 1387 3116 1442 dati
3127 1392 3177 1442 et
3194 1389 3413 1458 accepti,

1821 1478 1938 1546 nisi
1965 1492 2054 1530 cos
2094 1479 2217 1543 soli,
2247 1479 2383 1546 quia
2409 1481 2458 1531 et
2497 1478 2933 1532 Thessalonicam
2960 1479 3123 1530 semel
3159 1481 3206 1530 et
3247 1477 3328 1531 bis
3356 1478 3421 1528 in

1820 1581 1985 1618 usum
2011 1566 2158 1620 mihi
2185 1567 2636 1636 misistis.(Aug.)
2665 1565 2751 1620 Ad
2777 1564 2898 1620 haec
2926 1564 3075 1620 bona
3100 1581 3271 1636 opera
3298 1565 3422 1634 ejus

1819 1652 2031 1708 redisse
2051 1670 2198 1708 nunc
2209 1655 2422 1724 gaudet
2441 1661 2499 1709 et
2519 1654 2890 1726 repullulasse
2909 1653 3135 1709 letatur
3147 1660 3419 1725 tanquam

191 1736 296 1790 dicit
338 1739 599 1810 quoniam
644 1739 868 1796 laetatus
911 1758 1037 1797 sum
1085 1758 1185 1814 pro
1229 1741 1433 1815 quibus
1467 1742 2203 1815 pertinuitBrequiescente
2231 1743 2521 1798 fertilitate
2548 1743 2691 1813 agri.
2725 1743 2997 1814 Nunquid
3027 1747 3258 1814 propter
3284 1759 3420 1796 usus

191 1824 310 1880 vobis
357 1825 421 1881 de
460 1843 553 1883 me
591 1846 604 1882 :
655 1827 902 1884 sciebam
965 1829 1171 1885 etenim
1212 1831 1481 1902 quoniam
1526 1833 1739 1888 dudum

189 1912 310 1969 vobis
349 1915 686 1986 pertinebat,
735 1925 958 1990 tempus
1003 1936 1132 1974 vero
1183 1937 1296 1975 non
1346 1919 1637 1976 habebatis
1677 1929 1742 1978 ut

185 2001 386 2058 hcet-itis
445 2005 588 2060 illud
653 2007 803 2078 quod
861 2006 1150 2062 volebatis.
1208 2007 1356 2063 Nam
1405 2011 1554 2081 quod
1601 2010 1742 2066 dixit

187 2098 357 2161 tempus
415 2109 527 2148 non
589 2095 884 2163 habuistis,
945 2095 1050 2151 hoc
1101 2097 1238 2151 dicit
1289 2097 1557 2169 prohibiti
1604 2101 1740 2155 estis

184 2184 366 2252 tempus
424 2181 704 2238 habentes
754 2190 822 2239 ut
876 2185 1135 2240 faceretis
1187 2186 1327 2242 illud
1382 2188 1531 2258 quod
1589 2189 1740 2243 vole-

184 2267 311 2322 batis.
359 2270 552 2342 Neque
610 2273 762 2327 enim
799 2279 856 2328 et
899 2274 958 2329 in
1014 2275 1124 2328 illis
1165 2275 1263 2346 qui
1308 2274 1558 2346 praebent
1609 2277 1736 2344 ista,

180 2372 232 2410 ea
262 2374 370 2428 qua
417 2359 560 2415 dant
618 2361 835 2416 fructus
879 2368 984 2432 est,
1035 2364 1133 2418 sed
1189 2380 1300 2435 quo
1351 2365 1542 2420 animo
1580 2365 1736 2421 dant.

180 2446 337 2516 itaque
369 2448 460 2522 ille
489 2450 593 2521 qui
623 2451 740 2505 Deo
770 2451 1046 2508 serviebat
1073 2469 1188 2507 non
1217 2469 1320 2508 suo
1347 2453 1548 2520 ventri,
1579 2454 1739 2509 video

177 2533 311 2604 plane
327 2537 469 2592 unde
485 2538 799 2608 gaudebat,
821 2540 981 2596 video
1009 2548 1067 2596 et
1081 2543 1444 2614 congratulor
1472 2542 1524 2596 ei
1554 2544 1733 2598 valde.

179 2625 440 2696 Acceperat
465 2627 629 2682 enim
657 2645 693 2682 a
719 2628 1170 2702 Philippensibus
1187 2647 1309 2702 qua:
1334 2648 1438 2703 per
1456 2631 1741 2704 Epaphro-

179 2710 324 2768 ditum
367 2716 668 2784 miserant,
719 2717 818 2772 sed
847 2724 1040 2774 tamen
1067 2719 1219 2774 unde
1245 2719 1530 2791 gaudebat
1555 2721 1734 2788 video,

179 2800 296 2856 unde
310 2805 536 2874 gaudet,
562 2805 700 2860 inde
719 2807 990 2878 pascitur,
1023 2809 1158 2880 quia
1173 2808 1232 2863 in
1251 2809 1486 2865 veritate
1504 2809 1738 2882 loquens

176 2892 360 2957 guinis
375 2909 523 2961 sum,
549 2893 768 2965 inquit,
784 2898 1075 2964 magniﬁce
1099 2899 1164 2950 in
1181 2898 1435 2964 Domino,
1464 2901 1600 2967 quia
1621 2903 1740 2954 tan-

175 2979 268 3032 dem
291 2984 599 3052 aliquando
621 2985 1004 3053 repullulastis
1026 3000 1213 3054 sapere
1235 3001 1341 3055 pro
1367 3001 1453 3040 me
1481 2988 1544 3041 in
1563 3003 1669 3056 quo
1689 2993 1740 3042 et

1820 1846 1971 1897 uos,
1993 1830 2127 1901 quia
2152 1830 2295 1884 dixit
2323 1829 2517 1886 usibus
2538 1830 2677 1885 meis
2699 1829 2971 1885 misistis?
2991 1830 3259 1902 Nunquid
3289 1847 3418 1901 pro-

1820 1924 2016 1991 pterea
2038 1918 2284 1990 gaudet?
2305 1935 2418 1973 non
2445 1923 2764 1990 propterea,
2787 1925 2845 1974 et
2873 1919 2978 1972 hoc
2997 1919 3146 1974 unde
3167 1918 3420 1974 scimus?

1821 2007 2088 2079 quoniam
2116 2008 2236 2079 ipse
2261 2007 2518 2078 sequitur
2545 2007 2734 2062 dicens
2757 2025 2769 2060 :
2795 2009 2918 2062 Non
2949 2007 3081 2079 quia
3107 2023 3296 2079 quiero
3317 2007 3419 2062 da-

1819 2101 1962 2163 tum,
1995 2097 2094 2151 sed
2124 2096 2349 2168 requiro
2379 2097 2643 2162 fructum,
2674 2096 2843 2152 didici
2871 2113 2906 2150 a
2945 2101 3022 2162 te,
3052 2096 3202 2151 Deus
3236 2112 3416 2164 meus,

1820 2185 1970 2240 inter
1995 2185 2192 2240 datum
2229 2193 2287 2240 et
2321 2185 2568 2240 fructum
2605 2185 2940 2250 discernere,
2979 2183 3178 2238 datum
3207 2189 3295 2238 est
3330 2201 3420 2238 res

1821 2275 1946 2346 ipsa
1965 2289 2139 2344 quam
2159 2275 2258 2328 dat
2277 2274 2373 2345 qui
2398 2273 2738 2344 impertitur,
2762 2274 2879 2327 haec
2905 2272 3222 2330 necessaria
3249 2271 3421 2327 veluti

1822 2369 1908 2418 est
1929 2361 3421 2434 nummus.cibus,potus,vestimentum,tectum,adju-

1819 2452 2028 2506 torium
2044 2469 2056 2504 :
2074 2451 2288 2506 fructus
2299 2457 2490 2506 autem
2507 2450 2652 2506 bona
2663 2457 2815 2506 recta
2824 2449 3302 2504 voluntasdatoris
3310 2457 3414 2504 est.

1818 2541 2047 2606 Datum,
2066 2546 2154 2594 est
2181 2540 2465 2611 suscipere
2485 2540 2837 2612 prophetam,
2871 2539 3154 2610 suscipere
3179 2539 3416 2609 justum,

1819 2630 2104 2700 porrigere
2123 2630 2354 2684 calicem
2373 2646 2534 2705 aqua
2551 2629 2768 2700 frigida:
2779 2627 3072 2700 discipulo,
3088 2627 3308 2682 fructus
3323 2643 3419 2681 au-

1818 2723 1935 2772 tem
1945 2718 2004 2772 in
2016 2719 2242 2773 nomine
2254 2718 2622 2791 pr0phetae,in
2635 2719 2860 2772 nomine
2865 2719 2888 2788 j
2896 2717 3094 2784 usti,in
3104 2715 3331 2771 nomine
3341 2717 3422 2770 di-

1821 2807 2018 2878 scipuli
2033 2807 2137 2862 hoc
2146 2806 2346 2874 facere,
2362 2806 2549 2862 fructu
2566 2806 2818 2879 pascitur
2827 2807 2978 2862 Elias
2997 2823 3034 2860 a
3050 2805 3219 2860 vidua
3240 2805 3421 2860 scien-

1819 2902 1876 2950 te
1904 2895 2052 2967 quod
2082 2897 2369 2950 hominem
2394 2896 2497 2952 Dei
2528 2903 2784 2967 pasceret
2813 2896 2920 2964 (Ill
2942 2897 3064 2964 Reg.
3113 2898 3246 2964 xvn)
3273 2913 3284 2947 :
3322 2911 3424 2966 per

1819 3001 2046 3040 corvum
2067 2990 2258 3039 autem
2279 2985 2412 3040 dato
2424 2983 2882 3057 pascebatur,nec
2895 2983 3132 3038 interior
3150 2983 3421 3049 Elias,sed

177 3070 442 3136 sentiebatis,
465 3070 708 3126 taedium
737 3077 928 3127 autem
965 3071 1259 3140 habuistis,
1284 3073 1392 3129 isto
1413 3091 1545 3145 ergo
1573 3075 1737 3130 taedio
1756 3065 1801 3126 C
1819 3073 2062 3128 exterior
2072 3073 2525 3146 pascebatur,qui
2535 3072 3042 3145 possetetiamtalis
3051 3071 3160 3126 cibi
3171 3076 3420 3142 egestate

173 3155 400 3214 diuturno
436 3167 828 3228 marcuerant,
860 3166 917 3216 et
963 3162 1124 3234 quasi
1171 3171 1507 3218 exaruerant
1533 3163 1604 3218 ab
1629 3165 1740 3219 isto

173 3243 320 3300 fructu
338 3245 468 3304 boni
487 3249 686 3322 operis
718 3255 778 3304 et
791 3251 1004 3321 gaudet
1032 3251 1114 3305 eis
1143 3251 1278 3322 quia
1311 3252 1736 3324 repullularent,

170 3348 256 3388 non
273 3334 392 3404 sibi,
422 3338 583 3410 quod
615 3339 740 3409 ejus
760 3339 1082 3411 indigentia:
1101 3339 1482 3409 subvenerint,
1515 3341 1640 3396 ideo
1657 3359 1742 3397 se-

169 3429 298 3478 cutus
311 3426 413 3480 ait:
431 3427 564 3483 Non
581 3431 748 3497 quasi
759 3435 985 3498 propter
997 3431 1304 3500 penuriam
1313 3431 1432 3484 dico
1446 3449 1464 3484 :
1486 3447 1578 3498 ego
1587 3433 1741 3486 enim

168 3511 376 3573 didieiin
391 3517 606 3584 quibus
619 3533 748 3571 sum
766 3519 1046 3586 sufﬁciens
1057 3521 1296 3582 esse,st
1306 3519 1741 3585 humiliari,st

167 3602 484 3658 etabundare
515 3605 745 3674 ubique,
775 3611 825 3660 et
845 3608 909 3660 in
928 3608 1184 3661 omnibus
1201 3609 1495 3661 institutus
1520 3625 1666 3666 sum.
1691 3613 1740 3662 et

164 3691 336 3744 satiari
341 3697 392 3746 et
408 3695 636 3747 esurire
655 3698 705 3746 et
720 3695 1007 3748 abundare
1025 3700 1075 3749 et
1083 3697 1388 3763 penuriam
1399 3699 1540 3765 pati.
1548 3699 1740 3751 omnia

166 3792 353 3843 possum
372 3783 439 3836 in
458 3797 522 3836 eo
542 3784 652 3850 qui
667 3797 754 3836 me
781 3784 1092 3850 conﬁrmat,
1117 3789 1500 3839 verumtamen
1520 3786 1648 3840 bene
1666 3787 1742 3854 fe-

167 3868 288 3922 cistis
305 3873 786 3925 communicantes
806 3873 1166 3927 tribulationi
1183 3887 1328 3926 mea.
1363 3873 1552 3943 (Aug)
1583 3873 1742 3928 Unde

167 3971 275 4026 ergo
296 3958 534 4028 gaudes,
553 3976 591 4013 ο
619 3959 793 4014 Paule
814 3975 1035 4031 magne,
1049 3959 1199 4015 unde
1216 3961 1449 4031 gaudes,
1472 3961 1621 4015 unde
1640 3978 1741 4033 pa-

171 4045 330 4111 sceris,
354 4047 492 4118 quid
523 4054 618 4102 est
639 4049 789 4120 quod
813 4055 870 4102 te
890 4049 1068 4120 pascit
1084 4048 1302 4104 laetitia:
1330 4049 1464 4121 quid
1489 4049 1744 4121 sequitur

168 4133 434 4190 audiamus
450 4155 464 4190 :
480 4141 875 4192 verumtamen
895 4137 1096 4209 inquit,
1121 4139 1246 4192 bene
1265 4139 1470 4206 fecistis
1485 4155 1742 4193 commu-

168 4223 384 4278 nicantes
404 4227 777 4280 tribulationi
792 4226 1074 4292 τηερε,ὺὶηο
1083 4227 1312 4296 gaudet,
1333 4226 1463 4281 hinc
1469 4227 1738 4298 pascitur,

165 4311 278 4379 quia
301 4312 384 4367 illi
413 4313 569 4368 bene
599 4313 871 4380 fecerunt,
903 4330 1015 4370 non
1045 4315 1180 4386 quia
1206 4317 1328 4387 ejus
1358 4315 1618 4387 angustia
1647 4333 1739 4370 re-

1821 3163 2124 3234 corrumpi.
2161 3163 2397 3232 (ἀπιὸν.)
2419 3162 2633 3218 Deinde
2658 3161 2792 3216 dicit
2817 3161 3082 3233 quoniam
3111 3167 3169 3214 et
3197 3161 3420 3232 quando

1821 3251 2100 3323 imprimis
2122 3250 2272 3304 vobis
2300 3251 2594 3322 pi'aadicavi
2613 3251 2882 3322 pietatem
2911 3267 3041 3305 cum
3069 3250 3286 3304 caeteris
3306 3248 3419 3304 Ma-

1821 3339 2126 3395 cedonibus
2141 3347 2200 3394 et
2217 3340 2415 3394 exinde
2434 3356 2562 3395 sum
2592 3356 2868 3410 egressus,
2893 3355 3076 3410 neque
3101 3337 3256 3394 dedit
3283 3337 3420 3392 mihi

1823 3429 1948 3501 quis
1991 3429 2214 3495 saltem,
2249 3445 2432 3503 neque
2461 3429 2680 3500 suscepi
2720 3427 2792 3482 ab
2822 3428 3018 3494 altero,
3057 3427 3167 3482 nisi
3201 3444 3236 3482 a
3263 3426 3418 3481 vobis

1821 3518 1974 3584 solis,
2007 3517 2217 3572 etenim
2261 3524 2319 3572 et
2353 3517 2763 3572 Thessalonicae
2793 3515 3163 3571 commoranti
3194 3515 3332 3569 mihi
3361 3522 3422 3570 et

1821 3607 1996 3660 semel
2024 3613 2083 3660 et
2106 3605 2193 3659 bis
2234 3606 2330 3660 illa
2359 3623 2483 3677 quae
2512 3606 2582 3659 ad
2621 3621 2758 3660 usus
2802 3620 3027 3659 necesse
3067 3603 3421 3658 habebantur

1821 3694 2070 3748 misistis.
2102 3694 2372 3766 Nunquid
2400 3693 2542 3748 dixit
2567 3693 3023 3748 communicastis
3051 3692 3111 3746 in
3141 3692 3418 3746 rationem

1821 3783 1939 3838 dati
1974 3789 2031 3837 et
2067 3783 2298 3854 accepti,
2333 3782 2440 3837 hoc
2467 3781 2622 3848 dicit,
2655 3797 2769 3836 non
2798 3780 2932 3852 quia
2972 3781 3164 3852 aliqua
3190 3778 3420 3852 quidem

1822 3870 1941 3942 ipse
1966 3871 2138 3937 dedit,
2164 3871 2277 3926 alia
2301 3886 2432 3925 vero
2462 3869 2560 3937 illi,
2593 3869 2693 3924 sed
2713 3869 2862 3941 quod
2883 3869 2968 3923 illi
2993 3869 3219 3942 quidem
3247 3867 3420 3923 dede-

1823 3967 1958 4015 runt
2013 3959 2132 4032 ipse
2176 3977 2307 4014 vero
2353 3958 2650 4032 acciperet,
2695 3959 3151 4014 communionem
3202 3957 3320 4028 dati
3363 3964 3421 4012 et

1824 4049 2035 4120 accepti
2063 4049 2168 4104 hoc
2195 4049 2353 4116 dixit,
2373 4065 2439 4103 eo
2458 4049 2606 4121 quod
2629 4048 2708 4102 illi
2725 4048 2951 4120 quidem
2969 4047 3278 4102 dederunt:
3301 4047 3420 4120 ipse

1824 4153 1954 4191 vero
1967 4137 2180 4210 accepit
2190 4144 2247 4192 et
2259 4138 2465 4192 iterum
2480 4137 2780 4192 ostendens
2791 4138 3058 4209 quoniam
3069 4153 3182 4192 non
3197 4153 3298 4209 pro
3310 4135 3420 4190 illis

1825 4243 1948 4298 qua
1963 4227 2095 4282 data
2123 4226 2230 4282 sibi
2258 4227 2481 4282 fuerant
2499 4227 2611 4281 ista
2636 4227 2790 4281 dicit.
2809 4227 2933 4284 Non
2961 4230 3097 4296 quia
3124 4241 3306 4296 quaero
3325 4227 3422 4279 da-

1823 4320 1962 4381 tum,
1977 4318 2068 4371 sed
2083 4319 2304 4386 requiro
2312 4318 2564 4384 fructum
2581 4317 2961 4370 abundantem
2984 4318 3048 4368 in
3068 4317 3286 4369 ratione
3306 4330 3420 4368 res-

167 4396 324 4493 ιξηιι
342 4409 448 4470 est,
472 4403 578 4475 qui
602 4402 738 4457 dicit
754 4402 886 4457 tibi:
917 4405 984 4458 In
1007 4406 1365 4459 tribulatione
1381 4406 1633 4459 dilatasti
1656 4423 1739 4462 me
1764 4435 1814 4493 Β
1833 4410 1942 4458 tra.
1961 4405 2078 4459 Hoc
2095 4405 2239 4471 dico,
2258 4405 2460 4476 inquit,
2483 4421 2596 4459 non
2625 4410 2854 4475 propter
2873 4403 2970 4456 illa
2988 4419 3112 4472 qua:
3135 4403 3269 4456 data
3289 4409 3422 4456 sunt

166 4485 307 4550 (Psal.
325 4495 436 4561 xc),
459 4492 605 4564 quia
631 4497 692 4546 et
710 4491 996 4547 abundare
1021 4498 1080 4547 et
1105 4493 1401 4563 penuriam
1419 4493 1538 4565 pati
1564 4494 1734 4562 novit,

167 4572 212 4627 in
232 4583 282 4630 te
307 4579 401 4650 qui
431 4580 726 4634 confortas
754 4597 903 4635 eum.
939 4580 1174 4650 (Ambr.)
1207 4581 1355 4648 Hec,
1389 4581 1593 4654 inquit,
1625 4599 1738 4637 non

165 4665 272 4732 quia
298 4666 555 4740 inopiam
575 4669 693 4723 fero
719 4669 985 4740 graviter,
1011 4669 1068 4724 in
1097 4669 1559 4724 consuetudinem
1587 4671 1739 4726 enim

167 4754 412 4825 meipsum
440 4757 716 4812 constitui
749 4765 815 4812 ut
838 4757 1120 4813 sufﬁciens
1155 4758 1263 4812 sim
1293 4757 1404 4812 illis
1431 4775 1554 4829 quae
1583 4759 1738 4814 inve-

167 4840 369 4899 niuntur
393 4846 458 4901 in
479 4846 769 4918 presenti,
802 4853 860 4901 et
879 4847 1145 4918 quoniam
1173 4847 1329 4902 nulla
1342 4863 1408 4901 ex
1427 4853 1586 4919 parte
1605 4865 1739 4903 con-

167 4929 396 4989 turbauit
426 4951 500 4989 ex
545 4935 658 4990 illis
699 4951 823 5008 quae
859 4935 966 4990 sibi
1013 4935 1368 4991 accidebant:
1403 4937 1743 5009 suscipiebat

169 5032 268 5074 vero
293 5029 349 5077 et
373 5023 481 5078 illa
503 5039 628 5096 quae
665 5023 879 5096 requiei
900 5032 1080 5092 erant,
1114 5031 1173 5081 et
1198 5025 1295 5080 illa
1329 5042 1452 5097 quae
1472 5026 1735 5092 tristitiae,

167 5109 396 5173 Pudenti
428 5129 499 5167 ac
530 5111 717 5166 sobrio
745 5113 1033 5168 intellectu
1053 5119 1112 5169 et
1133 5115 1192 5168 in
1211 5114 1370 5168 duris
1399 5115 1626 5186 quidem
1656 5132 1742 5170 re-

168 5190 248 5249 bus
263 5207 650 5270 consueverat,
670 5211 785 5256 nan
805 5201 904 5256 illa
919 5201 1062 5257 ferre
1079 5202 1346 5274 graviter,
1377 5203 1436 5257 in
1456 5203 1740 5274 prosperis

167 5297 271 5340 vero
289 5303 401 5344 non
430 5289 613 5345 laxari
633 5290 867 5357 deliciis,
893 5291 990 5346 sed
1012 5291 1100 5345 his
1120 5307 1329 5362 ponere
1347 5291 1446 5345 illa
1463 5308 1585 5363 quae
1605 5309 1741 5364 erga

165 5387 213 5425 te
235 5384 387 5432 erant
420 5394 533 5450 per
555 5379 749 5434 omnia
793 5380 1186 5434 convenienter
1208 5386 1266 5434 et
1294 5385 1358 5434 ut
1384 5396 1457 5434 ne
1483 5379 1740 5436 videatur

164 5475 344 5532 magna
369 5465 444 5520 de
472 5483 536 5520 se
563 5483 763 5539 sapere
787 5468 905 5522 haec
922 5466 1140 5522 dicens:
1161 5468 1364 5523 Omnia
1381 5469 1652 5537 praevideo
1671 5471 1737 5523 in

165 5555 306 5618 coqui
312 5570 398 5608 me
421 5559 702 5638 confortat
720 5557 952 5622 Christo,
977 5557 1116 5628 ipse,
1146 5556 1350 5628 inquit,
1375 5563 1461 5612 est
1473 5556 1571 5629 qui
1594 5574 1735 5628 prai-

1821 4494 1917 4548 sed
1926 4493 2251 4548 institutum
2261 4500 2509 4548 vestrum
2519 4492 2960 4561 collaudo,cujus
2970 4490 3255 4544 evidentes
3263 4497 3416 4557 sunt,

1820 4589 1880 4636 et
1890 4582 2122 4649 fructus,
2139 4582 2340 4636 dantes
2354 4582 2506 4636 enim
2519 4580 2755 4635 multam
2768 4578 2920 4632 vobis
2935 4577 3249 4632 mercedem
3265 4583 3324 4633 et
3335 4595 3419 4633 re.

1819 4669 2184 4725 tributionem
2215 4669 2551 4741 providistis.
2568 4670 2618 4723 Α
2638 4668 2798 4722 bonis
2813 4683 2946 4737 ergo
2961 4653 3418 4739 praedicatoribus

1820 4775 1933 4814 non
1959 4775 2131 4814 causa
2157 4757 2336 4812 victus
2373 4757 2692 4830 praedicatio
2731 4756 3093 4828 impenditur,
3123 4757 3223 4811 sed
3250 4773 3422 4813 causa

1821 4847 2232 4919 praedicationis
2261 4845 2533 4917 accipitur
2554 4845 2754 4911 victus,
2781 4851 2839 4900 et
2868 4845 3088 4917 quoties
3114 4845 3420 4918 praedican-

1821 4935 1972 4990 tibus
2018 4935 2333 4990 necessaria
2369 4933 2439 4988 ab
2484 4932 2843 4990 audientibus
2887 4932 3272 4999 conferuntur,
3306 4950 3417 4988 non

1821 5025 2006 5078 solent
2031 5023 2102 5077 de
2130 5039 2321 5077 rerum
2340 5040 2594 5090 munere,
2628 5024 2727 5078 sed
2755 5023 2825 5077 de
2845 5023 3254 5078 conferentium
3280 5039 3417 5092 gau-

1820 5113 1954 5167 dere
1979 5111 2256 5178 mercede,
2279 5112 2429 5166 unde
2457 5118 2516 5167 et
2538 5129 2641 5183 per
2671 5111 3003 5183 Apostolum
3043 5109 3266 5174 dicitur,
3303 5127 3416 5166 non

1821 5217 2004 5272 quzro
2025 5203 2237 5265 datum,
2256 5202 2348 5255 sed
2358 5204 2580 5271 requiro
2595 5203 2868 5270 fructum.
2887 5200 3093 5255 Datum
3113 5198 3320 5271 quippe
3329 5205 3418 5254 est

1820 5306 1911 5344 res
1937 5289 2079 5362 ipsa,
2113 5306 2235 5360 quae
2267 5289 2632 5362 impenditur,
2663 5289 2878 5344 fructus
2913 5303 3044 5342 vero
3081 5287 3200 5342 dati
3230 5294 3335 5355 est,
3367 5291 3416 5344 si

1819 5379 2062 5449 benigna
2076 5385 2264 5433 mente
2277 5378 2480 5434 future:
2491 5379 2764 5433 mercedis
2774 5377 2961 5432 studio
2979 5376 3193 5449 aliquid
3203 5377 3280 5432 im
3285 5394 3418 5449 pen-

1819 5468 2004 5523 datur.
2055 5468 2200 5539 Ergo
2245 5467 2442 5522 datum
2489 5468 2548 5524 in
2595 5484 2656 5522 re
2694 5466 3018 5538 accipimus,
3067 5466 3312 5522 fructum
3356 5466 3412 5520 in

1817 5557 2004 5620 corde,
2027 5561 2086 5610 et
2111 5555 2247 5627 quia
2271 5556 2674 5628 discipulorum
2696 5570 2928 5612 suorum
2949 5555 3250 5626 Apostolus
3271 5569 3413 5607 mer-
