3868 6138
665 281 1248 349 mammm
1283 282 1363 350 is
1399 280 1552 350 EPF.
1593 278 1811 355 sint;
1845 278 1983 354 ne.
2028 288 2149 353 xx.
2192 306 2258 338 -ι
2285 276 2369 351 in
2404 274 2627 350 Epist.
2655 276 2755 350 At)
2791 275 2948 350 dbL.

3349 276 3453 352 ilo

236 430 338 485 ego
361 412 433 467 illi
463 413 804 470 utith
828 418 978 488 quod
1000 419 1365 489 Evangelium
1398 434 1511 476 non
1534 420 1604 477 ad
1629 434 1767 494 ang-
1787 427 1834 487 Α
1857 428 2074 481 ctorum
2107 416 2341 493 collegio
2365 432 2485 477 esse
2505 412 2906 494 pronuntiavit,
2926 422 3055 475 cum
3071 410 3268 475 essetis
3283 414 3454 474 alieni

236 509 436 558 multum
460 502 603 572 apud
634 514 831 559 Omnes
860 509 1225 579 consequitur
1252 508 1446 581 adjicit
1477 529 1488 564 :
1523 511 1675 567 Sicut
1706 516 1769 567 in

238 594 413 647 colite:
427 607 483 644 ea
500 593 584 644 die
606 606 719 661 qua
739 596 978 649 audistis
999 601 1047 650 et
1071 600 1394 665 cognouistis
1416 604 1661 667 gratiam
1681 602 1773 655 Dei

236 681 515 734 inocritate.
550 680 925 750 Cognovistis,
960 684 1159 755 inquit,
1196 698 1293 740 ves
1322 688 1588 759 pietatem
1626 689 1770 744 sicut

235 777 279 823 et
298 784 476 832 ames,
507 770 877 839 augmentum
905 773 1077 829 etiam
1106 777 1356 847 suscepit
1381 778 1535 831 omni
1562 778 1621 832 in
1652 778 1771 833 loco

1856 530 1889 569 ξι
1908 516 2115 586 pietate
2165 518 2221 567 et
2249 512 2531 566 idolorum
2561 512 2731 565 eratis
2756 512 3079 565 sectatores.
3113 509 3257 563 Nam
3305 496 3453 580 quod

1855 603 1993 658 dixit
2014 604 2072 658 in
2101 601 2331 661 hmine,
2359 602 2423 655 ut
2442 598 2593 654 dicat
2621 616 2722 671 per
2764 614 2927 652 suam
2962 597 3360 669 cognitionem,
3396 594 3452 651 et

1857 692 2003 765 quod
2027 690 2165 745 dixit
2184 690 2278 761 qui
2301 690 2501 761 dignos
2514 705 2607 743 vos
2624 686 2838 754 habuit,
2856 690 2960 742 hoc
2985 690 3088 753 est,
3120 686 3319 757 dignos
3329 692 3449 741 esse

1855 778 2257 854 pronuntiavit,
2294 776 2351 833 et
2381 774 2529 850 quod
2561 777 2699 832 illud
2748 784 2833 831 est
2877 776 3095 832 lucrum
3126 776 3453 831 sanctorum

232 857 546 929 persiugrﬂos
567 858 689 912 dies
713 879 725 913 :
750 860 897 915 sicut
915 869 973 916 et
1001 862 1149 933 apud
1179 880 1274 919 vos
1295 866 1373 919 sic
1395 867 1546 921 omni
1569 868 1626 921 in
1648 868 1773 922 loco
1850 872 2165 942 jungantur
2192 868 2444 938 collegio.
2478 869 2585 935 Qui
2599 866 2806 936 eripuit
2832 874 2928 919 nos
2945 864 3006 919 de
3026 862 3283 934 potestate
3304 860 3447 919 tene-

236 945 541 1015 Evangclium
587 947 701 1001 vim
743 964 904 1003 suam
951 950 1169 1006 obtinet
1194 959 1252 1007 et
1280 960 1645 1025 augmentum
1674 962 1775 1027 per

230 1034 434 1103 singidos
458 1036 663 1106 accipit
690 1033 830 1105 dies,
852 1038 910 1093 et
929 1041 1077 1110 aptld
1097 1056 1192 1096 vos
1221 1049 1278 1096 et
1296 1045 1444 1114 apud
1466 1060 1660 1099 omnes
1680 1046 1773 1116 qui

229 1130 332 1176 t
354 1123 405 1176 in
424 1122 555 1177 orbe
574 1130 878 1193 terrarum,
898 1129 1002 1183 hoc
1021 1134 1211 1184 autem
1228 1132 1509 1187 sufﬁciens
1530 1138 1652 1187 erat
1673 1134 1774 1187 hos

227 1211 541 1265 ctadhortari
563 1220 623 1267 et
637 1216 875 1270 suadere
895 1223 959 1271 ut
976 1219 1036 1271 in
1056 1220 1166 1273 ﬁde
1186 1224 1498 1288 manerent,
1517 1223 1563 1275 si
1582 1224 1775 1277 tamen

223 1316 322 1354 eum
344 1300 611 1356 consensu
649 1314 845 1360 omnes
885 1306 1003 1361 haec
1044 1314 1179 1363 tera
1218 1315 1339 1364 esse
1365 1312 1770 1381 cognovissent.

226 1388 399 1442 Deinde
433 1389 650 1446 indicat
678 1399 736 1447 et
763 1410 796 1448 a
826 1408 936 1465 quo
976 1397 1091 1451 sint
1117 1399 1285 1453 docti.
1321 1400 1475 1453 Sicut
1503 1401 1778 1456 didicistis

221 1479 275 1530 ab
293 1478 531 1546 Epaphra
559 1481 885 1537 charissima
905 1495 1157 1539 conservo
1173 1494 1356 1542 nostra
1388 1492 1487 1557 qui
1509 1494 1583 1543 est
1603 1490 1777 1557 ﬁdelis

222 1582 302 1633 pro
314 1568 441 1620 vobis
449 1571 715 1623 minister
724 1570 931 1627 Christi
939 1576 1085 1639 Jesu;
1102 1580 1202 1643 qui
1214 1581 1384 1631 etiam
1400 1581 1560 1632 mani
1559 1581 1753 1646 festavi
1757 1580 1777 1632 t

220 1656 342 1708 nobis
358 1658 702 1713 dilectionem
723 1666 959 1715 vestram
979 1666 1042 1716 in
1062 1667 1287 1733 spiritu.
1312 1666 1611 1720 Evidenter
1625 1669 1776 1721 enim

220 1744 265 1795 in
286 1743 417 1797 hisce
443 1747 715 1814 ostendit,
740 1751 1002 1819 quoniam
1039 1724 1109 1806 ab
1138 1754 1397 1826 Epaphra
1419 1756 1777 1826 Evangelium
1793 1724 1839 1801 Β

216 1843 568 1903 susceperunt,
596 1851 761 1906 quem
783 1844 841 1892 et
858 1841 1014 1910 justa
1032 1843 1248 1896 ratione
1267 1843 1531 1911 laudavit,
1553 1858 1779 1900 venera-

216 1918 354 1974 bilem
376 1922 481 1976 illis
511 1922 804 1993 exhibens,
825 1944 993 1998 quem
1021 1930 1190 1985 etiam
1218 1930 1627 1988 commendavit
1647 1934 1774 1999 illis,

213 2024 267 2062 eo
297 2012 431 2079 quod
474 2021 621 2067 nota
668 2015 773 2069 sibi
814 2017 1032 2072 fecisset
1069 2020 1168 2074 illa
1197 2037 1319 2091 quae
1355 2021 1424 2076 de
1453 2023 1564 2077 illis
1594 2028 1773 2089 erant,

213 2098 362 2153 sciens
385 2103 659 2171 quoniam
688 2107 1065 2162 necessarium
1088 2110 1315 2180 quidem
1344 2118 1400 2164 et
1428 2112 1565 2165 utile
1596 2110 1681 2167 est
1708 2105 1779 2166 ad

212 2187 425 2257 plenum,
444 2197 508 2244 nt
530 2194 869 2249 venerabilis
890 2200 948 2251 et
974 2198 1359 2253 desiderabilis
1391 2200 1465 2254 sit
1495 2198 1779 2273 discipulis

210 2276 473 2346 magister:
495 2282 752 2337 maxime
780 2290 971 2339 autem
1001 2302 1135 2357 erga
1155 2289 1301 2343 hunc
1323 2288 1610 2360 aptissime
1639 2284 1777 2344 illud

207 2362 369 2419 fecisse
395 2368 643 2436 videtur,
669 2371 750 2426 ita
777 2380 840 2427 ut
871 2375 1066 2429 deceat
1091 2393 1185 2431 eos
1215 2395 1342 2431 cum
1373 2378 1548 2432 multo
1577 2378 1777 2433 allectu
1806 2374 1815 2379 “

207 2456 474 2524 persistere
501 2460 569 2515 in
587 2463 713 2531 ejus
735 2464 988 2519 doctrina
1017 2465 1073 2520 in
1091 2467 1197 2533 his,
1214 2472 1269 2521 et
1288 2473 1638 2539 sequestrata
1658 2469 1779 2537 lege

206 2544 483 2602 tradiderat
512 2549 635 2603 illis
668 2551 1032 2622 Evangelium
1070 2573 1080 2608 :
1127 2554 1317 2627 itaque
1355 2568 1467 2610 non
1497 2550 1781 2611 laudasset

205 2632 307 2701 eius
328 2632 671 2703 doctrinam,
693 2639 739 2693 si
761 2656 872 2695 non
894 2643 999 2697 hoc
1024 2644 1189 2699 modo
1206 2644 1405 2700 fuiSset
1430 2640 1653 2699 allecta:
1670 2658 1779 2716 quo

205 2721 333 2776 enim
362 2725 482 2779 ﬁeri
510 2734 746 2798 poterat
771 2728 828 2784 in
850 2732 937 2785 his
960 2732 1055 2803 qui
1082 2732 1317 2788 docebat
1329 2734 1427 2788 illa
1444 2740 1558 2788 non
1578 2730 1780 2789 debere

203 2812 473 2868 custodire.
503 2816 731 2871 Deinde
760 2820 907 2889 Quod
935 2820 1075 2875 dixit
1098 2828 1308 2891 semper
1326 2838 1429 2891 pro
1455 2824 1597 2876 vobis
1619 2834 1783 2877 oran-

206 2902 280 2975 tes.
301 2908 425 2969 αα,
448 2918 755 2960 resumens
774 2908 910 2962 dicit
932 2929 943 2963 :
970 2909 1092 2964 [deo
1121 2912 1171 2964 et
1191 2915 1286 2965 ηος
1307 2927 1369 2965 θα·
1389 2924 1497 2981 qua
1519 2908 1605 2966 die
1623 2912 1784 2966 audi-

202 2989 358 3044 vimus
386 3004 501 3047 non
525 3006 804 3049 cessamus
824 3008 928 3066 pro
957 3001 1102 3052 vobis
1128 3005 1346 3054 orantes
1375 3002 1423 3054 et
1448 3002 1782 3068 postulantes

1859 963 2089 1014 b’rarum
2114 964 2163 1013 et
2176 952 2467 1013 transtulit
2487 956 2550 1009 in
2579 962 2811 1023 regnum
2847 950 2957 1022 ﬁlii
2979 952 3288 1009 dilectionis
3317 956 3446 1008 suis.

1857 1046 1982 1103 Non
1998 1049 2198 1112 solum,
2218 1045 2420 1118 inquit.
2446 1044 2676 1099 abstulit
2702 1058 2799 1097 vos
2831 1040 2903 1096 ab
2922 1044 3117 1097 errore
3144 1040 3200 1097 et
3234 1040 3449 1096 dce-mo:

1858 1142 1991 1191 unm
2036 1134 2304 1208 potentia,
2347 1136 2445 1188 sed
2493 1140 2549 1188 et
2584 1131 2884 1204 participes
2922 1132 3015 1187 tos
3068 1126 3450 1203 pronuntiarit

1856 1227 2015 1297 regni
2044 1242 2163 1280 esse
2180 1223 2403 1279 Christi.
2427 1222 2570 1277 Nam
2593 1212 2741 1293 quod
2759 1218 2913 1287 dicit,
2942 1220 3236 1274 transtulit
3261 1220 3324 1275 in
3362 1222 3446 1273 res

1850 1328 2032 1382 gnum
2054 1310 2162 1383 ﬁlii
2182 1312 2469 1368 charttatis
2486 1322 2612 1377 sua,
2637 1311 2741 1365 hoc
2752 1308 2905 1375 dicit,
2923 1310 3069 1365 sicut
3089 1308 3397 1364 etalioloco
3432 1328 3443 1361 ε

1860 1406 1925 1459 Si
1942 1406 2294 1465 sustinemus,
2320 1406 2369 1455 et
2406 1402 2867 1471 conregnabimus
2890 1394 2971 1464 (ΙΙ
3007 1392 3145 1452 Tim.
3181 1404 3259 1466 τι).
3291 1390 3453 1451 Unde

1859 1492 2000 1546 bene
2017 1492 2148 1563 quia
2166 1504 2279 1545 non
2300 1486 2458 1554 dixit,
2483 1487 2583 1543 ﬁlii
2629 1488 2872 1553 tantum,
2896 1482 2995 1541 sed
3023 1484 3133 1553 ﬁlii
3162 1480 3452 1539 cltdritdlis

1857 1592 1998 1651 suae;
2032 1596 2135 1635 nec
2155 1580 2303 1635 enim
2325 1578 2624 1651 participes
2642 1576 2801 1648 regni
2829 1571 2931 1631 Dei
2973 1570 3127 1629 verbi
3157 1570 3451 1640 efﬁcimur,

1860 1685 1969 1740 quo
2003 1670 2155 1723 enim
2182 1666 2301 1722 fieri
2325 1673 2511 1738 potest
2526 1671 2591 1721 ut
2628 1664 3012 1720 universitatis
3043 1658 3228 1735 Opifici
3252 1662 3454 1733 junga-

1859 1756 2030 1811 mur?
2058 1756 2153 1811 sed
2184 1761 2440 1827 suscepto
2467 1753 2682 1808 homini
2706 1753 2858 1815 dicit,
2892 1754 3056 1822 cujus
3078 1757 3135 1805 et
3156 1748 3454 1823 participa-

1859 1845 2041 1899 bimus
2058 1845 2251 1899 honori
2274 1850 2501 1916 propter
2521 1847 2735 1897 naturze
2765 1840 3195 1896 similitudinem
3229 1836 3453 1911 quando

1858 1932 2119 1989 allectum
2137 1948 2270 2003 erga
2286 1948 2412 1987 eum
2435 1930 2568 2003 ipsis
2597 1929 2858 2003 operibus
2893 1930 3190 1984 ostendere
3220 1924 3454 1983 valueria

1858 2032 2003 2078 mus.
2039 2023 2228 2092 (Αῖισ.)
2253 2018 2412 2086 Quod
2453 2020 2664 2075 dictum
2715 2021 2801 2073 est
2828 2018 2940 2086 ﬁlii
2983 2017 3276 2072 charitlttis
3320 2019 3447 2071 sint.

1859 2108 1998 2167 nihil
2017 2111 2381 2181 intelligatur,
2405 2118 2574 2181 quam
2594 2108 2694 2163 ﬁlii
2712 2109 2801 2162 sui
2819 2104 3024 2171 dilecti,
3057 2104 3190 2177 quia
3218 2102 3319 2160 lilii
3349 2100 3450 2176 pol

1858 2206 2067 2256 stremo
2097 2199 2422 2255 substantiae
2443 2214 2574 2253 suae.
2599 2197 2856 2253 Charitas
2887 2197 3094 2267 quippe
3122 2192 3297 2267 patris
3329 2194 3453 2265 quae

1860 2291 1917 2344 in
1954 2296 2158 2344 natura
2190 2294 2273 2344 est
2303 2284 2660 2343 ineffabiliter
2698 2282 2957 2357 simplici,
2993 2280 3133 2338 nihil
3184 2280 3270 2336 est
3298 2276 3451 2335 aliud

1860 2394 2028 2451 quam
2051 2380 2171 2449 ejus
2200 2378 2322 2450 ipsa
2349 2384 2569 2433 natura.
2606 2393 2667 2430 ac
2697 2392 2797 2447 per
2826 2372 2928 2428 hoc
2976 2372 3125 2428 ﬁlius
3164 2368 3453 2425 charita‘tls

1861 2470 2000 2539 ejus,
2021 2468 2206 2522 nullus
2228 2473 2312 2521 est
2332 2468 2475 2521 alius
2498 2470 2665 2537 quam
2684 2465 2777 2535 qui
2805 2460 2874 2524 de
2891 2456 3206 2517 substantia
3219 2458 3345 2530 ejus
3371 2464 3455 2513 est

1858 2556 2101 2629 genitus,
2135 2554 2283 2611 unde
2330 2552 2385 2610 et
2414 2548 2591 2610 ﬁlium
2620 2552 2911 2608 charitatis
2941 2558 3079 2622 cuin
3126 2548 3359 2615 vocarit,
3390 2556 3455 2602 eo

1862 2648 2011 2718 quod
2030 2662 2143 2701 non
2159 2646 2466 2700 secundum
2498 2650 2759 2699 naturam
2779 2648 2864 2697 est
2883 2634 3051 2705 ﬁlius,
3085 2634 3180 2694 sed
3211 2635 3454 2718 charitas

1863 2716 1977 2790 tem
2003 2734 2247 2790 ﬁliorum
2270 2734 2585 2805 adeptionis
2610 2736 2695 2787 est
2730 2738 3036 2787 assecutus.
3076 2722 3308 2800 (Ambr.)
3349 2716 3458 2781 Per

1864 2822 2052 2880 omnia
2090 2825 2241 2879 enim
2280 2822 2628 2895 propositum
2657 2806 2828 2876 habet
2869 2817 2967 2874 illa
2996 2830 3119 2890 quae
3147 2808 3455 2871 secundum

1866 2906 2151 2969 Christum
2182 2919 2315 2968 sunt
2343 2913 2637 2967 ostendere
2677 2918 2900 2980 magna,
2933 2908 3080 2963 sicut
3118 2902 3175 2961 et
3200 2902 3257 2959 in
3288 2918 3455 2976 argu-‘

1840 3066 1845 3071 δ
1864 3010 2055 3057 mento
2084 2998 2441 3073 praediximus
2462 3008 2518 3055 et
2544 2998 2907 3071 comprobare
2922 2992 3188 3069 properat
3208 2993 3454 3049 illorum.

202 3083 253 3128 at
276 3081 637 3149 impleamini
658 3089 942 3153 agnitione
961 3088 1262 3142 voluntatis
1289 3093 1404 3157 ejus
1426 3088 1487 3143 in
1517 3091 1673 3143 omni
1699 3102 1783 3143 δα·
1802 3082 1845 3145 C
1865 3090 2309 3162 magnitudinem
2341 3106 2462 3161 qua:
2481 3090 2550 3143 ab
2581 3104 2644 3143 co
2666 3090 2917 3143 correcta
2945 3092 3096 3140 sunt.
3130 3076 3291 3139 Unde
3312 3080 3370 3137 et
3388 3074 3460 3136 de

194 3168 383 3232 pistatia
410 3176 461 3224 et
490 3174 783 3228 intellectu
802 3178 1068 3243 spiritali,
1097 3181 1163 3231 ut
1181 3178 1471 3232 ambulelis
1495 3180 1659 3247 digne
1678 3174 1781 3233 Dea

194 3269 275 3321 μιν
290 3264 478 3314 omnia
494 3265 797 3330 placentes,
811 3267 875 3317 in
891 3266 1047 3319 omni
1065 3270 1218 3335 opere
1234 3268 1368 3321 bono
1384 3266 1781 3335 fructiﬁcantes

193 3347 234 3395 et
248 3356 535 3404 crescentes
556 3353 623 3404 in
643 3355 873 3407 scientia
890 3355 1004 3419 Dei,
1021 3356 1083 3408 in
1099 3358 1255 3409 omni
1270 3356 1473 3410 virtute
1487 3355 1783 3424 canfortati

192 3438 473 3492 secundum
487 3444 806 3508 potentiam
827 3445 1103 3497 claritatis
1124 3448 1239 3512 ejus
1260 3447 1321 3499 in
1340 3449 1495 3499 omni
1508 3447 1782 3514 patientia

190 3527 231 3574 et
247 3526 682 3594 longanimitate
705 3544 829 3583 cum
851 3534 1072 3599 gaudio.
1100 3531 1207 3586 Per
1225 3529 1417 3588 omnia
1435 3530 1658 3604 optasse
1674 3532 1782 3587 illis

192 3608 318 3666 bona
342 3617 577 3672 videtur
602 3617 707 3671 Sub
743 3621 927 3689 specie
971 3621 1256 3689 orationis,
1292 3622 1528 3677 edocens
1567 3631 1661 3677 eos
1688 3622 1785 3677 illa

192 3713 301 3770 qua
323 3704 403 3758 eis
430 3707 885 3762 conveniebant:
910 3709 1046 3763 dicit
1071 3716 1261 3765 autem
1292 3711 1557 3782 quoniam
1580 3729 1646 3765 ex
1676 3724 1785 3782 quo

194 3788 275 3844 illa
301 3790 423 3864 qua:
456 3796 532 3850 de
564 3786 721 3850 Vobis
741 3804 874 3852 sunt
897 3799 1211 3855 audivimus
1240 3799 1357 3855 sine
1379 3798 1648 3855 dilatione
1668 3802 1787 3855 ora-

194 3876 394 3955 ?Imus,
436 3894 503 3938 ut
548 3886 708 3939 omni
750 3900 917 3941 sensu
947 3886 1185 3959 spiritali
1227 3890 1425 3960 repleti
1454 3892 1787 3961 cognoscere

195 3972 402 4037 possitis
420 3974 531 4028 Dei
552 3975 1103 4049 goluntatem,d1gne
1126 3976 1178 4032 ei
1199 3985 1591 4033 conversantes
1614 3976 1670 4032 et
1690 3982 1789 4050 per

193 4062 366 4114 omnia
410 4064 647 4133 placere
690 4065 741 4118 ei
792 4068 1155 4136 properantes
1188 4086 1199 4120 :
1252 4064 1332 4121 ita
1360 4060 1415 4122 et
1459 4066 1589 4122 boni
1630 4076 1789 4122 actus

193 4150 640 4221 multiplicantur
677 4153 734 4207 in
774 4153 926 4208 vobis
953 4168 1053 4226 per
1089 4157 1340 4226 singulos
1376 4152 1496 4211 dies
1525 4170 1652 4212 cum
1690 4152 1788 4211 Dei

192 4238 523 4309 cognitione,
549 4243 648 4313 qui
680 4245 888 4313 poterit
916 4252 1009 4298 ves
1043 4244 1351 4300 secundum
1373 4250 1533 4300 suam
1592 4244 1788 4317 poten-

188 4323 313 4379 tiam
343 4330 724 4401 respicientes
752 4334 821 4386 ad
855 4338 914 4387 Se
934 4348 1037 4388 sua
1065 4336 1280 4405 replere
1310 4330 1601 4406 patientia,
1626 4336 1703 4390 ita
1730 4336 1793 4389 tit

193 4416 403 4482 possitis
439 4419 600 4473 ferre
631 4421 910 4491 patienter
948 4423 1207 4477 universa
1235 4422 1332 4477 illa
1386 4432 1508 4495 qttte
1546 4420 1789 4479 tristitiae

189 4512 325 4572 sunt,
356 4508 443 4561 ita
480 4513 553 4562 ut
580 4510 849 4579 gaudium
870 4510 1124 4566 habeatis
1152 4511 1209 4566 in
1238 4508 1347 4566 illis
1379 4520 1608 4585 propter
1636 4514 1786 4568 illam

191 4597 502 4651 mercedem
551 4606 678 4669 quas
710 4600 865 4654 vobis
890 4599 950 4654 in
974 4598 1163 4655 futuro
1195 4600 1396 4656 saeculo
1418 4610 1517 4673 pro
1564 4594 1650 4656 his
1706 4606 1790 4656 est

188 4683 575 4753 attribuenda,
608 4688 714 4742 hoc
735 4688 981 4760 quidem,
1001 4696 1065 4744 ut
1075 4688 1206 4757 dixi,
1233 4697 1454 4763 aptasse
1466 4704 1525 4745 se
1558 4692 1610 4745 ei
1626 4688 1782 4757 dixit,

188 4773 305 4826 etin
335 4784 405 4829 eo
427 4777 578 4830 dum
608 4777 746 4831 dicit
760 4775 855 4832 illa
887 4791 1013 4849 qua:
1041 4781 1310 4834 orationis
1330 4781 1463 4835 sunt
1488 4780 1650 4835 docet
1694 4788 1787 4835 eos

186 4858 541 4933 diligentiam
565 4868 1014 4923 convenientium
1036 4862 1319 4935 adhibere,
1336 4882 1564 4924 sumens
1582 4874 1712 4924 vero
1733 4873 1789 4923 et

187 4953 498 5015 gratiarum
522 4955 801 5009 actionem
817 4974 986 5027 quam
1001 4968 1100 5029 pro
1121 4958 1200 5013 eis
1220 4958 1548 5030 impleverat
1570 4958 1791 5012 initium

186 5041 642 5098 sumitdoctrinze
673 5044 819 5099 sicut
847 5046 905 5099 in
933 5044 1303 5118 Ephesiorum
1352 5048 1485 5103 fecit
1533 5044 1786 5118 epistola,

187 5127 267 5182 ubi
302 5132 414 5186 sub
444 5133 641 5207 specie
664 5134 978 5204 gratiarum
1001 5137 1235 5191 actionis
1264 5137 1359 5191 illa
1399 5154 1521 5208 qua:
1542 5143 1673 5191 sunt
1699 5136 1793 5191 do-

184 5225 430 5285 gmatum
467 5228 571 5276 ens
592 5221 742 5277 visus
773 5226 860 5278 est
882 5222 1226 5292 instruxisse,
1287 5234 1515 5298 propter
1544 5224 1690 5297 quod
1713 5226 1791 5280 di-

185 5307 249 5359 cit
278 5328 288 5361 :
325 5311 569 5366 Gratias
595 5318 814 5381 agentes
834 5312 936 5368 Deo
950 5317 1109 5369 Pal-ri
1128 5318 1227 5383 qui
1246 5317 1439 5383 dignos
1461 5332 1555 5370 nos
1574 5318 1700 5384 fecit
1730 5318 1789 5370 in

184 5402 389 5462 partem
421 5402 597 5454 sortis
639 5407 959 5457 sanctorum
991 5404 1050 5457 in.
1109 5407 1322 5458 lumine
1349 5424 1363 5459 :
1402 5398 1550 5471 Hzec,
1584 5402 1783 5477 inquit,

180 5490 545 5553 postulamus
570 5496 703 5545 ante
728 5492 919 5546 omnia
936 5494 1148 5563 gratias
1172 5500 1403 5566 agentes
1430 5490 1547 5549 Deo
1569 5504 1669 5565 pro
1700 5502 1789 5549 ro-

182 5572 270 5643 biS,
301 5578 591 5651 quoniam
613 5578 815 5651 dignos
842 5596 938 5638 vos
956 5596 1058 5653 per
1085 5594 1247 5640 suam
1274 5580 1652 5657 cognitionem
1665 5590 1789 5639 san-

1863 3186 2119 3252 s‘uscepto
2138 3176 2365 3234 homine
2382 3176 2631 3250 diSputat
2651 3177 2811 3249 quasi
2833 3175 2903 3231 de
2924 3172 3188 3247 primitiis
3227 3170 3451 3238 nostris,

1863 3273 1921 3324 et
1938 3270 2069 3341 quia
2098 3266 2348 3341 provisor
2368 3256 2528 3323 nobis
2541 3264 2816 3321 bonorum
2836 3262 3114 3320 exstiterit
3126 3258 3452 3328 multorum,

1863 3352 2022 3413 Unde
2052 3364 2108 3412 et
2136 3350 2329 3428 adjicit
2360 3376 2369 3410 :
2407 3360 2469 3411 in
2508 3366 2613 3427 quo
2657 3348 2919 3409 habemus
2952 3354 3379 3422 redemptionem
3412 3356 3459 3405 et

1864 3448 2240 3502 remiS‘sionem
2283 3451 2649 3515 peccatorum.
2691 3440 2799 3498 Per
2834 3443 3019 3513 ipSuul
3051 3438 3203 3495 enim
3235 3448 3461 3494 omnem

1864 3539 2221 3607 peccatorum
2242 3535 2601 3590 securitatem
2623 3543 2816 3587 sumus
2837 3530 3094 3585 assecuti.
3111 3522 3257 3583 Dicit
3270 3528 3460 3581 autem

1865 3622 2117 3679 futurum
2138 3626 2368 3685 Statum,
2404 3624 2461 3676 in
2495 3634 2603 3692 quo
2628 3634 2728 3693 per
2760 3619 3229 3673 resurrectionem
3281 3612 3461 3669 effecti

1868 3712 2072 3769 natura
2112 3717 2301 3766 nostra
2340 3711 2645 3765 Immortali
2684 3702 2935 3764 cnstante
2962 3712 3193 3778 peccare
3222 3694 3462 3759 ulterius

1869 3810 1979 3857 non
1996 3802 2322 3873 poterimus,
2348 3800 2459 3854 tale
2483 3800 2568 3853 est
2599 3804 2655 3852 et
2683 3794 2818 3851 illud
2848 3786 2994 3868 quod
3018 3795 3090 3849 ad
3102 3783 3465 3867 Ephesiosdie

1868 3896 2019 3947 cttlm
2034 3886 2136 3957 est,
2158 3890 2235 3943 ita
2250 3884 2311 3943 ut
2322 3893 2496 3943 simius
2508 3883 2688 3942 sancti
2700 3890 2778 3941 cli
2784 3892 2833 3939 1η
2842 3885 3109 3939 maculati
3115 3925 3125 3937 .
3141 3874 3353 3938 Deinde
3382 3878 3462 3934 di-

1868 3974 1944 4035 cit
1985 3980 2042 4034 et
2065 3980 2219 4033 illam
2260 3970 2591 4049 dignitatem
2641 3990 2762 4048 quae
2791 3984 2923 4046 erga
2955 3984 3085 4028 eum
3117 3978 3220 4028 est.
3257 3972 3363 4039 Qui
3388 3976 3462 4024 est

1872 4072 2053 4135 imago
2090 4071 2187 4123 Dei
2250 4068 2552 4124 invisibilis
2600 4066 3005 4135 primogcnitus
3071 4065 3251 4117 omnis
3310 4072 3462 4114 crea-

1874 4162 2027 4213 tura.
2069 4156 2231 4212 Fides
2288 4164 2417 4211 vero
2465 4148 2739 4209 catholica
2788 4168 2910 4225 quae
2960 4152 3108 4207 inter
3153 4154 3462 4206 creatorem

1872 4250 2301 4318 creatiiram’que
2330 4240 2629 4317 distinguit
2646 4244 2856 4299 nullam
2888 4242 3099 4313 patitur
3126 4236 3184 4295 in
3205 4230 3294 4294 his
3322 4230 3464 4292 duo-

1872 4332 1977 4390 bUS
2004 4328 2325 4391 nominibus
2366 4326 2712 4405 intelligendi
2746 4322 3153 4393 difficultatem,
3206 4322 3465 4395 unigeni-

1866 4430 1989 4481 tum
2010 4440 2138 4479 eum
2170 4422 2444 4496 accipiens
2462 4423 2769 4477 secundum
2797 4418 2852 4473 id
2884 4418 3033 4490 quod
3050 4408 3326 4486 scriptum
3347 4412 3457 4468 est:

1871 4516 1938 4569 In.
1974 4517 2256 4584 principio
2303 4518 2421 4567 crat
2474 4506 2705 4566 Verbum
2764 4514 2812 4562 et
2876 4508 3099 4584 Verbum
3144 4509 3262 4556 erat
3314 4498 3466 4571 apud

1869 4582 2060 4668 Deum,
2097 4608 2146 4655 ct
2170 4582 2314 4656 Deus
2344 4604 2461 4655 erat
2495 4596 2995 4669 Verbum(Joan.t).
3018 4582 3462 4662 Primogenituni

1871 4690 2059 4747 autem
2076 4692 2345 4745 universa
2359 4694 2627 4744 creaturae
2647 4676 2954 4741 secundum
2970 4680 3026 4738 id
3046 4682 3193 4754 quod
3223 4672 3463 4753 Aposto-

1870 4783 1957 4836 lus
1978 4780 2058 4833 ait
2082 4799 2092 4833 :
2122 4778 2182 4833 Ut
2211 4776 2280 4832 sit
2314 4781 2422 4847 ipse
2438 4780 2536 4847 pri
2542 4781 2844 4843 mogenitus
2871 4777 2934 4828 in
2967 4766 3162 4826 multis
3188 4764 3465 4839 fratribus

1872 4870 2042 4938 (Rom.
2079 4870 2211 4939 Vtri},
2257 4880 2395 4937 quos
2417 4867 2466 4920 ei
2498 4862 2657 4936 pater
2685 4861 2777 4919 ad.
2792 4863 3102 4917 fraternam
3140 4859 3465 4914 societatem

1873 4968 1983 5012 non
2006 4957 2325 5027 zeqtlalitate
2345 4954 2688 5018 substantiae,
2709 4953 2805 5006 sed
2829 4948 3127 5023 adoptione
3147 4946 3341 5019 gratiae
3366 4950 3464 5016 ge-

1875 5047 2091 5102 neratit
2124 5044 2223 5100 :ut
2240 5047 2401 5099 Jesus
2440 5038 2696 5097 Christus
2715 5046 2772 5095 et
2789 5034 3123 5110 Unigenitus
3159 5038 3233 5091 sit
3268 5040 3467 5089 Secun-

1875 5135 2009 5191 dum
2030 5134 2087 5189 id
2109 5122 2255 5206 quod
2279 5131 2523 5187 Verbum
2544 5122 2643 5185 Dei
2668 5134 2771 5197 est,
2812 5130 2960 5184 Deus
2982 5125 3131 5199 apud
3163 5122 3343 5179 Deum
3375 5136 3470 5195 pa-

1875 5224 2013 5279 riter
2026 5216 2498 5278 incommutabilis
2522 5226 2577 5274 et
2595 5219 2808 5291 pariter
2820 5220 3201 5281 aeternusmon
3214 5212 3483 5287 rapinam,

1872 5312 2151 5369 arbitrans
2169 5329 2289 5366 esse
2309 5320 2367 5365 se
2388 5311 2661 5382 aequalem
2682 5306 2815 5372 Deo,
2839 5313 2894 5362 et
2915 5300 3326 5379 primOgenitUS
3358 5304 3472 5359 eiii-

1872 5405 1959 5458 nis
2004 5409 2273 5457 creatdrae
2317 5397 2625 5454 secundum
2678 5394 2735 5452 i’d
2781 5386 2927 5468 quod
2970 5392 3029 5450 in
3076 5390 3198 5468 ipso
3249 5386 3474 5450 condita

1869 5498 2002 5548 sunt
2046 5492 2236 5546 omnia
2283 5491 2341 5544 in
2383 5486 2533 5544 caelis
2585 5484 2641 5543 et
2675 5486 2732 5541 in
2759 5486 2929 5552 terra,
2964 5479 3204 5540 visibilis
3235 5485 3292 5539 et
3326 5478 3472 5539 invi-

1868 5578 2069 5638 sibilia.
2115 5576 2265 5649 Bene
2297 5576 2597 5634 invisibilis
2644 5570 2857 5647 adjicit,
2879 5570 2993 5631 iiOn
3022 5566 3173 5647 quod
3196 5564 3274 5629 sit
3301 5558 3362 5628 et
3386 5563 3470 5625 ti-
