3868 6138
423 257 521 336 su

1010 253 1073 309 Β.
1116 252 1389 309 RABANI
1426 253 1658 310 MAURI
1702 252 2040 328 ARCHIEP.
2080 247 2407 309 MOGUNT.
2449 251 2748 310 OPERUM
2785 253 2970 310 PARS
3009 255 3105 310 ΠΙ.

3566 265 3656 322 512

419 381 598 440 sibilis
627 382 798 448 Deus,
820 380 919 436 sed
947 378 1021 433 ad
1065 377 1444 434 ostensionem
1491 378 1916 450 magnitudinis,
1970 378 2018 434 si
2037 380 2084 440 Α
2103 377 2422 450 Scriptura.
2456 377 2555 436 Est
2572 377 2800 450 quidem
2847 379 3070 450 quando
3113 385 3172 434 et
3195 380 3254 434 in
3297 386 3534 454 tempore
3565 387 3663 443 uti-

417 477 613 526 tamen
650 471 710 525 in
749 469 859 524 isto
907 467 1067 538 quasi
1109 467 1169 520 in
1197 466 1444 539 imagine
1473 467 1809 522 invisibilem
1863 467 2018 522 illam
2099 473 2196 522 tur
2211 466 2455 521 nominis
2480 467 2651 538 hujus
2679 468 3066 534 translatione,
3097 485 3238 540 saepe
3273 475 3454 526 autem
3472 477 3528 528 et
3571 475 3662 530 ho-

419 565 683 616 naturam
735 557 1010 622 videmus,
1072 573 1139 610 eo
1187 557 1337 628 quod
1395 557 1689 629 copulatus
1751 561 1839 610 est
1903 557 2020 611 Deo

419 647 588 702 verbo
614 653 673 701 et
701 645 982 717 judicabit
1027 661 1254 700 omnem
1285 643 1480 700 orbem
1515 651 1821 710 terrarum,
1853 662 2023 717 appa-

418 751 550 792 rens
577 736 698 808 ipse
737 735 1048 790 secundum
1087 751 1268 800 suam,
1306 740 1374 789 ut
1400 734 1484 788 fas
1515 739 1620 800 est,
1653 739 1916 788 naturam
1963 733 2024 788 in

421 825 614 882 futuro
635 825 837 880 saeculo
883 840 1011 879 eum
1039 839 1249 894 magna
1271 822 1472 894 gloria,
1505 823 1736 877 veniens
1774 823 1846 878 de
1882 823 2024 877 caelo

421 914 482 970 in
524 913 746 984 magnis
788 912 1046 969 ordinem
1077 911 1240 966 nobis
1279 913 1505 978 retinet,
1553 912 1857 978 evidenter,
1889 929 2024 983 quo-

421 1001 578 1060 niam
615 1019 810 1058 omnes
830 1001 890 1056 in
917 1018 1048 1056 eum
1078 1000 1239 1073 quasi
1285 1000 1344 1055 in
1381 999 1686 1072 imaginem
1719 1000 2023 1072 quamdam

419 1091 667 1147 divinam
693 1091 1027 1162 conjicimus
1055 1096 1338 1155 naturam,
1374 1089 1436 1144 in
1485 1105 1598 1161 qua
1632 1089 1878 1144 refertur
1907 1105 2024 1144 ma-

417 1180 656 1252 gnitudo
676 1179 923 1246 illorum,
958 1196 1081 1250 quae
1101 1178 1424 1232 efﬁciuntur
1441 1194 1553 1232 non
1577 1177 1781 1232 visibili
1804 1183 2022 1232 naturae

418 1269 596 1342 judici
625 1268 1021 1324 auctoritatem
1049 1271 1395 1338 reputantes.
1422 1267 1742 1322 Demiratus
1761 1283 1890 1322 sum
1917 1283 2021 1322 au-

422 1364 541 1414 tem
565 1357 692 1412 illos
713 1358 808 1430 qui
837 1357 898 1411 in
926 1356 1172 1412 divinam
1196 1360 1460 1410 naturam
1489 1356 1594 1410 hoc
1630 1361 2017 1427 susceperunt,

2103 557 2255 610 noris
2277 573 2462 610 causa.
2488 556 2708 611 Etenim
2725 556 2922 612 beatus
2953 557 3125 612 David
3175 574 3294 628 quae
3322 559 3389 613 ad
3439 577 3496 614 se
3535 562 3666 622 facta

2101 644 2327 699 fuerant
2353 661 2803 700 commemorans
2829 645 2888 700 in
2929 645 3132 717 quibus
3171 647 3424 718 promisit
3449 649 3565 704 illos
3582 653 3666 722 qui

2104 735 2456 791 successione
2488 735 2610 805 ejus
2629 740 2782 799 sunt,
2814 734 2888 788 ad
2925 734 3362 790 familiaritatem
3404 753 3554 792 suam
3594 756 3668 793 re-

2102 821 2309 893 cipere,
2333 823 2494 893 quasi
2533 823 2654 894 ipso
2706 823 2824 878 Deo
2861 823 3083 877 dicente
3130 823 3212 878 ita
3255 824 3336 879 ait
3365 826 3506 895 :Ipse
3531 830 3669 882 invo-

2104 914 2248 966 cavit
2274 927 2376 977 me,
2407 913 2572 966 Pater
2590 928 2742 966 meus
2759 929 2811 966 es
2844 917 2926 978 tu,
2958 917 3007 966 et
3037 929 3128 980 ego
3137 915 3560 981 primogenitum
3579 931 3668 986 po-

2105 1015 2241 1054 nam
2271 1015 2398 1054 eum
2429 1001 2596 1062 [PsaL
2628 1004 2907 1070 Lxxxvm).
2969 1000 3094 1056 Non
3160 1000 3264 1055 hoc
3312 1001 3522 1057 dicente
3545 1003 3666 1070 Deo,

2105 1088 2370 1159 quoniam
2385 1103 2846 1160 unumquemque
2857 1105 3054 1143 eorum
3063 1089 3278 1144 caeteris
3288 1095 3529 1162 tempore
3543 1093 3672 1164 prio-

2102 1192 2220 1231 rem
2277 1174 2518 1231 faciam:
2557 1177 2655 1231 sed
2685 1177 2953 1248 quoniam
3018 1178 3323 1250 plurimum
3373 1177 3478 1234 illis
3517 1180 3673 1236 feram

2102 1263 2392 1320 auxilium.
2413 1267 2718 1336 Apostolus
2744 1282 2876 1320 vero
2895 1268 2968 1321 ad
2988 1266 3251 1322 Hebraeos
3278 1269 3558 1323 manifeste
3584 1269 3675 1324 hoc

2102 1353 2253 1408 idem
2280 1355 2527 1409 ostendit
2545 1355 2628 1409 sic
2669 1355 2899 1410 dicens:
2932 1355 3038 1411 Sed
3092 1359 3386 1411 accessistis
3439 1359 3510 1412 ad
3556 1357 3674 1414 Sion

425 1448 522 1520 qui
550 1447 794 1519 primum
823 1445 1052 1518 quidem
1081 1461 1194 1500 non
1224 1445 1506 1512 viderunt,
1536 1445 1802 1516 quoniam
1820 1450 1879 1499 et
1895 1443 2023 1499 bea-
2105 1448 2366 1508 montem,
2394 1447 2444 1498 et
2471 1445 2547 1498 ad
2597 1446 2875 1499 civitatem
2921 1447 3022 1500 Dei
3046 1447 3180 1512 vici,
3201 1447 3499 1500 Jerusalem
3553 1450 3678 1503 cale-

423 1542 518 1592 tus
544 1537 766 1609 Moyses
792 1535 865 1590 de
891 1535 1120 1590 homine
1132 1533 1284 1600 dicit,
1329 1533 1596 1605 quoniam
1623 1537 1688 1588 in
1717 1537 2022 1602 imaginem
2105 1538 2258 1598 stem,
2293 1537 2342 1586 et
2371 1536 2678 1587 multorum
2699 1537 2954 1588 millium
2983 1537 3310 1602 angelorum
3331 1535 3676 1604 frequentiam

426 1625 523 1680 Dei
549 1626 678 1694 fecit
719 1641 847 1680 eum
871 1625 1024 1695 (Gen.
1048 1627 1130 1689 nl,
1165 1628 1223 1677 et
1257 1621 1456 1676 beatus
1487 1623 1696 1678 Paulus
1726 1642 1740 1678 :
1773 1622 1874 1676 Vir
1903 1623 2024 1694 qui~
2105 1625 2156 1674 et
2178 1622 2473 1675 Ecclesium
2521 1624 2948 1690 primitivorum
3004 1624 3419 1692 adscriptorum
3464 1627 3524 1676 in
3571 1627 3678 1678 calo

424 1712 555 1768 dem
593 1728 706 1768 non
750 1712 917 1768 debet
961 1712 1146 1768 velare
1177 1717 1364 1783 caput,
1397 1711 1584 1783 imago
1632 1717 1689 1767 et
1713 1710 1895 1782 gloria
1920 1695 2292 1782 DeiB(Ilebr.
2324 1713 2439 1778 xu),
2473 1715 2539 1764 ut
2566 1710 2735 1776 dicat,
2769 1711 2995 1764 illorum
3043 1711 3139 1782 qui
3179 1711 3357 1765 multo
3383 1711 3581 1766 honore
3612 1711 3680 1765 di-

425 1806 649 1857 exstans
671 1802 723 1870 (Ι
752 1803 873 1858 σον.
893 1805 992 1869 xi),
1018 1801 1168 1873 quod
1189 1817 1482 1873 nunquam
1497 1800 1567 1854 de
1587 1799 1907 1856 hominibus
1934 1800 2023 1855 di-
2105 1798 2204 1868 gni
2241 1797 2416 1853 habiti
2444 1803 2594 1853 sunt.
2609 1799 2737 1854 Non
2765 1799 2916 1853 enim
2947 1800 3067 1853 vult
3093 1799 3302 1866 dicere,
3347 1800 3556 1872 aliquos
3592 1816 3679 1854 an-

422 1895 576 1946 ctum
589 1889 806 1956 fuisset,
826 1890 875 1944 si
893 1889 1092 1945 divinae
1114 1895 1330 1946 naturae
1349 1890 1642 1961 proprium
1656 1893 1797 1944 erat.
1812 1889 2026 1944 Deinde
2106 1887 2344 1941 teriores
2371 1903 2494 1941 esse
2523 1887 2764 1942 aliorum
2785 1887 3133 1942 ﬁliorum.Et
3160 1887 3294 1943 alibi
3327 1907 3339 1942 :
3362 1891 3469 1943 Fili
3473 1906 3533 1943 us
3549 1905 3682 1942 meus

424 1995 608 2051 neque
657 1978 798 2033 illud
833 1985 1260 2050 prospexerunt,
1297 1979 1565 2050 quoniam
1611 1977 1793 2032 omnis
1838 1978 2026 2049 imago
2101 1979 2510 2045 primogenitus
2587 1977 2760 2031 Israel
2819 1978 3016 2048 (Exod.
3069 1982 3168 2043 iv),
3218 1977 3324 2031 hoc
3392 1983 3474 2032 est
3527 1977 3678 2031 hono-

423 2066 560 2122 dum
579 2068 704 2140 ipsa
730 2067 970 2134 videtur,
993 2067 1132 2121 illud
1163 2067 1411 2121 ostendit
1441 2067 1592 2138 quod
1623 2083 1737 2121 non
1782 2065 2021 2121 videtur.
2105 2063 2296 2118 rabilis
2325 2063 2485 2118 mihi.
2509 2065 2654 2118 Nam
2683 2070 2846 2118 erant
2873 2070 2933 2118 et
2959 2065 3057 2119 alii
3079 2072 3214 2120 ante
3242 2067 3432 2133 Israel,
3455 2065 3546 2137 qui
3563 2065 3682 2120 ﬁlio-

424 2155 574 2210 Fieri
604 2171 738 2227 ergo
769 2161 953 2227 potest
974 2163 1040 2210 ut
1063 2155 1194 2209 talis
1223 2156 1324 2210 fiat
1350 2155 1556 2225 imago,
1592 2171 1715 2227 qua;
1733 2171 1847 2209 non
1876 2153 2026 2208 vide-
2104 2169 2231 2207 rum
2268 2153 2370 2208 Dei
2400 2153 2818 2224 nuncupatione
2829 2153 2984 2224 digni
3006 2154 3238 2211 fuerant
3257 2153 3452 2209 habiti.
3481 2155 3558 2210 De
3581 2154 3684 2225 qui-

311 2278 316 2285 -
424 2250 541 2311 tur,
570 2260 700 2299 cum
719 2244 796 2299 sit
813 2245 1039 2299 evidens
1061 2244 1328 2315 quoniam
1361 2243 1634 2314 imagines
1662 2249 1894 2315 propter
1919 2244 2024 2298 hoc
2103 2240 2208 2295 bus
2229 2242 2448 2314 Moyses
2477 2242 2612 2296 dicit
2644 2261 2656 2296 :
2705 2243 2946 2296 Videntes
2965 2245 3076 2310 ﬁlii
3109 2246 3208 2298 Dei
3245 2247 3392 2312 filias
3418 2244 3682 2298 hominum

428 2333 552 2386 ﬁeri
579 2338 859 2388 consuetae
889 2340 1019 2388 sunt
1047 2333 1197 2405 apud
1234 2333 1359 2387 illos
1398 2332 1493 2404 qui
1526 2337 1628 2387 aut
1669 2332 1899 2386 honoris
1925 2338 2026 2386 aut
2105 2332 2252 2400 quod
2273 2335 2444 2384 essent
2453 2332 2719 2400 pulchra,
2737 2334 3184 2400 acceperuntsibi
3210 2349 3276 2386 ea:
3305 2333 3552 2387 omnibus
3565 2347 3684 2402 quas

430 2420 634 2476 all‘ectu
658 2421 855 2492 gratiae
883 2422 1111 2476 easdem
1138 2421 1370 2488 faciunt,
1403 2420 1484 2475 ita
1519 2427 1584 2476 ut
1613 2420 1924 2476 recordatio
1952 2420 2027 2475 sit
2105 2419 2544 2488 elegerunt(Gen.
2578 2422 2675 2488 vx),
2699 2419 2779 2473 sic
2824 2425 2882 2474 et
2909 2420 2969 2474 in
3007 2420 3115 2475 hoc
3171 2421 3313 2488 loco,
3373 2420 3516 2492 quod
3559 2419 3686 2474 dixe.

425 2524 619 2564 eorum
649 2510 746 2580 qui
775 2526 888 2564 non
918 2510 1180 2564 videntur
1207 2509 1316 2575 illis
1339 2509 1435 2580 qui
1463 2516 1655 2564 tamen
1683 2509 1870 2564 videre
1899 2527 2030 2582 pos-
2112 2513 2220 2575 rat,
2247 2511 2656 2577 primogenitus
2691 2511 2857 2563 totius
2885 2515 3172 2576 creatura,
3238 2510 3344 2564 hoc
3397 2514 3496 2575 est,
3542 2522 3690 2578 super

424 2603 580 2651 sunt.
611 2597 825 2652 Deinde
845 2599 1038 2668 adjicit
1061 2617 1074 2652 :
1095 2601 1504 2667 Primogenitus
1534 2601 1715 2652 omnis
1743 2603 2026 2652 creatura.
2111 2613 2337 2652 omnem
2383 2602 2702 2651 creaturam
2740 2595 3099 2652 honorabilis.
3157 2598 3450 2670 Siquidem
3485 2597 3690 2652 dixisset

429 2685 574 2740 Hinc
605 2686 848 2740 maxime
878 2687 1108 2756 quidam
1135 2687 1295 2740 valde
1325 2685 1690 2758 prudentium
1727 2686 1797 2740 de
1841 2687 2034 2742 divina
2111 2685 2364 2740 absolute
2376 2685 3218 2757 primogenitus,honorabilem
3233 2685 3690 2742 tantummododi-

426 2780 632 2829 natura
659 2774 796 2829 dicit
823 2774 981 2842 illud,
1007 2775 1156 2846 quod
1174 2774 1334 2840 dixit,
1361 2778 1544 2843 imago
1575 2777 1673 2830 Dei
1701 2777 2024 2844 invisibilis,
2107 2773 2285 2828 cebat.
2308 2775 2455 2828 Nam
2479 2774 2614 2845 quia
2641 2775 2850 2844 adjecit
2868 2777 3050 2829 omnis
3082 2783 3376 2843 creaturae,
3402 2777 3554 2830 illum
3597 2775 3682 2828 de-

425 2868 805 2928 astruxerunt,
853 2863 1014 2935 quasi
1060 2863 1196 2934 quia
1240 2879 1354 2917 non
1390 2863 1584 2935 possit,
1617 2863 2028 2935 primogenitus
2107 2863 2349 2934 signavit
2378 2862 2474 2934 qui
2502 2861 2574 2916 ab
2603 2863 2759 2918 omni
2805 2863 3118 2918 honoratur
3144 2872 3430 2920 creatura.
3460 2865 3595 2920 Nam
3619 2863 3682 2926 is,

425 2968 562 3023 erga
591 2951 1006 3006 humanitatem
1035 2957 1136 3006 aut
1162 2951 1357 3019 videri,
1391 2957 1493 3006 aut
1521 2951 1712 3023 recipi,
1737 2969 1862 3006 cum
1891 2969 2027 3008 con-
2053 3018 2088 3026 _
2109 2953 2204 3023 qui
2241 2952 2548 3006 secundum
2604 2968 2831 3007 carnem
2881 2959 2966 3007 est
3010 2953 3276 3010 Christus
3325 2961 3383 3009 et
3428 2961 3677 3026 tempore,

421 3018 653 3097 veniens
689 3045 838 3096 esset
875 3057 971 3095 eos
1017 3018 1353 3112 perspicere,
1395 3018 1660 3111 quoniam
1691 3018 1802 3096 non
1843 3047 2026 3112 potest
2045 3018 2510 3114 cprimogenitus
2546 3041 2752 3096 dicitur
2769 3041 3040 3096 veraciter
3065 3043 3248 3098 totius
3275 3018 3559 3110 creaturae,
3582 3057 3688 3114 qua

422 3130 547 3198 hoc,
595 3130 682 3189 vel
724 3129 966 3184 maxime
1014 3129 1198 3200 aptari
1235 3128 1436 3184 divinae
1470 3136 1687 3184 naturae
1713 3149 1726 3197 ;
1774 3131 1822 3184 si
1871 3130 2025 3186 enim
2104 3131 2164 3184 in
2184 3130 2344 3185 illum
2363 3130 2511 3185 facta
2537 3137 2641 3196 est,
2672 3131 2742 3184 de
2772 3147 2884 3202 qua
2909 3129 3106 3186 beatus
3135 3131 3353 3188 Paulus
3382 3133 3557 3188 hocin
3583 3131 3690 3185 loco

419 3219 568 3274 sicut
591 3224 853 3295 creatura
881 3217 1293 3290 primogenitus
1306 3223 1455 3272 esset
1473 3219 1656 3290 primo
1680 3225 1904 3274 creatus
1931 3220 2026 3274 de-
2105 3219 2327 3274 videtur
2359 3219 2585 3274 dixisse.
2622 3219 2782 3274 Unde
2808 3225 2866 3274 et
2893 3219 3033 3274 illud
3063 3221 3218 3292 quod
3250 3221 3388 3277 dixit
3441 3221 3688 3294 primoge-

420 3307 625 3362 buerat
650 3308 846 3378 utique
883 3307 994 3361 dici
1029 3325 1040 3360 :
1073 3307 1124 3361 si
1139 3314 1329 3361 autem
1357 3307 1614 3378 genitum
1634 3307 1812 3375 aiunt,
1845 3308 2026 3364 multa
2104 3308 2257 3362 nitus
2288 3309 2462 3362 totius
2491 3313 2785 3376 creatum,
2817 3309 3201 3380 interpretans
3231 3310 3390 3366 addit
3419 3331 3431 3366 :
3466 3312 3598 3379 Quia
3635 3311 3689 3362 in

421 3395 557 3452 dicti
592 3395 770 3470 ipsius
810 3397 1106 3451 diversitas
1153 3413 1276 3451 esse
1313 3395 1616 3463 videbitur,
1648 3397 1696 3456 si
1743 3402 1938 3452 tamen
1975 3397 2025 3452 is
2106 3400 2220 3467 ipso
2241 3399 2464 3452 condita
2494 3399 2777 3452 universa.
2809 3397 2936 3452 Non
2979 3398 3120 3452 dixit
3155 3415 3266 3470 per
3287 3401 3490 3470 ipsum,
3520 3397 3610 3454 sed
3637 3401 3690 3451 in

422 3485 520 3558 qui
549 3501 663 3540 non
684 3490 772 3540 est
798 3491 1021 3540 creatus
1052 3491 1442 3540 creaturarum
1466 3485 1874 3556 primogenitus
1902 3503 2024 3541 esse
2105 3488 2238 3554 ipso.
2267 3486 2382 3540 Nec
2423 3485 2575 3540 enim
2603 3486 2674 3540 de
2719 3485 2904 3556 prima
2933 3486 3068 3541 dicit
3104 3494 3394 3553 creatura,
3424 3489 3520 3544 sed
3555 3486 3690 3541 illam

419 3573 660 3629 dicatur.
684 3574 830 3630 Nam
847 3575 1256 3645 primogenitus
1267 3573 1816 3646 quidiciturillorum
1828 3575 2025 3646 utique
2105 3579 2377 3630 creaturae
2409 3573 2841 3645 separationem,
2869 3591 2992 3646 quae
3015 3575 3075 3630 in
3104 3593 3170 3630 eo
3201 3576 3353 3633 facta
3380 3585 3482 3644 est,
3513 3590 3688 3631 secun-

419 3662 530 3718 dici
566 3662 777 3734 poterit
812 3663 1223 3735 primogenitus
1265 3663 1362 3735 qui
1392 3662 1821 3719 similitudinem
1868 3663 2024 3718 illam
2105 3663 2239 3717 dum
2286 3679 2458 3734 quam
2487 3663 2680 3717 omnia
2707 3662 2922 3718 dudum
2953 3663 3233 3721 dissoluta
3280 3666 3340 3720 in
3377 3681 3550 3720 unum
3575 3669 3690 3719 sunt

420 3767 544 3824 qua:
575 3750 647 3806 ad
673 3766 805 3806 eum
833 3757 922 3806 est
949 3751 1267 3806 necessario
1295 3768 1518 3807 servare
1545 3751 1828 3819 videntur,
1839 3759 1899 3807 et
1917 3753 2025 3807 hoc
2105 3768 2381 3806 consensu
2411 3751 2700 3823 perducta,
2725 3750 2890 3807 sicuti
2920 3757 2978 3806 et
3006 3752 3140 3808 alibi
3201 3754 3361 3810 dicit.
3412 3753 3690 3826 Recapitu-

422 3839 674 3896 ostendit
709 3840 1012 3913 Apostolus
1053 3841 1344 3896 evidenter
1361 3841 1553 3896 dicens
1586 3841 1658 3895 ad
1689 3841 1972 3897 Romanos
2003 3859 2016 3894 :
2105 3840 2212 3894 lari
2239 3839 2428 3894 omnia
2455 3840 2516 3894 in
2539 3839 2782 3895 Christo.
2821 3841 2949 3909 Quae
2981 3845 3041 3895 in
3066 3845 3214 3897 catis
3243 3848 3379 3898 sunt
3406 3847 3457 3897 et
3481 3859 3593 3913 qua:
3615 3857 3692 3894 su-

421 3930 696 3999 Quoniam
725 3945 858 3998 quos
882 3931 1157 3997 praiscivit
1197 3935 1246 3984 et
1275 3930 1677 3998 prwordinavit
1721 3932 2022 4000 conformes
2096 3945 2200 4000 per
2231 3934 2460 3983 terram.
2492 3927 2732 4000 Propter
2758 3929 3052 3985 hominum
3065 3930 3279 3988 etenim
3297 3932 3567 3987 malitiam
3591 3945 3694 3985 om-

419 4019 546 4084 ﬂeri
562 4019 830 4085 imaginis
847 4017 985 4071 Filii
996 4018 1257 4082 sui,utsit
1271 4020 1380 4085 ipse
1389 4019 1794 4086 primogenitus
1806 4020 2022 4072 inmul-
2104 4017 2192 4072 nis
2237 4025 2301 4072 ut
2353 4009 2434 4072 ita
2471 4017 2708 4072 dixerim
2763 4026 3024 4073 creatura
3069 4019 3352 4093 disrumpi
3398 4019 3687 4075 videbatur.

421 4107 490 4158 tis
506 4105 784 4171 fratribus
799 4104 975 4172 (Rom.
997 4104 1131 4174 vm),
1157 4104 1448 4158 evidenter
1475 4104 1709 4158 fratrem
1741 4121 1873 4160 eum
1903 4105 2021 4176 pri-
2103 4105 2444 4160 Avertebant
2469 4106 2622 4160 enim
2650 4124 2708 4160 se
2732 4106 2892 4161 nobis
2922 4108 3108 4179 angeli
3123 4114 3182 4162 et
3195 4125 3396 4165 omnes
3411 4107 3692 4164 invisibiles

419 4192 772 4263 mogenitum
819 4207 942 4248 esse
983 4191 1172 4247 dicens
1207 4207 1426 4259 eorum,
1467 4199 1525 4247 et
1563 4192 1660 4264 qui
1708 4193 2021 4248 conformes
2102 4194 2355 4260 virtutes,
2391 4194 3044 4265 propterindevotionem
3075 4205 3356 4266 nostram,
3385 4213 3553 4270 quam
3573 4211 3692 4266 erga

419 4279 666 4392 illi‘sunt
693 4287 926 4354 propter
962 4280 1391 4336 similitudinem
1432 4281 1608 4348 illam,
1643 4297 1813 4352 quam
1842 4299 1878 4336 a
1903 4283 2021 4338 Deo
2037 4334 2086 4392 Β
2104 4283 2283 4337 Deum
2301 4275 2987 4356 exercebamus.‘lnsuper
3005 4285 3177 4340 etiam
3197 4294 3258 4340 et
3287 4304 3390 4342 nos
3403 4287 3508 4359 ipsi
3527 4292 3692 4340 morte

419 4369 486 4392 ι,
537 4375 627 4392 ,Α
673 4370 817 4392 ,μμ
849 4370 1065 4392 με---
1102 4385 1223 4392 ---μ
1258 4369 1360 4392 ,εις
1399 4369 1984 4392 -.ιηέιη-ιμμμη-
2111 4370 2369 4392 __.__:____
2653 4372 3048 4392 μμμιλληρ
3546 4391 3555 4392 ,
3595 4388 3671 4392 μμ

418 4367 648 4438 habent,
667 4370 827 4440 justa
849 4370 1070 4426 ratione
1096 4385 1230 4424 eum
1256 4369 1364 4424 sibi
1396 4369 1724 4425 adscribunt
1734 4386 2020 4440 primoge-
2037 4367 2086 4392 ¹¹
2103 4370 2388 4437 solvimur,
2419 4388 2486 4425 ex
2516 4389 2628 4442 qua
2647 4372 3212 4430 accedebatanimam
3243 4392 3509 4448 separare
3537 4391 3569 4428 a
3585 4388 3690 4426 cor-

421 4459 624 4527 nitum,
645 4465 844 4530 utpote
870 4457 1384 4532 supereminentem
1413 4458 1722 4514 secundum
1755 4459 1900 4514 hanc
1927 4476 2022 4514 ra-
2103 4477 2256 4529 pore,
2279 4459 2489 4514 etenim
2520 4465 2579 4514 et
2607 4461 2790 4515 omnis
2811 4463 3082 4516 connexio
3111 4472 3388 4520 creaturae
3417 4465 3546 4518 hinc
3594 4460 3690 4515 sol-

418 4547 670 4603 tionem:
705 4548 915 4604 etenim
943 4549 1059 4604 illic
1097 4564 1210 4603 non
1246 4547 1383 4602 dixit
1410 4550 1714 4616 con/armes
1743 4547 1890 4614 Filii,
1920 4548 2018 4603 sed
2100 4547 2333 4602 vehatur
2362 4568 2374 4602 :
2409 4550 2572 4603 ﬁctus
2627 4555 2717 4604 est
2769 4550 2922 4604 enim
2972 4551 3139 4606 homo
3167 4569 3204 4606 a
3221 4553 3502 4625 principio
3544 4549 3691 4623 quasi

419 4639 688 4704 imaginis
724 4637 878 4692 Filii.
909 4637 1220 4709 Imaginem
1267 4637 1391 4692 Filii
1439 4636 1717 4691 visibilem
1754 4643 2018 4692 naturam
2099 4636 2326 4708 aliquod
2365 4636 2574 4691 animal
2631 4639 2963 4709 cognatione
3008 4640 3269 4696 omnibus
3319 4643 3600 4712 junctum,
3629 4651 3690 4691 eo

417 4723 706 4779 evidenter
750 4723 960 4792 dicens,
1005 4726 1103 4780 sed
1158 4726 1514 4795 interrogant
1541 4725 2018 4796 quemadmodum

417 4799 710 4884 susceptus
755 4811 925 4867 homo
970 4812 1380 4884 primogenitus
1427 4819 1612 4885 potest
1639 4813 1818 4870 videri
1845 4815 2018 4870 totius

418 4906 710 4968 creaturas,
741 4915 842 4956 cur
867 4917 981 4956 non
1010 4901 1086 4956 sit
1111 4909 1244 4957 ante
1274 4919 1500 4958 omnem
1528 4908 1869 4970 creaturam,
1919 4904 2018 4958 sed

417 4995 485 5045 ut
506 4994 674 5055 esset,
706 4987 766 5044 in
793 4987 1112 5044 novissimis
1141 4990 1358 5061 accepit
1383 4991 1747 5062 temporibus.
1781 4991 1909 5046 Non
1926 4991 2018 5046 in-

417 5077 737 5150 telligentes
767 5076 1034 5150 quoniam
1063 5077 1472 5149 primogenitus
1501 5095 1613 5135 non
1646 5086 1900 5151 tempore
1927 5080 2018 5134 di-

416 5165 565 5222 citur
589 5166 792 5234 solum,
816 5165 916 5221 sed
945 5171 1004 5220 et
1031 5182 1145 5238 prae
1174 5166 1544 5223 honoratione
1573 5168 1917 5240 frequenter,
1950 5185 2016 5224 eo

419 5253 569 5328 quod
609 5253 1020 5326 primogenitus
1057 5254 1267 5310 dicitur
1311 5256 1584 5311 veraciter
1637 5257 1863 5312 illorum
1919 5258 2017 5329 qui

2100 4725 2250 4796 quod
2267 4741 2470 4797 corpus
2500 4725 2727 4796 quidem
2755 4727 3100 4798 generaliter
3123 4746 3189 4784 ex
3233 4730 3498 4785 omnibus
3525 4725 3689 4783 consi-

2098 4812 2300 4881 stebat,
2332 4814 2390 4868 id
2418 4819 2521 4880 est,
2550 4831 2616 4869 ex
2671 4823 2914 4888 quatuor
2967 4817 3261 4873 elementis
3295 4839 3307 4873 :
3342 4819 3534 4874 anima
3569 4810 3688 4870 vero

2099 4903 2170 4956 ad
2198 4901 2504 4958 invisibiles
2532 4902 2793 4959 vitrtutes
2820 4905 3304 4978 propinquitatem
3320 4907 3528 4961 habere
3544 4903 3688 4958 vide-

2100 4990 2284 5058 batur,
2316 4979 2430 5046 una
2449 5008 2578 5045 vero
2615 4993 2870 5066 quaedam
2901 4994 3291 5050 universorum
3320 4993 3600 5067 copulatio
3627 5008 3688 5046 ex

2098 5080 2228 5134 hinc
2248 5080 2370 5135 ﬁeri
2388 5080 2682 5136 videbatur
2711 5081 2971 5138 omnibus
2997 5083 3057 5138 in
3087 5084 3332 5156 idipsum
3360 5097 3688 5142 concurren-

2097 5168 2266 5236 tibus,
2301 5169 2459 5224 itaut
2477 5176 2533 5224 et
2552 5187 2664 5225 uno
2675 5187 2952 5226 consensu
2982 5173 3098 5228 Deo
3121 5173 3425 5228 redderent
3451 5171 3686 5226 debitam

2098 5258 2378 5312 culturam
2398 5275 2526 5314 cum
2552 5266 2718 5314 cauta
2739 5260 3132 5330 sollicitudine,
3149 5278 3345 5318 omnes
3375 5261 3546 5316 etiam
3569 5259 3685 5314 illas

419 5347 548 5415 post
573 5341 735 5398 illum
759 5343 939 5414 geniti
978 5343 1208 5410 fuerint,
1232 5343 1326 5399 ille
1349 5351 1543 5401 tamen
1573 5347 1670 5417 qui
1706 5347 1862 5418 prior
1904 5346 2021 5402 fue-
2103 5363 2227 5419 quae
2246 5348 2376 5403 illus
2431 5346 2648 5419 legibus
2702 5356 3081 5405 consentanea
3111 5357 3276 5405 erant
3307 5349 3686 5422 obtemperare

418 5430 495 5485 rit
529 5436 698 5486 natus
723 5431 874 5486 hunc
903 5432 1162 5506 sequitur
1205 5433 1522 5489 necessario
1542 5440 1607 5490 ut
1636 5440 1696 5490 et
1723 5435 2020 5507 przehono-
2103 5437 2498 5508 properabant,
2529 5438 2662 5509 quia
2708 5444 2940 5510 propter
2993 5446 3282 5511 peccatum
3337 5438 3471 5494 facti
3499 5451 3684 5492 sumus

419 5523 596 5586 retur,
627 5519 806 5592 ζείουῐί
863 5526 921 5574 et
962 5526 1180 5575 naturae
1234 5522 1377 5576 ratio
1426 5528 1485 5576 et
1529 5523 1619 5576 lex
1659 5523 1860 5579 divina
1907 5525 2024 5594 egit
2106 5525 2392 5595 mortales,
2423 5526 2612 5581 anima
2637 5526 2806 5582 etiam
2827 5543 2865 5583 a
2889 5543 3123 5598 corpore
3158 5526 3540 5602 separabatur.
3567 5523 3680 5579 Sol-
