3868 6138
266 271 357 326 513

748 273 1325 331 ENARRATIONUM
1359 276 1441 330 IN
1476 276 1629 331 EPP.
1671 276 1886 334 PAULI
1923 279 2062 335 LIB.
2101 277 2305 331 XX.—
2344 276 2423 331 IN
2462 276 2685 332 EPIST.
2726 276 2825 334 AD
2862 278 3033 353 COR.

3434 284 3537 341 5N

264 393 473 448 vebatur
492 393 629 449 hinc
662 397 1103 469 propinquitatis
1130 399 1431 470 copulatio,
1457 399 1538 455 ita
1557 405 1621 455 ut
1648 417 1751 455 nec
1770 402 1851 456 ul-
1868 405 2102 474 Aquam
2129 400 2365 473 implere
2389 400 2649 456 videntur
2680 419 2693 454 :
2728 399 2941 457 habent
2968 407 3160 459 autem
3202 412 3261 461 et
3292 407 3539 481 aliquam

262 488 342 537 tra
356 482 745 541 existimarent
770 486 1077 542 invisibiles
1096 488 1333 543 virtutes
1355 488 1602 560 aliquam
1623 490 1728 545 sibi
1752 508 1848 546 no-

262 571 453 651 biscum
481 589 607 628 esse
638 576 1099 631 communionem
1130 578 1439 632 secundum
1467 580 1715 650 corporis
1742 597 1846 635 no-

260 661 347 715 stri
372 661 749 733 diligentiam,
781 666 1000 736 adjecto
1049 666 1145 720 illo
1188 668 1338 738 quod
1381 673 1439 722 et
1467 668 1701 724 odibiles
1729 670 1846 725 Deo

259 767 469 805 eramus
495 754 974 825 contemplatione
1003 755 1237 825 peccati,
1274 756 1371 827 qui
1400 756 1574 810 etiam
1602 764 1660 812 et
1686 776 1845 813 aver-

256 838 394 893 tebat
420 857 483 894 se
511 857 548 894 a
576 841 760 896 nobis.
794 843 952 897 Unde
983 850 1042 897 et
1070 843 1147 909 hi,
1182 844 1276 915 qui
1300 845 1636 901 insistebant
1662 847 1847 902 visibi-

254 926 384 982 libus
406 929 653 996 naturis,
668 936 727 985 et
736 931 1164 987 commovebant
1178 950 1273 987 eas
1284 951 1386 1004 pro
1397 940 1591 990 nostra
1604 936 1846 991 utilitate

252 1017 552 1072 secundum
582 1020 833 1091 positum
859 1020 964 1074 sibi
994 1021 1319 1087 terminum,
1346 1023 1575 1078 nolebat
1602 1024 1753 1079 ultra
1779 1042 1847 1079 ea

250 1105 497 1177 implere,
516 1108 568 1161 si
599 1125 714 1163 non
741 1109 1113 1181 promissione
1143 1112 1525 1183 percepissent
1552 1113 1700 1184 quod
1731 1131 1846 1169 om-

249 1195 331 1249 nia
356 1212 569 1268 aspera
595 1198 964 1254 solverentur.
991 1199 1243 1254 Cessavit
1262 1200 1433 1255 etiam
1462 1218 1615 1256 mors
1644 1207 1702 1257 et
1729 1220 1846 1258 cor-

247 1285 425 1355 ruptio
446 1285 715 1341 omnibus
746 1288 816 1341 ad
850 1304 1026 1342 unum
1059 1305 1396 1344 consensum
1426 1290 1841 1361 redintegratis,

246 1374 398 1427 sicuti
441 1374 516 1429 ad
545 1376 832 1431 Romanos
859 1376 1053 1431 scribit
1085 1396 1096 1429 :
1134 1380 1378 1433 Vanitati
1404 1382 1554 1434 enim
1587 1385 1846 1434 creatura

245 1464 476 1532 subjecta
507 1469 585 1518 est
614 1482 729 1519 non
752 1469 952 1533 volens,
982 1468 1073 1520 sed
1086 1472 1312 1536 propter
1342 1484 1467 1522 eum
1495 1470 1595 1536 qui
1619 1470 1848 1536 subjecit

245 1568 349 1604 eam
384 1555 457 1605 in
487 1569 600 1622 spe,
633 1558 902 1623 quoniam
931 1560 980 1609 et
1010 1558 1128 1623 ipsa
1155 1560 1415 1609 creatura
1444 1558 1775 1612 liberabitur
1811 1575 1846 1611 a

243 1644 501 1694 sem'tute
510 1645 887 1711 corruptionis
899 1646 964 1697 in
976 1645 1284 1698 libertatem
1295 1647 1485 1712 gloria
1495 1648 1847 1713 ﬁtiorumDei

1928 490 2397 561 signiﬁcationem
2420 489 2715 560 dignitatis
2737 489 2909 557 illius,
2933 507 3057 563 quae
3089 498 3176 547 est
3207 494 3280 549 ad
3299 495 3443 563 illos,
3475 513 3543 552 eo

1928 580 2077 651 quod
2116 585 2501 651 susceperunt,
2539 584 2603 633 ut
2636 578 2942 635 invisibiles
2985 581 3289 638 emineant.
3329 585 3398 640 Et
3442 586 3541 641 alii

1928 668 2155 739 quidem
2175 667 2426 722 eminent
2451 668 2589 733 aeri,
2614 666 2711 721 alii
2730 684 2861 722 vero
2887 668 3013 734 soli,
3038 669 3134 724 alii
3158 677 3348 727 autem
3367 673 3535 740 lunae,

1928 756 2025 810 alii
2043 773 2173 811 vero
2190 757 2369 811 stellis
2394 776 2405 810 :
2433 755 2529 810 alii
2553 756 2725 810 etiam
2758 756 2935 811 stellis
2961 757 3262 830 aliquibus,
3290 767 3354 816 ut
3382 778 3538 817 com-

1928 850 2189 899 moveant
2209 845 2400 899 omnia
2419 844 2729 899 secundum
2749 845 3074 916 impositum
3094 847 3202 902 sibi
3222 864 3260 904 a
3278 849 3393 904 Deo
3416 855 3532 905 ter-

1928 933 2147 988 minum
2166 934 2238 988 ad
2258 934 2366 988 hoc
2394 939 2459 988 ut
2485 933 2677 987 omnia
2712 934 3018 989 consistere
3056 936 3290 1008 possint.
3315 938 3532 994 Princi-

1927 1028 2092 1094 patus
2123 1028 2181 1076 et
2207 1026 2515 1093 potestates
2546 1021 2679 1076 hinc
2707 1021 3039 1078 dicebantur
3057 1040 3123 1080 eo
3146 1026 3297 1098 quod
3327 1026 3531 1099 princi-

1928 1127 2062 1182 pare
2082 1116 2139 1165 et
2158 1116 2494 1182 potestatem
2513 1127 2771 1166 exercere
2795 1112 3035 1183 alicujus
3063 1113 3274 1185 negotii
3299 1132 3529 1189 accepe-

1927 1205 2057 1253 rant
2084 1204 2439 1270 potestatem,
2471 1197 2616 1253 sicut
2643 1204 2702 1253 et
2729 1200 2984 1271 Ephesiis
3012 1201 3262 1258 scribens
3300 1202 3372 1259 de
3415 1204 3532 1259 dia—

1927 1286 2055 1341 bolo
2078 1287 2214 1342 dicit
2243 1308 2259 1342 :
2287 1286 2605 1342 Secundum
2618 1289 2936 1359 principem
2957 1294 3238 1358 potestatis
3262 1295 3411 1348 aeris
3422 1294 3531 1363 spi-

1929 1379 2115 1431 ritalis
2136 1376 2347 1447 (Ephes.
2381 1393 2417 1443 1,
2447 1379 2525 1446 ιιι)
2551 1394 2565 1444 ;
2598 1380 2657 1430 et
2683 1377 2834 1449 apud
2856 1378 3054 1432 Daniel
3082 1396 3095 1432 :
3119 1382 3377 1451 Princeps
3405 1384 3532 1436 Per-

1925 1466 2061 1519 sidis
2091 1467 2293 1519 restitit
2321 1467 2485 1532 mihi,
2518 1471 2573 1520 et
2597 1467 2855 1534 princeps
2880 1472 3052 1521 vester
3072 1467 3239 1537 (Dan.
3263 1471 3342 1539 x),
3370 1468 3531 1524 illum

1926 1553 2191 1623 angelum
2218 1553 2316 1625 qui
2358 1570 2461 1625 pro
2501 1553 2614 1608 illis
2661 1552 3097 1609 sollicitudinem
3147 1557 3411 1629 expendit
3450 1558 3532 1613 sic

1926 1658 2181 1696 evocans.
2202 1642 2363 1697 Unde
2392 1642 2649 1696 dilatavit
2679 1659 2926 1710 sensum,
2973 1644 3155 1711 sedes,
3201 1644 3534 1701 dominatio-

242 1729 406 1797 (Rom.
448 1733 591 1811 vni).
623 1730 688 1785 In
718 1738 913 1785 nostra
947 1731 1121 1803 igitur
1148 1733 1507 1787 renovatione
1535 1735 1844 1789 secundum
1867 1729 1913 1788 B
1932 1747 2031 1784 nes
2058 1737 2116 1785 et
2142 1730 2507 1803 principatus,
2539 1737 2599 1785 et
2630 1738 2938 1802 potestates
2968 1733 3178 1800 dicens,
3214 1733 3273 1788 id
3311 1741 3415 1803 est,
3445 1734 3532 1806 ip-

243 1833 401 1888 quam
429 1825 490 1873 et
515 1819 772 1875 omnium
800 1820 1218 1891 redintegratur
1237 1823 1526 1889 connexio,
1558 1825 1719 1894 cujus
1739 1824 1851 1896 pri-

242 1907 402 1961 mitiae
438 1914 585 1962 sunt
612 1909 700 1963 his
722 1909 820 1982 qui
841 1910 1151 1989 secundum
1170 1927 1398 1965 carnem
1414 1912 1642 1979 Christi,
1659 1913 1717 1967 in
1738 1928 1849 1985 quo

239 1996 452 2066 optima
494 1997 755 2068 quaedam
797 2006 873 2065 et,
920 2004 984 2053 ut
1027 2000 1107 2053 ita
1154 1999 1412 2068 dixerim,
1455 2002 1851 2073 compendiosa

237 2084 493 2139 omnium
524 2087 800 2141 recreatio
826 2088 1118 2155 efficietur,
1141 2088 1287 2144 sicut
1306 2089 1504 2144 beatus
1523 2090 1732 2145 Paulus
1761 2092 1848 2147 di-

238 2172 322 2237 cit,
353 2175 409 2227 si
442 2190 564 2246 qua
584 2174 644 2229 in
674 2176 899 2230 Christo
929 2193 1073 2231 nova
1098 2184 1378 2244 creatura,
1400 2179 1634 2250 antiqua
1660 2186 1849 2235 trans-

236 2262 445 2328 ierunt,
496 2268 558 2317 et
596 2280 724 2319 ecce
771 2265 963 2319 omnia
1005 2266 1155 2321 facta
1199 2273 1333 2321 sunt
1371 2284 1515 2322 nova
1548 2286 1560 2319 :
1594 2270 1848 2324 omnium

235 2352 376 2407 enim
415 2353 577 2407 ultra
607 2353 967 2409 existentium
987 2355 1047 2410 in
1061 2355 1651 2428 incorruptibilitatem
1671 2359 1850 2413 omni-

237 2437 331 2495 bus
352 2440 683 2496 salvabitur
713 2459 1036 2511 consensus,
1062 2450 1120 2498 et
1137 2444 1455 2512 concordia,
1479 2451 1535 2499 et
1556 2447 1843 2515 connexio,

239 2536 291 2583 et
315 2530 475 2584 ultra
509 2529 752 2601 diligent
789 2549 892 2586 nos
932 2532 1103 2587 etiam
1150 2533 1453 2589 invisibiles
1481 2535 1717 2590 virtutes
1755 2541 1848 2590 ut-

238 2626 357 2690 pote
384 2619 715 2674 familiares
742 2621 863 2675 Dei.
898 2622 1050 2676 Bene
1080 2639 1213 2694 ergo
1243 2622 1387 2677 dixit
1416 2626 1481 2677 in
1517 2626 1630 2693 ipso
1663 2631 1847 2680 creata

233 2712 361 2762 sunt
386 2711 620 2775 omnia,
640 2725 756 2763 non
777 2711 958 2765 solum
985 2711 1119 2781 quia
1146 2728 1248 2783 per
1273 2711 1371 2766 illa
1399 2728 1522 2783 quae
1552 2729 1690 2783 erga
1716 2729 1848 2768 eum

235 2796 372 2851 facta
394 2801 548 2852 sunt
571 2797 895 2853 futurorum
914 2800 1156 2855 assecuti
1178 2817 1373 2856 sumus
1392 2802 1843 2874 promissionem,

234 2886 325 2941 sed
353 2885 641 2957 quoniam
671 2892 731 2940 et
756 2887 1001 2959 perfecta
1028 2888 1288 2944 omnibus
1316 2891 1595 2961 copulatio
1644 2890 1701 2945 in
1748 2892 1843 2945 illo

235 2975 594 3029 custodietur
622 2981 852 3047 propter
878 2976 1345 3033 inhabitationem
1375 2978 1576 3034 divinae
1606 2986 1840 3047 naturae,

1929 1836 2056 1874 sum
2084 1820 2237 1874 varie
2266 1820 2476 1874 dicens.
2507 1820 2586 1887 Si,
2617 1820 2820 1892 inquit,
2845 1828 2903 1875 et
2936 1821 3148 1894 aliquid
3182 1822 3333 1894 quod
3360 1824 3537 1880 domi-

1928 1915 2115 1975 netur,
2131 1908 2245 1963 sive
2265 1908 2578 1963 dominium
2602 1908 2709 1962 sibi
2730 1909 2991 1977 vindicet,
3018 1911 3133 1966 sive
3159 1912 3533 1985 principatum

1928 2002 2146 2064 teneat,
2178 1998 2292 2052 sive
2320 2002 2657 2069 potestatem
2698 2005 2974 2064 exerceat,
3024 2001 3534 2075 quomodocunque

1930 2087 2057 2158 quis
2068 2086 2252 2140 dicere
2272 2086 2515 2140 voluerit
2533 2086 2604 2140 de
2625 2085 2839 2141 tributa
2856 2086 2968 2140 illis
2991 2104 3027 2141 a
3040 2088 3155 2143 Deo
3175 2094 3455 2160 potestate
3473 2091 3535 2147 in

1930 2173 2051 2245 ipso
2080 2180 2214 2228 sunt
2242 2173 2436 2229 omnia
2462 2179 2669 2228 creata.
2702 2174 3017 2229 Tadiantes
3043 2176 3254 2231 etenim
3285 2178 3534 2249 primum

1930 2269 2162 2334 propter
2187 2263 2464 2329 homines,
2493 2268 2552 2317 et
2578 2278 2745 2317 suum
2773 2278 2915 2333 opus
2944 2280 3045 2334 pro
3075 2263 3238 2320 nobis
3264 2267 3533 2337 perﬁcere

1930 2352 2204 2417 nolentes,
2222 2367 2373 2406 nunc
2392 2368 2522 2406 cum
2543 2350 2836 2405 alacritate
2852 2351 3045 2406 omnia
3062 2353 3381 2424 perﬁciunt,
3405 2371 3532 2428 pro-

1930 2439 2228 2511 prietatem
2246 2439 2402 2494 illam
2435 2444 2651 2493 natura;
2674 2445 2901 2505 nostra,
2920 2456 3044 2512 quae
3065 2440 3117 2495 ei
3136 2442 3298 2498 unita
3326 2449 3413 2498 est
3436 2460 3532 2499 ve-

1931 2534 2214 2596 nerantes,
2247 2544 2417 2600 quam
2465 2544 2649 2600 neque
2686 2527 2924 2593 adorare
2971 2528 3251 2599 dubitant,
3303 2538 3533 2605 propter

1930 2634 2055 2672 eam
2087 2634 2210 2689 quae
2240 2618 2387 2673 inest
2413 2617 2465 2671 ei
2494 2622 2757 2671 naturam
2798 2619 2991 2673 futuro
3020 2619 3242 2687 seculo,
3285 2636 3351 2676 eo
3382 2621 3533 2693 quod

1929 2707 2120 2762 omnia
2156 2707 2570 2778 copulationem
2598 2706 2902 2778 quamdam
2925 2706 2986 2762 in
3016 2725 3079 2763 se
3115 2708 3341 2765 rediens
3381 2710 3533 2766 colli-

1926 2795 2098 2867 gavit,
2120 2812 2187 2850 eo
2213 2796 2302 2850 vel
2325 2796 2567 2851 maxime
2594 2801 2868 2867 tempore,
2891 2813 3002 2867 quo
3020 2797 3206 2852 omnis
3220 2798 3533 2855 solveretur

1925 2884 2231 2956 corruptio,
2263 2890 2322 2939 et
2348 2900 2518 2957 mors,
2550 2890 2609 2938 et
2636 2884 2904 2955 quoniam
2940 2884 3234 2942 videbatur
3279 2886 3530 2943 insuadi-

1925 2973 2036 3027 bile
2055 2990 2178 3028 esse
2200 2972 2613 3044 quodammodo
2640 2973 2711 3027 de
2742 2973 2968 3028 homine
2992 2973 3142 3029 dicto
3166 2976 3316 3047 quod
3356 2976 3416 3031 in
3462 2994 3530 3032 eo

233 3062 309 3117 ita
333 3070 398 3118 ut
426 3064 582 3118 nihil
613 3064 793 3136 possit
816 3065 1052 3121 scissum
1082 3067 1232 3122 ultra
1260 3067 1467 3123 habere
1496 3085 1563 3123 ex
1592 3068 1702 3123 illis
1723 3086 1845 3141 quae
1862 3067 1906 3130 C
1928 3062 2043 3117 Sint
2069 3067 2260 3117 creata
2288 3062 2496 3130 omnia.
2528 3063 2868 3117 conﬁrmans
2896 3061 3040 3118 illud
3063 3063 3260 3135 adjicit
3289 3081 3303 3118 ε

234 3152 567 3207 communia
594 3152 759 3208 nobis
777 3160 927 3209 sunt.
948 3154 1073 3210 Una
1092 3156 1321 3227 quidem
1341 3174 1408 3211 ex
1426 3163 1585 3228 parte
1607 3158 1846 3229 diligen-

232 3240 375 3296 tibus
384 3258 531 3296 eum
543 3241 806 3297 omnibus
817 3250 1046 3315 propter
1056 3244 1497 3300 familiaritatem
1508 3246 1662 3301 illam
1676 3264 1848 3319 quam

233 3330 300 3383 ad
327 3347 466 3384 eum
498 3328 713 3385 habere
740 3338 1064 3403 potuerunt,
1089 3333 1252 3405 quasi
1282 3335 1353 3389 ad
1382 3334 1667 3390 hominem
1686 3353 1753 3391 ex
1771 3336 1848 3391 vi-

231 3417 374 3474 sibili
386 3424 610 3474 natura
631 3425 690 3473 et
704 3419 966 3477 invisibili
994 3421 1334 3477 consistente
1358 3424 1494 3489 Deo,
1518 3424 1699 3479 altera
1715 3441 1847 3480 vero

231 3522 354 3561 cum
376 3508 572 3562 multo
591 3508 796 3564 timore
808 3509 879 3563 ad
898 3527 1028 3565 eum
1048 3512 1329 3566 conversis
1350 3512 1608 3567 omnibus
1618 3520 1849 3585 propter

230 3595 618 3669 inseparabile
632 3596 734 3652 Dei
749 3596 1001 3665 verbum,
1014 3599 1162 3670 quod
1180 3598 1328 3655 inest
1341 3600 1393 3654 ei
1403 3601 1685 3671 junctum,
1698 3602 1847 3657 unde

230 3684 442 3750 dicens,
452 3686 1029 3756 omnia,adjecit,quz
1046 3691 1110 3742 in
1127 3692 1271 3744 catis
1294 3695 1429 3744 sunt
1459 3696 1507 3744 et
1537 3704 1657 3759 qua:
1682 3707 1848 3760 super

230 3779 445 3828 terram
468 3793 489 3828 :
514 3779 575 3828 et
585 3773 1005 3845 quiaincertum
1020 3782 1143 3831 erat
1153 3777 1292 3832 illud
1304 3778 1454 3849 quod
1466 3779 1526 3833 in
1536 3779 1689 3833 caelis
1702 3784 1842 3847 erat,

229 3868 284 3916 et
302 3862 462 3935 quod
489 3878 665 3934 super
682 3868 916 3929 terram,
936 3865 1020 3920 uti
1040 3882 1173 3920 cum
1193 3866 1263 3920 de
1282 3866 1593 3922 visibilibus
1613 3868 1841 3935 diceret,

229 3957 327 4006 aut
355 3952 433 4006 de
454 3950 833 4007 invisibilibus
855 3970 922 4008 eo
941 3954 1092 4025 quod
1108 3959 1247 4023 sunt
1273 3962 1330 4011 et
1356 3955 1416 4010 in
1445 3956 1585 4010 ccelo
1614 3973 1737 4027 quae
1764 3956 1845 4011 vi-

229 4040 465 4106 dentur,
491 4044 691 4112 utpote
704 4041 790 4095 sol
809 4048 867 4096 et
885 4042 1022 4097 luna
1043 4049 1101 4097 et
1117 4043 1312 4111 stellae,
1336 4044 1525 4115 posuit
1564 4045 1714 4100 enim
1750 4045 1847 4102 illa

234 4128 294 4182 in
311 4130 686 4183 ﬁrmamento
702 4129 849 4196 caeli,
871 4130 1225 4186 manifestam
1244 4131 1455 4187 faciens
1482 4132 1663 4204 ipsam
1703 4134 1846 4188 divi-

233 4218 485 4283 sionem,
517 4217 744 4289 adjecit,
777 4221 1022 4273 visibilia
1041 4223 1090 4273 et
1118 4222 1458 4285 invisibilia;
1494 4221 1600 4275 hoc
1627 4228 1729 4287 est,
1751 4222 1849 4277 illa

233 4310 291 4359 et
312 4307 431 4361 ista
461 4307 659 4361 omnia
685 4308 987 4378 conjuncta
1011 4314 1146 4369 sunt
1163 4308 1403 4364 ulterius
1424 4315 1482 4363 et
1499 4310 1760 4380 colligata
1788 4312 1848 4366 in

233 4394 378 4465 ipso.
413 4396 478 4450 Si
510 4412 643 4451 vero
672 4402 902 4468 propter
926 4396 1323 4468 cognitionem,
1354 4398 1471 4452 sive
1514 4405 1573 4453 et
1618 4406 1849 4471 propter

233 4483 603 4554 dignitatem,
619 4491 679 4539 et
698 4485 965 4556 quoniam
984 4486 1082 4540 illa
1101 4504 1224 4558 quae
1237 4486 1479 4542 visibilia
1490 4493 1652 4543 erant
1669 4489 1848 4559 magis

234 4580 397 4628 certa
425 4590 550 4628 esse
578 4573 930 4643 videbantur,
956 4581 1151 4647 utpote
1170 4576 1470 4631 manifesta
1490 4582 1743 4633 exstante
1762 4578 1847 4633 fa-

236 4661 573 4716 miliaritate
601 4662 718 4728 illa,
750 4680 872 4733 quae
910 4669 1035 4718 erat
1075 4664 1145 4717 ad
1189 4665 1376 4735 ipsum
1415 4665 1718 4731 hominem,
1750 4666 1846 4737 qui

235 4750 486 4817 videtur,
511 4752 949 4823 praetermittens
973 4754 1078 4807 hoc
1107 4753 1177 4807 ad
1205 4752 1507 4808 invisibilia
1532 4755 1754 4821 transit,
1779 4770 1847 4809 eo

236 4839 393 4907 quod
413 4840 484 4893 de
503 4840 615 4894 illis
633 4840 849 4895 dictum
870 4842 1054 4911 majus
1076 4858 1197 4896 esse
1213 4840 1523 4907 videbatur.
1548 4842 1849 4898 Evidenter

235 4926 460 4981 habens
487 4928 579 4982 hic
608 4929 1014 4999 magnitudinis
1045 4930 1269 4985 illorum
1307 4930 1694 5002 probationem
1720 4948 1845 5003 quae

235 5032 341 5087 per
371 5016 667 5072 Christum
693 5024 828 5073 sunt
854 5019 1088 5085 directa,
1120 5025 1179 5074 et
1206 5018 1512 5074 invisibiles
1540 5026 1757 5075 natura:
1787 5021 1845 5075 in

238 5104 336 5160 illo
390 5112 733 5178 acceperunt
769 5108 1194 5164 recreationem.
1227 5107 1403 5176 Sedes,
1438 5110 1548 5163 sive
1592 5110 1846 5165 domina-

239 5196 443 5260 tiones,
447 5197 822 5264 principatus,
842 5199 953 5250 sive
966 5202 1270 5266 potestates.
1292 5197 1453 5253 Unde
1479 5213 1593 5252 non
1624 5202 1712 5253 est
1730 5214 1846 5252 me-

238 5286 502 5337 moratus
515 5284 867 5355 angelorum,
891 5302 958 5340 eo
974 5286 1124 5357 quod
1140 5287 1244 5341 hoc
1261 5303 1471 5341 nomen
1482 5286 1846 5342 ministratio-

238 5368 328 5422 nis
358 5369 799 5438 signiﬁcantiam
826 5371 1035 5427 habere
1071 5374 1357 5429 videretur
1387 5392 1401 5428 :
1434 5374 1533 5429 sed
1578 5374 1740 5430 sedes
1788 5379 1848 5429 et

238 5455 677 5526 dominationes,
720 5464 779 5515 et
816 5460 1183 5533 principatus,
1233 5469 1292 5517 et
1328 5468 1636 5535 potestates
1679 5462 1840 5529 dixit,

239 5543 385 5617 quia
415 5550 475 5600 et
498 5545 616 5618 ipse
653 5555 922 5605 vocantur
949 5549 1176 5623 quidem
1204 5551 1285 5606 sic
1325 5568 1363 5605 a
1402 5551 1692 5608 functione
1725 5550 1842 5618 illa,

2002 3151 2204 3204 Omnia
2228 3166 2331 3219 per
2355 3152 2539 3219 ipsum
2565 3155 2614 3203 et
2644 3152 2708 3204 in
2730 3153 2844 3219 ipso
2875 3154 3060 3204 creata
3099 3156 3252 3206 sunt.
3287 3152 3526 3223 (Ambr.)

1929 3239 2116 3294 Nolite
2143 3238 2357 3306 mirari,
2382 3238 2584 3310 inquit,
2609 3254 2722 3293 non
2749 3238 2903 3293 enim
2921 3254 2987 3293 ex
3006 3255 3067 3293 se
3086 3239 3167 3294 illi
3186 3246 3275 3295 est
3302 3240 3415 3296 ista
3439 3242 3528 3297 di-

1924 3328 2133 3399 gnitas,
2158 3324 2256 3382 sed
2286 3333 2515 3399 propter
2530 3326 2938 3383 inhabitantem
2958 3332 3223 3383 naturam
3237 3345 3341 3402 per
3356 3348 3528 3402 quam

1927 3417 2117 3472 omnia
2144 3416 2295 3471 facta
2314 3421 2466 3483 sunt,
2490 3417 2562 3471 ad
2581 3432 2749 3487 quem
2779 3416 2952 3471 etiam
2981 3416 3173 3473 omnia
3199 3418 3523 3491 respiciunt,

1928 3522 2164 3578 quaeque
2176 3505 2323 3560 facta
2336 3510 2470 3559 sunt
2488 3521 2654 3559 suum
2668 3506 2930 3559 eumdem
2952 3505 3255 3562 Dominum
3274 3525 3398 3564 esse
3416 3509 3529 3565 exi-

1928 3595 2243 3661 stimantes,
2274 3599 2335 3649 et
2356 3594 2597 3665 amplius
2626 3593 2765 3648 illud
2793 3610 3027 3663 augens,
3050 3601 3110 3649 et
3134 3595 3253 3667 ipse
3282 3603 3371 3652 est
3394 3604 3527 3655 ante

1927 3700 2123 3738 omnes
2152 3689 2211 3738 et
2246 3683 2437 3738 omnia
2460 3683 2518 3737 in
2548 3682 2670 3754 ipso
2697 3681 3030 3749 consistunt,
3085 3689 3152 3737 ut
3192 3684 3362 3753 dicat,
3407 3687 3527 3759 ipse

1927 3777 2058 3826 ante
2087 3788 2280 3826 omnes
2317 3777 2543 3825 exstans
2572 3770 2763 3825 omnia
2791 3770 3071 3842 produxit,
3109 3769 3248 3828 etin
3276 3774 3399 3845 ejus
3422 3774 3529 3830 vir-

1925 3866 2050 3915 tute
2064 3861 2254 3915 omnia
2266 3866 2330 3915 ut
2347 3860 2659 3915 consistant
2677 3858 2882 3913 habere
2894 3859 3173 3915 videntur.
3192 3859 3334 3932 (Ser.
3334 3863 3363 3935 )
3378 3865 3526 3919 Ante

1925 3950 2303 4005 conditionem
2334 3950 2504 4019 hujus
2522 3946 2755 4003 visibilis
2773 3953 3063 4015 creaturae,
3088 3947 3391 4021 spiritales,
3419 3970 3526 4009 coe-

1926 4039 2207 4111 lestesque
2224 4038 2460 4093 virtutes
2488 4037 2714 4093 Domini
2733 4037 2949 4105 fecisse,
2987 4055 3111 4111 qua:
3138 4055 3240 4111 pro
3268 4041 3374 4096 hoc
3403 4042 3525 4115 ipso

1927 4128 2079 4200 quod
2107 4127 2318 4183 scirent
2343 4145 2403 4182 se
2426 4128 2498 4182 ad
2527 4132 2746 4181 tantam
2775 4126 3143 4182 beatitudinis
3169 4128 3411 4200 gloriam
3434 4130 3525 4187 be-

1928 4218 2129 4271 neﬁcio
2157 4216 2426 4271 creatoris
2451 4232 2517 4270 ex
2545 4215 2721 4270 nihilo
2763 4214 2938 4271 fuisse
2980 4216 3299 4287 productas,
3331 4236 3526 4293 perpe-

1928 4311 2057 4360 tuas
2079 4304 2130 4360 ei
2146 4306 2361 4378 gratias
2379 4305 2706 4371 referentes,
2721 4304 3106 4360 indesinenter
3123 4307 3247 4378 ejus
3265 4307 3526 4365 laudibus

1861 4381 1911 4440 Ῑ)
1929 4394 2285 4462 inhaererent,
2310 4411 2475 4450 nemo
2503 4394 2752 4449 ﬁdelium
2779 4393 3017 4459 dubitat,
3040 4410 3145 4449 nec
3171 4396 3322 4451 enim
3340 4398 3527 4453 existi-

1930 4501 2085 4538 mare
2114 4483 2384 4539 debemus
2411 4482 2714 4538 creationis
2742 4487 2801 4536 et
2829 4481 3088 4552 principii
3117 4484 3207 4537 sui
3247 4484 3526 4557 principia

1928 4571 2000 4626 ab
2029 4573 2199 4643 hujus
2239 4571 2435 4627 mundi
2472 4569 2873 4625 constitutione
2918 4569 3097 4624 Deum
3135 4571 3398 4642 primitus
3441 4574 3525 4628 in-

1928 4661 2179 4727 choasse,
2212 4662 2372 4731 quasi
2391 4660 2450 4714 in
2478 4658 2590 4713 illis
2620 4657 2982 4711 interioribus
3010 4662 3182 4729 amne
3210 4659 3523 4717 innumeris

1928 4749 2146 4804 saculis
2174 4747 2244 4803 ab
2262 4748 2414 4802 omni
2437 4746 2790 4819 providentia
2817 4750 2876 4799 et
2900 4746 3315 4817 dispensatione
3333 4750 3526 4807 divina

1926 4836 2127 4892 fuisset
2170 4837 2405 4903 otiosus,
2446 4852 2511 4889 ac
2549 4841 2825 4905 tanquam
2867 4850 2982 4889 non
3019 4835 3232 4893 habens
3278 4838 3337 4893 in
3383 4857 3524 4912 quos

1927 4925 2198 4981 bonitatis
2227 4941 2341 4980 sua:
2379 4928 2662 4979 exerceret
2698 4921 2974 4978 beneﬁcia
3016 4925 3319 4994 solitarius,
3353 4935 3522 5002 atque

1928 5015 1998 5069 ab
2026 5014 2181 5069 omni
2209 5013 2596 5069 muniﬁcentia
2623 5012 2840 5067 alienus
2865 5013 3037 5068 fuisse
3064 5015 3345 5084 credatur,
3370 5020 3520 5090 quod

1926 5105 1996 5159 de
2025 5104 2123 5159 illa
2153 5104 2432 5159 immensa
2459 5119 2525 5158 ac
2551 5101 2674 5167 sine
2702 5102 2976 5175 principio
3005 5108 3063 5158 et
3088 5104 3516 5177 incomprehen-

1926 5193 2074 5249 sibili
2129 5193 2425 5263 majestate
2462 5190 2600 5246 satis
2647 5190 2861 5246 humile
2907 5197 2995 5247 est
3031 5191 3517 5269 incongruumque

1925 5282 2153 5350 sentire,
2193 5282 2313 5355 ipso
2342 5280 2579 5337 Domino
2608 5280 2679 5335 de
2720 5280 2833 5335 illis
2872 5280 3243 5352 potestatibus
3279 5283 3398 5342 hac
3435 5287 3520 5343 di.

1924 5378 2087 5428 cente
2114 5371 2339 5445 quando
2365 5370 2514 5425 facta
2538 5373 2675 5425 sunt
2706 5368 2877 5424 simul
2911 5369 3115 5437 sidera,
3146 5370 3521 5434 laudaverunt

1925 5478 2017 5517 me
2044 5477 2176 5517 voce
2202 5477 2411 5532 magna
2436 5474 2632 5513 omnes
2658 5458 2845 5529 angeli
2875 5459 3019 5527 mei;
3058 5460 3158 5532 qui
3183 5477 3318 5534 ergo
3344 5463 3517 5522 inter.

1926 5554 2061 5607 sunt
2099 5550 2370 5607 creationi
2414 5548 2664 5605 siderum
2697 5551 2832 5603 ante
2871 5546 3023 5604 istud
3073 5549 3410 5625 principium
3456 5557 3515 5612 in
