  <div class='ocr_page' id='page_1' title='image "/cluster/home/n/w/nwhite01/storage/ocr_20150623/112/hvd.32044054759774/263.png"; bbox 0 0 3868 6138; ppageno 0'>
   <div class='ocr_carea' id='block_1_1' title="bbox 426 217 1953 332">
    <p class='ocr_par' dir='ltr' id='par_1_1' title="bbox 426 223 1953 288">
     <span class='ocr_line' id='line_1_1' title="bbox 426 223 1953 288; baseline -0.003 0"><span class='ocrx_word' id='word_1_1' title='bbox 426 229 530 288; x_wconf 66' lang='grc' dir='ltr'><strong>ωε</strong></span> <span class='ocrx_word' id='word_1_2' title='bbox 1013 231 1080 288; x_wconf 74' lang='grc' dir='ltr'><strong>Β.</strong></span> <span class='ocrx_word' id='word_1_3' title='bbox 1119 225 1394 286; x_wconf 71' lang='lat' dir='ltr'><strong>MBAN!</strong></span> <span class='ocrx_word' id='word_1_4' title='bbox 1430 223 1662 284; x_wconf 74' lang='lat' dir='ltr'><strong>MAURI</strong></span> <span class='ocrx_word' id='word_1_5' title='bbox 1709 227 1953 285; x_wconf 63' lang='lat' dir='ltr'><strong>ARGHI‘]</strong></span> 
     </span>
    </p>
   </div>
   <div class='ocr_carea' id='block_1_2' title="bbox 2114 217 3641 332">
    <p class='ocr_par' dir='ltr' id='par_1_2' title="bbox 2114 217 3641 332">
     <span class='ocr_line' id='line_1_2' title="bbox 2114 217 3641 332; baseline 0.005 -50"><span class='ocrx_word' id='word_1_6' title='bbox 2114 223 2410 282; x_wconf 69' lang='lat' dir='ltr'><strong>IOGUNT.</strong></span> <span class='ocrx_word' id='word_1_7' title='bbox 2451 217 2752 282; x_wconf 67' lang='grc' dir='ltr'><strong>ΟΡΕΒΒΗ</strong></span> <span class='ocrx_word' id='word_1_8' title='bbox 2785 223 2972 282; x_wconf 70' lang='lat' dir='ltr'><strong>PARS</strong></span> <span class='ocrx_word' id='word_1_9' title='bbox 3003 225 3106 282; x_wconf 67' lang='lat' dir='ltr'><strong>ﬁl.</strong></span> <span class='ocrx_word' id='word_1_10' title='bbox 3145 314 3159 332; x_wconf 41' lang='grc' dir='ltr'><em>Ι</em></span> <span class='ocrx_word' id='word_1_11' title='bbox 3474 313 3490 332; x_wconf 48' lang='grc'><em>¹</em></span> <span class='ocrx_word' id='word_1_12' title='bbox 3553 233 3641 292; x_wconf 60' lang='lat' dir='ltr'><strong>sit</strong></span> 
     </span>
    </p>
   </div>
   <div class='ocr_carea' id='block_1_3' title="bbox 426 313 3644 430">
    <p class='ocr_par' dir='ltr' id='par_1_3' title="bbox 426 313 3644 430">
     <span class='ocr_line' id='line_1_3' title="bbox 426 313 3644 430; baseline 0.001 -20"><span class='ocrx_word' id='word_1_13' title='bbox 426 367 542 426; x_wconf 74' lang='lat' dir='ltr'><strong>quo</strong></span> <span class='ocrx_word' id='word_1_14' title='bbox 567 353 794 410; x_wconf 56' lang='lat' dir='ltr'><strong>factum</strong></span> <span class='ocrx_word' id='word_1_15' title='bbox 831 353 1040 410; x_wconf 82' lang='lat' dir='ltr'><strong>dicitur</strong></span> <span class='ocrx_word' id='word_1_16' title='bbox 1085 351 1288 408; x_wconf 80' lang='lat' dir='ltr'><strong>coelum</strong></span> <span class='ocrx_word' id='word_1_17' title='bbox 1335 355 1394 406; x_wconf 85' lang='lat' dir='ltr'><strong>et</strong></span> <span class='ocrx_word' id='word_1_18' title='bbox 1436 355 1591 407; x_wconf 71' lang='lat' dir='ltr'><strong>ter-ra</strong></span> <span class='ocrx_word' id='word_1_19' title='bbox 1635 353 1810 408; x_wconf 83' lang='lat' dir='ltr'><strong>creati</strong></span> <span class='ocrx_word' id='word_1_20' title='bbox 1853 352 2025 409; x_wconf 78' lang='lat' dir='ltr'><strong>fuisse</strong></span> <span class='ocrx_word' id='word_1_21' title='bbox 2041 351 2504 414; x_wconf 77' lang='lat' dir='ltr'><strong>Arenatus.Nam</strong></span> <span class='ocrx_word' id='word_1_22' title='bbox 2520 314 3225 430; x_wconf 75' lang='lat' dir='ltr'><strong>quoniampiimogeuitum</strong></span> <span class='ocrx_word' id='word_1_23' title='bbox 3236 313 3524 411; x_wconf 73' lang='lat' dir='ltr'><strong>cxmortuis</strong></span> <span class='ocrx_word' id='word_1_24' title='bbox 3541 371 3644 412; x_wconf 88' lang='lat' dir='ltr'><strong>sus-</strong></span> 
     </span>
    </p>
   </div>
   <div class='ocr_carea' id='block_1_4' title="bbox 425 439 3646 513">
    <p class='ocr_par' dir='ltr' id='par_1_4' title="bbox 425 439 3646 513">
     <span class='ocr_line' id='line_1_4' title="bbox 425 439 3646 513; baseline 0.001 -15"><span class='ocrx_word' id='word_1_25' title='bbox 425 443 878 498; x_wconf 78' lang='lat' dir='ltr'><strong>manifestissime</strong></span> <span class='ocrx_word' id='word_1_26' title='bbox 907 440 1360 513; x_wconf 78' lang='lat' dir='ltr'><strong>comprobantur,</strong></span> <span class='ocrx_word' id='word_1_27' title='bbox 1396 439 1603 512; x_wconf 84' lang='lat' dir='ltr'><strong>quippe</strong></span> <span class='ocrx_word' id='word_1_28' title='bbox 1633 441 1728 512; x_wconf 86' lang='lat' dir='ltr'><strong>qui</strong></span> <span class='ocrx_word' id='word_1_29' title='bbox 1756 441 1879 496; x_wconf 84' lang='lat' dir='ltr'><strong>istis</strong></span> <span class='ocrx_word' id='word_1_30' title='bbox 1907 459 2024 496; x_wconf 84' lang='lat' dir='ltr'><strong>om—</strong></span> <span class='ocrx_word' id='word_1_31' title='bbox 2101 446 2324 512; x_wconf 86' lang='lat' dir='ltr'><strong>ceptum</strong></span> <span class='ocrx_word' id='word_1_32' title='bbox 2381 441 2666 495; x_wconf 86' lang='lat' dir='ltr'><strong>hominem</strong></span> <span class='ocrx_word' id='word_1_33' title='bbox 2714 447 2890 506; x_wconf 88' lang='lat' dir='ltr'><strong>vocat,</strong></span> <span class='ocrx_word' id='word_1_34' title='bbox 2945 441 3293 497; x_wconf 80' lang='lat' dir='ltr'><strong>manifestum</strong></span> <span class='ocrx_word' id='word_1_35' title='bbox 3337 447 3432 511; x_wconf 86' lang='lat' dir='ltr'><strong>est,</strong></span> <span class='ocrx_word' id='word_1_36' title='bbox 3468 445 3557 500; x_wconf 84' lang='lat' dir='ltr'><strong>sed</strong></span> <span class='ocrx_word' id='word_1_37' title='bbox 3599 455 3646 502; x_wconf 86' lang='lat' dir='ltr'><strong>et</strong></span> 
     </span>
    </p>
   </div>
   <div class='ocr_carea' id='block_1_5' title="bbox 425 529 3646 606">
    <p class='ocr_par' dir='ltr' id='par_1_5' title="bbox 425 529 3646 606">
     <span class='ocr_line' id='line_1_5' title="bbox 425 529 3646 606; baseline 0 -19"><span class='ocrx_word' id='word_1_38' title='bbox 425 531 591 588; x_wconf 84' lang='lat' dir='ltr'><strong>nibus</strong></span> <span class='ocrx_word' id='word_1_39' title='bbox 617 531 926 587; x_wconf 83' lang='lat' dir='ltr'><strong>visibilibus</strong></span> <span class='ocrx_word' id='word_1_40' title='bbox 953 529 1226 586; x_wconf 81' lang='lat' dir='ltr'><strong>creaturis</strong></span> <span class='ocrx_word' id='word_1_41' title='bbox 1259 545 1399 602; x_wconf 88' lang='lat' dir='ltr'><strong>quas</strong></span> <span class='ocrx_word' id='word_1_42' title='bbox 1437 529 1703 584; x_wconf 73' lang='lat' dir='ltr'><strong>videbant</strong></span> <span class='ocrx_word' id='word_1_43' title='bbox 1742 547 1808 584; x_wconf 86' lang='lat' dir='ltr'><strong>ex</strong></span> <span class='ocrx_word' id='word_1_44' title='bbox 1846 530 2022 584; x_wconf 82' lang='lat' dir='ltr'><strong>nihilo</strong></span> <span class='ocrx_word' id='word_1_45' title='bbox 2103 530 2236 602; x_wconf 89' lang='lat' dir='ltr'><strong>quia</strong></span> <span class='ocrx_word' id='word_1_46' title='bbox 2257 530 2416 601; x_wconf 85' lang='lat' dir='ltr'><strong>quasi</strong></span> <span class='ocrx_word' id='word_1_47' title='bbox 2444 531 2513 585; x_wconf 86' lang='lat' dir='ltr'><strong>de</strong></span> <span class='ocrx_word' id='word_1_48' title='bbox 2535 545 2648 584; x_wconf 88' lang='lat' dir='ltr'><strong>uno</strong></span> <span class='ocrx_word' id='word_1_49' title='bbox 2664 530 2930 601; x_wconf 76' lang='lat' dir='ltr'><strong>disputat,</strong></span> <span class='ocrx_word' id='word_1_50' title='bbox 2958 535 3014 584; x_wconf 89' lang='lat' dir='ltr'><strong>et</strong></span> <span class='ocrx_word' id='word_1_51' title='bbox 3048 531 3160 596; x_wconf 88' lang='lat' dir='ltr'><strong>illa,</strong></span> <span class='ocrx_word' id='word_1_52' title='bbox 3186 547 3305 602; x_wconf 77' lang='lat' dir='ltr'><strong>quae</strong></span> <span class='ocrx_word' id='word_1_53' title='bbox 3335 531 3391 586; x_wconf 89' lang='lat' dir='ltr'><strong>in</strong></span> <span class='ocrx_word' id='word_1_54' title='bbox 3423 535 3646 606; x_wconf 86' lang='lat' dir='ltr'><strong>superio-</strong></span> 
     </span>
    </p>
   </div>
   <div class='ocr_carea' id='block_1_6' title="bbox 425 619 3651 693">
    <p class='ocr_par' dir='ltr' id='par_1_6' title="bbox 425 619 3651 693">
     <span class='ocr_line' id='line_1_6' title="bbox 425 619 3651 693; baseline 0.001 -17"><span class='ocrx_word' id='word_1_55' title='bbox 425 621 773 692; x_wconf 71' lang='lat' dir='ltr'><strong>praecessisse</strong></span> <span class='ocrx_word' id='word_1_56' title='bbox 805 626 1118 674; x_wconf 82' lang='lat' dir='ltr'><strong>creatorem</strong></span> <span class='ocrx_word' id='word_1_57' title='bbox 1151 633 1357 688; x_wconf 82' lang='lat' dir='ltr'><strong>magna</strong></span> <span class='ocrx_word' id='word_1_58' title='bbox 1385 633 1516 672; x_wconf 88' lang='lat' dir='ltr'><strong>voce</strong></span> <span class='ocrx_word' id='word_1_59' title='bbox 1543 619 1867 674; x_wconf 81' lang='lat' dir='ltr'><strong>referuntur</strong></span> <span class='ocrx_word' id='word_1_60' title='bbox 1893 635 2023 673; x_wconf 85' lang='lat' dir='ltr'><strong>cum</strong></span> <span class='ocrx_word' id='word_1_61' title='bbox 2102 619 2257 672; x_wconf 87' lang='lat' dir='ltr'><strong>ribus</strong></span> <span class='ocrx_word' id='word_1_62' title='bbox 2284 625 2433 682; x_wconf 87' lang='lat' dir='ltr'><strong>sunt,</strong></span> <span class='ocrx_word' id='word_1_63' title='bbox 2457 625 2515 674; x_wconf 92' lang='lat' dir='ltr'><strong>et</strong></span> <span class='ocrx_word' id='word_1_64' title='bbox 2541 620 2654 674; x_wconf 88' lang='lat' dir='ltr'><strong>ista</strong></span> <span class='ocrx_word' id='word_1_65' title='bbox 2676 619 2828 674; x_wconf 83' lang='lat' dir='ltr'><strong>dicta</strong></span> <span class='ocrx_word' id='word_1_66' title='bbox 2856 625 2913 674; x_wconf 88' lang='lat' dir='ltr'><strong>et</strong></span> <span class='ocrx_word' id='word_1_67' title='bbox 2939 619 3028 674; x_wconf 89' lang='lat' dir='ltr'><strong>hic</strong></span> <span class='ocrx_word' id='word_1_68' title='bbox 3058 619 3338 674; x_wconf 81' lang='lat' dir='ltr'><strong>evidenter</strong></span> <span class='ocrx_word' id='word_1_69' title='bbox 3363 637 3423 674; x_wconf 84' lang='lat' dir='ltr'><strong>ex</strong></span> <span class='ocrx_word' id='word_1_70' title='bbox 3441 621 3651 693; x_wconf 86' lang='lat' dir='ltr'><strong>ipsisest</strong></span> 
     </span>
    </p>
   </div>
   <div class='ocr_carea' id='block_1_7' title="bbox 425 705 3650 784">
    <p class='ocr_par' dir='ltr' id='par_1_7' title="bbox 425 705 3650 784">
     <span class='ocr_line' id='line_1_7' title="bbox 425 705 3650 784; baseline 0.001 -20"><span class='ocrx_word' id='word_1_71' title='bbox 425 709 798 764; x_wconf 79' lang='lat' dir='ltr'><strong>admiratione</strong></span> <span class='ocrx_word' id='word_1_72' title='bbox 825 709 1104 764; x_wconf 84' lang='lat' dir='ltr'><strong>laudasse.</strong></span> <span class='ocrx_word' id='word_1_73' title='bbox 1137 709 1285 763; x_wconf 85' lang='lat' dir='ltr'><strong>Ante</strong></span> <span class='ocrx_word' id='word_1_74' title='bbox 1331 705 1482 760; x_wconf 80' lang='lat' dir='ltr'><strong>istud</strong></span> <span class='ocrx_word' id='word_1_75' title='bbox 1531 723 1664 778; x_wconf 82' lang='lat' dir='ltr'><strong>ergo</strong></span> <span class='ocrx_word' id='word_1_76' title='bbox 1711 708 2024 778; x_wconf 70' lang='lat' dir='ltr'><strong>temporale</strong></span> <span class='ocrx_word' id='word_1_77' title='bbox 2107 709 2421 779; x_wconf 80' lang='lat' dir='ltr'><strong>perspicere</strong></span> <span class='ocrx_word' id='word_1_78' title='bbox 2455 708 2841 776; x_wconf 85' lang='lat' dir='ltr'><strong>sermonibus;</strong></span> <span class='ocrx_word' id='word_1_79' title='bbox 2869 708 2964 784; x_wconf 90' lang='lat' dir='ltr'><strong>qui</strong></span> <span class='ocrx_word' id='word_1_80' title='bbox 2997 713 3184 763; x_wconf 81' lang='lat' dir='ltr'><strong>autem</strong></span> <span class='ocrx_word' id='word_1_81' title='bbox 3231 708 3392 764; x_wconf 88' lang='lat' dir='ltr'><strong>verba</strong></span> <span class='ocrx_word' id='word_1_82' title='bbox 3431 711 3650 782; x_wconf 86' lang='lat' dir='ltr'><strong>Apostoli</strong></span> 
     </span>
    </p>
   </div>
   <div class='ocr_carea' id='block_1_8' title="bbox 429 792 3712 872">
    <p class='ocr_par' dir='ltr' id='par_1_8' title="bbox 429 792 3712 872">
     <span class='ocr_line' id='line_1_8' title="bbox 429 792 3712 872; baseline 0.001 -20"><span class='ocrx_word' id='word_1_83' title='bbox 429 797 766 872; x_wconf 84' lang='lat' dir='ltr'><strong>principium</strong></span> <span class='ocrx_word' id='word_1_84' title='bbox 817 797 966 869; x_wconf 88' lang='lat' dir='ltr'><strong>quod</strong></span> <span class='ocrx_word' id='word_1_85' title='bbox 1009 814 1044 851; x_wconf 89' lang='lat' dir='ltr'><strong>a</strong></span> <span class='ocrx_word' id='word_1_86' title='bbox 1085 797 1276 868; x_wconf 78' lang='lat' dir='ltr'><strong>Moyse</strong></span> <span class='ocrx_word' id='word_1_87' title='bbox 1323 795 1546 862; x_wconf 86' lang='lat' dir='ltr'><strong>dicitur,</strong></span> <span class='ocrx_word' id='word_1_88' title='bbox 1588 813 1810 867; x_wconf 90' lang='lat' dir='ltr'><strong>quoque</strong></span> <span class='ocrx_word' id='word_1_89' title='bbox 1855 797 2024 867; x_wconf 82' lang='lat' dir='ltr'><strong>hujus</strong></span> <span class='ocrx_word' id='word_1_90' title='bbox 2107 813 2217 850; x_wconf 91' lang='lat' dir='ltr'><strong>non</strong></span> <span class='ocrx_word' id='word_1_91' title='bbox 2247 802 2396 850; x_wconf 87' lang='lat' dir='ltr'><strong>recte</strong></span> <span class='ocrx_word' id='word_1_92' title='bbox 2428 797 2786 868; x_wconf 80' lang='lat' dir='ltr'><strong>interpretari</strong></span> <span class='ocrx_word' id='word_1_93' title='bbox 2811 792 3092 852; x_wconf 84' lang='lat' dir='ltr'><strong>attentant</strong></span> <span class='ocrx_word' id='word_1_94' title='bbox 3107 803 3165 852; x_wconf 88' lang='lat' dir='ltr'><strong>et</strong></span> <span class='ocrx_word' id='word_1_95' title='bbox 3181 797 3334 864; x_wconf 81' lang='lat' dir='ltr'><strong>illud,</strong></span> <span class='ocrx_word' id='word_1_96' title='bbox 3357 799 3494 870; x_wconf 88' lang='lat' dir='ltr'><strong>quod</strong></span> <span class='ocrx_word' id='word_1_97' title='bbox 3515 799 3650 867; x_wconf 82' lang='lat' dir='ltr'><strong>dixit,</strong></span> <span class='ocrx_word' id='word_1_98' title='bbox 3701 855 3712 868; x_wconf 35' lang='grc' dir='ltr'>κ</span> 
     </span>
    </p>
   </div>
   <div class='ocr_carea' id='block_1_9' title="bbox 425 883 3655 955">
    <p class='ocr_par' dir='ltr' id='par_1_9' title="bbox 425 883 3655 955">
     <span class='ocr_line' id='line_1_9' title="bbox 425 883 3655 955; baseline 0.001 -15"><span class='ocrx_word' id='word_1_99' title='bbox 425 886 620 942; x_wconf 87' lang='lat' dir='ltr'><strong>mundi</strong></span> <span class='ocrx_word' id='word_1_100' title='bbox 663 886 972 942; x_wconf 83' lang='lat' dir='ltr'><strong>secundum</strong></span> <span class='ocrx_word' id='word_1_101' title='bbox 1021 885 1351 941; x_wconf 84' lang='lat' dir='ltr'><strong>historicum</strong></span> <span class='ocrx_word' id='word_1_102' title='bbox 1399 883 1515 937; x_wconf 88' lang='lat' dir='ltr'><strong>imo</strong></span> <span class='ocrx_word' id='word_1_103' title='bbox 1553 883 1848 937; x_wconf 88' lang='lat' dir='ltr'><strong>Judaicum</strong></span> <span class='ocrx_word' id='word_1_104' title='bbox 1895 901 2024 938; x_wconf 85' lang='lat' dir='ltr'><strong>sen-</strong></span> <span class='ocrx_word' id='word_1_105' title='bbox 2107 889 2206 953; x_wconf 80' lang='lat' dir='ltr'><strong>qui</strong></span> <span class='ocrx_word' id='word_1_106' title='bbox 2233 891 2308 939; x_wconf 85' lang='lat' dir='ltr'><strong>est</strong></span> <span class='ocrx_word' id='word_1_107' title='bbox 2325 889 2506 954; x_wconf 86' lang='lat' dir='ltr'><strong>imago</strong></span> <span class='ocrx_word' id='word_1_108' title='bbox 2519 887 2618 939; x_wconf 83' lang='lat' dir='ltr'><strong>Dei</strong></span> <span class='ocrx_word' id='word_1_109' title='bbox 2633 887 2936 940; x_wconf 76' lang='lat' dir='ltr'><strong>invisibilis</strong></span> <span class='ocrx_word' id='word_1_110' title='bbox 2946 889 3344 955; x_wconf 76' lang='lat' dir='ltr'><strong>primogenita:</strong></span> <span class='ocrx_word' id='word_1_111' title='bbox 3364 889 3519 942; x_wconf 81' lang='lat' dir='ltr'><strong>totius</strong></span> <span class='ocrx_word' id='word_1_112' title='bbox 3531 904 3655 942; x_wconf 79' lang='lat' dir='ltr'><strong>crea-</strong></span> 
     </span>
    </p>
   </div>
   <div class='ocr_carea' id='block_1_10' title="bbox 425 972 3658 1046">
    <p class='ocr_par' dir='ltr' id='par_1_10' title="bbox 425 972 3658 1046">
     <span class='ocr_line' id='line_1_10' title="bbox 425 972 3658 1046; baseline 0 -16"><span class='ocrx_word' id='word_1_113' title='bbox 425 990 551 1032; x_wconf 88' lang='lat' dir='ltr'><strong>sum</strong></span> <span class='ocrx_word' id='word_1_114' title='bbox 597 976 788 1046; x_wconf 79' lang='lat' dir='ltr'><strong>signat</strong></span> <span class='ocrx_word' id='word_1_115' title='bbox 827 981 1070 1039; x_wconf 74' lang='lat' dir='ltr'><strong>aetatem,</strong></span> <span class='ocrx_word' id='word_1_116' title='bbox 1123 975 1274 1028; x_wconf 79' lang='lat' dir='ltr'><strong>salvo</strong></span> <span class='ocrx_word' id='word_1_117' title='bbox 1331 972 1546 1027; x_wconf 80' lang='lat' dir='ltr'><strong>scilicet</strong></span> <span class='ocrx_word' id='word_1_118' title='bbox 1596 979 1789 1026; x_wconf 80' lang='lat' dir='ltr'><strong>nostro</strong></span> <span class='ocrx_word' id='word_1_119' title='bbox 1834 989 2022 1038; x_wconf 90' lang='lat' dir='ltr'><strong>sensu,</strong></span> <span class='ocrx_word' id='word_1_120' title='bbox 2110 979 2264 1039; x_wconf 73' lang='lat' dir='ltr'><strong>tum,</strong></span> <span class='ocrx_word' id='word_1_121' title='bbox 2300 973 2358 1028; x_wconf 89' lang='lat' dir='ltr'><strong>in</strong></span> <span class='ocrx_word' id='word_1_122' title='bbox 2385 974 2629 1028; x_wconf 83' lang='lat' dir='ltr'><strong>divinam</strong></span> <span class='ocrx_word' id='word_1_123' title='bbox 2657 974 2970 1046; x_wconf 87' lang='lat' dir='ltr'><strong>suscipiunt</strong></span> <span class='ocrx_word' id='word_1_124' title='bbox 3009 979 3284 1040; x_wconf 87' lang='lat' dir='ltr'><strong>naturam,</strong></span> <span class='ocrx_word' id='word_1_125' title='bbox 3323 975 3470 1030; x_wconf 84' lang='lat' dir='ltr'><strong>nullo</strong></span> <span class='ocrx_word' id='word_1_126' title='bbox 3515 977 3658 1032; x_wconf 88' lang='lat' dir='ltr'><strong>modo</strong></span> 
     </span>
    </p>
   </div>
   <div class='ocr_carea' id='block_1_11' title="bbox 425 1061 3659 1136">
    <p class='ocr_par' dir='ltr' id='par_1_11' title="bbox 425 1061 3659 1136">
     <span class='ocr_line' id='line_1_11' title="bbox 425 1061 3659 1136; baseline 0 -18"><span class='ocrx_word' id='word_1_127' title='bbox 425 1065 575 1136; x_wconf 81' lang='lat' dir='ltr'><strong>quod</strong></span> <span class='ocrx_word' id='word_1_128' title='bbox 616 1079 720 1120; x_wconf 88' lang='lat' dir='ltr'><strong>nos</strong></span> <span class='ocrx_word' id='word_1_129' title='bbox 766 1065 1173 1136; x_wconf 84' lang='lat' dir='ltr'><strong>interpretatur</strong></span> <span class='ocrx_word' id='word_1_130' title='bbox 1210 1062 1464 1117; x_wconf 90' lang='lat' dir='ltr'><strong>omnium</strong></span> <span class='ocrx_word' id='word_1_131' title='bbox 1506 1077 1694 1115; x_wconf 86' lang='lat' dir='ltr'><strong>rerum</strong></span> <span class='ocrx_word' id='word_1_132' title='bbox 1739 1061 2026 1116; x_wconf 83' lang='lat' dir='ltr'><strong>Christum</strong></span> <span class='ocrx_word' id='word_1_133' title='bbox 2108 1068 2358 1117; x_wconf 85' lang='lat' dir='ltr'><strong>nostram</strong></span> <span class='ocrx_word' id='word_1_134' title='bbox 2383 1063 2908 1134; x_wconf 78' lang='lat' dir='ltr'><strong>interpretationem</strong></span> <span class='ocrx_word' id='word_1_135' title='bbox 2937 1063 3232 1118; x_wconf 85' lang='lat' dir='ltr'><strong>calumniis</strong></span> <span class='ocrx_word' id='word_1_136' title='bbox 3258 1068 3510 1134; x_wconf 87' lang='lat' dir='ltr'><strong>poterunt</strong></span> <span class='ocrx_word' id='word_1_137' title='bbox 3523 1065 3659 1120; x_wconf 83' lang='lat' dir='ltr'><strong>inno-</strong></span> 
     </span>
    </p>
   </div>
   <div class='ocr_carea' id='block_1_12' title="bbox 426 1149 3658 1227">
    <p class='ocr_par' dir='ltr' id='par_1_12' title="bbox 426 1149 3658 1227">
     <span class='ocr_line' id='line_1_12' title="bbox 426 1149 3658 1227; baseline 0 -19"><span class='ocrx_word' id='word_1_138' title='bbox 426 1169 548 1208; x_wconf 87' lang='lat' dir='ltr'><strong>esse</strong></span> <span class='ocrx_word' id='word_1_139' title='bbox 577 1153 937 1227; x_wconf 84' lang='lat' dir='ltr'><strong>principium,</strong></span> <span class='ocrx_word' id='word_1_140' title='bbox 965 1154 1025 1207; x_wconf 91' lang='lat' dir='ltr'><strong>in</strong></span> <span class='ocrx_word' id='word_1_141' title='bbox 1053 1153 1200 1224; x_wconf 82' lang='lat' dir='ltr'><strong>quod</strong></span> <span class='ocrx_word' id='word_1_142' title='bbox 1233 1150 1424 1205; x_wconf 83' lang='lat' dir='ltr'><strong>omnia</strong></span> <span class='ocrx_word' id='word_1_143' title='bbox 1451 1149 1722 1205; x_wconf 83' lang='lat' dir='ltr'><strong>creaverit</strong></span> <span class='ocrx_word' id='word_1_144' title='bbox 1750 1150 1918 1204; x_wconf 80' lang='lat' dir='ltr'><strong>Pater</strong></span> <span class='ocrx_word' id='word_1_145' title='bbox 1943 1167 2028 1204; x_wconf 64' lang='lat' dir='ltr'><strong>seu</strong></span> <span class='ocrx_word' id='word_1_146' title='bbox 2107 1152 2262 1216; x_wconf 84' lang='lat' dir='ltr'><strong>dare,</strong></span> <span class='ocrx_word' id='word_1_147' title='bbox 2293 1151 2498 1222; x_wconf 78' lang='lat' dir='ltr'><strong>quibus</strong></span> <span class='ocrx_word' id='word_1_148' title='bbox 2525 1151 2768 1206; x_wconf 79' lang='lat' dir='ltr'><strong>diximus</strong></span> <span class='ocrx_word' id='word_1_149' title='bbox 2797 1167 2925 1206; x_wconf 88' lang='lat' dir='ltr'><strong>eum</strong></span> <span class='ocrx_word' id='word_1_150' title='bbox 2954 1169 2989 1206; x_wconf 89' lang='lat' dir='ltr'><strong>a</strong></span> <span class='ocrx_word' id='word_1_151' title='bbox 3011 1156 3212 1206; x_wconf 89' lang='lat' dir='ltr'><strong>natura</strong></span> <span class='ocrx_word' id='word_1_152' title='bbox 3257 1152 3438 1207; x_wconf 85' lang='lat' dir='ltr'><strong>divina</strong></span> <span class='ocrx_word' id='word_1_153' title='bbox 3465 1153 3529 1208; x_wconf 85' lang='lat' dir='ltr'><strong>ad</strong></span> <span class='ocrx_word' id='word_1_154' title='bbox 3569 1154 3658 1208; x_wconf 87' lang='lat' dir='ltr'><strong>hu-</strong></span> 
     </span>
    </p>
   </div>
   <div class='ocr_carea' id='block_1_13' title="bbox 427 1239 3656 1310">
    <p class='ocr_par' dir='ltr' id='par_1_13' title="bbox 427 1239 3656 1310">
     <span class='ocr_line' id='line_1_13' title="bbox 427 1239 3656 1310; baseline 0 -14"><span class='ocrx_word' id='word_1_155' title='bbox 427 1241 672 1297; x_wconf 89' lang='lat' dir='ltr'><strong>cundum</strong></span> <span class='ocrx_word' id='word_1_156' title='bbox 701 1241 839 1297; x_wconf 89' lang='lat' dir='ltr'><strong>illud</strong></span> <span class='ocrx_word' id='word_1_157' title='bbox 873 1261 885 1295; x_wconf 91' lang='lat'>:</span> <span class='ocrx_word' id='word_1_158' title='bbox 923 1243 1126 1298; x_wconf 81' lang='lat' dir='ltr'><strong>Omnia</strong></span> <span class='ocrx_word' id='word_1_159' title='bbox 1151 1256 1252 1310; x_wconf 87' lang='lat' dir='ltr'><strong>per</strong></span> <span class='ocrx_word' id='word_1_160' title='bbox 1275 1242 1458 1308; x_wconf 82' lang='lat' dir='ltr'><strong>ipsum</strong></span> <span class='ocrx_word' id='word_1_161' title='bbox 1489 1241 1636 1307; x_wconf 86' lang='lat' dir='ltr'><strong>facta</strong></span> <span class='ocrx_word' id='word_1_162' title='bbox 1666 1244 1816 1305; x_wconf 84' lang='lat' dir='ltr'><strong>sunt,</strong></span> <span class='ocrx_word' id='word_1_163' title='bbox 1847 1246 1895 1293; x_wconf 87' lang='lat' dir='ltr'><strong>et</strong></span> <span class='ocrx_word' id='word_1_164' title='bbox 1908 1243 2028 1293; x_wconf 86' lang='lat' dir='ltr'><strong>sine</strong></span> <span class='ocrx_word' id='word_1_165' title='bbox 2109 1255 2334 1294; x_wconf 75' lang='lat' dir='ltr'><strong>manum</strong></span> <span class='ocrx_word' id='word_1_166' title='bbox 2357 1241 2620 1304; x_wconf 87' lang='lat' dir='ltr'><strong>transire,</strong></span> <span class='ocrx_word' id='word_1_167' title='bbox 2647 1247 2746 1294; x_wconf 83' lang='lat' dir='ltr'><strong>aut</strong></span> <span class='ocrx_word' id='word_1_168' title='bbox 2763 1241 2968 1295; x_wconf 83' lang='lat' dir='ltr'><strong>iterum</strong></span> <span class='ocrx_word' id='word_1_169' title='bbox 2987 1239 3058 1294; x_wconf 84' lang='lat' dir='ltr'><strong>ab</strong></span> <span class='ocrx_word' id='word_1_170' title='bbox 3077 1240 3322 1295; x_wconf 86' lang='lat' dir='ltr'><strong>humana</strong></span> <span class='ocrx_word' id='word_1_171' title='bbox 3338 1241 3405 1295; x_wconf 89' lang='lat' dir='ltr'><strong>ad</strong></span> <span class='ocrx_word' id='word_1_172' title='bbox 3423 1241 3656 1306; x_wconf 83' lang='lat' dir='ltr'><strong>divinam,</strong></span> 
     </span>
    </p>
   </div>
   <div class='ocr_carea' id='block_1_14' title="bbox 428 1327 3662 1400">
    <p class='ocr_par' dir='ltr' id='par_1_14' title="bbox 428 1327 3662 1400">
     <span class='ocr_line' id='line_1_14' title="bbox 428 1327 3662 1400; baseline 0 -16"><span class='ocrx_word' id='word_1_173' title='bbox 428 1347 484 1384; x_wconf 86' lang='lat' dir='ltr'><strong>eo</strong></span> <span class='ocrx_word' id='word_1_174' title='bbox 516 1333 728 1399; x_wconf 81' lang='lat' dir='ltr'><strong>factum</strong></span> <span class='ocrx_word' id='word_1_175' title='bbox 757 1337 833 1386; x_wconf 87' lang='lat' dir='ltr'><strong>est</strong></span> <span class='ocrx_word' id='word_1_176' title='bbox 863 1332 1011 1385; x_wconf 79' lang='lat' dir='ltr'><strong>nihil</strong></span> <span class='ocrx_word' id='word_1_177' title='bbox 1033 1329 1214 1400; x_wconf 88' lang='lat' dir='ltr'><strong>(Joan.</strong></span> <span class='ocrx_word' id='word_1_178' title='bbox 1239 1329 1464 1398; x_wconf 78' lang='lat' dir='ltr'><strong>r).Ante</strong></span> <span class='ocrx_word' id='word_1_179' title='bbox 1493 1327 1663 1393; x_wconf 89' lang='lat' dir='ltr'><strong>istud,</strong></span> <span class='ocrx_word' id='word_1_180' title='bbox 1697 1327 1898 1398; x_wconf 86' lang='lat' dir='ltr'><strong>inquit,</strong></span> <span class='ocrx_word' id='word_1_181' title='bbox 1921 1329 2028 1382; x_wconf 87' lang='lat' dir='ltr'><strong>Ge-</strong></span> <span class='ocrx_word' id='word_1_182' title='bbox 2109 1327 2350 1400; x_wconf 88' lang='lat' dir='ltr'><strong>idipsum</strong></span> <span class='ocrx_word' id='word_1_183' title='bbox 2383 1329 2530 1382; x_wconf 89' lang='lat' dir='ltr'><strong>enim</strong></span> <span class='ocrx_word' id='word_1_184' title='bbox 2557 1345 2653 1383; x_wconf 84' lang='lat' dir='ltr'><strong>eos</strong></span> <span class='ocrx_word' id='word_1_185' title='bbox 2689 1329 2872 1384; x_wconf 81' lang='lat' dir='ltr'><strong>facere</strong></span> <span class='ocrx_word' id='word_1_186' title='bbox 2917 1330 3218 1384; x_wconf 81' lang='lat' dir='ltr'><strong>necessitas</strong></span> <span class='ocrx_word' id='word_1_187' title='bbox 3265 1329 3548 1400; x_wconf 81' lang='lat' dir='ltr'><strong>compellit.</strong></span> <span class='ocrx_word' id='word_1_188' title='bbox 3577 1331 3662 1385; x_wconf 79' lang='lat' dir='ltr'><strong>illa</strong></span> 
     </span>
    </p>
   </div>
   <div class='ocr_carea' id='block_1_15' title="bbox 429 1416 3662 1491">
    <p class='ocr_par' dir='ltr' id='par_1_15' title="bbox 429 1416 3662 1491">
     <span class='ocr_line' id='line_1_15' title="bbox 429 1416 3662 1491; baseline 0 -17"><span class='ocrx_word' id='word_1_189' title='bbox 429 1435 626 1474; x_wconf 87' lang='lat' dir='ltr'><strong>neseos</strong></span> <span class='ocrx_word' id='word_1_190' title='bbox 651 1419 962 1491; x_wconf 85' lang='lat' dir='ltr'><strong>temporale</strong></span> <span class='ocrx_word' id='word_1_191' title='bbox 985 1417 1341 1489; x_wconf 85' lang='lat' dir='ltr'><strong>principium,</strong></span> <span class='ocrx_word' id='word_1_192' title='bbox 1367 1433 1562 1471; x_wconf 84' lang='lat' dir='ltr'><strong>omnes</strong></span> <span class='ocrx_word' id='word_1_193' title='bbox 1579 1416 1704 1470; x_wconf 89' lang='lat' dir='ltr'><strong>illas</strong></span> <span class='ocrx_word' id='word_1_194' title='bbox 1723 1423 2026 1487; x_wconf 86' lang='lat' dir='ltr'><strong>potestates</strong></span> <span class='ocrx_word' id='word_1_195' title='bbox 2109 1418 2259 1471; x_wconf 88' lang='lat' dir='ltr'><strong>enim</strong></span> <span class='ocrx_word' id='word_1_196' title='bbox 2286 1434 2410 1488; x_wconf 78' lang='lat' dir='ltr'><strong>quae</strong></span> <span class='ocrx_word' id='word_1_197' title='bbox 2438 1419 2496 1472; x_wconf 90' lang='lat' dir='ltr'><strong>in</strong></span> <span class='ocrx_word' id='word_1_198' title='bbox 2526 1418 2909 1489; x_wconf 88' lang='lat' dir='ltr'><strong>superioribus</strong></span> <span class='ocrx_word' id='word_1_199' title='bbox 2931 1419 3081 1472; x_wconf 79' lang='lat' dir='ltr'><strong>dicta</strong></span> <span class='ocrx_word' id='word_1_200' title='bbox 3104 1424 3236 1472; x_wconf 88' lang='lat' dir='ltr'><strong>sunt</strong></span> <span class='ocrx_word' id='word_1_201' title='bbox 3253 1418 3311 1472; x_wconf 88' lang='lat' dir='ltr'><strong>in</strong></span> <span class='ocrx_word' id='word_1_202' title='bbox 3339 1419 3566 1472; x_wconf 77' lang='lat' dir='ltr'><strong>divinam</strong></span> <span class='ocrx_word' id='word_1_203' title='bbox 3589 1436 3662 1474; x_wconf 85' lang='lat' dir='ltr'><strong>ac-</strong></span> 
     </span>
    </p>
   </div>
   <div class='ocr_carea' id='block_1_16' title="bbox 429 1505 3662 1579">
    <p class='ocr_par' dir='ltr' id='par_1_16' title="bbox 429 1505 3662 1579">
     <span class='ocr_line' id='line_1_16' title="bbox 429 1505 3662 1579; baseline 0 -17"><span class='ocrx_word' id='word_1_204' title='bbox 429 1510 796 1579; x_wconf 69' lang='lat' dir='ltr'><strong>cmlestesque</strong></span> <span class='ocrx_word' id='word_1_205' title='bbox 809 1508 1046 1562; x_wconf 81' lang='lat' dir='ltr'><strong>virtutes</strong></span> <span class='ocrx_word' id='word_1_206' title='bbox 1067 1505 1247 1561; x_wconf 87' lang='lat' dir='ltr'><strong>Deum</strong></span> <span class='ocrx_word' id='word_1_207' title='bbox 1277 1519 1496 1559; x_wconf 83' lang='lat' dir='ltr'><strong>creasse</strong></span> <span class='ocrx_word' id='word_1_208' title='bbox 1526 1521 1638 1559; x_wconf 90' lang='lat' dir='ltr'><strong>non</strong></span> <span class='ocrx_word' id='word_1_209' title='bbox 1667 1505 1899 1559; x_wconf 86' lang='lat' dir='ltr'><strong>dubium</strong></span> <span class='ocrx_word' id='word_1_210' title='bbox 1919 1512 2022 1570; x_wconf 87' lang='lat' dir='ltr'><strong>est,</strong></span> <span class='ocrx_word' id='word_1_211' title='bbox 2109 1506 2295 1578; x_wconf 90' lang='lat' dir='ltr'><strong>cipere</strong></span> <span class='ocrx_word' id='word_1_212' title='bbox 2306 1523 2400 1560; x_wconf 90' lang='lat' dir='ltr'><strong>eos</strong></span> <span class='ocrx_word' id='word_1_213' title='bbox 2411 1511 2672 1561; x_wconf 83' lang='lat' dir='ltr'><strong>naturam</strong></span> <span class='ocrx_word' id='word_1_214' title='bbox 2693 1523 2782 1560; x_wconf 90' lang='lat' dir='ltr'><strong>res</strong></span> <span class='ocrx_word' id='word_1_215' title='bbox 2803 1507 2928 1579; x_wconf 88' lang='lat' dir='ltr'><strong>ipsa</strong></span> <span class='ocrx_word' id='word_1_216' title='bbox 2945 1507 3247 1578; x_wconf 84' lang='lat' dir='ltr'><strong>compellit.</strong></span> <span class='ocrx_word' id='word_1_217' title='bbox 3271 1507 3410 1561; x_wconf 84' lang='lat' dir='ltr'><strong>Nam</strong></span> <span class='ocrx_word' id='word_1_218' title='bbox 3428 1507 3526 1561; x_wconf 88' lang='lat' dir='ltr'><strong>hoc</strong></span> <span class='ocrx_word' id='word_1_219' title='bbox 3538 1507 3662 1578; x_wconf 87' lang='lat' dir='ltr'><strong>quod</strong></span> 
     </span>
    </p>
   </div>
   <div class='ocr_carea' id='block_1_17' title="bbox 429 1593 3664 1667">
    <p class='ocr_par' dir='ltr' id='par_1_17' title="bbox 429 1593 3664 1667">
     <span class='ocr_line' id='line_1_17' title="bbox 429 1593 3664 1667; baseline 0 -17"><span class='ocrx_word' id='word_1_220' title='bbox 429 1611 568 1666; x_wconf 87' lang='lat' dir='ltr'><strong>quas</strong></span> <span class='ocrx_word' id='word_1_221' title='bbox 585 1597 887 1667; x_wconf 74' lang='lat' dir='ltr'><strong>Apostolus</strong></span> <span class='ocrx_word' id='word_1_222' title='bbox 914 1613 1015 1666; x_wconf 90' lang='lat' dir='ltr'><strong>per</strong></span> <span class='ocrx_word' id='word_1_223' title='bbox 1035 1595 1289 1650; x_wconf 87' lang='lat' dir='ltr'><strong>ordinem</strong></span> <span class='ocrx_word' id='word_1_224' title='bbox 1310 1593 1693 1661; x_wconf 84' lang='lat' dir='ltr'><strong>dinumerans,</strong></span> <span class='ocrx_word' id='word_1_225' title='bbox 1717 1594 1798 1648; x_wconf 88' lang='lat' dir='ltr'><strong>ita</strong></span> <span class='ocrx_word' id='word_1_226' title='bbox 1817 1593 2026 1648; x_wconf 84' lang='lat' dir='ltr'><strong>descri-</strong></span> <span class='ocrx_word' id='word_1_227' title='bbox 2110 1594 2250 1648; x_wconf 81' lang='lat' dir='ltr'><strong>dixit</strong></span> <span class='ocrx_word' id='word_1_228' title='bbox 2276 1599 2682 1664; x_wconf 81' lang='lat' dir='ltr'><strong>primogenitus</strong></span> <span class='ocrx_word' id='word_1_229' title='bbox 2721 1613 2785 1649; x_wconf 75' lang='lat' dir='ltr'><strong>ea:</strong></span> <span class='ocrx_word' id='word_1_230' title='bbox 2810 1599 3067 1662; x_wconf 79' lang='lat' dir='ltr'><strong>mortuis,</strong></span> <span class='ocrx_word' id='word_1_231' title='bbox 3098 1596 3230 1650; x_wconf 89' lang='lat' dir='ltr'><strong>licet</strong></span> <span class='ocrx_word' id='word_1_232' title='bbox 3258 1595 3327 1649; x_wconf 84' lang='lat' dir='ltr'><strong>ad</strong></span> <span class='ocrx_word' id='word_1_233' title='bbox 3369 1595 3545 1650; x_wconf 87' lang='lat' dir='ltr'><strong>omnia</strong></span> <span class='ocrx_word' id='word_1_234' title='bbox 3573 1596 3664 1650; x_wconf 89' lang='lat' dir='ltr'><strong>im-</strong></span> 
     </span>
    </p>
   </div>
   <div class='ocr_carea' id='block_1_18' title="bbox 427 1669 3668 1756">
    <p class='ocr_par' dir='ltr' id='par_1_18' title="bbox 427 1669 3668 1756">
     <span class='ocr_line' id='line_1_18' title="bbox 427 1669 3668 1756; baseline 0 -19"><span class='ocrx_word' id='word_1_235' title='bbox 427 1683 528 1751; x_wconf 63' lang='lat' dir='ltr'><strong>bi,</strong></span> <span class='ocrx_word' id='word_1_236' title='bbox 551 1687 686 1754; x_wconf 82' lang='lat' dir='ltr'><strong>quia</strong></span> <span class='ocrx_word' id='word_1_237' title='bbox 715 1687 778 1739; x_wconf 87' lang='lat' dir='ltr'><strong>in</strong></span> <span class='ocrx_word' id='word_1_238' title='bbox 809 1685 1024 1740; x_wconf 67' lang='lat' dir='ltr'><strong>Christo</strong></span> <span class='ocrx_word' id='word_1_239' title='bbox 1055 1689 1238 1738; x_wconf 86' lang='lat' dir='ltr'><strong>creata</strong></span> <span class='ocrx_word' id='word_1_240' title='bbox 1269 1687 1401 1737; x_wconf 84' lang='lat' dir='ltr'><strong>sunt</strong></span> <span class='ocrx_word' id='word_1_241' title='bbox 1428 1686 1618 1737; x_wconf 90' lang='lat' dir='ltr'><strong>omnia</strong></span> <span class='ocrx_word' id='word_1_242' title='bbox 1647 1699 1764 1753; x_wconf 64' lang='lat' dir='ltr'><strong>qua:</strong></span> <span class='ocrx_word' id='word_1_243' title='bbox 1788 1687 1850 1737; x_wconf 82' lang='lat' dir='ltr'><strong>in</strong></span> <span class='ocrx_word' id='word_1_244' title='bbox 1863 1687 2025 1748; x_wconf 72' lang='lat' dir='ltr'><strong>cortis,</strong></span> <span class='ocrx_word' id='word_1_245' title='bbox 2045 1669 2092 1730; x_wconf 78' lang='grc' dir='ltr'>Β</span> <span class='ocrx_word' id='word_1_246' title='bbox 2111 1681 2268 1754; x_wconf 90' lang='lat' dir='ltr'><strong>probi</strong></span> <span class='ocrx_word' id='word_1_247' title='bbox 2299 1685 2637 1738; x_wconf 88' lang='lat' dir='ltr'><strong>contendere</strong></span> <span class='ocrx_word' id='word_1_248' title='bbox 2667 1684 2974 1751; x_wconf 89' lang='lat' dir='ltr'><strong>consciant,</strong></span> <span class='ocrx_word' id='word_1_249' title='bbox 3006 1699 3361 1756; x_wconf 84' lang='lat' dir='ltr'><strong>nequaquam</strong></span> <span class='ocrx_word' id='word_1_250' title='bbox 3391 1684 3448 1738; x_wconf 88' lang='lat' dir='ltr'><strong>id</strong></span> <span class='ocrx_word' id='word_1_251' title='bbox 3473 1684 3526 1738; x_wconf 88' lang='lat' dir='ltr'><strong>in</strong></span> <span class='ocrx_word' id='word_1_252' title='bbox 3552 1683 3668 1738; x_wconf 85' lang='lat' dir='ltr'><strong>divi-</strong></span> 
     </span>
    </p>
   </div>
   <div class='ocr_carea' id='block_1_19' title="bbox 429 1773 3668 1846">
    <p class='ocr_par' dir='ltr' id='par_1_19' title="bbox 429 1773 3668 1846">
     <span class='ocr_line' id='line_1_19' title="bbox 429 1773 3668 1846; baseline 0.001 -20"><span class='ocrx_word' id='word_1_253' title='bbox 429 1775 539 1827; x_wconf 80' lang='lat' dir='ltr'><strong>sioe</strong></span> <span class='ocrx_word' id='word_1_254' title='bbox 562 1789 681 1842; x_wconf 61' lang='lat' dir='ltr'><strong>qua</strong></span> <span class='ocrx_word' id='word_1_255' title='bbox 708 1775 772 1827; x_wconf 79' lang='lat' dir='ltr'><strong>in</strong></span> <span class='ocrx_word' id='word_1_256' title='bbox 809 1775 974 1828; x_wconf 83' lang='lat' dir='ltr'><strong>terris</strong></span> <span class='ocrx_word' id='word_1_257' title='bbox 1003 1779 1134 1826; x_wconf 83' lang='lat' dir='ltr'><strong>sunt</strong></span> <span class='ocrx_word' id='word_1_258' title='bbox 1166 1774 1414 1826; x_wconf 81' lang='lat' dir='ltr'><strong>visibilia</strong></span> <span class='ocrx_word' id='word_1_259' title='bbox 1461 1776 1510 1824; x_wconf 86' lang='lat' dir='ltr'><strong>et</strong></span> <span class='ocrx_word' id='word_1_260' title='bbox 1551 1773 1882 1839; x_wconf 78' lang='lat' dir='ltr'><strong>invisibilia,</strong></span> <span class='ocrx_word' id='word_1_261' title='bbox 1920 1775 2029 1826; x_wconf 84' lang='lat' dir='ltr'><strong>sive</strong></span> <span class='ocrx_word' id='word_1_262' title='bbox 2110 1789 2239 1826; x_wconf 88' lang='lat' dir='ltr'><strong>nam</strong></span> <span class='ocrx_word' id='word_1_263' title='bbox 2281 1779 2548 1844; x_wconf 87' lang='lat' dir='ltr'><strong>poterunt</strong></span> <span class='ocrx_word' id='word_1_264' title='bbox 2586 1774 2871 1845; x_wconf 87' lang='lat' dir='ltr'><strong>suscipere</strong></span> <span class='ocrx_word' id='word_1_265' title='bbox 2918 1779 3200 1828; x_wconf 84' lang='lat' dir='ltr'><strong>naturam.</strong></span> <span class='ocrx_word' id='word_1_266' title='bbox 3232 1773 3517 1846; x_wconf 79' lang='lat' dir='ltr'><strong>Apostolus</strong></span> <span class='ocrx_word' id='word_1_267' title='bbox 3558 1789 3668 1828; x_wconf 76' lang='lat' dir='ltr'><strong>vero</strong></span> 
     </span>
    </p>
   </div>
   <div class='ocr_carea' id='block_1_20' title="bbox 429 1860 3669 1934">
    <p class='ocr_par' dir='ltr' id='par_1_20' title="bbox 429 1860 3669 1934">
     <span class='ocr_line' id='line_1_20' title="bbox 429 1860 3669 1934; baseline 0 -19"><span class='ocrx_word' id='word_1_268' title='bbox 429 1863 632 1930; x_wconf 83' lang='lat' dir='ltr'><strong>angeli,</strong></span> <span class='ocrx_word' id='word_1_269' title='bbox 681 1863 790 1916; x_wconf 82' lang='lat' dir='ltr'><strong>sive</strong></span> <span class='ocrx_word' id='word_1_270' title='bbox 845 1862 1186 1929; x_wconf 82' lang='lat' dir='ltr'><strong>archangeli,</strong></span> <span class='ocrx_word' id='word_1_271' title='bbox 1243 1863 1354 1914; x_wconf 84' lang='lat' dir='ltr'><strong>sive</strong></span> <span class='ocrx_word' id='word_1_272' title='bbox 1411 1860 1618 1922; x_wconf 84' lang='lat' dir='ltr'><strong>throni,</strong></span> <span class='ocrx_word' id='word_1_273' title='bbox 1676 1863 1787 1913; x_wconf 75' lang='lat' dir='ltr'><strong>sive</strong></span> <span class='ocrx_word' id='word_1_274' title='bbox 1848 1863 2028 1914; x_wconf 82' lang='lat' dir='ltr'><strong>domi-</strong></span> <span class='ocrx_word' id='word_1_275' title='bbox 2111 1862 2397 1916; x_wconf 79' lang='lat' dir='ltr'><strong>evidenter</strong></span> <span class='ocrx_word' id='word_1_276' title='bbox 2443 1863 2764 1929; x_wconf 87' lang='lat' dir='ltr'><strong>ostendens,</strong></span> <span class='ocrx_word' id='word_1_277' title='bbox 2811 1863 3076 1934; x_wconf 87' lang='lat' dir='ltr'><strong>quoniam</strong></span> <span class='ocrx_word' id='word_1_278' title='bbox 3128 1867 3186 1917; x_wconf 88' lang='lat' dir='ltr'><strong>et</strong></span> <span class='ocrx_word' id='word_1_279' title='bbox 3221 1863 3280 1916; x_wconf 91' lang='lat' dir='ltr'><strong>in</strong></span> <span class='ocrx_word' id='word_1_280' title='bbox 3325 1861 3669 1934; x_wconf 86' lang='lat' dir='ltr'><strong>superioribus</strong></span> 
     </span>
    </p>
   </div>
   <div class='ocr_carea' id='block_1_21' title="bbox 432 1951 3669 2022">
    <p class='ocr_par' dir='ltr' id='par_1_21' title="bbox 432 1951 3669 2022">
     <span class='ocr_line' id='line_1_21' title="bbox 432 1951 3669 2022; baseline 0 -18"><span class='ocrx_word' id='word_1_281' title='bbox 432 1951 702 2016; x_wconf 71' lang='lat' dir='ltr'><strong>nationes,</strong></span> <span class='ocrx_word' id='word_1_282' title='bbox 753 1951 864 2004; x_wconf 78' lang='lat' dir='ltr'><strong>sive</strong></span> <span class='ocrx_word' id='word_1_283' title='bbox 903 1952 1276 2022; x_wconf 78' lang='lat' dir='ltr'><strong>principatus,</strong></span> <span class='ocrx_word' id='word_1_284' title='bbox 1329 1951 1439 2002; x_wconf 71' lang='lat' dir='ltr'><strong>sive</strong></span> <span class='ocrx_word' id='word_1_285' title='bbox 1481 1953 1782 2018; x_wconf 80' lang='lat' dir='ltr'><strong>potestates,</strong></span> <span class='ocrx_word' id='word_1_286' title='bbox 1839 1952 2029 2003; x_wconf 85' lang='lat' dir='ltr'><strong>omnia</strong></span> <span class='ocrx_word' id='word_1_287' title='bbox 2111 1951 2346 2017; x_wconf 82' lang='lat' dir='ltr'><strong>dixerat,</strong></span> <span class='ocrx_word' id='word_1_288' title='bbox 2375 1954 2784 2020; x_wconf 80' lang='lat' dir='ltr'><strong>primogenitus</strong></span> <span class='ocrx_word' id='word_1_289' title='bbox 2815 1955 2981 2006; x_wconf 79' lang='lat' dir='ltr'><strong>totius</strong></span> <span class='ocrx_word' id='word_1_290' title='bbox 3008 1959 3295 2018; x_wconf 50' lang='lat' dir='ltr'><strong>creaturis,</strong></span> <span class='ocrx_word' id='word_1_291' title='bbox 3327 1952 3396 2005; x_wconf 88' lang='lat' dir='ltr'><strong>de</strong></span> <span class='ocrx_word' id='word_1_292' title='bbox 3427 1951 3528 2006; x_wconf 84' lang='lat' dir='ltr'><strong>hoc</strong></span> <span class='ocrx_word' id='word_1_293' title='bbox 3567 1951 3669 2022; x_wconf 86' lang='lat' dir='ltr'><strong>ipso</strong></span> 
     </span>
    </p>
   </div>
   <div class='ocr_carea' id='block_1_22' title="bbox 429 2037 3671 2110">
    <p class='ocr_par' dir='ltr' id='par_1_22' title="bbox 429 2037 3671 2110">
     <span class='ocr_line' id='line_1_22' title="bbox 429 2037 3671 2110; baseline 0 -18"><span class='ocrx_word' id='word_1_294' title='bbox 429 2053 530 2106; x_wconf 84' lang='lat' dir='ltr'><strong>per</strong></span> <span class='ocrx_word' id='word_1_295' title='bbox 557 2040 740 2107; x_wconf 84' lang='lat' dir='ltr'><strong>ipsum</strong></span> <span class='ocrx_word' id='word_1_296' title='bbox 766 2043 814 2092; x_wconf 84' lang='lat' dir='ltr'><strong>cl</strong></span> <span class='ocrx_word' id='word_1_297' title='bbox 853 2042 918 2092; x_wconf 86' lang='lat' dir='ltr'><strong>in</strong></span> <span class='ocrx_word' id='word_1_298' title='bbox 947 2041 1063 2106; x_wconf 86' lang='lat' dir='ltr'><strong>ipso</strong></span> <span class='ocrx_word' id='word_1_299' title='bbox 1091 2043 1274 2091; x_wconf 85' lang='lat' dir='ltr'><strong>creata</strong></span> <span class='ocrx_word' id='word_1_300' title='bbox 1303 2043 1454 2090; x_wconf 85' lang='lat' dir='ltr'><strong>sunt.</strong></span> <span class='ocrx_word' id='word_1_301' title='bbox 1485 2037 1567 2090; x_wconf 91' lang='lat' dir='ltr'><strong>De</strong></span> <span class='ocrx_word' id='word_1_302' title='bbox 1605 2037 1845 2091; x_wconf 87' lang='lat' dir='ltr'><strong>istorum</strong></span> <span class='ocrx_word' id='word_1_303' title='bbox 1889 2055 2028 2108; x_wconf 85' lang='lat' dir='ltr'><strong>quo-</strong></span> <span class='ocrx_word' id='word_1_304' title='bbox 2111 2039 2318 2094; x_wconf 84' lang='lat' dir='ltr'><strong>iterum</strong></span> <span class='ocrx_word' id='word_1_305' title='bbox 2334 2040 2492 2106; x_wconf 82' lang='lat' dir='ltr'><strong>dixit,</strong></span> <span class='ocrx_word' id='word_1_306' title='bbox 2507 2043 2918 2110; x_wconf 80' lang='lat' dir='ltr'><strong>primogenitus</strong></span> <span class='ocrx_word' id='word_1_307' title='bbox 2946 2057 3010 2094; x_wconf 56' lang='lat' dir='ltr'><strong>ea:</strong></span> <span class='ocrx_word' id='word_1_308' title='bbox 3040 2043 3298 2108; x_wconf 81' lang='lat' dir='ltr'><strong>mortuis,</strong></span> <span class='ocrx_word' id='word_1_309' title='bbox 3329 2041 3538 2096; x_wconf 88' lang='lat' dir='ltr'><strong>undeet</strong></span> <span class='ocrx_word' id='word_1_310' title='bbox 3555 2039 3671 2110; x_wconf 85' lang='lat' dir='ltr'><strong>adji-</strong></span> 
     </span>
    </p>
   </div>
   <div class='ocr_carea' id='block_1_23' title="bbox 429 2123 3671 2199">
    <p class='ocr_par' dir='ltr' id='par_1_23' title="bbox 429 2123 3671 2199">
     <span class='ocr_line' id='line_1_23' title="bbox 429 2123 3671 2199; baseline 0.001 -19"><span class='ocrx_word' id='word_1_311' title='bbox 429 2141 542 2198; x_wconf 88' lang='lat' dir='ltr'><strong>que</strong></span> <span class='ocrx_word' id='word_1_312' title='bbox 594 2141 832 2180; x_wconf 88' lang='lat' dir='ltr'><strong>numero</strong></span> <span class='ocrx_word' id='word_1_313' title='bbox 870 2125 1172 2180; x_wconf 87' lang='lat' dir='ltr'><strong>nonnullos</strong></span> <span class='ocrx_word' id='word_1_314' title='bbox 1219 2125 1499 2196; x_wconf 85' lang='lat' dir='ltr'><strong>principes</strong></span> <span class='ocrx_word' id='word_1_315' title='bbox 1535 2123 1710 2180; x_wconf 79' lang='lat' dir='ltr'><strong>fuisse</strong></span> <span class='ocrx_word' id='word_1_316' title='bbox 1757 2127 2031 2196; x_wconf 76' lang='lat' dir='ltr'><strong>collapsos</strong></span> <span class='ocrx_word' id='word_1_317' title='bbox 2111 2128 2188 2182; x_wconf 90' lang='lat' dir='ltr'><strong>cit</strong></span> <span class='ocrx_word' id='word_1_318' title='bbox 2219 2148 2230 2182; x_wconf 89' lang='lat'>:</span> <span class='ocrx_word' id='word_1_319' title='bbox 2261 2131 2323 2184; x_wconf 77' lang='lat' dir='ltr'><strong>Ut</strong></span> <span class='ocrx_word' id='word_1_320' title='bbox 2354 2132 2452 2197; x_wconf 77' lang='lat' dir='ltr'><strong>ﬂat</strong></span> <span class='ocrx_word' id='word_1_321' title='bbox 2479 2132 2546 2183; x_wconf 87' lang='lat' dir='ltr'><strong>in</strong></span> <span class='ocrx_word' id='word_1_322' title='bbox 2573 2132 2829 2184; x_wconf 84' lang='lat' dir='ltr'><strong>omnibus</strong></span> <span class='ocrx_word' id='word_1_323' title='bbox 2857 2133 2970 2199; x_wconf 84' lang='lat' dir='ltr'><strong>ipse</strong></span> <span class='ocrx_word' id='word_1_324' title='bbox 2991 2133 3308 2199; x_wconf 84' lang='lat' dir='ltr'><strong>primatum</strong></span> <span class='ocrx_word' id='word_1_325' title='bbox 3339 2135 3528 2184; x_wconf 84' lang='lat' dir='ltr'><strong>tenens.</strong></span> <span class='ocrx_word' id='word_1_326' title='bbox 3549 2127 3671 2182; x_wconf 77' lang='lat' dir='ltr'><strong>Nam</strong></span> 
     </span>
    </p>
   </div>
   <div class='ocr_carea' id='block_1_24' title="bbox 429 2213 3674 2289">
    <p class='ocr_par' dir='ltr' id='par_1_24' title="bbox 429 2213 3674 2289">
     <span class='ocr_line' id='line_1_24' title="bbox 429 2213 3674 2289; baseline 0.001 -21"><span class='ocrx_word' id='word_1_327' title='bbox 429 2213 758 2268; x_wconf 74' lang='lat' dir='ltr'><strong>lamentatio</strong></span> <span class='ocrx_word' id='word_1_328' title='bbox 787 2213 1090 2269; x_wconf 83' lang='lat' dir='ltr'><strong>Ezechielis</strong></span> <span class='ocrx_word' id='word_1_329' title='bbox 1117 2214 1234 2268; x_wconf 85' lang='lat' dir='ltr'><strong>sive</strong></span> <span class='ocrx_word' id='word_1_330' title='bbox 1260 2213 1420 2268; x_wconf 69' lang='lat' dir='ltr'><strong>Isaia:</strong></span> <span class='ocrx_word' id='word_1_331' title='bbox 1447 2213 1902 2269; x_wconf 81' lang='lat' dir='ltr'><strong>manifestissime</strong></span> <span class='ocrx_word' id='word_1_332' title='bbox 1929 2215 2030 2270; x_wconf 82' lang='lat' dir='ltr'><strong>do-</strong></span> <span class='ocrx_word' id='word_1_333' title='bbox 2113 2219 2262 2288; x_wconf 85' lang='lat' dir='ltr'><strong>quod</strong></span> <span class='ocrx_word' id='word_1_334' title='bbox 2282 2217 2438 2283; x_wconf 83' lang='lat' dir='ltr'><strong>dixit,</strong></span> <span class='ocrx_word' id='word_1_335' title='bbox 2462 2234 2572 2272; x_wconf 90' lang='lat' dir='ltr'><strong>non</strong></span> <span class='ocrx_word' id='word_1_336' title='bbox 2595 2224 2660 2272; x_wconf 90' lang='lat' dir='ltr'><strong>ut</strong></span> <span class='ocrx_word' id='word_1_337' title='bbox 2679 2234 2906 2272; x_wconf 88' lang='lat' dir='ltr'><strong>causam</strong></span> <span class='ocrx_word' id='word_1_338' title='bbox 2931 2218 3090 2285; x_wconf 84' lang='lat' dir='ltr'><strong>dixit,</strong></span> <span class='ocrx_word' id='word_1_339' title='bbox 3110 2219 3208 2273; x_wconf 91' lang='lat' dir='ltr'><strong>sed</strong></span> <span class='ocrx_word' id='word_1_340' title='bbox 3243 2218 3339 2272; x_wconf 88' lang='lat' dir='ltr'><strong>illa</strong></span> <span class='ocrx_word' id='word_1_341' title='bbox 3371 2233 3487 2289; x_wconf 61' lang='lat' dir='ltr'><strong>qua</strong></span> <span class='ocrx_word' id='word_1_342' title='bbox 3505 2233 3674 2288; x_wconf 63' lang='lat' dir='ltr'><strong>seque</strong></span> 
     </span>
    </p>
   </div>
   <div class='ocr_carea' id='block_1_25' title="bbox 429 2303 3673 2376">
    <p class='ocr_par' dir='ltr' id='par_1_25' title="bbox 429 2303 3673 2376">
     <span class='ocr_line' id='line_1_25' title="bbox 429 2303 3673 2376; baseline 0.001 -20"><span class='ocrx_word' id='word_1_343' title='bbox 429 2309 520 2357; x_wconf 88' lang='lat' dir='ltr'><strong>cet</strong></span> <span class='ocrx_word' id='word_1_344' title='bbox 552 2305 682 2370; x_wconf 81' lang='lat' dir='ltr'><strong>(Isa.</strong></span> <span class='ocrx_word' id='word_1_345' title='bbox 719 2317 839 2369; x_wconf 79' lang='lat' dir='ltr'><strong>xn&#39;;</strong></span> <span class='ocrx_word' id='word_1_346' title='bbox 871 2303 1062 2358; x_wconf 78' lang='lat' dir='ltr'><strong>Ezeeh.</strong></span> <span class='ocrx_word' id='word_1_347' title='bbox 1106 2306 1290 2372; x_wconf 71' lang='lat' dir='ltr'><strong>xxvm)</strong></span> <span class='ocrx_word' id='word_1_348' title='bbox 1321 2321 1333 2369; x_wconf 89' lang='lat'><strong>;</strong></span> <span class='ocrx_word' id='word_1_349' title='bbox 1367 2303 1426 2356; x_wconf 91' lang='lat' dir='ltr'><strong>in</strong></span> <span class='ocrx_word' id='word_1_350' title='bbox 1469 2303 1671 2373; x_wconf 87' lang='lat' dir='ltr'><strong>quibus</strong></span> <span class='ocrx_word' id='word_1_351' title='bbox 1724 2304 2029 2374; x_wconf 89' lang='lat' dir='ltr'><strong>principem</strong></span> <span class='ocrx_word' id='word_1_352' title='bbox 2113 2305 2321 2360; x_wconf 83' lang='lat' dir='ltr'><strong>bantur</strong></span> <span class='ocrx_word' id='word_1_353' title='bbox 2348 2313 2614 2361; x_wconf 86' lang='lat' dir='ltr'><strong>consuete</strong></span> <span class='ocrx_word' id='word_1_354' title='bbox 2643 2307 2748 2362; x_wconf 86' lang='lat' dir='ltr'><strong>sibi</strong></span> <span class='ocrx_word' id='word_1_355' title='bbox 2777 2307 2967 2361; x_wconf 81' lang='lat' dir='ltr'><strong>edixit.</strong></span> <span class='ocrx_word' id='word_1_356' title='bbox 3003 2307 3142 2362; x_wconf 82' lang='lat' dir='ltr'><strong>Vult</strong></span> <span class='ocrx_word' id='word_1_357' title='bbox 3170 2307 3320 2362; x_wconf 86' lang='lat' dir='ltr'><strong>enim</strong></span> <span class='ocrx_word' id='word_1_358' title='bbox 3341 2306 3517 2360; x_wconf 88' lang='lat' dir='ltr'><strong>dicere</strong></span> <span class='ocrx_word' id='word_1_359' title='bbox 3547 2304 3673 2376; x_wconf 84' lang='lat' dir='ltr'><strong>quod</strong></span> 
     </span>
    </p>
   </div>
   <div class='ocr_carea' id='block_1_26' title="bbox 427 2391 3674 2468">
    <p class='ocr_par' dir='ltr' id='par_1_26' title="bbox 427 2391 3674 2468">
     <span class='ocr_line' id='line_1_26' title="bbox 427 2391 3674 2468; baseline 0.001 -23"><span class='ocrx_word' id='word_1_360' title='bbox 427 2391 565 2463; x_wconf 77' lang='lat' dir='ltr'><strong>Tyri</strong></span> <span class='ocrx_word' id='word_1_361' title='bbox 593 2393 680 2446; x_wconf 86' lang='lat' dir='ltr'><strong>vel</strong></span> <span class='ocrx_word' id='word_1_362' title='bbox 709 2391 871 2446; x_wconf 78' lang='lat' dir='ltr'><strong>illum</strong></span> <span class='ocrx_word' id='word_1_363' title='bbox 891 2391 1210 2446; x_wconf 80' lang='lat' dir='ltr'><strong>Luciferum</strong></span> <span class='ocrx_word' id='word_1_364' title='bbox 1233 2391 1328 2462; x_wconf 88' lang='lat' dir='ltr'><strong>qui</strong></span> <span class='ocrx_word' id='word_1_365' title='bbox 1359 2407 1525 2446; x_wconf 86' lang='lat' dir='ltr'><strong>mane</strong></span> <span class='ocrx_word' id='word_1_366' title='bbox 1545 2391 1833 2446; x_wconf 81' lang='lat' dir='ltr'><strong>oriebatur</strong></span> <span class='ocrx_word' id='word_1_367' title='bbox 1857 2391 2032 2446; x_wconf 75' lang='lat' dir='ltr'><strong>flebili</strong></span> <span class='ocrx_word' id='word_1_368' title='bbox 2115 2400 2202 2449; x_wconf 86' lang='lat' dir='ltr'><strong>est</strong></span> <span class='ocrx_word' id='word_1_369' title='bbox 2211 2410 2312 2466; x_wconf 90' lang='lat' dir='ltr'><strong>per</strong></span> <span class='ocrx_word' id='word_1_370' title='bbox 2322 2396 2513 2449; x_wconf 88' lang='lat' dir='ltr'><strong>omnia</strong></span> <span class='ocrx_word' id='word_1_371' title='bbox 2525 2395 2645 2467; x_wconf 87' lang='lat' dir='ltr'><strong>ipse</strong></span> <span class='ocrx_word' id='word_1_372' title='bbox 2663 2395 2894 2467; x_wconf 88' lang='lat' dir='ltr'><strong>primus,</strong></span> <span class='ocrx_word' id='word_1_373' title='bbox 2917 2412 3030 2450; x_wconf 90' lang='lat' dir='ltr'><strong>non</strong></span> <span class='ocrx_word' id='word_1_374' title='bbox 3047 2397 3235 2450; x_wconf 90' lang='lat' dir='ltr'><strong>solum</strong></span> <span class='ocrx_word' id='word_1_375' title='bbox 3265 2395 3395 2468; x_wconf 87' lang='lat' dir='ltr'><strong>quia</strong></span> <span class='ocrx_word' id='word_1_376' title='bbox 3413 2395 3674 2449; x_wconf 85' lang='lat' dir='ltr'><strong>inchoasse</strong></span> 
     </span>
    </p>
   </div>
   <div class='ocr_carea' id='block_1_27' title="bbox 433 2479 3672 2560">
    <p class='ocr_par' dir='ltr' id='par_1_27' title="bbox 433 2479 3672 2560">
     <span class='ocr_line' id='line_1_27' title="bbox 433 2479 3672 2560; baseline 0 -26"><span class='ocrx_word' id='word_1_377' title='bbox 433 2481 661 2560; x_wconf 76' lang='lat' dir='ltr'><strong>planctu</strong></span> <span class='ocrx_word' id='word_1_378' title='bbox 691 2479 1077 2552; x_wconf 82' lang='lat' dir='ltr'><strong>cognoscimus</strong></span> <span class='ocrx_word' id='word_1_379' title='bbox 1106 2479 1420 2534; x_wconf 83' lang='lat' dir='ltr'><strong>lamentari.</strong></span> <span class='ocrx_word' id='word_1_380' title='bbox 1450 2481 1798 2560; x_wconf 10' lang='lat' dir='ltr'><strong>(A-mb.)iNon</strong></span> <span class='ocrx_word' id='word_1_381' title='bbox 1831 2487 1918 2534; x_wconf 87' lang='lat' dir='ltr'><strong>est</strong></span> <span class='ocrx_word' id='word_1_382' title='bbox 1937 2497 2034 2535; x_wconf 85' lang='lat' dir='ltr'><strong>au—</strong></span> <span class='ocrx_word' id='word_1_383' title='bbox 2114 2485 2580 2538; x_wconf 83' lang='lat' dir='ltr'><strong>resurrectionem</strong></span> <span class='ocrx_word' id='word_1_384' title='bbox 2612 2485 2852 2552; x_wconf 79' lang='lat' dir='ltr'><strong>videtur,</strong></span> <span class='ocrx_word' id='word_1_385' title='bbox 2884 2485 2980 2539; x_wconf 88' lang='lat' dir='ltr'><strong>sed</strong></span> <span class='ocrx_word' id='word_1_386' title='bbox 3009 2485 3162 2558; x_wconf 90' lang='lat' dir='ltr'><strong>quod</strong></span> <span class='ocrx_word' id='word_1_387' title='bbox 3201 2486 3276 2540; x_wconf 85' lang='lat' dir='ltr'><strong>sit</strong></span> <span class='ocrx_word' id='word_1_388' title='bbox 3311 2491 3367 2540; x_wconf 88' lang='lat' dir='ltr'><strong>et</strong></span> <span class='ocrx_word' id='word_1_389' title='bbox 3390 2499 3486 2556; x_wconf 89' lang='lat' dir='ltr'><strong>per</strong></span> <span class='ocrx_word' id='word_1_390' title='bbox 3512 2482 3672 2536; x_wconf 81' lang='lat' dir='ltr'><strong>omnia</strong></span> 
     </span>
    </p>
   </div>
   <div class='ocr_carea' id='block_1_28' title="bbox 431 2559 3674 2646">
    <p class='ocr_par' dir='ltr' id='par_1_28' title="bbox 431 2559 3674 2646">
     <span class='ocr_line' id='line_1_28' title="bbox 431 2559 3674 2646; baseline 0.001 -24"><span class='ocrx_word' id='word_1_391' title='bbox 431 2559 550 2622; x_wconf 82' lang='lat' dir='ltr'><strong>tem</strong></span> <span class='ocrx_word' id='word_1_392' title='bbox 575 2568 896 2622; x_wconf 83' lang='lat' dir='ltr'><strong>mirandum</strong></span> <span class='ocrx_word' id='word_1_393' title='bbox 924 2567 973 2622; x_wconf 88' lang='lat' dir='ltr'><strong>si</strong></span> <span class='ocrx_word' id='word_1_394' title='bbox 1005 2568 1164 2640; x_wconf 85' lang='lat' dir='ltr'><strong>quasi</strong></span> <span class='ocrx_word' id='word_1_395' title='bbox 1185 2567 1254 2622; x_wconf 92' lang='lat' dir='ltr'><strong>de</strong></span> <span class='ocrx_word' id='word_1_396' title='bbox 1277 2569 1502 2622; x_wconf 88' lang='lat' dir='ltr'><strong>homine</strong></span> <span class='ocrx_word' id='word_1_397' title='bbox 1522 2559 1816 2639; x_wconf 77' lang='lat' dir='ltr'><strong>disputans</strong></span> <span class='ocrx_word' id='word_1_398' title='bbox 1842 2569 1914 2622; x_wconf 89' lang='lat' dir='ltr'><strong>ab</strong></span> <span class='ocrx_word' id='word_1_399' title='bbox 1929 2570 2034 2624; x_wconf 77' lang='lat' dir='ltr'><strong>&#39;hu-</strong></span> <span class='ocrx_word' id='word_1_400' title='bbox 2114 2573 2420 2644; x_wconf 88' lang='lat' dir='ltr'><strong>primatum</strong></span> <span class='ocrx_word' id='word_1_401' title='bbox 2477 2579 2692 2628; x_wconf 87' lang='lat' dir='ltr'><strong>tenens.</strong></span> <span class='ocrx_word' id='word_1_402' title='bbox 2737 2574 2941 2628; x_wconf 87' lang='lat' dir='ltr'><strong>Omnia</strong></span> <span class='ocrx_word' id='word_1_403' title='bbox 2970 2573 3122 2628; x_wconf 87' lang='lat' dir='ltr'><strong>enim</strong></span> <span class='ocrx_word' id='word_1_404' title='bbox 3161 2575 3260 2628; x_wconf 82' lang='lat' dir='ltr'><strong>illa</strong></span> <span class='ocrx_word' id='word_1_405' title='bbox 3300 2589 3424 2646; x_wconf 57' lang='lat' dir='ltr'><strong>qua</strong></span> <span class='ocrx_word' id='word_1_406' title='bbox 3457 2573 3515 2627; x_wconf 90' lang='lat' dir='ltr'><strong>in</strong></span> <span class='ocrx_word' id='word_1_407' title='bbox 3548 2587 3674 2626; x_wconf 74' lang='lat' dir='ltr'><strong>crea-</strong></span> 
     </span>
    </p>
   </div>
   <div class='ocr_carea' id='block_1_29' title="bbox 437 2656 3674 2734">
    <p class='ocr_par' dir='ltr' id='par_1_29' title="bbox 437 2656 3674 2734">
     <span class='ocr_line' id='line_1_29' title="bbox 437 2656 3674 2734; baseline 0.001 -25"><span class='ocrx_word' id='word_1_408' title='bbox 437 2657 621 2710; x_wconf 82' lang='lat' dir='ltr'><strong>manis</strong></span> <span class='ocrx_word' id='word_1_409' title='bbox 659 2656 828 2710; x_wconf 83' lang='lat' dir='ltr'><strong>rebus</strong></span> <span class='ocrx_word' id='word_1_410' title='bbox 869 2657 940 2710; x_wconf 86' lang='lat' dir='ltr'><strong>ad</strong></span> <span class='ocrx_word' id='word_1_411' title='bbox 977 2656 1293 2710; x_wconf 77' lang='lat' dir='ltr'><strong>doctrinam</strong></span> <span class='ocrx_word' id='word_1_412' title='bbox 1341 2657 1565 2710; x_wconf 86' lang='lat' dir='ltr'><strong>deitatis</strong></span> <span class='ocrx_word' id='word_1_413' title='bbox 1605 2657 1881 2712; x_wconf 86' lang='lat' dir='ltr'><strong>transivit.</strong></span> <span class='ocrx_word' id='word_1_414' title='bbox 1915 2658 2030 2712; x_wconf 74' lang='lat' dir='ltr'><strong>Hoc</strong></span> <span class='ocrx_word' id='word_1_415' title='bbox 2113 2662 2256 2716; x_wconf 84' lang='lat' dir='ltr'><strong>turis</strong></span> <span class='ocrx_word' id='word_1_416' title='bbox 2275 2663 2658 2727; x_wconf 84' lang='lat' dir='ltr'><strong>nominantur,</strong></span> <span class='ocrx_word' id='word_1_417' title='bbox 2681 2663 2841 2734; x_wconf 86' lang='lat' dir='ltr'><strong>quasi</strong></span> <span class='ocrx_word' id='word_1_418' title='bbox 2859 2663 3132 2733; x_wconf 86' lang='lat' dir='ltr'><strong>majorem</strong></span> <span class='ocrx_word' id='word_1_419' title='bbox 3146 2663 3418 2718; x_wconf 87' lang='lat' dir='ltr'><strong>honorem</strong></span> <span class='ocrx_word' id='word_1_420' title='bbox 3433 2661 3674 2724; x_wconf 83' lang='lat' dir='ltr'><strong>tribuent,</strong></span> 
     </span>
    </p>
   </div>
   <div class='ocr_carea' id='block_1_30' title="bbox 433 2743 3678 2823">
    <p class='ocr_par' dir='ltr' id='par_1_30' title="bbox 433 2743 3678 2823">
     <span class='ocr_line' id='line_1_30' title="bbox 433 2743 3678 2823; baseline 0.001 -24"><span class='ocrx_word' id='word_1_421' title='bbox 433 2743 584 2799; x_wconf 85' lang='lat' dir='ltr'><strong>enim</strong></span> <span class='ocrx_word' id='word_1_422' title='bbox 611 2744 972 2800; x_wconf 85' lang='lat' dir='ltr'><strong>ostendemus</strong></span> <span class='ocrx_word' id='word_1_423' title='bbox 999 2743 1197 2798; x_wconf 80' lang='lat' dir='ltr'><strong>fecisse</strong></span> <span class='ocrx_word' id='word_1_424' title='bbox 1226 2746 1557 2816; x_wconf 76' lang='lat' dir='ltr'><strong>Apostolum</strong></span> <span class='ocrx_word' id='word_1_425' title='bbox 1588 2745 2030 2818; x_wconf 78' lang='lat' dir='ltr'><strong>etPhilippensi—</strong></span> <span class='ocrx_word' id='word_1_426' title='bbox 2112 2757 2170 2804; x_wconf 86' lang='lat' dir='ltr'><strong>et</strong></span> <span class='ocrx_word' id='word_1_427' title='bbox 2197 2751 2355 2821; x_wconf 85' lang='lat' dir='ltr'><strong>quasi</strong></span> <span class='ocrx_word' id='word_1_428' title='bbox 2385 2751 2762 2822; x_wconf 86' lang='lat' dir='ltr'><strong>interpretans</strong></span> <span class='ocrx_word' id='word_1_429' title='bbox 2788 2751 2886 2804; x_wconf 80' lang='lat' dir='ltr'><strong>illa</strong></span> <span class='ocrx_word' id='word_1_430' title='bbox 2927 2767 3052 2822; x_wconf 71' lang='lat' dir='ltr'><strong>qua:</strong></span> <span class='ocrx_word' id='word_1_431' title='bbox 3089 2751 3354 2823; x_wconf 89' lang='lat' dir='ltr'><strong>superi-us</strong></span> <span class='ocrx_word' id='word_1_432' title='bbox 3387 2751 3604 2814; x_wconf 87' lang='lat' dir='ltr'><strong>dixerat,</strong></span> <span class='ocrx_word' id='word_1_433' title='bbox 3631 2753 3678 2802; x_wconf 85' lang='lat' dir='ltr'><strong>et</strong></span> 
     </span>
    </p>
   </div>
   <div class='ocr_carea' id='block_1_31' title="bbox 431 2833 3672 2911">
    <p class='ocr_par' dir='ltr' id='par_1_31' title="bbox 431 2833 3672 2911">
     <span class='ocr_line' id='line_1_31' title="bbox 431 2833 3672 2911; baseline 0.001 -24"><span class='ocrx_word' id='word_1_434' title='bbox 431 2833 537 2888; x_wconf 79' lang='lat' dir='ltr'><strong>bus</strong></span> <span class='ocrx_word' id='word_1_435' title='bbox 563 2833 902 2887; x_wconf 87' lang='lat' dir='ltr'><strong>scribentem</strong></span> <span class='ocrx_word' id='word_1_436' title='bbox 949 2833 1045 2887; x_wconf 89' lang='lat' dir='ltr'><strong>ubi</strong></span> <span class='ocrx_word' id='word_1_437' title='bbox 1095 2833 1277 2887; x_wconf 89' lang='lat' dir='ltr'><strong>dicit:</strong></span> <span class='ocrx_word' id='word_1_438' title='bbox 1311 2835 1420 2901; x_wconf 85' lang='lat' dir='ltr'><strong>Qui</strong></span> <span class='ocrx_word' id='word_1_439' title='bbox 1463 2837 1523 2888; x_wconf 83' lang='lat' dir='ltr'><strong>in</strong></span> <span class='ocrx_word' id='word_1_440' title='bbox 1564 2837 1748 2902; x_wconf 81' lang='lat' dir='ltr'><strong>forma</strong></span> <span class='ocrx_word' id='word_1_441' title='bbox 1794 2836 1892 2889; x_wconf 76' lang='lat' dir='ltr'><strong>Dei</strong></span> <span class='ocrx_word' id='word_1_442' title='bbox 1935 2853 2026 2890; x_wconf 67' lang='grc' dir='ltr'><strong>εχ·</strong></span> <span class='ocrx_word' id='word_1_443' title='bbox 2111 2845 2305 2910; x_wconf 87' lang='lat' dir='ltr'><strong>aperte</strong></span> <span class='ocrx_word' id='word_1_444' title='bbox 2345 2839 2483 2894; x_wconf 79' lang='lat' dir='ltr'><strong>iiiud</strong></span> <span class='ocrx_word' id='word_1_445' title='bbox 2507 2840 2656 2911; x_wconf 83' lang='lat' dir='ltr'><strong>quod</strong></span> <span class='ocrx_word' id='word_1_446' title='bbox 2685 2840 2906 2894; x_wconf 84' lang='lat' dir='ltr'><strong>dixerat</strong></span> <span class='ocrx_word' id='word_1_447' title='bbox 2951 2840 3252 2894; x_wconf 83' lang='lat' dir='ltr'><strong>ostendere</strong></span> <span class='ocrx_word' id='word_1_448' title='bbox 3297 2839 3534 2911; x_wconf 88' lang='lat' dir='ltr'><strong>cupiens,</strong></span> <span class='ocrx_word' id='word_1_449' title='bbox 3570 2837 3672 2892; x_wconf 82' lang='lat' dir='ltr'><strong>ait:</strong></span> 
     </span>
    </p>
   </div>
   <div class='ocr_carea' id='block_1_32' title="bbox 429 2921 3677 2998">
    <p class='ocr_par' dir='ltr' id='par_1_32' title="bbox 429 2921 3677 2998">
     <span class='ocr_line' id='line_1_32' title="bbox 429 2921 3677 2998; baseline 0.001 -22"><span class='ocrx_word' id='word_1_450' title='bbox 429 2927 602 2988; x_wconf 87' lang='lat' dir='ltr'><strong>stans,</strong></span> <span class='ocrx_word' id='word_1_451' title='bbox 637 2927 744 2976; x_wconf 84' lang='lat' dir='ltr'><strong>etc.</strong></span> <span class='ocrx_word' id='word_1_452' title='bbox 779 2921 1005 2991; x_wconf 80' lang='lat' dir='ltr'><strong>(Philip.</strong></span> <span class='ocrx_word' id='word_1_453' title='bbox 1029 2925 1107 2991; x_wconf 76' lang='grc' dir='ltr'><strong>ιι).</strong></span> <span class='ocrx_word' id='word_1_454' title='bbox 1133 2923 1432 2976; x_wconf 86' lang='lat' dir='ltr'><strong>Evidenter</strong></span> <span class='ocrx_word' id='word_1_455' title='bbox 1451 2921 1526 2976; x_wconf 89' lang='lat' dir='ltr'><strong>ibi</strong></span> <span class='ocrx_word' id='word_1_456' title='bbox 1547 2924 1848 2994; x_wconf 79' lang='lat' dir='ltr'><strong>Apostolus</strong></span> <span class='ocrx_word' id='word_1_457' title='bbox 1877 2939 1912 2978; x_wconf 90' lang='lat' dir='ltr'><strong>a</strong></span> <span class='ocrx_word' id='word_1_458' title='bbox 1938 2923 2026 2978; x_wconf 86' lang='lat' dir='ltr'><strong>di-</strong></span> <span class='ocrx_word' id='word_1_459' title='bbox 2052 2993 2084 2998; x_wconf 81' lang='lat'><strong>_</strong></span> <span class='ocrx_word' id='word_1_460' title='bbox 2114 2929 2386 2994; x_wconf 76' lang='lat' dir='ltr'><strong>Quoniam</strong></span> <span class='ocrx_word' id='word_1_461' title='bbox 2406 2932 2471 2982; x_wconf 88' lang='lat' dir='ltr'><strong>in</strong></span> <span class='ocrx_word' id='word_1_462' title='bbox 2485 2931 2600 2998; x_wconf 84' lang='lat' dir='ltr'><strong>ipso</strong></span> <span class='ocrx_word' id='word_1_463' title='bbox 2621 2934 2802 2983; x_wconf 86' lang='lat' dir='ltr'><strong>creata</strong></span> <span class='ocrx_word' id='word_1_464' title='bbox 2824 2933 2956 2983; x_wconf 84' lang='lat' dir='ltr'><strong>sunt</strong></span> <span class='ocrx_word' id='word_1_465' title='bbox 2974 2932 3190 2996; x_wconf 85' lang='lat' dir='ltr'><strong>omnia,</strong></span> <span class='ocrx_word' id='word_1_466' title='bbox 3215 2934 3322 2984; x_wconf 83' lang='lat' dir='ltr'><strong>etc.</strong></span> <span class='ocrx_word' id='word_1_467' title='bbox 3346 2929 3601 2997; x_wconf 80' lang='lat' dir='ltr'><strong>Quoniam</strong></span> <span class='ocrx_word' id='word_1_468' title='bbox 3624 2927 3677 2978; x_wconf 75' lang='lat' dir='ltr'><strong>in</strong></span> 
     </span>
    </p>
   </div>
   <div class='ocr_carea' id='block_1_33' title="bbox 428 2993 3678 3087">
    <p class='ocr_par' dir='ltr' id='par_1_33' title="bbox 428 2993 3678 3087">
     <span class='ocr_line' id='line_1_33' title="bbox 428 2993 3678 3087; baseline 0.002 -24"><span class='ocrx_word' id='word_1_469' title='bbox 428 3011 572 3064; x_wconf 88' lang='lat' dir='ltr'><strong>vinis</strong></span> <span class='ocrx_word' id='word_1_470' title='bbox 599 3011 668 3065; x_wconf 88' lang='lat' dir='ltr'><strong>ad</strong></span> <span class='ocrx_word' id='word_1_471' title='bbox 687 3011 993 3064; x_wconf 82' lang='lat' dir='ltr'><strong>humanam</strong></span> <span class='ocrx_word' id='word_1_472' title='bbox 1013 3010 1292 3077; x_wconf 86' lang='lat' dir='ltr'><strong>transivit,</strong></span> <span class='ocrx_word' id='word_1_473' title='bbox 1318 3017 1375 3065; x_wconf 87' lang='lat' dir='ltr'><strong>et</strong></span> <span class='ocrx_word' id='word_1_474' title='bbox 1395 2993 1619 3082; x_wconf 78' lang='lat' dir='ltr'><strong>quidem</strong></span> <span class='ocrx_word' id='word_1_475' title='bbox 1643 3013 1804 3082; x_wconf 87' lang='lat' dir='ltr'><strong>quasi</strong></span> <span class='ocrx_word' id='word_1_476' title='bbox 1823 3012 1892 3066; x_wconf 90' lang='lat' dir='ltr'><strong>de</strong></span> <span class='ocrx_word' id='word_1_477' title='bbox 1913 3029 2026 3068; x_wconf 88' lang='lat' dir='ltr'><strong>uno</strong></span> <span class='ocrx_word' id='word_1_478' title='bbox 2042 2993 2088 3056; x_wconf 69' lang='grc' dir='ltr'>δ</span> <span class='ocrx_word' id='word_1_479' title='bbox 2111 2993 2224 3085; x_wconf 79' lang='lat' dir='ltr'><strong>ipso</strong></span> <span class='ocrx_word' id='word_1_480' title='bbox 2244 2993 2575 3086; x_wconf 72' lang='lat' dir='ltr'><strong>complacuit</strong></span> <span class='ocrx_word' id='word_1_481' title='bbox 2593 3033 2810 3072; x_wconf 84' lang='lat' dir='ltr'><strong>omnem</strong></span> <span class='ocrx_word' id='word_1_482' title='bbox 2820 2993 3237 3087; x_wconf 80' lang='lat' dir='ltr'><strong>plenitudinem</strong></span> <span class='ocrx_word' id='word_1_483' title='bbox 3261 2993 3519 3081; x_wconf 59' lang='lat' dir='ltr'><strong>habitare,</strong></span> <span class='ocrx_word' id='word_1_484' title='bbox 3537 3019 3582 3069; x_wconf 85' lang='lat' dir='ltr'><strong>et</strong></span> <span class='ocrx_word' id='word_1_485' title='bbox 3594 3029 3678 3082; x_wconf 77' lang='lat' dir='ltr'><strong>per</strong></span> 
     </span>
    </p>
   </div>
   <div class='ocr_carea' id='block_1_34' title="bbox 430 3099 3680 3174">
    <p class='ocr_par' dir='ltr' id='par_1_34' title="bbox 430 3099 3680 3174">
     <span class='ocr_line' id='line_1_34' title="bbox 430 3099 3680 3174; baseline 0.001 -21"><span class='ocrx_word' id='word_1_486' title='bbox 430 3099 742 3170; x_wconf 84' lang='lat' dir='ltr'><strong>eodemque</strong></span> <span class='ocrx_word' id='word_1_487' title='bbox 765 3099 955 3153; x_wconf 89' lang='lat' dir='ltr'><strong>omnia</strong></span> <span class='ocrx_word' id='word_1_488' title='bbox 973 3099 1182 3154; x_wconf 88' lang='lat' dir='ltr'><strong>dicens.</strong></span> <span class='ocrx_word' id='word_1_489' title='bbox 1211 3099 1320 3154; x_wconf 89' lang='lat' dir='ltr'><strong>Sed</strong></span> <span class='ocrx_word' id='word_1_490' title='bbox 1350 3099 1420 3153; x_wconf 89' lang='lat' dir='ltr'><strong>ad</strong></span> <span class='ocrx_word' id='word_1_491' title='bbox 1443 3099 1706 3154; x_wconf 66' lang='lat' dir='ltr'><strong>Hebrmos</strong></span> <span class='ocrx_word' id='word_1_492' title='bbox 1724 3100 1922 3155; x_wconf 87' lang='lat' dir='ltr'><strong>itidem</strong></span> <span class='ocrx_word' id='word_1_493' title='bbox 1937 3102 2026 3156; x_wconf 92' lang='lat' dir='ltr'><strong>di-</strong></span> <span class='ocrx_word' id='word_1_494' title='bbox 2110 3119 2236 3158; x_wconf 77' lang='lat' dir='ltr'><strong>eum</strong></span> <span class='ocrx_word' id='word_1_495' title='bbox 2260 3108 2618 3160; x_wconf 70' lang='lat' dir='ltr'><strong>reconciliare</strong></span> <span class='ocrx_word' id='word_1_496' title='bbox 2633 3109 2826 3159; x_wconf 84' lang='lat' dir='ltr'><strong>omnia</strong></span> <span class='ocrx_word' id='word_1_497' title='bbox 2845 3108 2910 3159; x_wconf 87' lang='lat' dir='ltr'><strong>in</strong></span> <span class='ocrx_word' id='word_1_498' title='bbox 2929 3108 3134 3174; x_wconf 82' lang='lat' dir='ltr'><strong>ipsum,</strong></span> <span class='ocrx_word' id='word_1_499' title='bbox 3149 3107 3452 3174; x_wconf 74' lang='lat' dir='ltr'><strong>paciﬁcum</strong></span> <span class='ocrx_word' id='word_1_500' title='bbox 3465 3119 3558 3174; x_wconf 80' lang='lat' dir='ltr'><strong>per</strong></span> <span class='ocrx_word' id='word_1_501' title='bbox 3573 3117 3680 3157; x_wconf 86' lang='lat' dir='ltr'><strong>san-</strong></span> 
     </span>
    </p>
   </div>
   <div class='ocr_carea' id='block_1_35' title="bbox 427 3188 3678 3262">
    <p class='ocr_par' dir='ltr' id='par_1_35' title="bbox 427 3188 3678 3262">
     <span class='ocr_line' id='line_1_35' title="bbox 427 3188 3678 3262; baseline 0.001 -21"><span class='ocrx_word' id='word_1_502' title='bbox 427 3202 595 3242; x_wconf 87' lang='lat' dir='ltr'><strong>cens:</strong></span> <span class='ocrx_word' id='word_1_503' title='bbox 620 3189 850 3242; x_wconf 87' lang='lat' dir='ltr'><strong>Locutus</strong></span> <span class='ocrx_word' id='word_1_504' title='bbox 885 3193 960 3242; x_wconf 85' lang='lat' dir='ltr'><strong>est</strong></span> <span class='ocrx_word' id='word_1_505' title='bbox 989 3189 1145 3242; x_wconf 83' lang='lat' dir='ltr'><strong>nobis</strong></span> <span class='ocrx_word' id='word_1_506' title='bbox 1183 3191 1247 3242; x_wconf 84' lang='lat' dir='ltr'><strong>in</strong></span> <span class='ocrx_word' id='word_1_507' title='bbox 1270 3188 1429 3254; x_wconf 78' lang='lat' dir='ltr'><strong>Filio,</strong></span> <span class='ocrx_word' id='word_1_508' title='bbox 1464 3204 1623 3257; x_wconf 82' lang='lat' dir='ltr'><strong>quem</strong></span> <span class='ocrx_word' id='word_1_509' title='bbox 1649 3192 1837 3257; x_wconf 83' lang='lat' dir='ltr'><strong>posuit</strong></span> <span class='ocrx_word' id='word_1_510' title='bbox 1867 3190 2030 3244; x_wconf 70' lang='grc' dir='ltr'><strong>ἠδη-ε-</strong></span> <span class='ocrx_word' id='word_1_511' title='bbox 2111 3197 2340 3260; x_wconf 77' lang='lat' dir='ltr'><strong>guinem</strong></span> <span class='ocrx_word' id='word_1_512' title='bbox 2360 3196 2543 3247; x_wconf 84' lang='lat' dir='ltr'><strong>crucis</strong></span> <span class='ocrx_word' id='word_1_513' title='bbox 2561 3197 2696 3262; x_wconf 81' lang='lat' dir='ltr'><strong>ejus,</strong></span> <span class='ocrx_word' id='word_1_514' title='bbox 2713 3197 2824 3247; x_wconf 81' lang='lat' dir='ltr'><strong>sive</strong></span> <span class='ocrx_word' id='word_1_515' title='bbox 2848 3209 2969 3262; x_wconf 67' lang='lat' dir='ltr'><strong>quae</strong></span> <span class='ocrx_word' id='word_1_516' title='bbox 2993 3197 3055 3248; x_wconf 87' lang='lat' dir='ltr'><strong>in</strong></span> <span class='ocrx_word' id='word_1_517' title='bbox 3078 3197 3249 3248; x_wconf 82' lang='lat' dir='ltr'><strong>terris</strong></span> <span class='ocrx_word' id='word_1_518' title='bbox 3283 3199 3433 3260; x_wconf 80' lang='lat' dir='ltr'><strong>sunt,</strong></span> <span class='ocrx_word' id='word_1_519' title='bbox 3453 3195 3556 3247; x_wconf 74' lang='lat' dir='ltr'><strong>sive</strong></span> <span class='ocrx_word' id='word_1_520' title='bbox 3578 3205 3678 3260; x_wconf 66' lang='lat' dir='ltr'><strong>qua</strong></span> 
     </span>
    </p>
   </div>
   <div class='ocr_carea' id='block_1_36' title="bbox 429 3275 3680 3350">
    <p class='ocr_par' dir='ltr' id='par_1_36' title="bbox 429 3275 3680 3350">
     <span class='ocr_line' id='line_1_36' title="bbox 429 3275 3680 3350; baseline 0 -20"><span class='ocrx_word' id='word_1_521' title='bbox 429 3277 552 3331; x_wconf 80' lang='lat' dir='ltr'><strong>dem</strong></span> <span class='ocrx_word' id='word_1_522' title='bbox 583 3279 839 3330; x_wconf 75' lang='lat' dir='ltr'><strong>omnium</strong></span> <span class='ocrx_word' id='word_1_523' title='bbox 862 3277 1044 3344; x_wconf 78' lang='lat' dir='ltr'><strong>(Hebr.</strong></span> <span class='ocrx_word' id='word_1_524' title='bbox 1071 3279 1130 3345; x_wconf 82' lang='lat'><strong>1).</strong></span> <span class='ocrx_word' id='word_1_525' title='bbox 1163 3275 1464 3330; x_wconf 82' lang='lat' dir='ltr'><strong>Evidenter</strong></span> <span class='ocrx_word' id='word_1_526' title='bbox 1488 3277 1560 3330; x_wconf 85' lang='lat' dir='ltr'><strong>de</strong></span> <span class='ocrx_word' id='word_1_527' title='bbox 1595 3276 1822 3331; x_wconf 85' lang='lat' dir='ltr'><strong>homine</strong></span> <span class='ocrx_word' id='word_1_528' title='bbox 1853 3277 1910 3331; x_wconf 91' lang='lat' dir='ltr'><strong>id</strong></span> <span class='ocrx_word' id='word_1_529' title='bbox 1939 3278 2026 3332; x_wconf 83' lang='lat' dir='ltr'><strong>di-</strong></span> <span class='ocrx_word' id='word_1_530' title='bbox 2111 3285 2174 3334; x_wconf 88' lang='lat' dir='ltr'><strong>in</strong></span> <span class='ocrx_word' id='word_1_531' title='bbox 2188 3281 2770 3336; x_wconf 67' lang='lat' dir='ltr'><strong>owiisPlenitudinem</strong></span> <span class='ocrx_word' id='word_1_532' title='bbox 2787 3282 2890 3336; x_wconf 88' lang='lat' dir='ltr'><strong>Dei</strong></span> <span class='ocrx_word' id='word_1_533' title='bbox 2905 3281 3213 3336; x_wconf 86' lang='lat' dir='ltr'><strong>Ecclesiam</strong></span> <span class='ocrx_word' id='word_1_534' title='bbox 3225 3288 3402 3350; x_wconf 84' lang='lat' dir='ltr'><strong>vocat,</strong></span> <span class='ocrx_word' id='word_1_535' title='bbox 3415 3295 3615 3336; x_wconf 88' lang='lat' dir='ltr'><strong>necnon</strong></span> <span class='ocrx_word' id='word_1_536' title='bbox 3632 3282 3680 3331; x_wconf 85' lang='lat' dir='ltr'><strong>et</strong></span> 
     </span>
    </p>
   </div>
   <div class='ocr_carea' id='block_1_37' title="bbox 432 3365 3674 3440">
    <p class='ocr_par' dir='ltr' id='par_1_37' title="bbox 432 3365 3674 3440">
     <span class='ocr_line' id='line_1_37' title="bbox 432 3365 3674 3440; baseline 0.001 -22"><span class='ocrx_word' id='word_1_537' title='bbox 432 3379 582 3431; x_wconf 86' lang='lat' dir='ltr'><strong>cens,</strong></span> <span class='ocrx_word' id='word_1_538' title='bbox 605 3365 766 3436; x_wconf 73' lang='lat' dir='ltr'><strong>cujus</strong></span> <span class='ocrx_word' id='word_1_539' title='bbox 791 3370 848 3419; x_wconf 89' lang='lat' dir='ltr'><strong>et</strong></span> <span class='ocrx_word' id='word_1_540' title='bbox 866 3365 1155 3436; x_wconf 78' lang='lat' dir='ltr'><strong>loquelam</strong></span> <span class='ocrx_word' id='word_1_541' title='bbox 1183 3365 1519 3430; x_wconf 82' lang='lat' dir='ltr'><strong>audivimus,</strong></span> <span class='ocrx_word' id='word_1_542' title='bbox 1543 3366 1638 3436; x_wconf 87' lang='lat' dir='ltr'><strong>qui</strong></span> <span class='ocrx_word' id='word_1_543' title='bbox 1667 3366 1900 3438; x_wconf 88' lang='lat' dir='ltr'><strong>suscipit</strong></span> <span class='ocrx_word' id='word_1_544' title='bbox 1929 3383 2025 3420; x_wconf 91' lang='lat' dir='ltr'><strong>eo-</strong></span> <span class='ocrx_word' id='word_1_545' title='bbox 2111 3369 2320 3434; x_wconf 86' lang='lat' dir='ltr'><strong>omnia,</strong></span> <span class='ocrx_word' id='word_1_546' title='bbox 2343 3369 2501 3440; x_wconf 86' lang='lat' dir='ltr'><strong>quasi</strong></span> <span class='ocrx_word' id='word_1_547' title='bbox 2525 3369 2626 3440; x_wconf 85' lang='lat' dir='ltr'><strong>qui</strong></span> <span class='ocrx_word' id='word_1_548' title='bbox 2641 3375 2701 3424; x_wconf 87' lang='lat' dir='ltr'><strong>et</strong></span> <span class='ocrx_word' id='word_1_549' title='bbox 2716 3370 2773 3423; x_wconf 88' lang='lat' dir='ltr'><strong>in</strong></span> <span class='ocrx_word' id='word_1_550' title='bbox 2795 3369 3054 3424; x_wconf 86' lang='lat' dir='ltr'><strong>omnibus</strong></span> <span class='ocrx_word' id='word_1_551' title='bbox 3072 3370 3148 3424; x_wconf 87' lang='lat' dir='ltr'><strong>sit</strong></span> <span class='ocrx_word' id='word_1_552' title='bbox 3166 3377 3228 3426; x_wconf 86' lang='lat' dir='ltr'><strong>et</strong></span> <span class='ocrx_word' id='word_1_553' title='bbox 3245 3371 3435 3425; x_wconf 85' lang='lat' dir='ltr'><strong>omnia</strong></span> <span class='ocrx_word' id='word_1_554' title='bbox 3452 3367 3674 3439; x_wconf 81' lang='lat' dir='ltr'><strong>impleat,</strong></span> 
     </span>
    </p>
   </div>
   <div class='ocr_carea' id='block_1_38' title="bbox 429 3453 3678 3531">
    <p class='ocr_par' dir='ltr' id='par_1_38' title="bbox 429 3453 3678 3531">
     <span class='ocr_line' id='line_1_38' title="bbox 429 3453 3678 3531; baseline 0 -23"><span class='ocrx_word' id='word_1_555' title='bbox 429 3469 557 3508; x_wconf 77' lang='lat' dir='ltr'><strong>rum</strong></span> <span class='ocrx_word' id='word_1_556' title='bbox 586 3467 710 3524; x_wconf 66' lang='lat' dir='ltr'><strong>qua:</strong></span> <span class='ocrx_word' id='word_1_557' title='bbox 741 3458 904 3507; x_wconf 85' lang='lat' dir='ltr'><strong>erant</strong></span> <span class='ocrx_word' id='word_1_558' title='bbox 928 3453 1369 3508; x_wconf 89' lang='lat' dir='ltr'><strong>dominationem</strong></span> <span class='ocrx_word' id='word_1_559' title='bbox 1389 3471 1557 3525; x_wconf 87' lang='lat' dir='ltr'><strong>quam</strong></span> <span class='ocrx_word' id='word_1_560' title='bbox 1578 3460 1710 3508; x_wconf 86' lang='lat' dir='ltr'><strong>ante</strong></span> <span class='ocrx_word' id='word_1_561' title='bbox 1724 3471 1838 3509; x_wconf 90' lang='lat' dir='ltr'><strong>non</strong></span> <span class='ocrx_word' id='word_1_562' title='bbox 1859 3455 2027 3510; x_wconf 84' lang='lat' dir='ltr'><strong>habe-</strong></span> <span class='ocrx_word' id='word_1_563' title='bbox 2111 3457 2282 3512; x_wconf 83' lang='lat' dir='ltr'><strong>ethoc</strong></span> <span class='ocrx_word' id='word_1_564' title='bbox 2302 3464 2388 3512; x_wconf 85' lang='lat' dir='ltr'><strong>est</strong></span> <span class='ocrx_word' id='word_1_565' title='bbox 2400 3458 2688 3512; x_wconf 82' lang='lat' dir='ltr'><strong>evidenter</strong></span> <span class='ocrx_word' id='word_1_566' title='bbox 2706 3458 2920 3513; x_wconf 81' lang='lat' dir='ltr'><strong>disce-re</strong></span> <span class='ocrx_word' id='word_1_567' title='bbox 2938 3475 3004 3512; x_wconf 80' lang='lat' dir='ltr'><strong>ex</strong></span> <span class='ocrx_word' id='word_1_568' title='bbox 3027 3459 3154 3524; x_wconf 86' lang='lat' dir='ltr'><strong>illis,</strong></span> <span class='ocrx_word' id='word_1_569' title='bbox 3187 3476 3313 3531; x_wconf 72' lang='lat' dir='ltr'><strong>quae</strong></span> <span class='ocrx_word' id='word_1_570' title='bbox 3334 3460 3404 3514; x_wconf 83' lang='lat' dir='ltr'><strong>ad</strong></span> <span class='ocrx_word' id='word_1_571' title='bbox 3440 3455 3678 3529; x_wconf 82' lang='lat' dir='ltr'><strong>Ephesios</strong></span> 
     </span>
    </p>
   </div>
   <div class='ocr_carea' id='block_1_39' title="bbox 427 3541 3679 3619">
    <p class='ocr_par' dir='ltr' id='par_1_39' title="bbox 427 3541 3679 3619">
     <span class='ocr_line' id='line_1_39' title="bbox 427 3541 3679 3619; baseline 0.001 -23"><span class='ocrx_word' id='word_1_572' title='bbox 427 3541 526 3596; x_wconf 79' lang='lat' dir='ltr'><strong>bat</strong></span> <span class='ocrx_word' id='word_1_573' title='bbox 557 3559 568 3594; x_wconf 92' lang='lat'>:</span> <span class='ocrx_word' id='word_1_574' title='bbox 609 3541 837 3596; x_wconf 82' lang='lat' dir='ltr'><strong>transiit</strong></span> <span class='ocrx_word' id='word_1_575' title='bbox 877 3558 1008 3596; x_wconf 83' lang='lat' dir='ltr'><strong>vero</strong></span> <span class='ocrx_word' id='word_1_576' title='bbox 1048 3542 1119 3596; x_wconf 86' lang='lat' dir='ltr'><strong>ad</strong></span> <span class='ocrx_word' id='word_1_577' title='bbox 1157 3541 1422 3607; x_wconf 85' lang='lat' dir='ltr'><strong>divinam,</strong></span> <span class='ocrx_word' id='word_1_578' title='bbox 1476 3548 1540 3597; x_wconf 84' lang='lat' dir='ltr'><strong>ut</strong></span> <span class='ocrx_word' id='word_1_579' title='bbox 1583 3543 1782 3597; x_wconf 89' lang='lat' dir='ltr'><strong>exinde</strong></span> <span class='ocrx_word' id='word_1_580' title='bbox 1823 3544 2025 3598; x_wconf 87' lang='lat' dir='ltr'><strong>horum</strong></span> <span class='ocrx_word' id='word_1_581' title='bbox 2110 3545 2360 3600; x_wconf 85' lang='lat' dir='ltr'><strong>scribens</strong></span> <span class='ocrx_word' id='word_1_582' title='bbox 2375 3547 2584 3602; x_wconf 82' lang='lat' dir='ltr'><strong>dixisse</strong></span> <span class='ocrx_word' id='word_1_583' title='bbox 2603 3547 2858 3602; x_wconf 88' lang='lat' dir='ltr'><strong>videtur:</strong></span> <span class='ocrx_word' id='word_1_584' title='bbox 2888 3553 2947 3601; x_wconf 88' lang='lat' dir='ltr'><strong>et</strong></span> <span class='ocrx_word' id='word_1_585' title='bbox 2963 3547 3150 3618; x_wconf 85' lang='lat' dir='ltr'><strong>ipsum</strong></span> <span class='ocrx_word' id='word_1_586' title='bbox 3175 3549 3335 3603; x_wconf 86' lang='lat' dir='ltr'><strong>dedit</strong></span> <span class='ocrx_word' id='word_1_587' title='bbox 3353 3552 3517 3619; x_wconf 86' lang='lat' dir='ltr'><strong>caput</strong></span> <span class='ocrx_word' id='word_1_588' title='bbox 3533 3557 3679 3616; x_wconf 83' lang='lat' dir='ltr'><strong>super</strong></span> 
     </span>
    </p>
   </div>
   <div class='ocr_carea' id='block_1_40' title="bbox 426 3631 3677 3709">
    <p class='ocr_par' dir='ltr' id='par_1_40' title="bbox 426 3631 3677 3709">
     <span class='ocr_line' id='line_1_40' title="bbox 426 3631 3677 3709; baseline 0 -23"><span class='ocrx_word' id='word_1_589' title='bbox 426 3631 787 3686; x_wconf 69' lang='lat' dir='ltr'><strong>continuaret</strong></span> <span class='ocrx_word' id='word_1_590' title='bbox 824 3631 1290 3702; x_wconf 79' lang='lat' dir='ltr'><strong>magnitudinem,</strong></span> <span class='ocrx_word' id='word_1_591' title='bbox 1320 3636 1378 3685; x_wconf 89' lang='lat' dir='ltr'><strong>et</strong></span> <span class='ocrx_word' id='word_1_592' title='bbox 1422 3631 1629 3686; x_wconf 85' lang='lat' dir='ltr'><strong>iterum</strong></span> <span class='ocrx_word' id='word_1_593' title='bbox 1671 3633 1912 3686; x_wconf 79' lang='lat' dir='ltr'><strong>recurrit</strong></span> <span class='ocrx_word' id='word_1_594' title='bbox 1953 3633 2026 3686; x_wconf 84' lang='lat' dir='ltr'><strong>ad</strong></span> <span class='ocrx_word' id='word_1_595' title='bbox 2109 3650 2333 3690; x_wconf 84' lang='lat' dir='ltr'><strong>onmem</strong></span> <span class='ocrx_word' id='word_1_596' title='bbox 2364 3635 2686 3701; x_wconf 88' lang='lat' dir='ltr'><strong>Ecclesiam,</strong></span> <span class='ocrx_word' id='word_1_597' title='bbox 2715 3653 2838 3706; x_wconf 70' lang='lat' dir='ltr'><strong>qua:</strong></span> <span class='ocrx_word' id='word_1_598' title='bbox 2876 3642 2963 3690; x_wconf 86' lang='lat' dir='ltr'><strong>est</strong></span> <span class='ocrx_word' id='word_1_599' title='bbox 2999 3651 3206 3708; x_wconf 83' lang='lat' dir='ltr'><strong>corpus</strong></span> <span class='ocrx_word' id='word_1_600' title='bbox 3246 3639 3386 3709; x_wconf 88' lang='lat' dir='ltr'><strong>ejus,</strong></span> <span class='ocrx_word' id='word_1_601' title='bbox 3418 3633 3677 3708; x_wconf 85' lang='lat' dir='ltr'><strong>plenitudo</strong></span> 
     </span>
    </p>
   </div>
   <div class='ocr_carea' id='block_1_41' title="bbox 426 3719 3679 3796">
    <p class='ocr_par' dir='ltr' id='par_1_41' title="bbox 426 3719 3679 3796">
     <span class='ocr_line' id='line_1_41' title="bbox 426 3719 3679 3796; baseline 0.001 -23"><span class='ocrx_word' id='word_1_602' title='bbox 426 3719 752 3787; x_wconf 81' lang='lat' dir='ltr'><strong>humanam,</strong></span> <span class='ocrx_word' id='word_1_603' title='bbox 787 3725 845 3773; x_wconf 86' lang='lat' dir='ltr'><strong>et</strong></span> <span class='ocrx_word' id='word_1_604' title='bbox 873 3720 1100 3790; x_wconf 82' lang='lat' dir='ltr'><strong>quidem</strong></span> <span class='ocrx_word' id='word_1_605' title='bbox 1133 3719 1295 3792; x_wconf 83' lang='lat' dir='ltr'><strong>quasi</strong></span> <span class='ocrx_word' id='word_1_606' title='bbox 1325 3720 1394 3774; x_wconf 89' lang='lat' dir='ltr'><strong>de</strong></span> <span class='ocrx_word' id='word_1_607' title='bbox 1444 3735 1556 3774; x_wconf 82' lang='lat' dir='ltr'><strong>uno</strong></span> <span class='ocrx_word' id='word_1_608' title='bbox 1598 3721 1788 3774; x_wconf 89' lang='lat' dir='ltr'><strong>omnia</strong></span> <span class='ocrx_word' id='word_1_609' title='bbox 1829 3721 1888 3774; x_wconf 90' lang='lat' dir='ltr'><strong>in</strong></span> <span class='ocrx_word' id='word_1_610' title='bbox 1928 3721 2027 3775; x_wconf 87' lang='lat' dir='ltr'><strong>illa</strong></span> <span class='ocrx_word' id='word_1_611' title='bbox 2110 3725 2251 3794; x_wconf 86' lang='lat' dir='ltr'><strong>ejus,</strong></span> <span class='ocrx_word' id='word_1_612' title='bbox 2275 3725 2370 3794; x_wconf 85' lang='lat' dir='ltr'><strong>qui</strong></span> <span class='ocrx_word' id='word_1_613' title='bbox 2393 3725 2655 3779; x_wconf 85' lang='lat' dir='ltr'><strong>omniain</strong></span> <span class='ocrx_word' id='word_1_614' title='bbox 2675 3725 2935 3779; x_wconf 87' lang='lat' dir='ltr'><strong>omnibus</strong></span> <span class='ocrx_word' id='word_1_615' title='bbox 2962 3725 3254 3796; x_wconf 83' lang='lat' dir='ltr'><strong>adimplet.</strong></span> <span class='ocrx_word' id='word_1_616' title='bbox 3280 3727 3398 3780; x_wconf 82' lang='lat' dir='ltr'><strong>Hoc</strong></span> <span class='ocrx_word' id='word_1_617' title='bbox 3419 3741 3546 3796; x_wconf 83' lang='lat' dir='ltr'><strong>ergo</strong></span> <span class='ocrx_word' id='word_1_618' title='bbox 3562 3719 3679 3776; x_wconf 85' lang='lat' dir='ltr'><strong>dicit</strong></span> 
     </span>
    </p>
   </div>
   <div class='ocr_carea' id='block_1_42' title="bbox 425 3808 3676 3884">
    <p class='ocr_par' dir='ltr' id='par_1_42' title="bbox 425 3808 3676 3884">
     <span class='ocr_line' id='line_1_42' title="bbox 425 3808 3676 3884; baseline 0 -22"><span class='ocrx_word' id='word_1_619' title='bbox 425 3815 585 3878; x_wconf 77' lang='lat' dir='ltr'><strong>parte</strong></span> <span class='ocrx_word' id='word_1_620' title='bbox 610 3809 864 3880; x_wconf 69' lang='lat' dir='ltr'><strong>epistola:</strong></span> <span class='ocrx_word' id='word_1_621' title='bbox 881 3809 1092 3874; x_wconf 88' lang='lat' dir='ltr'><strong>dicens,</strong></span> <span class='ocrx_word' id='word_1_622' title='bbox 1118 3809 1222 3863; x_wconf 88' lang='lat' dir='ltr'><strong>hoc</strong></span> <span class='ocrx_word' id='word_1_623' title='bbox 1247 3815 1304 3862; x_wconf 90' lang='lat' dir='ltr'><strong>et</strong></span> <span class='ocrx_word' id='word_1_624' title='bbox 1331 3808 1390 3862; x_wconf 87' lang='lat' dir='ltr'><strong>in</strong></span> <span class='ocrx_word' id='word_1_625' title='bbox 1421 3809 1735 3879; x_wconf 82' lang='lat' dir='ltr'><strong>Evangeliis</strong></span> <span class='ocrx_word' id='word_1_626' title='bbox 1763 3811 2023 3864; x_wconf 87' lang='lat' dir='ltr'><strong>eumdem</strong></span> <span class='ocrx_word' id='word_1_627' title='bbox 2111 3813 2376 3883; x_wconf 86' lang='lat' dir='ltr'><strong>quoniam</strong></span> <span class='ocrx_word' id='word_1_628' title='bbox 2405 3813 2745 3884; x_wconf 82' lang='lat' dir='ltr'><strong>complacuit</strong></span> <span class='ocrx_word' id='word_1_629' title='bbox 2768 3815 2882 3868; x_wconf 88' lang='lat' dir='ltr'><strong>Deo</strong></span> <span class='ocrx_word' id='word_1_630' title='bbox 2911 3813 2970 3868; x_wconf 88' lang='lat' dir='ltr'><strong>in</strong></span> <span class='ocrx_word' id='word_1_631' title='bbox 2999 3831 3084 3881; x_wconf 90' lang='lat' dir='ltr'><strong>eo,</strong></span> <span class='ocrx_word' id='word_1_632' title='bbox 3114 3815 3222 3868; x_wconf 90' lang='lat' dir='ltr'><strong>hoc</strong></span> <span class='ocrx_word' id='word_1_633' title='bbox 3258 3821 3364 3878; x_wconf 88' lang='lat' dir='ltr'><strong>est,</strong></span> <span class='ocrx_word' id='word_1_634' title='bbox 3397 3815 3453 3867; x_wconf 89' lang='lat' dir='ltr'><strong>in</strong></span> <span class='ocrx_word' id='word_1_635' title='bbox 3480 3811 3676 3866; x_wconf 81' lang='lat' dir='ltr'><strong>Christo</strong></span> 
     </span>
    </p>
   </div>
   <div class='ocr_carea' id='block_1_43' title="bbox 425 3897 3679 3973">
    <p class='ocr_par' dir='ltr' id='par_1_43' title="bbox 425 3897 3679 3973">
     <span class='ocr_line' id='line_1_43' title="bbox 425 3897 3679 3973; baseline 0.001 -23"><span class='ocrx_word' id='word_1_636' title='bbox 425 3897 729 3951; x_wconf 81' lang='lat' dir='ltr'><strong>Dominum</strong></span> <span class='ocrx_word' id='word_1_637' title='bbox 759 3913 908 3968; x_wconf 67' lang='lat' dir='ltr'><strong>sape</strong></span> <span class='ocrx_word' id='word_1_638' title='bbox 923 3897 1117 3952; x_wconf 82' lang='lat' dir='ltr'><strong>fecisse</strong></span> <span class='ocrx_word' id='word_1_639' title='bbox 1140 3897 1459 3952; x_wconf 80' lang='lat' dir='ltr'><strong>invenietur</strong></span> <span class='ocrx_word' id='word_1_640' title='bbox 1478 3899 1573 3969; x_wconf 85' lang='lat' dir='ltr'><strong>qui</strong></span> <span class='ocrx_word' id='word_1_641' title='bbox 1591 3899 1648 3952; x_wconf 89' lang='lat' dir='ltr'><strong>in</strong></span> <span class='ocrx_word' id='word_1_642' title='bbox 1671 3899 1780 3952; x_wconf 85' lang='lat' dir='ltr'><strong>illis</strong></span> <span class='ocrx_word' id='word_1_643' title='bbox 1807 3915 2022 3954; x_wconf 88' lang='lat' dir='ltr'><strong>sermo-</strong></span> <span class='ocrx_word' id='word_1_644' title='bbox 2109 3917 2333 3956; x_wconf 82' lang='lat' dir='ltr'><strong>omnem</strong></span> <span class='ocrx_word' id='word_1_645' title='bbox 2355 3901 2610 3958; x_wconf 83' lang='lat' dir='ltr'><strong>habitare</strong></span> <span class='ocrx_word' id='word_1_646' title='bbox 2631 3901 3056 3973; x_wconf 79' lang='lat' dir='ltr'><strong>plenitudinem,</strong></span> <span class='ocrx_word' id='word_1_647' title='bbox 3073 3908 3138 3957; x_wconf 86' lang='lat' dir='ltr'><strong>ut</strong></span> <span class='ocrx_word' id='word_1_648' title='bbox 3155 3904 3536 3958; x_wconf 83' lang='lat' dir='ltr'><strong>dicatomnem</strong></span> <span class='ocrx_word' id='word_1_649' title='bbox 3549 3911 3679 3953; x_wconf 83' lang='lat' dir='ltr'><strong>crea-</strong></span> 
     </span>
    </p>
   </div>
   <div class='ocr_carea' id='block_1_44' title="bbox 426 3984 3676 4062">
    <p class='ocr_par' dir='ltr' id='par_1_44' title="bbox 426 3984 3676 4062">
     <span class='ocr_line' id='line_1_44' title="bbox 426 3984 3676 4062; baseline 0.003 -23"><span class='ocrx_word' id='word_1_650' title='bbox 426 3984 592 4039; x_wconf 72' lang='lat' dir='ltr'><strong>nibus</strong></span> <span class='ocrx_word' id='word_1_651' title='bbox 622 4002 746 4056; x_wconf 68' lang='lat' dir='ltr'><strong>quae</strong></span> <span class='ocrx_word' id='word_1_652' title='bbox 786 3986 856 4039; x_wconf 86' lang='lat' dir='ltr'><strong>de</strong></span> <span class='ocrx_word' id='word_1_653' title='bbox 899 4002 960 4039; x_wconf 88' lang='lat' dir='ltr'><strong>se</strong></span> <span class='ocrx_word' id='word_1_654' title='bbox 998 3986 1200 4039; x_wconf 82' lang='lat' dir='ltr'><strong>dixisse</strong></span> <span class='ocrx_word' id='word_1_655' title='bbox 1233 3986 1472 4052; x_wconf 82' lang='lat' dir='ltr'><strong>videtur,</strong></span> <span class='ocrx_word' id='word_1_656' title='bbox 1521 3987 1668 4057; x_wconf 87' lang='lat' dir='ltr'><strong>quod</strong></span> <span class='ocrx_word' id='word_1_657' title='bbox 1707 3993 1765 4042; x_wconf 90' lang='lat' dir='ltr'><strong>et</strong></span> <span class='ocrx_word' id='word_1_658' title='bbox 1801 3989 2023 4042; x_wconf 85' lang='lat' dir='ltr'><strong>cautius</strong></span> <span class='ocrx_word' id='word_1_659' title='bbox 2107 3994 2294 4043; x_wconf 81' lang='lat' dir='ltr'><strong>turam</strong></span> <span class='ocrx_word' id='word_1_660' title='bbox 2309 3990 2512 4061; x_wconf 80' lang='lat' dir='ltr'><strong>quaeab</strong></span> <span class='ocrx_word' id='word_1_661' title='bbox 2534 3990 3203 4062; x_wconf 73' lang='lat' dir='ltr'><strong>eorepletaest,probavit</strong></span> <span class='ocrx_word' id='word_1_662' title='bbox 3220 3993 3305 4046; x_wconf 81' lang='lat' dir='ltr'><strong>illi</strong></span> <span class='ocrx_word' id='word_1_663' title='bbox 3328 3993 3676 4062; x_wconf 74' lang='lat' dir='ltr'><strong>conjungere;</strong></span> 
     </span>
    </p>
   </div>
   <div class='ocr_carea' id='block_1_45' title="bbox 425 4074 3679 4151">
    <p class='ocr_par' dir='ltr' id='par_1_45' title="bbox 425 4074 3679 4151">
     <span class='ocr_line' id='line_1_45' title="bbox 425 4074 3679 4151; baseline 0 -25"><span class='ocrx_word' id='word_1_664' title='bbox 425 4074 551 4144; x_wconf 85' lang='lat' dir='ltr'><strong>quis</strong></span> <span class='ocrx_word' id='word_1_665' title='bbox 580 4089 978 4143; x_wconf 82' lang='lat' dir='ltr'><strong>recognoscere</strong></span> <span class='ocrx_word' id='word_1_666' title='bbox 1017 4074 1242 4144; x_wconf 87' lang='lat' dir='ltr'><strong>poterit,</strong></span> <span class='ocrx_word' id='word_1_667' title='bbox 1273 4075 1324 4128; x_wconf 87' lang='lat' dir='ltr'><strong>si</strong></span> <span class='ocrx_word' id='word_1_668' title='bbox 1359 4075 1880 4145; x_wconf 83' lang='lat' dir='ltr'><strong>interpretationem</strong></span> <span class='ocrx_word' id='word_1_669' title='bbox 1917 4093 2020 4130; x_wconf 75' lang='grc' dir='ltr'><strong>ηοσ-</strong></span> <span class='ocrx_word' id='word_1_670' title='bbox 2105 4084 2162 4131; x_wconf 87' lang='lat' dir='ltr'><strong>et</strong></span> <span class='ocrx_word' id='word_1_671' title='bbox 2211 4079 2313 4132; x_wconf 89' lang='lat' dir='ltr'><strong>hoc</strong></span> <span class='ocrx_word' id='word_1_672' title='bbox 2359 4079 2510 4134; x_wconf 89' lang='lat' dir='ltr'><strong>idem</strong></span> <span class='ocrx_word' id='word_1_673' title='bbox 2555 4080 2726 4133; x_wconf 79' lang='lat' dir='ltr'><strong>latius</strong></span> <span class='ocrx_word' id='word_1_674' title='bbox 2767 4079 2977 4145; x_wconf 86' lang='lat' dir='ltr'><strong>dicens,</strong></span> <span class='ocrx_word' id='word_1_675' title='bbox 3008 4085 3066 4134; x_wconf 87' lang='lat' dir='ltr'><strong>et</strong></span> <span class='ocrx_word' id='word_1_676' title='bbox 3091 4097 3194 4151; x_wconf 85' lang='lat' dir='ltr'><strong>per</strong></span> <span class='ocrx_word' id='word_1_677' title='bbox 3233 4097 3370 4135; x_wconf 86' lang='lat' dir='ltr'><strong>eum</strong></span> <span class='ocrx_word' id='word_1_678' title='bbox 3410 4077 3679 4135; x_wconf 70' lang='lat' dir='ltr'><strong>conciliare</strong></span> 
     </span>
    </p>
   </div>
   <div class='ocr_carea' id='block_1_46' title="bbox 424 4162 3678 4241">
    <p class='ocr_par' dir='ltr' id='par_1_46' title="bbox 424 4162 3678 4241">
     <span class='ocr_line' id='line_1_46' title="bbox 424 4162 3678 4241; baseline -0 -25"><span class='ocrx_word' id='word_1_679' title='bbox 424 4167 602 4216; x_wconf 66' lang='lat' dir='ltr'><strong>stram</strong></span> <span class='ocrx_word' id='word_1_680' title='bbox 629 4162 928 4216; x_wconf 79' lang='lat' dir='ltr'><strong>decurrere</strong></span> <span class='ocrx_word' id='word_1_681' title='bbox 955 4162 1195 4216; x_wconf 82' lang='lat' dir='ltr'><strong>voluerit</strong></span> <span class='ocrx_word' id='word_1_682' title='bbox 1219 4163 1278 4216; x_wconf 89' lang='lat' dir='ltr'><strong>in</strong></span> <span class='ocrx_word' id='word_1_683' title='bbox 1307 4163 1460 4216; x_wconf 86' lang='lat' dir='ltr'><strong>illam</strong></span> <span class='ocrx_word' id='word_1_684' title='bbox 1487 4168 1707 4234; x_wconf 74' lang='lat' dir='ltr'><strong>partem</strong></span> <span class='ocrx_word' id='word_1_685' title='bbox 1737 4164 2020 4236; x_wconf 82' lang='lat' dir='ltr'><strong>Evangelii</strong></span> <span class='ocrx_word' id='word_1_686' title='bbox 2105 4167 2297 4220; x_wconf 86' lang='lat' dir='ltr'><strong>omnia</strong></span> <span class='ocrx_word' id='word_1_687' title='bbox 2323 4167 2382 4220; x_wconf 86' lang='lat' dir='ltr'><strong>in</strong></span> <span class='ocrx_word' id='word_1_688' title='bbox 2410 4168 2534 4238; x_wconf 88' lang='lat' dir='ltr'><strong>ipso</strong></span> <span class='ocrx_word' id='word_1_689' title='bbox 2561 4184 2757 4238; x_wconf 87' lang='lat' dir='ltr'><strong>pacem</strong></span> <span class='ocrx_word' id='word_1_690' title='bbox 2787 4169 3016 4234; x_wconf 85' lang='lat' dir='ltr'><strong>faciens,</strong></span> <span class='ocrx_word' id='word_1_691' title='bbox 3037 4185 3138 4240; x_wconf 86' lang='lat' dir='ltr'><strong>per</strong></span> <span class='ocrx_word' id='word_1_692' title='bbox 3159 4169 3494 4241; x_wconf 83' lang='lat' dir='ltr'><strong>sanguinem</strong></span> <span class='ocrx_word' id='word_1_693' title='bbox 3523 4163 3678 4220; x_wconf 86' lang='lat' dir='ltr'><strong>crucis</strong></span> 
     </span>
    </p>
   </div>
   <div class='ocr_carea' id='block_1_47' title="bbox 422 4250 3679 4328">
    <p class='ocr_par' dir='ltr' id='par_1_47' title="bbox 422 4250 3679 4328">
     <span class='ocr_line' id='line_1_47' title="bbox 422 4250 3679 4328; baseline 0 -22"><span class='ocrx_word' id='word_1_694' title='bbox 422 4250 674 4318; x_wconf 62' lang='lat' dir='ltr'><strong>Joannis,</strong></span> <span class='ocrx_word' id='word_1_695' title='bbox 709 4267 877 4322; x_wconf 76' lang='lat' dir='ltr'><strong>quam</strong></span> <span class='ocrx_word' id='word_1_696' title='bbox 905 4266 1078 4322; x_wconf 85' lang='lat' dir='ltr'><strong>super</strong></span> <span class='ocrx_word' id='word_1_697' title='bbox 1115 4250 1422 4322; x_wconf 64' lang='lat' dir='ltr'><strong>paratytico</strong></span> <span class='ocrx_word' id='word_1_698' title='bbox 1463 4257 1658 4306; x_wconf 87' lang='lat' dir='ltr'><strong>curato</strong></span> <span class='ocrx_word' id='word_1_699' title='bbox 1699 4253 1770 4306; x_wconf 82' lang='lat' dir='ltr'><strong>ad</strong></span> <span class='ocrx_word' id='word_1_700' title='bbox 1799 4254 2022 4309; x_wconf 69' lang='lat' dir='ltr'><strong>Judaeos</strong></span> <span class='ocrx_word' id='word_1_701' title='bbox 2041 4325 2066 4328; x_wconf 29' lang='lat' dir='ltr'><strong>A</strong></span> <span class='ocrx_word' id='word_1_702' title='bbox 2105 4257 2228 4326; x_wconf 83' lang='lat' dir='ltr'><strong>ejus</strong></span> <span class='ocrx_word' id='word_1_703' title='bbox 2257 4272 2359 4326; x_wconf 86' lang='lat' dir='ltr'><strong>per</strong></span> <span class='ocrx_word' id='word_1_704' title='bbox 2384 4257 2588 4327; x_wconf 88' lang='lat' dir='ltr'><strong>ipsum,</strong></span> <span class='ocrx_word' id='word_1_705' title='bbox 2613 4257 2728 4310; x_wconf 88' lang='lat' dir='ltr'><strong>sive</strong></span> <span class='ocrx_word' id='word_1_706' title='bbox 2753 4257 2850 4310; x_wconf 87' lang='lat' dir='ltr'><strong>illa</strong></span> <span class='ocrx_word' id='word_1_707' title='bbox 2879 4273 3004 4328; x_wconf 65' lang='lat' dir='ltr'><strong>quae</strong></span> <span class='ocrx_word' id='word_1_708' title='bbox 3031 4257 3089 4312; x_wconf 88' lang='lat' dir='ltr'><strong>in</strong></span> <span class='ocrx_word' id='word_1_709' title='bbox 3117 4258 3290 4312; x_wconf 86' lang='lat' dir='ltr'><strong>terris</strong></span> <span class='ocrx_word' id='word_1_710' title='bbox 3309 4256 3578 4323; x_wconf 83' lang='lat' dir='ltr'><strong>sunt,sive</strong></span> <span class='ocrx_word' id='word_1_711' title='bbox 3597 4251 3679 4308; x_wconf 80' lang='lat' dir='ltr'><strong>illa</strong></span> 
     </span>
    </p>
   </div>
   <div class='ocr_carea' id='block_1_48' title="bbox 422 4325 3677 4419">
    <p class='ocr_par' dir='ltr' id='par_1_48' title="bbox 422 4325 3677 4419">
     <span class='ocr_line' id='line_1_48' title="bbox 422 4325 3677 4419; baseline 0.001 -25"><span class='ocrx_word' id='word_1_712' title='bbox 422 4340 644 4395; x_wconf 81' lang='lat' dir='ltr'><strong>locutus</strong></span> <span class='ocrx_word' id='word_1_713' title='bbox 657 4339 832 4394; x_wconf 71' lang='lat' dir='ltr'><strong>fuisse</strong></span> <span class='ocrx_word' id='word_1_714' title='bbox 841 4339 1082 4406; x_wconf 86' lang='lat' dir='ltr'><strong>videtur,</strong></span> <span class='ocrx_word' id='word_1_715' title='bbox 1102 4340 1184 4394; x_wconf 88' lang='lat' dir='ltr'><strong>sic</strong></span> <span class='ocrx_word' id='word_1_716' title='bbox 1194 4340 1368 4394; x_wconf 83' lang='lat' dir='ltr'><strong>ethoc</strong></span> <span class='ocrx_word' id='word_1_717' title='bbox 1381 4340 1440 4394; x_wconf 91' lang='lat' dir='ltr'><strong>in</strong></span> <span class='ocrx_word' id='word_1_718' title='bbox 1451 4341 1571 4395; x_wconf 89' lang='lat' dir='ltr'><strong>loco</strong></span> <span class='ocrx_word' id='word_1_719' title='bbox 1582 4347 1926 4398; x_wconf 82' lang='lat' dir='ltr'><strong>memoratus</strong></span> <span class='ocrx_word' id='word_1_720' title='bbox 1936 4349 2022 4398; x_wconf 86' lang='lat' dir='ltr'><strong>est</strong></span> <span class='ocrx_word' id='word_1_721' title='bbox 2037 4325 2087 4386; x_wconf 74' lang='grc' dir='ltr'><em>Π</em></span> <span class='ocrx_word' id='word_1_722' title='bbox 2105 4325 2229 4415; x_wconf 76' lang='lat' dir='ltr'><strong>quae</strong></span> <span class='ocrx_word' id='word_1_723' title='bbox 2246 4325 2308 4399; x_wconf 78' lang='lat' dir='ltr'><strong>in</strong></span> <span class='ocrx_word' id='word_1_724' title='bbox 2321 4325 2477 4400; x_wconf 80' lang='lat' dir='ltr'><strong>caelis</strong></span> <span class='ocrx_word' id='word_1_725' title='bbox 2497 4351 2650 4400; x_wconf 87' lang='lat' dir='ltr'><strong>sunt.</strong></span> <span class='ocrx_word' id='word_1_726' title='bbox 2669 4345 2874 4401; x_wconf 88' lang='lat' dir='ltr'><strong>Omnia</strong></span> <span class='ocrx_word' id='word_1_727' title='bbox 2881 4325 3111 4419; x_wconf 72' lang='lat' dir='ltr'><strong>,inquit,</strong></span> <span class='ocrx_word' id='word_1_728' title='bbox 3134 4347 3192 4401; x_wconf 89' lang='lat' dir='ltr'><strong>in</strong></span> <span class='ocrx_word' id='word_1_729' title='bbox 3223 4363 3328 4402; x_wconf 80' lang='lat' dir='ltr'><strong>sua</strong></span> <span class='ocrx_word' id='word_1_730' title='bbox 3355 4352 3532 4400; x_wconf 84' lang='lat' dir='ltr'><strong>morte</strong></span> <span class='ocrx_word' id='word_1_731' title='bbox 3555 4361 3566 4397; x_wconf 91' lang='lat'><strong>:</strong></span> <span class='ocrx_word' id='word_1_732' title='bbox 3588 4343 3677 4396; x_wconf 82' lang='lat' dir='ltr'><strong>hoc</strong></span> 
     </span>
    </p>
   </div>
   <div class='ocr_carea' id='block_1_49' title="bbox 421 4429 3678 4506">
    <p class='ocr_par' dir='ltr' id='par_1_49' title="bbox 421 4429 3678 4506">
     <span class='ocr_line' id='line_1_49' title="bbox 421 4429 3678 4506; baseline -0.001 -22"><span class='ocrx_word' id='word_1_733' title='bbox 421 4429 624 4485; x_wconf 63' lang='lat' dir='ltr'><strong>divine</strong></span> <span class='ocrx_word' id='word_1_734' title='bbox 643 4435 860 4485; x_wconf 74' lang='lat' dir='ltr'><strong>naturae</strong></span> <span class='ocrx_word' id='word_1_735' title='bbox 873 4433 939 4484; x_wconf 83' lang='lat' dir='ltr'><strong>ut</strong></span> <span class='ocrx_word' id='word_1_736' title='bbox 953 4429 1026 4484; x_wconf 84' lang='lat' dir='ltr'><strong>ab</strong></span> <span class='ocrx_word' id='word_1_737' title='bbox 1043 4429 1140 4484; x_wconf 83' lang='lat' dir='ltr'><strong>illa</strong></span> <span class='ocrx_word' id='word_1_738' title='bbox 1159 4429 1549 4500; x_wconf 83' lang='lat' dir='ltr'><strong>magnitudine</strong></span> <span class='ocrx_word' id='word_1_739' title='bbox 1569 4429 1793 4486; x_wconf 81' lang='lat' dir='ltr'><strong>illorum</strong></span> <span class='ocrx_word' id='word_1_740' title='bbox 1812 4434 2019 4486; x_wconf 60' lang='grc' dir='ltr'><strong>ποιώμ-</strong></span> <span class='ocrx_word' id='word_1_741' title='bbox 2104 4433 2256 4488; x_wconf 78' lang='lat' dir='ltr'><strong>enim</strong></span> <span class='ocrx_word' id='word_1_742' title='bbox 2293 4433 2432 4488; x_wconf 81' lang='lat' dir='ltr'><strong>dicit</strong></span> <span class='ocrx_word' id='word_1_743' title='bbox 2467 4434 2824 4506; x_wconf 81' lang='lat' dir='ltr'><strong>sanguinem,</strong></span> <span class='ocrx_word' id='word_1_744' title='bbox 2855 4440 2912 4489; x_wconf 91' lang='lat' dir='ltr'><strong>et</strong></span> <span class='ocrx_word' id='word_1_745' title='bbox 2955 4451 3180 4491; x_wconf 84' lang='lat' dir='ltr'><strong>crucem</strong></span> <span class='ocrx_word' id='word_1_746' title='bbox 3217 4433 3604 4498; x_wconf 80' lang='lat' dir='ltr'><strong>reconciliavit,</strong></span> <span class='ocrx_word' id='word_1_747' title='bbox 3629 4433 3678 4482; x_wconf 82' lang='lat' dir='ltr'><strong>et</strong></span> 
     </span>
    </p>
   </div>
   <div class='ocr_carea' id='block_1_50' title="bbox 422 4519 3676 4596">
    <p class='ocr_par' dir='ltr' id='par_1_50' title="bbox 422 4519 3676 4596">
     <span class='ocr_line' id='line_1_50' title="bbox 422 4519 3676 4596; baseline 0.002 -24"><span class='ocrx_word' id='word_1_748' title='bbox 422 4525 557 4585; x_wconf 82' lang='lat' dir='ltr'><strong>met,</strong></span> <span class='ocrx_word' id='word_1_749' title='bbox 586 4535 714 4591; x_wconf 80' lang='lat' dir='ltr'><strong>quas</strong></span> <span class='ocrx_word' id='word_1_750' title='bbox 731 4535 867 4591; x_wconf 78' lang='lat' dir='ltr'><strong>ergo</strong></span> <span class='ocrx_word' id='word_1_751' title='bbox 896 4519 1192 4574; x_wconf 86' lang='lat' dir='ltr'><strong>hominum</strong></span> <span class='ocrx_word' id='word_1_752' title='bbox 1213 4523 1368 4574; x_wconf 87' lang='lat' dir='ltr'><strong>sunt.</strong></span> <span class='ocrx_word' id='word_1_753' title='bbox 1400 4521 1606 4589; x_wconf 70' lang='grc' dir='ltr'><strong>(Δηώ.)</strong></span> <span class='ocrx_word' id='word_1_754' title='bbox 1640 4520 1850 4574; x_wconf 77' lang='lat' dir='ltr'><strong>Exinde</strong></span> <span class='ocrx_word' id='word_1_755' title='bbox 1887 4538 2019 4576; x_wconf 81' lang='lat' dir='ltr'><strong>vero</strong></span> <span class='ocrx_word' id='word_1_756' title='bbox 2103 4523 2394 4593; x_wconf 80' lang='lat' dir='ltr'><strong>conjunxit</strong></span> <span class='ocrx_word' id='word_1_757' title='bbox 2419 4529 2478 4578; x_wconf 89' lang='lat' dir='ltr'><strong>et</strong></span> <span class='ocrx_word' id='word_1_758' title='bbox 2495 4523 2597 4577; x_wconf 83' lang='lat' dir='ltr'><strong>illa</strong></span> <span class='ocrx_word' id='word_1_759' title='bbox 2621 4539 2748 4594; x_wconf 74' lang='lat' dir='ltr'><strong>quae</strong></span> <span class='ocrx_word' id='word_1_760' title='bbox 2761 4540 2936 4595; x_wconf 85' lang='lat' dir='ltr'><strong>super</strong></span> <span class='ocrx_word' id='word_1_761' title='bbox 2946 4529 3159 4579; x_wconf 81' lang='lat' dir='ltr'><strong>terram</strong></span> <span class='ocrx_word' id='word_1_762' title='bbox 3181 4530 3346 4580; x_wconf 86' lang='lat' dir='ltr'><strong>erant</strong></span> <span class='ocrx_word' id='word_1_763' title='bbox 3373 4529 3432 4579; x_wconf 90' lang='lat' dir='ltr'><strong>et</strong></span> <span class='ocrx_word' id='word_1_764' title='bbox 3452 4538 3571 4596; x_wconf 64' lang='lat' dir='ltr'><strong>qua</strong></span> <span class='ocrx_word' id='word_1_765' title='bbox 3591 4533 3676 4573; x_wconf 76' lang='lat' dir='ltr'><strong>su-</strong></span> 
     </span>
    </p>
   </div>
   <div class='ocr_carea' id='block_1_51' title="bbox 422 4607 3672 4683">
    <p class='ocr_par' dir='ltr' id='par_1_51' title="bbox 422 4607 3672 4683">
     <span class='ocr_line' id='line_1_51' title="bbox 422 4607 3672 4683; baseline 0.001 -23"><span class='ocrx_word' id='word_1_766' title='bbox 422 4608 629 4661; x_wconf 76' lang='lat' dir='ltr'><strong>iterum</strong></span> <span class='ocrx_word' id='word_1_767' title='bbox 651 4609 892 4662; x_wconf 86' lang='lat' dir='ltr'><strong>recurrit</strong></span> <span class='ocrx_word' id='word_1_768' title='bbox 917 4609 989 4663; x_wconf 78' lang='lat' dir='ltr'><strong>ad</strong></span> <span class='ocrx_word' id='word_1_769' title='bbox 1017 4609 1306 4664; x_wconf 88' lang='lat' dir='ltr'><strong>hominem</strong></span> <span class='ocrx_word' id='word_1_770' title='bbox 1334 4607 1524 4664; x_wconf 85' lang='lat' dir='ltr'><strong>dicens</strong></span> <span class='ocrx_word' id='word_1_771' title='bbox 1557 4627 1569 4661; x_wconf 90' lang='lat'><strong>:</strong></span> <span class='ocrx_word' id='word_1_772' title='bbox 1603 4609 1669 4663; x_wconf 78' lang='lat' dir='ltr'><strong>Et</strong></span> <span class='ocrx_word' id='word_1_773' title='bbox 1697 4613 1808 4679; x_wconf 80' lang='lat' dir='ltr'><strong>ipse</strong></span> <span class='ocrx_word' id='word_1_774' title='bbox 1827 4616 1904 4665; x_wconf 86' lang='lat' dir='ltr'><strong>est</strong></span> <span class='ocrx_word' id='word_1_775' title='bbox 1933 4627 2020 4666; x_wconf 78' lang='lat' dir='ltr'><strong>ca-</strong></span> <span class='ocrx_word' id='word_1_776' title='bbox 2104 4627 2206 4682; x_wconf 86' lang='lat' dir='ltr'><strong>per</strong></span> <span class='ocrx_word' id='word_1_777' title='bbox 2229 4612 2396 4666; x_wconf 74' lang='lat' dir='ltr'><strong>caelos</strong></span> <span class='ocrx_word' id='word_1_778' title='bbox 2431 4629 2442 4664; x_wconf 90' lang='lat'><strong>:</strong></span> <span class='ocrx_word' id='word_1_779' title='bbox 2469 4627 2536 4666; x_wconf 91' lang='lat' dir='ltr'><strong>eo</strong></span> <span class='ocrx_word' id='word_1_780' title='bbox 2566 4613 2716 4683; x_wconf 87' lang='lat' dir='ltr'><strong>quod</strong></span> <span class='ocrx_word' id='word_1_781' title='bbox 2751 4617 2811 4666; x_wconf 91' lang='lat' dir='ltr'><strong>et</strong></span> <span class='ocrx_word' id='word_1_782' title='bbox 2853 4619 3110 4669; x_wconf 84' lang='lat' dir='ltr'><strong>mortuus</strong></span> <span class='ocrx_word' id='word_1_783' title='bbox 3151 4620 3238 4668; x_wconf 91' lang='lat' dir='ltr'><strong>est</strong></span> <span class='ocrx_word' id='word_1_784' title='bbox 3274 4619 3336 4669; x_wconf 91' lang='lat' dir='ltr'><strong>et</strong></span> <span class='ocrx_word' id='word_1_785' title='bbox 3373 4608 3672 4669; x_wconf 77' lang='lat' dir='ltr'><strong>resurrexit.</strong></span> 
     </span>
    </p>
   </div>
   <div class='ocr_carea' id='block_1_52' title="bbox 417 4697 3676 4775">
    <p class='ocr_par' dir='ltr' id='par_1_52' title="bbox 417 4697 3676 4775">
     <span class='ocr_line' id='line_1_52' title="bbox 417 4697 3676 4775; baseline 0.003 -27"><span class='ocrx_word' id='word_1_786' title='bbox 417 4700 520 4764; x_wconf 77' lang='lat' dir='ltr'><strong>put</strong></span> <span class='ocrx_word' id='word_1_787' title='bbox 538 4699 784 4763; x_wconf 74' lang='lat' dir='ltr'><strong>corporis</strong></span> <span class='ocrx_word' id='word_1_788' title='bbox 803 4697 1066 4752; x_wconf 66' lang='lat' dir='ltr'><strong>Ecclesia.</strong></span> <span class='ocrx_word' id='word_1_789' title='bbox 1097 4699 1216 4752; x_wconf 84' lang='lat' dir='ltr'><strong>Hoc</strong></span> <span class='ocrx_word' id='word_1_790' title='bbox 1255 4703 1358 4764; x_wconf 89' lang='lat' dir='ltr'><strong>est,</strong></span> <span class='ocrx_word' id='word_1_791' title='bbox 1382 4698 1552 4752; x_wconf 88' lang='lat' dir='ltr'><strong>istum</strong></span> <span class='ocrx_word' id='word_1_792' title='bbox 1587 4698 1648 4752; x_wconf 86' lang='lat' dir='ltr'><strong>in</strong></span> <span class='ocrx_word' id='word_1_793' title='bbox 1685 4715 1795 4770; x_wconf 85' lang='lat' dir='ltr'><strong>quo</strong></span> <span class='ocrx_word' id='word_1_794' title='bbox 1832 4699 2022 4754; x_wconf 81' lang='lat' dir='ltr'><strong>omnia</strong></span> <span class='ocrx_word' id='word_1_795' title='bbox 2104 4701 2420 4772; x_wconf 84' lang='lat' dir='ltr'><strong>Exsurgens</strong></span> <span class='ocrx_word' id='word_1_796' title='bbox 2440 4716 2572 4756; x_wconf 88' lang='lat' dir='ltr'><strong>vero</strong></span> <span class='ocrx_word' id='word_1_797' title='bbox 2583 4717 2882 4756; x_wconf 86' lang='lat' dir='ltr'><strong>commune</strong></span> <span class='ocrx_word' id='word_1_798' title='bbox 2899 4702 3159 4757; x_wconf 87' lang='lat' dir='ltr'><strong>omnibus</strong></span> <span class='ocrx_word' id='word_1_799' title='bbox 3179 4703 3442 4775; x_wconf 69' lang='lat' dir='ltr'><strong>praestitit</strong></span> <span class='ocrx_word' id='word_1_800' title='bbox 3465 4697 3676 4773; x_wconf 47' lang='lat' dir='ltr'><strong>promis.</strong></span> 
     </span>
    </p>
   </div>
   <div class='ocr_carea' id='block_1_53' title="bbox 421 4786 3672 4856">
    <p class='ocr_par' dir='ltr' id='par_1_53' title="bbox 421 4786 3672 4856">
     <span class='ocr_line' id='line_1_53' title="bbox 421 4786 3672 4856; baseline 0.002 -21"><span class='ocrx_word' id='word_1_801' title='bbox 421 4787 612 4837; x_wconf 67' lang='lat' dir='ltr'><strong>creata</strong></span> <span class='ocrx_word' id='word_1_802' title='bbox 637 4788 772 4836; x_wconf 83' lang='lat' dir='ltr'><strong>sunt</strong></span> <span class='ocrx_word' id='word_1_803' title='bbox 789 4789 959 4856; x_wconf 82' lang='lat' dir='ltr'><strong>caput</strong></span> <span class='ocrx_word' id='word_1_804' title='bbox 985 4786 1213 4842; x_wconf 86' lang='lat' dir='ltr'><strong>ascribit</strong></span> <span class='ocrx_word' id='word_1_805' title='bbox 1253 4787 1358 4842; x_wconf 81' lang='lat' dir='ltr'><strong>sibi</strong></span> <span class='ocrx_word' id='word_1_806' title='bbox 1388 4787 1449 4842; x_wconf 91' lang='lat' dir='ltr'><strong>in</strong></span> <span class='ocrx_word' id='word_1_807' title='bbox 1478 4803 1792 4854; x_wconf 85' lang='lat' dir='ltr'><strong>commune,</strong></span> <span class='ocrx_word' id='word_1_808' title='bbox 1828 4788 2020 4845; x_wconf 83' lang='lat' dir='ltr'><strong>Eccie-</strong></span> <span class='ocrx_word' id='word_1_809' title='bbox 2105 4805 2230 4844; x_wconf 87' lang='lat' dir='ltr'><strong>sum</strong></span> <span class='ocrx_word' id='word_1_810' title='bbox 2257 4791 2685 4845; x_wconf 81' lang='lat' dir='ltr'><strong>resurrectionis</strong></span> <span class='ocrx_word' id='word_1_811' title='bbox 2713 4796 2771 4846; x_wconf 88' lang='lat' dir='ltr'><strong>et</strong></span> <span class='ocrx_word' id='word_1_812' title='bbox 2797 4792 3263 4846; x_wconf 80' lang='lat' dir='ltr'><strong>immortalitatis.</strong></span> <span class='ocrx_word' id='word_1_813' title='bbox 3281 4792 3484 4848; x_wconf 86' lang='lat' dir='ltr'><strong>Omnia</strong></span> <span class='ocrx_word' id='word_1_814' title='bbox 3499 4793 3672 4844; x_wconf 79' lang='lat' dir='ltr'><strong>autem</strong></span> 
     </span>
    </p>
   </div>
   <div class='ocr_carea' id='block_1_54' title="bbox 422 4872 3674 4948">
    <p class='ocr_par' dir='ltr' id='par_1_54' title="bbox 422 4872 3674 4948">
     <span class='ocr_line' id='line_1_54' title="bbox 422 4872 3674 4948; baseline 0.002 -22"><span class='ocrx_word' id='word_1_815' title='bbox 422 4872 716 4942; x_wconf 76' lang='lat' dir='ltr'><strong>siaeorpus</strong></span> <span class='ocrx_word' id='word_1_816' title='bbox 729 4872 966 4942; x_wconf 82' lang='lat' dir='ltr'><strong>ejusper</strong></span> <span class='ocrx_word' id='word_1_817' title='bbox 978 4873 1289 4946; x_wconf 87' lang='lat' dir='ltr'><strong>spiritalem</strong></span> <span class='ocrx_word' id='word_1_818' title='bbox 1301 4877 2012 4948; x_wconf 65' lang='lat' dir='ltr'><strong>regenerationemeﬂecta,</strong></span> <span class='ocrx_word' id='word_1_819' title='bbox 2102 4878 2232 4934; x_wconf 84' lang='lat' dir='ltr'><strong>hinc</strong></span> <span class='ocrx_word' id='word_1_820' title='bbox 2259 4885 2672 4934; x_wconf 84' lang='lat' dir='ltr'><strong>connectuntur</strong></span> <span class='ocrx_word' id='word_1_821' title='bbox 2695 4880 2770 4934; x_wconf 84' lang='lat' dir='ltr'><strong>ad</strong></span> <span class='ocrx_word' id='word_1_822' title='bbox 2795 4881 3171 4946; x_wconf 85' lang='lat' dir='ltr'><strong>concordiam,</strong></span> <span class='ocrx_word' id='word_1_823' title='bbox 3195 4881 3344 4936; x_wconf 82' lang='lat' dir='ltr'><strong>sicut</strong></span> <span class='ocrx_word' id='word_1_824' title='bbox 3368 4887 3426 4934; x_wconf 89' lang='lat' dir='ltr'><strong>et</strong></span> <span class='ocrx_word' id='word_1_825' title='bbox 3445 4880 3502 4934; x_wconf 88' lang='lat' dir='ltr'><strong>in</strong></span> <span class='ocrx_word' id='word_1_826' title='bbox 3524 4891 3674 4946; x_wconf 83' lang='lat' dir='ltr'><strong>supc-</strong></span> 
     </span>
    </p>
   </div>
   <div class='ocr_carea' id='block_1_55' title="bbox 422 4957 3672 5042">
    <p class='ocr_par' dir='ltr' id='par_1_55' title="bbox 422 4957 3672 5042">
     <span class='ocr_line' id='line_1_55' title="bbox 422 4957 3672 5042; baseline 0.002 -26"><span class='ocrx_word' id='word_1_827' title='bbox 422 4973 546 5032; x_wconf 76' lang='lat' dir='ltr'><strong>quac</strong></span> <span class='ocrx_word' id='word_1_828' title='bbox 569 4960 812 5016; x_wconf 78' lang='lat' dir='ltr'><strong>formam</strong></span> <span class='ocrx_word' id='word_1_829' title='bbox 841 4959 1010 5014; x_wconf 83' lang='lat' dir='ltr'><strong>habet</strong></span> <span class='ocrx_word' id='word_1_830' title='bbox 1027 4957 1682 5032; x_wconf 66' lang='lat' dir='ltr'><strong>futurmresurrectionis,</strong></span> <span class='ocrx_word' id='word_1_831' title='bbox 1707 4967 2016 5022; x_wconf 84' lang='lat' dir='ltr'><strong>secundum</strong></span> <span class='ocrx_word' id='word_1_832' title='bbox 2102 4967 2344 5024; x_wconf 69' lang='lat' dir='ltr'><strong>rictibus</strong></span> <span class='ocrx_word' id='word_1_833' title='bbox 2359 4969 2622 5036; x_wconf 84' lang='lat' dir='ltr'><strong>diximus,</strong></span> <span class='ocrx_word' id='word_1_834' title='bbox 2637 4975 2695 5024; x_wconf 86' lang='lat' dir='ltr'><strong>et</strong></span> <span class='ocrx_word' id='word_1_835' title='bbox 2713 4970 2784 5024; x_wconf 88' lang='lat' dir='ltr'><strong>ad</strong></span> <span class='ocrx_word' id='word_1_836' title='bbox 2807 4969 2969 5024; x_wconf 85' lang='lat' dir='ltr'><strong>illum</strong></span> <span class='ocrx_word' id='word_1_837' title='bbox 2989 4971 3288 5042; x_wconf 86' lang='lat' dir='ltr'><strong>incipiunt,</strong></span> <span class='ocrx_word' id='word_1_838' title='bbox 3309 4976 3374 5024; x_wconf 89' lang='lat' dir='ltr'><strong>ut</strong></span> <span class='ocrx_word' id='word_1_839' title='bbox 3401 4977 3532 5041; x_wconf 84' lang='lat' dir='ltr'><strong>puta</strong></span> <span class='ocrx_word' id='word_1_840' title='bbox 3554 4977 3672 5019; x_wconf 79' lang='lat' dir='ltr'><strong>oon-</strong></span> 
     </span>
    </p>
   </div>
   <div class='ocr_carea' id='block_1_56' title="bbox 421 5048 3674 5130">
    <p class='ocr_par' dir='ltr' id='par_1_56' title="bbox 421 5048 3674 5130">
     <span class='ocr_line' id='line_1_56' title="bbox 421 5048 3674 5130; baseline 0.002 -26"><span class='ocrx_word' id='word_1_841' title='bbox 421 5064 593 5121; x_wconf 80' lang='lat' dir='ltr'><strong>quam</strong></span> <span class='ocrx_word' id='word_1_842' title='bbox 619 5048 1033 5105; x_wconf 71' lang='lat' dir='ltr'><strong>communicem</strong></span> <span class='ocrx_word' id='word_1_843' title='bbox 1058 5051 1113 5104; x_wconf 89' lang='lat' dir='ltr'><strong>ei</strong></span> <span class='ocrx_word' id='word_1_844' title='bbox 1143 5061 1432 5122; x_wconf 75' lang='lat' dir='ltr'><strong>sperantes</strong></span> <span class='ocrx_word' id='word_1_845' title='bbox 1467 5061 1526 5110; x_wconf 90' lang='lat' dir='ltr'><strong>et</strong></span> <span class='ocrx_word' id='word_1_846' title='bbox 1561 5055 1862 5128; x_wconf 85' lang='lat' dir='ltr'><strong>participes</strong></span> <span class='ocrx_word' id='word_1_847' title='bbox 1891 5059 1940 5128; x_wconf 88' lang='lat' dir='ltr'><strong>ej</strong></span> <span class='ocrx_word' id='word_1_848' title='bbox 1951 5074 2014 5111; x_wconf 90' lang='lat' dir='ltr'><strong>us</strong></span> <span class='ocrx_word' id='word_1_849' title='bbox 2101 5058 2302 5112; x_wconf 71' lang='lat' dir='ltr'><strong>cordiae</strong></span> <span class='ocrx_word' id='word_1_850' title='bbox 2327 5064 2614 5113; x_wconf 87' lang='lat' dir='ltr'><strong>auctorem</strong></span> <span class='ocrx_word' id='word_1_851' title='bbox 2641 5075 2652 5111; x_wconf 90' lang='lat'><strong>:</strong></span> <span class='ocrx_word' id='word_1_852' title='bbox 2682 5059 2788 5112; x_wconf 85' lang='lat' dir='ltr'><strong>hoc</strong></span> <span class='ocrx_word' id='word_1_853' title='bbox 2807 5059 2959 5113; x_wconf 89' lang='lat' dir='ltr'><strong>enim</strong></span> <span class='ocrx_word' id='word_1_854' title='bbox 2988 5059 3125 5114; x_wconf 81' lang='lat' dir='ltr'><strong>dicit</strong></span> <span class='ocrx_word' id='word_1_855' title='bbox 3141 5063 3206 5114; x_wconf 87' lang='lat' dir='ltr'><strong>in</strong></span> <span class='ocrx_word' id='word_1_856' title='bbox 3227 5076 3352 5114; x_wconf 81' lang='lat' dir='ltr'><strong>eum</strong></span> <span class='ocrx_word' id='word_1_857' title='bbox 3382 5058 3584 5130; x_wconf 86' lang='lat' dir='ltr'><strong>optime</strong></span> <span class='ocrx_word' id='word_1_858' title='bbox 3603 5051 3674 5106; x_wconf 76' lang='lat' dir='ltr'><strong>di-</strong></span> 
     </span>
    </p>
   </div>
   <div class='ocr_carea' id='block_1_57' title="bbox 420 5138 3670 5220">
    <p class='ocr_par' dir='ltr' id='par_1_57' title="bbox 420 5138 3670 5220">
     <span class='ocr_line' id='line_1_57' title="bbox 420 5138 3670 5220; baseline 0.003 -27"><span class='ocrx_word' id='word_1_859' title='bbox 420 5139 543 5193; x_wconf 58' lang='grc' dir='ltr'><strong>κυνί</strong></span> <span class='ocrx_word' id='word_1_860' title='bbox 571 5138 1010 5194; x_wconf 77' lang='lat' dir='ltr'><strong>immortalitatis</strong></span> <span class='ocrx_word' id='word_1_861' title='bbox 1037 5139 1304 5210; x_wconf 85' lang='lat' dir='ltr'><strong>baptizati</strong></span> <span class='ocrx_word' id='word_1_862' title='bbox 1354 5145 1514 5215; x_wconf 85' lang='lat' dir='ltr'><strong>quasi</strong></span> <span class='ocrx_word' id='word_1_863' title='bbox 1541 5144 1780 5200; x_wconf 81' lang='lat' dir='ltr'><strong>formam</strong></span> <span class='ocrx_word' id='word_1_864' title='bbox 1820 5161 2014 5216; x_wconf 87' lang='lat' dir='ltr'><strong>quam—</strong></span> <span class='ocrx_word' id='word_1_865' title='bbox 2099 5146 2198 5214; x_wconf 85' lang='lat' dir='ltr'><strong>xit,</strong></span> <span class='ocrx_word' id='word_1_866' title='bbox 2217 5147 2482 5218; x_wconf 85' lang='lat' dir='ltr'><strong>quoniam</strong></span> <span class='ocrx_word' id='word_1_867' title='bbox 2501 5163 2604 5220; x_wconf 88' lang='lat' dir='ltr'><strong>per</strong></span> <span class='ocrx_word' id='word_1_868' title='bbox 2615 5153 2856 5202; x_wconf 88' lang='lat' dir='ltr'><strong>mortem</strong></span> <span class='ocrx_word' id='word_1_869' title='bbox 2875 5149 2999 5218; x_wconf 87' lang='lat' dir='ltr'><strong>ejus</strong></span> <span class='ocrx_word' id='word_1_870' title='bbox 3020 5149 3213 5202; x_wconf 88' lang='lat' dir='ltr'><strong>omnia</strong></span> <span class='ocrx_word' id='word_1_871' title='bbox 3225 5147 3530 5220; x_wconf 84' lang='lat' dir='ltr'><strong>conjunxit,</strong></span> <span class='ocrx_word' id='word_1_872' title='bbox 3553 5141 3670 5196; x_wconf 70' lang='lat' dir='ltr'><strong>etin</strong></span> 
     </span>
    </p>
   </div>
   <div class='ocr_carea' id='block_1_58' title="bbox 419 5226 3672 5309">
    <p class='ocr_par' dir='ltr' id='par_1_58' title="bbox 419 5226 3672 5309">
     <span class='ocr_line' id='line_1_58' title="bbox 419 5226 3672 5309; baseline 0.002 -28"><span class='ocrx_word' id='word_1_873' title='bbox 419 5226 548 5280; x_wconf 76' lang='lat' dir='ltr'><strong>dum</strong></span> <span class='ocrx_word' id='word_1_874' title='bbox 577 5227 804 5283; x_wconf 80' lang='lat' dir='ltr'><strong>illorum</strong></span> <span class='ocrx_word' id='word_1_875' title='bbox 831 5228 1129 5300; x_wconf 74' lang='lat' dir='ltr'><strong>impientes</strong></span> <span class='ocrx_word' id='word_1_876' title='bbox 1158 5245 1396 5300; x_wconf 86' lang='lat' dir='ltr'><strong>quorum</strong></span> <span class='ocrx_word' id='word_1_877' title='bbox 1423 5233 1682 5305; x_wconf 87' lang='lat' dir='ltr'><strong>princeps</strong></span> <span class='ocrx_word' id='word_1_878' title='bbox 1702 5235 1821 5306; x_wconf 86' lang='lat' dir='ltr'><strong>ipse</strong></span> <span class='ocrx_word' id='word_1_879' title='bbox 1851 5235 2012 5289; x_wconf 88' lang='lat' dir='ltr'><strong>nobis</strong></span> <span class='ocrx_word' id='word_1_880' title='bbox 2096 5252 2230 5307; x_wconf 79' lang='lat' dir='ltr'><strong>pace</strong></span> <span class='ocrx_word' id='word_1_881' title='bbox 2259 5236 2552 5291; x_wconf 87' lang='lat' dir='ltr'><strong>constituit</strong></span> <span class='ocrx_word' id='word_1_882' title='bbox 2577 5253 2680 5309; x_wconf 87' lang='lat' dir='ltr'><strong>per</strong></span> <span class='ocrx_word' id='word_1_883' title='bbox 2705 5253 2850 5304; x_wconf 89' lang='lat' dir='ltr'><strong>eam,</strong></span> <span class='ocrx_word' id='word_1_884' title='bbox 2875 5253 2998 5308; x_wconf 69' lang='lat' dir='ltr'><strong>quae</strong></span> <span class='ocrx_word' id='word_1_885' title='bbox 3022 5253 3158 5309; x_wconf 77' lang='lat' dir='ltr'><strong>erga</strong></span> <span class='ocrx_word' id='word_1_886' title='bbox 3177 5253 3237 5294; x_wconf 88' lang='lat' dir='ltr'><strong>se</strong></span> <span class='ocrx_word' id='word_1_887' title='bbox 3262 5243 3364 5303; x_wconf 81' lang='lat' dir='ltr'><strong>est,</strong></span> <span class='ocrx_word' id='word_1_888' title='bbox 3387 5231 3672 5308; x_wconf 47' lang='lat' dir='ltr'><strong>copulatis?</strong></span> 
     </span>
    </p>
   </div>
   <div class='ocr_carea' id='block_1_59' title="bbox 419 5316 3670 5398">
    <p class='ocr_par' dir='ltr' id='par_1_59' title="bbox 419 5316 3670 5398">
     <span class='ocr_line' id='line_1_59' title="bbox 419 5316 3670 5398; baseline 0.002 -28"><span class='ocrx_word' id='word_1_889' title='bbox 419 5316 650 5372; x_wconf 64' lang='lat' dir='ltr'><strong>cratim.</strong></span> <span class='ocrx_word' id='word_1_890' title='bbox 681 5317 764 5372; x_wconf 75' lang='lat' dir='ltr'><strong>Ea</strong></span> <span class='ocrx_word' id='word_1_891' title='bbox 789 5334 924 5390; x_wconf 79' lang='lat' dir='ltr'><strong>ergo</strong></span> <span class='ocrx_word' id='word_1_892' title='bbox 951 5318 1170 5374; x_wconf 85' lang='lat' dir='ltr'><strong>ratione</strong></span> <span class='ocrx_word' id='word_1_893' title='bbox 1198 5324 1256 5374; x_wconf 88' lang='lat' dir='ltr'><strong>et</strong></span> <span class='ocrx_word' id='word_1_894' title='bbox 1283 5328 1452 5392; x_wconf 83' lang='lat' dir='ltr'><strong>caput</strong></span> <span class='ocrx_word' id='word_1_895' title='bbox 1477 5321 1638 5376; x_wconf 84' lang='lat' dir='ltr'><strong>illum</strong></span> <span class='ocrx_word' id='word_1_896' title='bbox 1681 5323 2013 5379; x_wconf 83' lang='lat' dir='ltr'><strong>ascribimus</strong></span> <span class='ocrx_word' id='word_1_897' title='bbox 2095 5339 2246 5380; x_wconf 87' lang='lat' dir='ltr'><strong>nem.</strong></span> <span class='ocrx_word' id='word_1_898' title='bbox 2280 5326 2578 5382; x_wconf 80' lang='lat' dir='ltr'><strong>Evidenter</strong></span> <span class='ocrx_word' id='word_1_899' title='bbox 2605 5327 2762 5393; x_wconf 87' lang='lat' dir='ltr'><strong>illud,</strong></span> <span class='ocrx_word' id='word_1_900' title='bbox 2803 5326 2952 5397; x_wconf 85' lang='lat' dir='ltr'><strong>quod</strong></span> <span class='ocrx_word' id='word_1_901' title='bbox 2982 5327 3199 5382; x_wconf 85' lang='lat' dir='ltr'><strong>dixerat</strong></span> <span class='ocrx_word' id='word_1_902' title='bbox 3236 5327 3295 5382; x_wconf 89' lang='lat' dir='ltr'><strong>in</strong></span> <span class='ocrx_word' id='word_1_903' title='bbox 3333 5325 3454 5398; x_wconf 86' lang='lat' dir='ltr'><strong>ipso</strong></span> <span class='ocrx_word' id='word_1_904' title='bbox 3497 5323 3670 5378; x_wconf 65' lang='lat' dir='ltr'><strong>creata</strong></span> 
     </span>
    </p>
   </div>
   <div class='ocr_carea' id='block_1_60' title="bbox 417 5403 3663 5488">
    <p class='ocr_par' dir='ltr' id='par_1_60' title="bbox 417 5403 3663 5488">
     <span class='ocr_line' id='line_1_60' title="bbox 417 5403 3663 5488; baseline 0.004 -29"><span class='ocrx_word' id='word_1_905' title='bbox 417 5403 597 5459; x_wconf 78' lang='lat' dir='ltr'><strong>nobis.</strong></span> <span class='ocrx_word' id='word_1_906' title='bbox 622 5405 782 5461; x_wconf 80' lang='lat' dir='ltr'><strong>Uade</strong></span> <span class='ocrx_word' id='word_1_907' title='bbox 805 5407 1005 5480; x_wconf 76' lang='lat' dir='ltr'><strong>adjicit</strong></span> <span class='ocrx_word' id='word_1_908' title='bbox 1031 5412 1226 5478; x_wconf 76' lang='lat' dir='ltr'><strong>quiest</strong></span> <span class='ocrx_word' id='word_1_909' title='bbox 1240 5412 1648 5479; x_wconf 69' lang='lat' dir='ltr'><strong>pﬁmogcm&#39;tus</strong></span> <span class='ocrx_word' id='word_1_910' title='bbox 1667 5429 1734 5468; x_wconf 74' lang='lat' dir='ltr'><strong>ea:</strong></span> <span class='ocrx_word' id='word_1_911' title='bbox 1750 5417 2009 5482; x_wconf 82' lang='lat' dir='ltr'><strong>mortuis,</strong></span> <span class='ocrx_word' id='word_1_912' title='bbox 2097 5421 2232 5470; x_wconf 79' lang='lat' dir='ltr'><strong>sunt</strong></span> <span class='ocrx_word' id='word_1_913' title='bbox 2253 5415 2463 5483; x_wconf 84' lang='lat' dir='ltr'><strong>omnia,</strong></span> <span class='ocrx_word' id='word_1_914' title='bbox 2487 5429 2614 5488; x_wconf 70' lang='lat' dir='ltr'><strong>quas</strong></span> <span class='ocrx_word' id='word_1_915' title='bbox 2625 5415 2686 5468; x_wconf 91' lang='lat' dir='ltr'><strong>in</strong></span> <span class='ocrx_word' id='word_1_916' title='bbox 2701 5415 2859 5469; x_wconf 75' lang='lat' dir='ltr'><strong>coriis</strong></span> <span class='ocrx_word' id='word_1_917' title='bbox 2878 5419 3028 5484; x_wconf 86' lang='lat' dir='ltr'><strong>sunt,</strong></span> <span class='ocrx_word' id='word_1_918' title='bbox 3043 5421 3102 5471; x_wconf 85' lang='lat' dir='ltr'><strong>et</strong></span> <span class='ocrx_word' id='word_1_919' title='bbox 3119 5431 3248 5488; x_wconf 63' lang='lat' dir='ltr'><strong>quas</strong></span> <span class='ocrx_word' id='word_1_920' title='bbox 3265 5429 3438 5487; x_wconf 86' lang='lat' dir='ltr'><strong>super</strong></span> <span class='ocrx_word' id='word_1_921' title='bbox 3447 5418 3663 5473; x_wconf 57' lang='lat' dir='ltr'><strong>terr-ama</strong></span> 
     </span>
    </p>
   </div>
   <div class='ocr_carea' id='block_1_61' title="bbox 416 5497 3666 5578">
    <p class='ocr_par' dir='ltr' id='par_1_61' title="bbox 416 5497 3666 5578">
     <span class='ocr_line' id='line_1_61' title="bbox 416 5497 3666 5578; baseline 0.004 -28"><span class='ocrx_word' id='word_1_922' title='bbox 416 5499 1420 5573; x_wconf 68' lang='lat' dir='ltr'><strong>Iocast,antaomnesresm&#39;gentes</strong></span> <span class='ocrx_word' id='word_1_923' title='bbox 1446 5500 2014 5574; x_wconf 78' lang='lat' dir='ltr'><strong>primusinillavita</strong></span> <span class='ocrx_word' id='word_1_924' title='bbox 2095 5503 2425 5562; x_wconf 72' lang='lat' dir='ltr'><strong>hocinioco</strong></span> <span class='ocrx_word' id='word_1_925' title='bbox 2449 5504 2688 5562; x_wconf 59' lang='lat' dir='ltr'><strong>Masso</strong></span> <span class='ocrx_word' id='word_1_926' title='bbox 2715 5497 3666 5578; x_wconf 51' lang='lat' dir='ltr'><strong>videturmtcautecompmbabiﬁ</strong></span> 
     </span>
    </p>
   </div>
  </div>
