3892 6158
497 207 602 265 519

1077 199 1140 255 Β.
1181 197 1453 254 RABANI
1489 197 1721 255 MAURI
1769 197 2106 254 ARCHIEP.
2145 198 2471 255 MOGUNT.
2513 197 2811 254 OPERUM
2847 198 3032 254 PARS
3067 199 3163 256 III.

3596 215 3680 272 520

499 329 855 402 dedignatur,
888 342 924 380 a
953 325 1146 396 planta
1187 327 1379 377 autem
1419 321 1578 394 pedis
1610 339 1788 395 usque
1821 321 2089 377 verticem
2103 321 2280 382 Asios
2309 321 2596 394 scripsisse
2615 322 2868 390 videtur;
2903 323 2993 376 συί
3030 325 3196 380 statui
3223 325 3352 383 nihil
3381 328 3500 388 boni
3521 333 3682 392 (168888

497 419 731 473 vulnera
757 413 1009 485 suscipit,
1035 412 1169 484 quia
1187 417 1440 466 sanctam
1474 411 1798 476 Ecclesiam,
1831 428 1955 483 quae
1972 428 2090 466 cor-

497 524 603 580 pus
623 507 745 576 ejus
765 510 868 567 est,
905 519 1018 556 non
1047 501 1232 556 solum
1261 518 1362 572 per
1388 507 1640 556 extrema
1664 507 1723 555 et
1747 500 1966 566 ultima,
1991 500 2090 554 sed

497 611 675 666 usque
703 593 775 648 ad
803 607 1028 647 summa
1046 589 1302 644 membra
1315 589 1703 661 persecutione
1719 589 1950 645 saeviens
1961 595 2090 644 ten-

497 689 649 737 tator
677 681 896 751 affligit.
930 678 1090 734 Unde
1109 678 1280 733 etiam
1299 679 1508 735 Paulus
1530 678 1696 734 dicit:
1722 679 2000 748 Complebo
2027 694 2090 732 ea

469 753 614 841 ’συθ
641 773 838 825 desunt
857 770 1187 838 passionum
1205 768 1413 822 Christi
1424 771 1486 821 in
1507 783 1676 822 carne
1689 783 1830 822 mea.
1849 769 1956 823 Pro
1975 781 2090 820 cor-

491 877 622 931 pore
658 863 776 928 ejus
817 859 962 928 quod
1016 862 1091 911 est
1129 857 1388 921 Ecclesia,
1438 859 1598 925 cujus
1637 858 1822 924 factus
1845 871 1973 909 sum
1999 872 2090 924 ego

495 951 704 1004 Paulus
733 949 1008 1001 minister.
1038 944 1276 1016 (Ambr.)
1302 945 1500 1016 Itaque
1522 950 1579 998 et
1594 944 1844 998 delector
1872 945 2093 1015 patiens

497 1054 598 1108 pro
624 1035 780 1091 vobis
802 1033 1070 1106 quoniam
1103 1033 1445 1104 prmveniens
1474 1033 1546 1087 ad
1574 1033 1974 1088 conferendum
1994 1050 2092 1087 vo-

498 1126 586 1182 bis
613 1124 948 1181 benelicium
979 1139 1180 1195 passus
1210 1127 1296 1177 est
1323 1122 1601 1188 Christus,
1617 1127 1682 1176 ut
1693 1139 1896 1194 corpus
1923 1139 2089 1176 suum

495 1215 653 1270 vobis
672 1231 774 1286 per
797 1211 1267 1268 resurrectionem
1288 1227 1410 1265 esse
1421 1210 1814 1282 pronuntiaret
1826 1211 1942 1275 illa,
1965 1227 2090 1283 quae

496 1305 732 1360 deerant
755 1301 1184 1357 tribulationum
1215 1301 1338 1370 ejus
1375 1299 1445 1354 ab
1477 1299 1608 1366 illis,
1643 1317 1764 1371 qua;
1805 1317 1906 1371 pro
1935 1300 2090 1355 vobis

496 1398 665 1448 erunt
683 1391 963 1462 adimpleo
983 1406 1105 1459 ego.
1141 1389 1328 1457 (ΗΑΒ.)
1361 1387 1506 1454 Quid
1535 1388 1645 1442 erit
1673 1389 1823 1460 quod
1852 1389 2090 1444 deerant

495 1487 560 1536 ut
587 1481 882 1545 discentes,
915 1495 1038 1550 quae
1067 1483 1200 1532 sunt
1243 1478 1358 1543 illa,
1395 1493 1517 1548 quae
1565 1477 1781 1532 directa
1816 1483 1956 1532 sunt
1987 1495 2086 1549 pro

495 1569 649 1625 vobis
678 1567 997 1639 suscipiatis
1023 1567 1091 1621 de
1122 1565 1233 1620 illis
1259 1565 1687 1637 promissionem
1707 1567 1732 1619 ’ἶ
1760 1567 1864 1620 hoc
1895 1571 2088 1620 autem

2170 411 2467 466 videbitur.
2502 412 2573 466 Et
2600 411 2865 484 quoniam
2905 412 3095 466 omnia
3128 413 3232 468 ista
3270 416 3334 471 ad
3368 417 3492 475 illud
3525 426 3685 480 retulit

2173 501 2322 572 quod
2350 501 2584 568 dixerat,
2617 517 2768 556 nunc
2795 501 3003 570 gaudeo
3022 503 3083 555 in
3098 505 3423 570 passionibus
3442 525 3533 577 pro
3549 514 3684 580 vobis,

2173 590 2414 644 resumit
2438 590 2645 645 iterum
2665 589 2802 644 illud
2826 591 2928 663 :‘In
2948 607 3059 662 quo
3087 595 3135 645 et
3165 593 3338 647 laboro
3367 599 3592 654 certando
3614 617 3688 656 se-

2171 680 2420 733 cundum
2433 681 2802 748 operationem
2820 681 2871 748 ei
2873 695 2940 734 us
2951 694 3121 749 quam
3131 687 3377 750 operatur
3386 685 3445 738 in
3453 701 3528 740 me
3536 689 3589 740 in
3600 691 3693 742 eir-

2173 771 2304 821 tute.
2335 767 2444 822 Pro
2473 767 2580 834 his,
2623 767 2826 838 inquit,
2861 773 2915 822 et
2944 765 3197 822 laborare
3221 770 3375 841 cupio
3423 773 3692 830 omnimodo

2173 855 2467 910 decertans
2480 861 2712 928 propter
2736 855 3008 911 tributam
3038 856 3174 910 mihi
3201 858 3269 912 ad
3286 858 3384 913 hoc
3400 859 3629 917 virtutem
3639 864 3696 920 de

2173 943 2312 998 caelo
2336 944 2584 999 inveniet
2617 950 2810 1000 autem
2841 944 2965 1016 quis
3001 950 3060 1000 et
3103 945 3205 1000 hoc
3231 963 3328 1018 per
3352 949 3524 1004 omnia
3546 950 3696 1008 simile

2173 1047 2294 1087 esse
2348 1034 2657 1088 secundum
2701 1050 2930 1088 sensum
2973 1033 3124 1088 illius
3171 1035 3417 1106 Epistolas
3457 1054 3604 1109 quam
3639 1041 3696 1095 ad

2172 1121 2439 1193 Ephesios
2457 1122 2978 1194 scripsissevidetur
2995 1122 3091 1178 ubi
3107 1122 3244 1179 dixit
3265 1142 3277 1177 :
3309 1127 3476 1194 Hujus
3500 1129 3574 1182 rei
3595 1144 3698 1195 gra-

2173 1213 2253 1264 tia
2284 1227 2376 1279 ego
2399 1213 2609 1280 Paulus
2636 1215 2853 1266 vinctus
2881 1212 3088 1267 Christi
3111 1215 3256 1280 Jesu,
3286 1219 3387 1268 etc.
3421 1214 3605 1284 (Ephes.
3633 1220 3696 1286 η.)

2172 1299 2242 1352 Et
2255 1299 2522 1370 quoniam
2542 1299 2788 1354 ostendit
2797 1300 3084 1355 evidenter
3101 1301 3207 1356 sibi
3225 1307 3520 1374 competere
3537 1305 3700 1375 probis

2169 1387 2499 1454 doctrinam,
2535 1388 2814 1461 siquidem
2834 1389 3100 1445 Gentium
3119 1390 3476 1446 ministerium
3491 1393 3704 1447 commiso

2169 1492 2294 1531 sum
2319 1475 2525 1532 habere
2554 1477 2794 1545 videtur,
2836 1483 2894 1532 et
2933 1479 2992 1533 in
3029 1479 3135 1534 hoc
3173 1495 3208 1534 a
3241 1479 3352 1534 Deo
3391 1487 3589 1536 creatus
3617 1486 3703 1545 est,

2169 1565 2507 1621 satisfacere.
2543 1567 2816 1638 Properat
2841 1567 2942 1635 eis,
2975 1567 3240 1640 quoniam
3268 1568 3502 1624 nondum
3517 1577 3708 1624 venerat

495 1659 616 1714 sine
642 1657 832 1712 labore
859 1663 912 1711 et
937 1654 1395 1710 tribulationibus
1440 1655 1558 1709 ﬁeri
1602 1671 1958 1726 nequaquam
1985 1672 2086 1726 po-
2108 1642 2242 1710 Bad
2271 1672 2387 1710 eos.

497 1753 608 1802 test
641 1762 778 1818 :pro
810 1745 898 1799 his
941 1761 1076 1815 ergo
1106 1743 1291 1816 patior
1329 1743 1662 1799 circumiens
1692 1750 1750 1798 et
1777 1744 2086 1816 praedicans

495 1835 756 1890 omnibus
785 1835 883 1888 illa
911 1850 1034 1904 quae
1052 1839 1186 1887 sunt
1210 1837 1478 1898 correcta,
1501 1833 1582 1888 ita
1601 1838 1662 1887 ut
1673 1850 1770 1887 vos
1796 1832 2088 1888 credentes

495 1924 695 1979 affectu
722 1923 895 1978 animi
918 1922 1393 1994 propinquitatem
1420 1921 1574 1976 illam
1595 1938 1717 1994 quae
1749 1923 1821 1976 ad
1851 1939 1982 1978 eum
2002 1929 2089 1977 est

495 2012 799 2084 accipiatis,
832 2012 1036 2066 horum
1055 2011 1206 2066 enim
1226 2027 1330 2082 ego
1351 2009 1539 2064 exstiti
1553 2011 1830 2065 minister.
1848 2011 1918 2066 Et
1938 2017 2003 2066 ut
2016 2027 2086 2068 ne

495 2100 748 2157 videatur
775 2102 889 2156 alta
915 2100 1140 2172 sapiens
1163 2099 1267 2154 sibi
1297 2099 1404 2170 ipsi
1439 2099 1739 2154 ministerii
1770 2099 2087 2155 adscribere

493 2189 876 2252 directionem,
923 2190 1226 2244 secundum
1270 2189 1700 2257 dispositionem,
1735 2187 1936 2258 inquit,
1969 2205 2089 2256 qua:

493 2280 624 2333 data
647 2283 723 2334 est
746 2279 892 2334 mihi
917 2280 984 2332 in
1012 2279 1158 2332 vobis
1177 2279 1479 2346 adimplere
1497 2278 1726 2331 verbum
1751 2279 1868 2341 Dei,
1894 2281 2089 2344 myste-

493 2371 649 2423 rium
670 2369 816 2436 quod
832 2367 1215 2421 absconditum
1234 2367 1348 2433 fuit
1363 2381 1398 2418 a
1417 2368 1630 2420 saeculis
1640 2370 1688 2420 et
1707 2367 2086 2434 generationi-

493 2459 590 2511 bus
620 2475 637 2510 :
663 2460 1011 2511 nuncautem
1033 2455 1397 2521 manifestum
1417 2459 1492 2508 est
1503 2457 1711 2509 sanctis
1735 2458 1870 2524 ejus,
1885 2456 2086 2523 quibus

493 2547 665 2600 voluit
694 2546 836 2599 Deus
863 2548 1017 2598 notas
1042 2545 1222 2612 facere
1251 2544 1480 2596 divitias
1522 2545 1715 2610 gloriae
1748 2545 2089 2598 sacramenti

491 2633 660 2702 hujus
686 2633 751 2686 in
780 2632 1052 2700 gentibus.
1073 2627 1314 2697 (Ambr.)
1343 2629 1474 2684 Hinc
1491 2629 1717 2700 quidem
1745 2630 1917 2685 etiam
1949 2630 2087 2702 ipsis

491 2717 846 2774 sermonibus
875 2719 934 2773 in
954 2718 1052 2772 illa
1067 2717 1317 2790 Epistola
1327 2734 1495 2788 quam
1511 2718 1767 2790 Ephesiis
1784 2719 2088 2790 scripserat

433 2811 438 2820 '
491 2808 674 2880 posita
699 2825 822 2862 esse
841 2806 967 2879 quis
997 2807 1262 2873 inveniet,
1293 2824 1358 2861 eo
1378 2807 1526 2878 quod
1557 2813 1615 2861 et
1633 2807 1790 2862 illam
1815 2812 1874 2862 et
1917 2807 2084 2863 istam

496 2897 567 2952 ad
585 2897 711 2952 illos
739 2896 835 2968 qui
863 2913 924 2951 se
950 2913 1063 2951 non
1087 2895 1347 2951 viderunt
1363 2895 1643 2951 scribebat
1672 2913 1684 2948 :
1713 2896 1838 2950 ideo
1857 2902 1914 2950 et
1941 2898 2081 2951 mul-

2796 1745 3031 1802 CAPUT
3059 1745 3133 1801 II.

2168 1834 2326 1888 Docet
2349 1850 2653 1903 praecavere
2678 1835 3010 1904 deceptiones
3030 1850 3133 1904 per
3159 1835 3363 1903 falsam
3393 1834 3708 1902 prophetiam,

2199 1920 2300 1972 per
2311 1907 2442 1974 legis
2453 1909 2857 1972 auctoritatem,
2861 1921 2960 1976 per
2967 1921 3027 1960 sa
3033 1907 3282 1960 nctitatis
3293 1907 3682 1960 simulationem.

2253 2012 2372 2067 Volo
2389 2015 2540 2067 enim
2560 2029 2652 2068 vos
2669 2015 2810 2068 scire
2829 2015 3049 2082 qualem
3077 2013 3505 2068 sollicitudinem
3530 2012 3720 2066 habeam

2163 2115 2270 2169 pro
2304 2101 2453 2154 vobis
2481 2106 2530 2155 et
2554 2117 2660 2170 pro
2687 2103 2764 2156 eis
2791 2103 2894 2170 qui
2916 2106 3050 2156 sunt
3078 2102 3342 2156 Laodicia
3368 2105 3415 2155 et
3436 2102 3720 2170 quicumque

2172 2204 2286 2242 non
2313 2190 2575 2244 viderunt
2601 2191 2800 2258 faciem
2838 2205 3017 2244 meam
3046 2193 3110 2244 in
3155 2196 3341 2244 carne.
3384 2187 3600 2260 (Ambr.)
3633 2188 3723 2243 Nec

2173 2275 2324 2330 enim
2350 2276 2490 2331 illud
2520 2277 2661 2344 volo,
2695 2277 2897 2348 inquit,
2931 2293 3026 2331 vos
3055 2276 3338 2348 ignorare,
3371 2276 3614 2348 quoniam
3639 2274 3722 2330 etsi

2169 2381 2282 2420 non
2308 2364 2420 2418 vidi
2451 2382 2566 2431 vos,
2599 2365 2696 2420 sed
2725 2366 2887 2420 valde
2917 2371 2976 2420 et
2993 2365 3063 2420 de
3080 2365 3238 2421 vobis
3253 2381 3483 2438 agonem
3494 2363 3722 2427 sustineo,

2167 2469 2270 2508 nec
2289 2453 2441 2508 enim
2462 2453 2648 2509 minus
2669 2455 2739 2509 de
2757 2454 2912 2509 vobis
2931 2471 3055 2510 sum
3074 2454 3368 2522 sollicitus,
3392 2471 3550 2526 quam
3567 2453 3628 2507 de
3637 2451 3725 2506 illis

2170 2558 2309 2613 quos
2327 2542 2461 2597 vidi.
2487 2542 2632 2608 Quid
2653 2549 2740 2598 est
2757 2549 2945 2600 autem
2967 2543 3106 2598 illud
3126 2543 3394 2616 quoniam
3413 2557 3631 2615 agonem
3645 2555 3724 2612 pro

2137 2618 2150 2638 Χ
2169 2629 2277 2684 illis
2307 2631 2559 2702 pateris?
2589 2633 2654 2688 Ut
2679 2637 3026 2688 consolentur
3047 2635 3217 2688 corda
3239 2637 3483 2704 ipsorum
3505 2630 3728 2686 instructi

2168 2721 2229 2772 in
2256 2719 2526 2774 charitate
2545 2721 2592 2774 et
2612 2722 2676 2774 in
2688 2722 3108 2776 omncsdivitias
3129 2721 3501 2790 plenitudinis
3526 2719 3726 2772 intellec-

2167 2812 2271 2861 tus.
2291 2807 2365 2863 Ut
2379 2814 2437 2862 et
2453 2825 2550 2864 vos
2569 2808 2630 2864 in
2645 2809 2800 2864 illam
2815 2810 3173 2876 charitatem,
3188 2825 3314 2880 quae
3334 2813 3464 2880 erga
3475 2807 3722 2863 Christum

2166 2900 2268 2962 est,
2292 2897 2704 2966 convenientes,
2727 2899 2891 2953 ﬁrmo
2922 2898 3217 2954 intellectu
3237 2898 3459 2953 illorum
3490 2895 3724 2950 bonorum

489 2992 578 3042 tos
597 3002 796 3044 sensus
823 2991 882 3040 et
909 2985 968 3040 in
998 2985 1097 3039 illa
1123 2990 1182 3040 et
1208 2985 1268 3039 in
1295 2984 1408 3039 ista
1425 2984 1674 3056 Epistola
1701 2985 1963 3040 similiter
1988 3003 2083 3057 po-
2101 3000 2145 3061 ο
2165 3001 2288 3056 quas
2299 2986 3519 3059 exspectantur,assequaminiﬁ-uitionem.In
3529 2985 3730 3052 agnitio-

487 3075 669 3130 suisse
697 3075 935 3130 videtur.
967 3075 1116 3130 Dicit
1138 3089 1272 3145 ergo
1301 3073 1568 3145 quoniam
1584 3073 1964 3128 ministerium
1976 3075 2083 3129 hoc
2163 3089 2230 3128 ne
2245 3077 2500 3142 mysterii
2518 3076 2618 3130 Dei
2629 3079 2813 3146 patris
2828 3075 3196 3142 ChristiJesu,
3212 3080 3276 3131 in
3303 3092 3411 3146 quo
3435 3078 3557 3128 sunt
3574 3085 3728 3126 omnes

489 3163 850 3219 commissum
879 3169 966 3218 est
997 3163 1134 3217 mihi
1165 3180 1201 3216 a
1224 3163 1360 3229 Deo,
1402 3161 1484 3217 ita
1516 3167 1582 3216 ut
1628 3178 1823 3217 omnes
1848 3163 2080 3218 doceam
2163 3163 2409 3217 thesauri
2437 3166 2720 3233 sapientiae
2764 3176 2812 3218 et
2853 3167 3093 3220 scientia
3120 3167 3449 3220 absconditi.
3490 3163 3555 3218 Et
3578 3165 3636 3216 ut
3658 3159 3726 3214 in-

488 3252 646 3318 illud,
679 3253 826 3324 quod
857 3252 990 3307 olim
1010 3251 1270 3306 omnibus
1290 3256 1414 3305 erat
1441 3251 1747 3315 incertum;
1771 3267 1920 3306 nunc
1947 3269 2080 3306 vero
2164 3250 2572 3307 enarrabilibus
2588 3251 2750 3306 bonis
2765 3253 3213 3319 communicetis,
3237 3269 3404 3325 quaee
3421 3252 3533 3307 Deo
3551 3250 3728 3304 donata

487 3339 695 3395 sanctis
722 3341 846 3412 ejus
877 3340 1165 3412 cognitum
1189 3345 1294 3407 est,
1321 3339 1471 3411 quod
1501 3339 1638 3394 illud
1667 3339 1802 3406 tale,
1835 3341 1982 3411 quod
2011 3339 2082 3395 ob
2163 3345 2299 3394 sunt
2326 3339 2506 3408 nobis,
2543 3357 2666 3412 quae
2685 3340 2856 3397 etiam
2877 3340 3152 3396 absconsa
3183 3347 3322 3397 sunt
3346 3355 3496 3396 nunc
3521 3338 3576 3393 in
3600 3333 3733 3393 Chri-

484 3428 723 3484 multam
737 3445 898 3485 suam
910 3428 1220 3484 bonitatem
1235 3434 1292 3484 et
1300 3427 1490 3500 gloriae
1501 3427 1896 3484 liberalitatem
1908 3429 2079 3484 etiam

483 3522 542 3573 et
576 3517 851 3574 Gentibus
877 3517 1140 3573 similiter
1193 3534 1390 3572 eorum
1441 3516 1681 3588 praebuit
1730 3517 2073 3573 fruitionem.

483 3607 629 3661 Nam
657 3607 905 3680 antiquis
922 3605 1269 3678 temporibus
1288 3605 1472 3661 omnis
1486 3606 1667 3678 pietas
1680 3605 1740 3660 in
1753 3606 2078 3662 Iudaeorum

480 3711 688 3767 genere
701 3695 1125 3767 circumscripta
1143 3693 1472 3762 habebatur;
1489 3693 1766 3772 Gentibus
1777 3711 1905 3750 vero
1919 3695 2077 3751 nulla

483 3784 552 3838 ad
566 3801 662 3840 eos
669 3789 794 3840 erat
801 3783 1432 3855 societas,Evangelium
1447 3801 1578 3838 vero
1589 3800 1946 3840 communem
1958 3801 2076 3839 om-

482 3872 648 3928 nibus
664 3874 984 3929 futurorum
1001 3873 1264 3946 promisit
1293 3872 1676 3939 donationem,
1701 3873 1850 3944 quod
1873 3879 1930 3928 et
1945 3890 2074 3946 my-

481 3961 717 4017 sterium
741 3967 921 4028 vocat,
953 3979 1020 4016 eo
1068 3961 1217 4033 quod
1258 3961 1393 4016 olim
1443 3966 1567 4016 erat
1591 3961 1891 4028 occultum,
1925 3978 2075 4017 nunc

481 4055 672 4104 autem
693 4055 781 4104 est
806 4049 1184 4105 manifestum.
1219 4050 1368 4104 Nam
1391 4049 1527 4120 quia
1553 4049 1698 4103 dixit
1725 4053 1932 4104 sumtis
1956 4053 2074 4120 ejus

478 4138 678 4206 quibus
705 4140 880 4192 voluit
909 4139 1068 4204 Deus,
1119 4138 1188 4192 de
1225 4137 1508 4208 Apost-slis
1549 4136 1704 4204 dicit,
1739 4142 1796 4192 et
1833 4137 1945 4192 illis
1975 4139 2072 4210 qui

477 4231 616 4280 tunc
632 4232 795 4281 erant
823 4226 1122 4298 praepositi,
1141 4226 1212 4280 de
1233 4225 1437 4297 quibus
1461 4230 1519 4280 et
1540 4225 1796 4296 Ephesiis
1819 4226 2072 4282 scribens

2162 3432 2271 3495 sto,
2300 3445 2430 3483 cum
2457 3445 2588 3501 quo,
2620 3446 2749 3484 cum
2779 3431 3107 3502 apparuerit
3135 3431 3201 3486 in
3240 3431 3430 3486 futuro
3457 3426 3658 3491 saeculo,
3685 3429 3730 3477 et

2159 3516 2258 3571 illa
2283 3534 2408 3589 quae
2435 3533 2572 3589 erga
2589 3535 2692 3573 nos
2711 3525 2799 3574 est
2816 3518 3128 3574 liberalitas
3151 3519 3214 3574 in
3236 3519 3376 3591 ipsis
3395 3524 3528 3574 tunc
3546 3511 3728 3569 videbi-

2157 3611 2253 3660 tur
2280 3605 2571 3678 operibus;
2605 3607 2939 3679 mysterium
2987 3607 3202 3663 etenim
3246 3608 3397 3663 sicut
3438 3607 3730 3676 frequenter

2157 3693 2418 3768 diximus,
2450 3701 2612 3749 vocat
2638 3695 2793 3750 illam
2816 3697 3081 3767 gratiam,
3110 3713 3242 3768 quae
3265 3713 3404 3768 erga
3429 3695 3628 3750 Gentes
3645 3694 3732 3753 est,

2157 3798 2224 3838 eo
2251 3783 2400 3854 quod
2419 3788 2477 3838 et
2503 3783 2695 3854 ignota
2720 3789 2884 3840 erant
2905 3783 3202 3856 primitus;
3237 3784 3612 3858 cognitionem
3626 3793 3736 3840 vero

2155 3871 2412 3944 mysterii
2431 3871 2917 3944 participationem
2937 3873 2986 3944 ej
2994 3889 3061 3927 us
3081 3873 3259 3928 edicit
3286 3890 3432 3928 esse.
3454 3870 3738 3927 Absconsos

2155 3977 2286 4014 vero
2313 3977 2509 4016 omnes
2539 3961 2837 4018 thesauros
2867 3961 3161 4034 sapientia
3194 3969 3256 4018 et
3282 3961 3531 4018 scientia:
3559 3973 3668 4014 esse
3689 3955 3739 4009 in

2155 4048 2378 4104 Christo
2407 4049 2595 4116 edicit,
2629 4055 2822 4122 utpote
2851 4067 2980 4105 cum
3003 4050 3189 4108 multa
3213 4050 3522 4124 prudentia
3546 4045 3738 4103 institu-

2154 4141 2242 4192 tos
2261 4154 2382 4192 esse
2411 4154 2512 4210 per
2541 4138 2828 4194 Christum
2859 4155 2960 4211 pro
2989 4144 3188 4195 nostra
3214 4140 3487 4206 utilitate,
3506 4136 3598 4210 qui
3615 4147 3742 4190 nunc

2154 4226 2380 4297 quidem
2416 4232 2549 4282 sunt
2582 4227 2802 4295 incerti,
2836 4227 3181 4283 videbuntur
3219 4235 3419 4285 autem
3457 4234 3591 4283 tunc
3626 4236 3737 4278 cum

479 4313 767 4370 evidenter
802 4315 1007 4392 dixiss_e
1037 4315 1188 4370 visus
1218 4321 1324 4370 est.
1375 4314 1446 4370 Et
1473 4315 1739 4386 quoniam
1769 4315 1912 4370 dixit
1948 4313 2136 4388 queD
2155 4315 2478 4386 apparuerit
2534 4321 2592 4370 et
2643 4316 2782 4388 ipse.
2831 4317 3078 4372 Noverat
3120 4318 3438 4390 Apostolus
3476 4316 3745 4372 thesauros

478 4409 613 4460 sunt
620 4404 1028 4476 divitiaegloriaa
1043 4404 1299 4477 mysterii
1314 4404 1539 4476 adjicit:
1559 4404 1711 4471 Quod
1724 4409 1799 4459 est
1822 4406 2073 4462 Christus

477 4495 542 4548 in
569 4496 714 4550 vobis
750 4510 867 4564 spes
904 4497 1116 4563 gloria.
1143 4487 1270 4549 Hoc
1291 4500 1396 4561 est,
1421 4510 1640 4564 magnae
1665 4493 1894 4560 divitiae,
1910 4494 1966 4549 id
1986 4500 2074 4552 est

478 4581 756 4649 Christus,
777 4588 838 4637 et
859 4588 926 4638 ut
943 4582 1003 4638 in
1039 4583 1200 4638 illum
1225 4583 1552 4638 credamus:
1579 4581 1670 4636 hic
1703 4583 1858 4638 enim
1877 4589 1966 4638 est
1979 4584 2070 4639 fu-

477 4675 620 4724 turae
630 4669 822 4741 gloria:
833 4689 981 4743 spes,
1000 4673 1097 4744 qui
1119 4677 1177 4727 et
1189 4689 1361 4727 causa
1369 4671 1530 4726 nobis
1539 4671 1820 4726 honorum
1833 4674 2065 4741 exstitit,

477 4757 694 4812 donans
713 4758 876 4814 nobis
893 4765 959 4814 ut
985 4760 1083 4815 illa
1101 4767 1505 4833 exspectemus.
1543 4761 1712 4828 Quem
1733 4778 1830 4816 nos
1843 4778 2070 4817 annun-

479 4847 705 4914 tiamus,
729 4851 1084 4918 corripientes
1097 4867 1317 4905 omnem
1328 4851 1626 4914 hominem,
1641 4855 1690 4904 et
1705 4850 1948 4905 docentes
1957 4867 2071 4905 om-

477 4950 604 4989 nem
623 4934 906 4990 hominem
936 4940 1000 4992 in
1015 4940 1174 4992 omni
1190 4941 1486 5008 patientia,
1503 4943 1567 4992 ut
1591 4939 1940 4993 cohibeamus
1955 4955 2068 4994 om-

475 5040 602 5079 nem
627 5024 906 5080 hominem
922 5027 1228 5096 per/‘eetum
1256 5029 1320 5082 in
1351 5028 1566 5084 Christo
1593 5029 1740 5083 Jesu.
1773 5027 1954 5094 Hunc,
1983 5027 2068 5082 in-

474 5113 615 5184 quit,
638 5114 1026 5185 praedicamus,
1062 5131 1288 5170 omnem
1300 5115 1586 5171 hominem
1611 5115 1894 5183 docentes,
1925 5121 1990 5171 ut
2006 5115 2066 5171 in

473 5216 604 5256 eum
618 5203 882 5260 atfectum
900 5203 1164 5270 habeant,
1186 5209 1251 5259 ut
1268 5203 1328 5260 in
1345 5204 1599 5260 futurum
1612 5204 1836 5276 assequi
1848 5204 2066 5278 possint

472 5288 869 5360 perfectionem
899 5309 1001 5365 per
1036 5293 1212 5358 illam,
1239 5309 1362 5364 quas
1390 5293 1450 5348 in
1474 5310 1540 5350 eo
1570 5298 1676 5360 est,
1705 5293 1894 5349 ﬁdem.
1921 5294 2061 5350 Per-

469 5375 769 5433 fectionem
804 5381 1015 5436 etenim
1041 5381 1296 5437 futurum
1335 5386 1547 5437 statum
1576 5387 1755 5450 vocat,
1794 5388 1854 5438 et
1879 5383 1938 5437 in
1963 5382 2064 5439 illa

471 5464 725 5538 Epistola
750 5483 921 5540 quam
947 5471 1021 5526 ad
1039 5469 1271 5528 Galatas
1296 5476 1356 5525 et
1372 5469 1432 5529 in
1457 5471 1570 5528 ista
1587 5487 1760 5544 quam
1787 5471 1861 5528 ad
1875 5471 2062 5545 Ephe-

2153 4403 2310 4471 istos,
2354 4411 2631 4477 quantum
2673 4422 2870 4461 eorum
2915 4412 3320 4478 penetraverat
3361 4413 3420 4462 et
3469 4405 3529 4461 in
3569 4401 3643 4458 eis
3675 4397 3738 4453 ad

2155 4499 2364 4564 quanta
2383 4500 2716 4566 pervenerat
2735 4494 2861 4566 quis
2881 4501 3069 4567 potest
3094 4495 3307 4552 nosse?
3331 4497 3528 4566 (Δίῳ.)
3545 4493 3744 4564 Egota-

2153 4598 2283 4637 men
2309 4583 2617 4638 secundum
2655 4582 2714 4637 id
2753 4582 2902 4654 quod
2939 4581 3216 4654 scriptum
3250 4590 3345 4640 est
3387 4585 3441 4652 (I
3467 4583 3586 4640 Cor.
3617 4580 3701 4646 xu)
3727 4590 3740 4627 :

2155 4671 2656 4742 Unicuiqueautem
2672 4677 2926 4727 nostrum
2936 4672 3109 4726 datur
3119 4674 3519 4742 manifestatio
3536 4667 3746 4741 spiritu:

2150 4762 2226 4815 ad
2239 4762 2675 4827 utititatem,atii
2684 4761 2908 4830 quidem
2917 4761 3090 4815 datur
3092 4775 3199 4830 per
3208 4761 3503 4832 Spiritum
3513 4761 3748 4814 sanctum

2149 4864 2328 4904 sermo
2348 4852 2648 4919 sapientiae;
2669 4851 2780 4904 alii
2800 4863 2978 4904 sermo
2997 4849 3264 4916 scientia,
3289 4849 3603 4906 secundum
3614 4856 3750 4900 eum

2147 4939 2272 4994 dem
2288 4939 2588 5008 Spiritum;
2611 4938 2658 4993 si
2679 4939 2760 4993 ita
2774 4937 2923 4993 inter
2941 4953 3002 4992 se
3023 4937 3244 4993 distant
3262 4937 3388 4994 haec
3418 4937 3552 5003 duo,
3582 4938 3645 4990 ut
3668 4945 3748 4987 sa-

2147 5025 2360 5098 pientia
2386 5027 2608 5094 divinis,
2642 5026 2877 5082 scientia
2901 5025 3162 5082 humanis
3183 5025 3478 5082 attributa
3496 5025 3571 5080 sit
3597 5019 3750 5078 rebus

2147 5121 2454 5188 utrumque
2471 5133 2713 5189 agnosco
2732 5115 2794 5170 in
2812 5115 3055 5182 Christo,
3089 5121 3147 5170 et
3162 5131 3403 5172 mecum
3430 5113 3616 5171 omnis
3641 5109 3751 5180 eius

2147 5205 2328 5260 ﬁdelis
2361 5222 2374 5257 :
2406 5210 2610 5261 etcum
2629 5205 2754 5278 lego
2782 5223 2794 5259 :
2831 5205 3060 5260 Verbum
3086 5219 3218 5260 caro
3246 5205 3480 5273 factum
3505 5206 3583 5258 est
3599 5197 3749 5256 etho-

2145 5294 2339 5350 bitavit
2357 5296 2422 5348 in
2445 5295 2617 5362 nobis,
2637 5293 2889 5366 intelligo
2906 5291 2966 5348 in
2980 5292 3164 5348 Verbo
3184 5309 3395 5350 verum
3416 5291 3524 5350 Dei
3535 5291 3580 5348 F
3581 5287 3748 5348 ilium.

2142 5381 2204 5438 in
2221 5399 2390 5438 carne
2401 5398 2642 5455 agnosco
2661 5398 2858 5438 verum
2877 5381 3125 5437 hominis
3143 5381 3358 5449 ﬁlium,
3382 5387 3446 5436 et
3455 5385 3748 5446 utrumque

2144 5471 2311 5528 simul
2338 5471 2398 5527 in
2427 5486 2600 5530 unam
2629 5486 2928 5544 personam
2961 5469 3064 5527 Dei
3093 5474 3151 5526 et
3183 5469 3452 5528 hominis
3490 5459 3750 5526 ineﬂ'abili
