3868 6138
239 243 311 297 521

655 237 1234 317 ENABRATIONUM
1272 238 1347 293 IN
1388 239 1553 293 EPP.-
1583 240 1797 295 PAULI
1835 240 1972 294 LIB.
2016 240 2135 293 XX.
2178 269 2242 279 --
2271 239 2348 293 ΙΝ
2388 237 2611 293 EPlS’l‘.
2638 240 2736 295 AD
2774 240 2930 294 COL.

3328 240 3427 294 5:22

235 365 389 436 gratiae
414 364 652 435 largitate
686 366 1070 436 conjunctum.
1121 363 1363 419 Scientia
1402 381 1534 436 ergo
1558 369 2060 428 "nostraAvantur.
2094 369 2263 422 Homo
2308 366 2532 439 quippe,
2555 384 2683 421 cum
2715 369 2778 420 in
2802 368 3003 421 honore
3031 372 3179 433 esset,
3205 382 3317 421 ηοη
3340 368 3432 419 in-

235 454 441 509 Clrristus
457 459 552 519 est,
572 454 847 525 sapientia
861 471 1082 525 quoque
1104 458 1297 508 nostra
1324 454 1471 508 idem
1502 454 1758 510 Christus
1840 458 2062 521 teltexit,
2094 462 2444 525 comparatus
2473 462 2546 510 cst
2564 458 2840 525 jumentis
2854 457 3263 525 insipientibus,
3296 461 3344 510 et
3365 458 3435 510 si-

233 549 312 607 est,
337 544 440 616 ipse
466 542 613 598 nobis
636 544 803 598 ﬁdem
835 544 905 598 de
926 542 1094 598 rebus
1114 542 1518 615 temporalibus
1537 544 1755 611 inserit,
1840 547 1992 598 milis
2017 546 2199 613 factus
2224 551 2299 599 est
2328 548 2443 599 illis
2471 543 2631 619 (Psal.
2663 549 2864 615 xnvur).

230 633 322 704 ipse
344 633 403 687 de
440 632 785 703 sempiternis
821 632 1047 686 exhibet
1073 631 1366 687 veritatem
1398 650 1409 685 :
1445 650 1548 703 per
1574 633 1761 705 ipsum

228 721 463 792 pergimus
490 721 557 776 ad
579 721 786 793 ipsum,
817 721 1103 776 tendimus
1124 737 1224 793 per
1252 721 1545 776 scientiam
1574 721 1644 775 ad
1669 738 1761 775 sa-

226 809 468 881 pientiam,
494 809 560 864 ab
589 827 702 865 uno
731 815 923 865 tamen
943 810 1251 881 eodemque
1279 810 1501 864 Christo
1532 827 1644 865 non
1672 828 1764 865 re-

226 899 449 964 cedimus,
479 899 535 953 in
559 917 670 975 quo
698 906 834 955 sunt
857 916 1051 954 omnes
1062 899 1313 953 thesauri
1328 899 1616 972 sapientiae
1637 899 1765 954 abs-

225 988 407 1044 conditi.
427 989 528 1044 Hoc
540 995 726 1042 autem
749 990 869 1043 dico
895 993 957 1042 ut
988 1005 1146 1043 nemo
1173 1005 1262 1043 vos
1282 989 1516 1058 decipiat
1546 992 1610 1043 in
1637 990 1766 1043 sub-

1885 631 2139 688 Secundu
2148 650 2199 687 m
2212 636 2363 688 tradi
2366 637 2569 689 tionem
2577 635 2869 689 hominum
2878 635 3196 695 .secundum
3208 638 3438 690 elemen-

1846 728 1901 776 ta
1913 724 2116 777 mundi
2124 728 2173 776 et
2188 739 2300 777 non
2309 739 2429 776 secu
2437 724 2612 777 mium
2624 723 2848 779 Christi.
2860 722 3104 794 (Ambr.)
3118 723 3438 779 Secundum

1847 811 2126 866 elementa
2138 811 2331 865 mundi
2344 811 2480 865 dicit
2499 811 2719 866 dierum
2732 816 2789 865 et
2804 817 3120 882 temporum
3139 805 3439 867 observan-

1847 900 2079 967 tiam,eo
2090 900 2239 971 quod
2251 900 2321 954 ab
2337 900 2627 955 elementis
2641 900 2836 954 mundi
2850 901 3220 973 perﬁciuntur
3232 902 3360 957 ista.
3379 903 3446 956 E-

1847 990 2156 1043 lementum
2167 989 2318 1043 enim
2330 990 2524 1044 mundi
2534 990 2710 1044 solem
2721 990 2858 1044 dicit
2870 996 2927 1044 et
2937 990 3148 1057 lunam,
3164 1007 3230 1045 ex
3244 990 3446 1063 quibus

225 1080 387 1132 tilitate
408 1076 987 1147 sermonum.(Ambr.)
1001 1077 1146 1143 Quid
1161 1082 1249 1132 est
1266 1083 1480 1142 autem,
1502 1077 1598 1133 hoc
1625 1079 1762 1142 dico,
1850 1077 2071 1133 dierum
2092 1095 2314 1150 quoque
2339 1083 2397 1134 et
2423 1084 2741 1150 temporum
2771 1095 2968 1134 cursus
2994 1079 3139 1135 efﬁci
3165 1080 3445 1136 videntur.

224 1172 269 1220 et
289 1183 383 1239 qua
406 1166 618 1222 ratione
645 1167 798 1221 hunc
824 1166 1003 1221 habeo
1019 1168 1089 1221 de
1110 1166 1266 1221 vobis
1294 1167 1574 1238 agonem?
1600 1167 1772 1222 timeo
1856 1167 2108 1227 Sicenim
2128 1167 2269 1222 illud
2289 1172 2347 1222 et
2367 1167 2582 1223 Galatis
2604 1167 2869 1234 scribens,
2892 1168 3053 1241 dixit,
3084 1167 3448 1225 traditionem

219 1255 341 1311 enim
364 1272 428 1310 ne
446 1256 669 1328 quando
698 1255 1136 1311 mutabilitatem
1166 1255 1415 1329 aliquam
1447 1256 1773 1311 sustinentis
1854 1263 2046 1312 autem
2062 1256 2358 1311 hominum
2377 1273 2491 1312 non
2511 1256 2693 1328 ipsam
2716 1257 2899 1328 legem
2917 1257 3254 1324 vocavit,sed
3267 1258 3450 1331 ipsam

221 1343 499 1400 suasoribus
528 1344 905 1401 intendentes.
939 1346 1095 1400 Tunc
1108 1345 1259 1400 enim
1272 1345 1620 1418 poteritis,ut
1637 1345 1770 1413 dixi,
1855 1346 2168 1402 doctrinam
2198 1346 2424 1402 illorum
2454 1347 2551 1418 qui
2569 1352 2703 1402 tunc
2723 1350 2903 1413 erant,
2927 1347 3233 1402 humanam
3261 1348 3450 1403 dicens

218 1434 404 1506 assequi
430 1433 584 1489 vobis
603 1434 901 1507 promissa,
936 1434 1162 1507 quando
1185 1434 1612 1506 permanseritis
1642 1451 1777 1506 erga
1858 1453 1997 1497 esse.
2032 1453 2097 1490 eo
2130 1437 2277 1508 quod
2306 1453 2409 1491 nec
2437 1437 2741 1491 secundum
2772 1436 2875 1491 Dei
2902 1437 3243 1492 sententiam
3262 1437 3451 1493 ﬁebat.

217 1523 446 1593 pietatem
472 1524 644 1578 ﬁrmi.
670 1525 741 1580 Et
767 1523 1067 1579 ostendens
1083 1524 1350 1596 quoniam
1369 1529 1427 1578 et
1438 1524 1642 1579 laetitia:
1658 1524 1779 1579 illo-
1858 1525 2017 1580 Unde
2058 1531 2115 1579 et
2142 1525 2443 1580 ostendens
2468 1525 2802 1597 pravitatem
2832 1525 2973 1597 ejus,
3000 1526 3223 1596 adjecit,
3257 1532 3315 1580 et
3343 1543 3457 1580 non

216 1628 316 1666 rum
340 1612 705 1686 participatur
723 1613 771 1667 si
803 1612 944 1668 bene
972 1631 1033 1668 se
1069 1613 1170 1668 illa
1190 1630 1312 1685 quae
1340 1630 1474 1684 erga
1501 1614 1627 1668 illos
1646 1618 1780 1668 sunt
1859 1614 2167 1668 secundum
2182 1614 2488 1680 Christum,
2508 1613 2719 1669 Christi
2740 1631 3038 1686 personam
3071 1622 3269 1669 contra
3285 1615 3451 1681 sistit,

216 1699 491 1768 habuerint,
517 1702 631 1755 ait:
648 1701 793 1757 Nam
814 1705 916 1756 etsi
930 1718 1149 1772 corpore
1165 1704 1359 1757 absens
1377 1719 1522 1771 sum,
1540 1704 1632 1757 sed
1659 1706 1773 1771 spi-
1791 1692 1838 1752 Β
1861 1708 1918 1757 et
1944 1702 2191 1757 ostendit
2208 1702 2545 1773 pravitatem
2575 1702 2860 1758 doctrinae.
2888 1705 3074 1772 (Aug.)
3107 1704 3294 1759 Cavete
3310 1720 3454 1773 ergo.

216 1791 309 1843 ritu
333 1792 601 1845 vobiscum
625 1808 771 1857 sum,
817 1793 1062 1859 gaudens
1108 1797 1156 1845 et
1184 1793 1373 1846 videns
1401 1793 1654 1846 ordinem
1682 1808 1772 1845 ve-
1854 1791 2131 1862 inquit,ne
2142 1794 2266 1860 quis
2281 1807 2369 1846 vos
2383 1793 2618 1861 decipiat
2628 1808 2730 1861 per
2743 1793 3148 1863 philosophiam
3165 1798 3214 1847 et
3231 1795 3461 1848 inanem

211 1883 376 1945 stram,
405 1885 455 1933 et
479 1883 907 1947 ﬁrmamentum
935 1884 1067 1950 ejus,
1094 1897 1213 1950 quae
1237 1882 1300 1934 in
1325 1882 1539 1937 Christo
1562 1884 1637 1934 est
1647 1881 1776 1947 ﬁdei
1853 1881 3459 1953 fallaciamsecundumelementahujusmundi.lpsosenim

212 1973 379 2022 vestra.
399 1968 553 2023 Licet
574 1968 782 2023 absens
810 1985 955 2036 sum,
974 1969 1074 2024 sed
1102 1968 1388 2023 vobiscum
1415 1985 1542 2023 sum
1571 1968 1774 2023 aﬁectu
1861 1968 2131 2039 tangebat
2153 1969 2248 2040 qui
2277 1969 2440 2039 quasi
2471 1969 2802 2041 prudentius
2824 1969 2976 2024 idola
3003 1976 3306 2042 exponunt.
3332 1971 3463 2026 Ideo

206 2056 369 2122 animi,
396 2057 659 2128 gaudens
679 2057 738 2111 in
766 2056 940 2125 vobis,
972 2058 1021 2112 si
1050 2064 1244 2113 tamen
1274 2058 1438 2112 ﬁrmo
1460 2058 1708 2128 cogitatu
1722 2057 1781 2112 in
1863 2074 1991 2113 cum
2006 2058 2219 2112 diceret
2232 2073 2333 2127 per
2354 2058 2779 2128 philosophiam,
2807 2058 2866 2112 in
2896 2059 3093 2113 eodem
3110 2059 3231 2114 loco
3248 2060 3347 2126 ait,
3376 2054 3463 2114 ’.ςε-

209 2144 383 2199 Christi
411 2146 521 2200 ﬁde
548 2163 891 2221 permanere
927 2146 1249 2214 volueritis;
1308 2152 1366 2200 et
1396 2146 1547 2201 ultra
1585 2145 1784 2217 incipit
1863 2149 2111 2202 cundum
2141 2151 2406 2202 elementa
2432 2148 2601 2220 hujus
2624 2149 2843 2201 mundi.
2884 2148 3011 2202 Non
3058 2148 3218 2220 quasi
3241 2148 3465 2219 quales-

205 2234 628 2290 exhortationem
644 2235 828 2290 facere
857 2235 1164 2291 evidenter.
1188 2234 1488 2303 Sicutergo
1501 2238 1781 2304 accepistis
1864 2252 2086 2307 cunque
2141 2235 2468 2289 adoratores
2522 2235 2972 2302 simulacrorum,
3034 2236 3131 2291 sed
3180 2237 3339 2308 quasi
3372 2237 3468 2291 do-

206 2322 454 2377 Christum
479 2327 701 2391 Iesum,
732 2328 796 2378 in
817 2327 931 2394 ipso
956 2326 1236 2378 ambulate
1252 2325 1493 2378 radicati
1510 2329 1559 2378 et
1587 2339 1782 2393 super-
1865 2324 2068 2380 ctiores
2099 2324 2562 2396 interpretatores
2590 2323 2881 2395 signorum
2909 2325 3184 2381 cavendos
3214 2342 3337 2381 esse
3363 2326 3465 2381 ad-

200 2412 424 2479 ediﬁcati
438 2415 503 2467 in
530 2417 676 2483 ipso,
702 2417 751 2467 et
766 2414 1085 2481 conﬁrmati
1112 2414 1235 2479 fide,
1266 2415 1467 2467 sicutet
1487 2414 1780 2480 didicistis,
1865 2430 2119 2469 monens.
2155 2413 2296 2480 Quia
2326 2415 2390 2467 in
2414 2414 2529 2482 ipso
2551 2413 2765 2466 habitat
2792 2416 2973 2467 omnis
2996 2416 3286 2482 plenitudo
3319 2416 3466 2469 divi-

203 2501 515 2556 abundantes
544 2505 621 2556 in
668 2504 770 2556 illo
806 2503 1133 2569 gratiarum
1181 2504 1414 2555 actione.
1448 2501 1557 2555 Per
1594 2500 1785 2555 omnia
1865 2505 2062 2557 uitatis
2090 2505 2474 2572 corporaliter.
2496 2502 2623 2556 Non
2649 2501 2775 2555 ideo
2798 2502 3182 2574 corporaliter,
3207 2502 3467 2574 quiacor-

201 2586 313 2646 hac.
342 2588 436 2645 illa
455 2589 654 2644 dicere
682 2589 862 2644 voluit
891 2608 904 2642 :
955 2588 1017 2644 in
1051 2588 1162 2644 illis
1192 2593 1437 2656 manete,
1473 2607 1595 2661 quin
1625 2606 1783 2645 acce-

200 2676 352 2747 pistis,
385 2679 709 2734 secundum
746 2678 846 2733 illa
891 2684 1301 2745 conversantes,
1351 2678 1431 2733 ita
1459 2684 1526 2733 ut
1544 2678 1783 2733 manife-

196 2772 322 2821 stum
339 2767 429 2834 sit,
446 2768 730 2840 quoniam
760 2773 919 2822 extra
950 2767 1367 2823 observantiam
1404 2767 1785 2839 legitimorum

1864 2608 2068 2664 poreus
2097 2597 2184 2645 est
2221 2591 2390 2657 Deus,
2422 2591 2519 2645 sed
2548 2596 2647 2645 aut
2674 2589 2840 2644 verbo
2869 2592 3145 2645 translato
3183 2608 3320 2646 usus
3345 2597 3469 2647 tan-

1865 2697 2035 2752 quam
2062 2680 2123 2734 in
2151 2680 2362 2751 templo
2392 2678 2710 2734 manufacto
2738 2696 2852 2734 non
2871 2679 3468 2751 corporaliterhabita-

1866 2768 2026 2837 verit,
2052 2768 2109 2823 id
2131 2774 2234 2836 est,
2278 2767 2770 2840 praeﬁgurantibus
2791 2768 2986 2839 signis.
3018 2769 3164 2824 Nam
3192 2770 3318 2825 illas
3346 2786 3469 2824 om-

197 2854 354 2910 illaab
386 2858 664 2929 Epaphra
683 2864 1071 2928 susceperunt.
1099 2858 1406 2929 Propterea
1444 2862 1502 2911 et
1538 2856 1788 2911 laudavit
1867 2875 1968 2913 nes
1997 2857 2413 2912 observationes
2459 2856 2691 2912 umbras
2727 2856 3048 2912 futurorum
3084 2864 3263 2923 vocat,
3296 2858 3469 2913 etiam

201 2944 539 3000 traditionem
574 2947 705 3018 ejus
733 2945 793 3000 in
818 2946 1112 3018 principio.
1147 2947 1297 3001 Bene
1326 2951 1539 3011 autem,
1568 2945 1701 3017 quia
1727 2950 1785 2999 et
1811 3010 1844 3018 Α
1867 2947 1988 3018 ipso
2017 2947 2294 3002 translato
2330 2945 2617 3001 vocabulo.
2653 2946 2918 3001 Summus
2949 2947 3102 3001 enim
3120 2949 3292 3015 Deus,
3324 2949 3471 3003 sicut

196 3032 243 3086 in
262 3035 578 3105 gratiarum
608 3010 889 3090 actionem
916 3010 1141 3107 adjecit,
1187 3035 1488 3089 ostendens
1517 3010 1783 3106 quoniam
1805 3010 1847 3068 Ο
1869 3010 2140 3106 scriptum
2170 3042 2258 3090 est
2274 3036 2415 3105 (Act.
2455 3034 2610 3106 xvn),
2641 3051 2754 3090 non
2783 3035 2843 3089 in
2879 3036 3215 3091 manufactis
3243 3010 3470 3108 templis

195 3120 258 3176 sic
274 3121 413 3179 bona
442 3131 533 3180 est
556 3124 839 3191 doctrina,
861 3124 944 3179 ita
961 3130 1026 3180 ut
1052 3122 1267 3194 gratias
1298 3140 1466 3195 agere
1495 3123 1789 3178 conveniat
1868 3123 2183 3191 inhabitat;
2216 3129 2318 3179 aut
2347 3128 2497 3179 certe
2530 3124 2899 3196 corporaliter
2917 3124 3131 3179 dictum
3147 3125 3394 3197 est,quia
3413 3131 3470 3180 et

195 3227 289 3276 eos,
316 3231 414 3286 pro
444 3214 667 3286 quibus
687 3230 817 3268 eum
846 3217 1250 3284 cognoverunt.
1284 3212 1496 3268 Deinde
1515 3219 1574 3268 et
1589 3213 1787 3267 adver-
1868 3213 1929 3268 in
1961 3212 2170 3267 Christi
2187 3228 2437 3284 corpore,
2472 3213 2620 3283 quod
2652 3214 2958 3285 assumpsit
2986 3231 3053 3267 ex
3087 3213 3314 3285 virgine,
3347 3221 3470 3269 tan-

197 3300 348 3356 sm'ios
386 3301 732 3376 improbans
759 3302 894 3357 dicit
927 3320 938 3355 :
982 3304 1155 3357 Videte
1192 3319 1260 3357 ne
1286 3305 1411 3373 quis
1441 3319 1530 3357 vos
1553 3304 1788 3371 decipiat
1871 3318 2039 3373 quam
2071 3301 2131 3356 in
2149 3302 2361 3374 templo
2381 3300 2600 3355 habitat
2626 3302 2796 3357 Deus.
2847 3301 2990 3356 Hinc
3019 3308 3108 3357 est
3143 3304 3291 3375 quod
3340 3321 3468 3359 cum

190 3406 271 3457 per
292 3393 712 3463 philosophiam
743 3395 792 3446 et
805 3394 1036 3447 inanem
1052 3380 1789 3463 fallaciam.Philosophiam
1869 3390 2075 3445 Judaeis
2104 3390 2330 3462 signum
2348 3389 2667 3462 petentibus
2687 3390 2944 3446 dixisset:
2974 3392 3177 3447 Solvite
3202 3396 3469 3463 templum

194 3477 361 3534 docuit
373 3480 691 3536 verborum
719 3496 1048 3552 pomposam
1067 3479 1400 3546 doctrinam,
1436 3496 1559 3552 quae
1588 3478 1660 3533 ab
1688 3478 1790 3534 ad-

192 3569 433 3624 versariis
463 3585 611 3625 cum
640 3568 885 3640 quadam
922 3568 1283 3623 simulatione
1320 3568 1444 3624 ﬁeri
1474 3566 1690 3623 solebat
1717 3566 1790 3621 ad

196 3657 575 3714 seductionem
625 3657 996 3713 audientium.
1052 3658 1189 3713 Inde
1219 3663 1276 3712 et
1301 3647 1601 3712 ostendens
1648 3672 1789 3728 quo-

190 3745 325 3801 niam
363 3764 483 3803 non
540 3762 685 3801 vera
739 3750 862 3801 erat
897 3746 1269 3820 philosOphia,
1309 3746 1408 3801 sed
1449 3745 1788 3800 seductionis

193 3834 340 3889 verba
365 3837 436 3891 ad
455 3836 860 3908 deceptionem
872 3836 1196 3891 auditorum
1225 3840 1284 3890 et
1298 3834 1613 3905 excogitata
1626 3838 1788 3889 erant

188 3927 237 3975 et
256 3924 592 3980 adinventa.
633 3924 834 3993 (Greg.)
882 3924 1058 3999 Docet
1101 3939 1204 3978 nos
1240 3922 1416 3994 igitur
1451 3922 1602 3978 Deus
1623 3923 1788 3993 juxta

1871 3480 1968 3535 hoc
1994 3484 2043 3533 et
2064 3482 2126 3533 in
2155 3481 2342 3533 triduo
2374 3481 2702 3533 resuscitabo
2724 3481 2870 3533 illud
2890 3479 3103 3545 (Matth.
3138 3482 3278 3549 XIV),
3299 3497 3468 3536 evan-

1868 3568 2072 3639 gelista
2098 3566 2232 3639 quid
2263 3568 2369 3621 hoc
2392 3573 2543 3621 esset
2586 3572 2996 3638 consequenter
3032 3584 3332 3639 exponens,
3365 3569 3465 3637 ait,

1870 3659 1966 3712 hoc
1993 3661 2179 3711 autem
2214 3657 2425 3710 dicebat
2465 3657 2530 3710 de
2576 3659 2773 3725 templo
2810 3658 3053 3724 corporis
3088 3659 3198 3710 sui.
3221 3656 3464 3729 (Ambr.)

1871 3745 2109 3801 Omnem
2133 3743 2539 3816 plenitudinem
2593 3743 2832 3799 Deitatis
2860 3744 2967 3798 hoc
3012 3744 3071 3798 in
3108 3744 3229 3800 loco
3258 3746 3467 3801 iterum

1869 3834 2006 3888 dicit
2056 3833 2377 3888 universam
2406 3838 2726 3887 creaturam
2783 3832 3055 3904 repletam
3111 3833 3182 3887 ab
3212 3851 3298 3900 eo,
3331 3834 3468 3890 dicit

1868 3922 2019 3976 enim
2046 3922 2207 3976 illum
2234 3937 2464 3976 sensum
2506 3936 2674 3992 quem
2716 3920 2777 3975 in
2803 3920 3186 3993 superioribus
3214 3922 3466 3994 posuisse

186 4007 318 4066 beati
335 4014 444 4068 Job
475 4013 833 4069 sententiam
862 4028 1034 4085 super
1068 4013 1332 4082 jumenta
1366 4017 1532 4067 terra
1557 4017 1615 4066 et
1634 4012 1785 4065 volu—
1866 4011 2016 4066 visus
2043 4016 2147 4079 est,
2175 4010 2441 4082 quoniam
2458 4009 2640 4064 omnis
2654 4015 2913 4065 creatura
2928 4009 2988 4065 in
3010 4027 3076 4066 eo
3092 4010 3329 4080 habitat,
3362 4013 3468 4068 hoc

184 4115 290 4156 cres
307 4102 456 4169 caeli,
491 4101 638 4174 quia
665 4101 802 4155 dum
838 4101 945 4155 hoc
996 4101 1146 4173 quod
1187 4117 1383 4156 sumus
1408 4100 1785 4171 agnoscimus,
1870 4105 1975 4167 est,
1998 4100 2105 4171 ipsi
2125 4101 2427 4171 conjuncta
2454 4103 2559 4167 est,
2594 4104 2652 4153 et
2681 4100 2842 4171 quasi
2863 4100 3145 4172 quoddam
3173 4118 3376 4173 corpus
3405 4102 3465 4157 in

184 4203 272 4244 nec
296 4192 488 4247 carnis
512 4208 626 4245 nos
652 4190 954 4245 inﬁrmitas
973 4189 1184 4260 dejicit,
1200 4206 1303 4245 nec
1331 4188 1606 4261 superbia:
1626 4188 1790 4261 spiri-
1869 4205 1929 4244 se
1949 4190 2156 4244 retinet
2167 4194 2440 4261 aptatum,
2471 4193 2702 4262 propter
2726 4189 2884 4244 illam
2903 4190 3466 4263 copulationem,quaa

186 4280 263 4332 tus
281 4280 467 4335 elevat
491 4299 507 4349 ;
572 4295 681 4335 nec
702 4278 1001 4334 deﬁuendo
1028 4278 1159 4333 imis
1177 4278 1528 4349 subjicimur,
1557 4293 1661 4355 nec
1689 4294 1787 4333 su-
1870 4278 1941 4333 ad
1972 4295 2101 4333 eum
2128 4284 2232 4333 est.
2276 4277 2613 4333 Omnimodo
2659 4295 2793 4349 ergo
2847 4278 3241 4333 inconveniens
3261 4285 3348 4334 est
3374 4279 3464 4334 in-

185 4367 482 4435 perbiendo
515 4368 595 4423 de
624 4366 957 4423 sublimibus
984 4367 1271 4423 inﬁamur.
1287 4367 1394 4433 Qui
1412 4367 1560 4423 enim
1580 4366 1852 4426 labiturD
1871 4367 2102 4422 tendere
2132 4367 2234 4435 illi,
2267 4367 2402 4439 quia
2428 4367 2542 4422 alia
2567 4367 2748 4433 docet,
2777 4372 3153 4438 praeterquam
3183 4367 3332 4437 quod
3368 4367 3464 4422 ille

185 4459 781 4530 carne,jumentorum
813 4457 1067 4529 appetitu
1100 4456 1513 4529 prosternitur:
1550 4455 1645 4527 qui
1660 4472 1787 4510 vero

184 4547 463 4602 extollitur
476 4551 861 4613 mente,more
870 4546 1159 4600 volucrum
1170 4545 1331 4617 quasi
1341 4544 1585 4600 levitatis
1604 4560 1791 4618 penna

187 4633 529 4701 sublevatur,
556 4635 657 4689 sed
685 4634 735 4688 si
746 4634 1043 4705 vigilanter
1068 4634 1479 4701 intenditur,ut
1499 4639 1556 4689 et
1583 4633 1789 4688 mentis

184 4719 469 4779 humilitas
501 4723 767 4778 etcarnis
794 4723 1126 4778 castimonia
1138 4728 1416 4790 teneatur,
1440 4723 1551 4777 cito
1579 4738 1789 4793 cogno-

185 4809 380 4867 scimus
391 4813 545 4885 quia
570 4813 816 4867 alterum
839 4812 1153 4867 custoditur
1174 4829 1242 4867 ex
1260 4811 1457 4867 altero.
1477 4812 1623 4865 Nam
1641 4810 1788 4864 mul-

183 4899 246 4952 tis
289 4919 442 4973 saepe
475 4900 754 4972 superbia
806 4901 1040 4956 luxuriae
1084 4900 1452 4957 seminarium
1497 4900 1623 4965 fuit,
1658 4899 1792 4971 quia

187 4986 307 5043 dum
336 5007 440 5045 eos
473 4989 719 5062 spiritus
738 4990 897 5060 quasi
926 4989 986 5044 in
1007 4989 1121 5045 alto
1142 4990 1326 5062 erigit,
1345 5005 1475 5044 caro
1502 4988 1561 5044 in
1580 4987 1790 5044 inﬁmis

185 5079 372 5135 mersit
403 5098 418 5134 :
479 5078 551 5133 hi
571 5077 724 5133 enim
751 5084 965 5133 secreto
995 5078 1151 5151 prius
1177 5078 1484 5145 elevantur,
1513 5078 1613 5133 sed
1631 5082 1789 5150 post-

188 5167 409 5222 modum
438 5165 674 5240 publice
701 5171 991 5234 corruunt,
1033 5166 1166 5240 quia
1200 5167 1336 5224 dum
1383 5166 1614 5222 occultis
1642 5167 1793 5223 intu-

183 5261 440 5312 mescunt
454 5255 716 5311 motibus
724 5255 929 5321 cordis,
953 5256 1164 5328 apertis
1173 5256 1383 5312 cadunt
1395 5255 1642 5330 lapsibus
1665 5271 1791 5310 cor-

186 5345 349 5410 poris.
368 5345 471 5400 Sic
492 5343 580 5398 sic
603 5344 737 5400 elati
750 5344 910 5415 justa
920 5343 1146 5400 fuerant
1156 5346 1528 5402 retributione
1537 5343 1790 5411 feriendi,

187 5436 244 5485 ut
269 5433 412 5504 quia
441 5432 829 5504 superbiendo
858 5451 919 5489 se
947 5433 1268 5490 hominibus
1297 5434 1619 5506 praeferunt,
1639 5434 1798 5489 luxu-

190 5519 384 5576 risndo
415 5537 611 5594 usque
629 5522 702 5578 ad
722 5524 1114 5595 jumentorum
1159 5522 1586 5581 similitudinem
1618 5521 1798 5581 devol-

608 5625 879 5687 PATROL.
908 5624 1064 5687 CXII

1869 4456 2080 4524 docuit,
2101 4456 2160 4510 in
2205 4472 2372 4528 quem
2400 4455 2591 4510 omnia
2617 4459 2880 4526 coaptata
2915 4460 3048 4509 sunt
3071 4460 3127 4509 et
3154 4456 3415 4526 copulata
3448 4475 3459 4515 ;

1870 4545 1975 4600 hoc
1999 4546 2150 4600 enim
2189 4549 2276 4599 est
2301 4561 2337 4598 a
2363 4544 2649 4599 communi
2688 4558 2963 4597 consensu
3008 4543 3256 4615 seipsum
3283 4550 3465 4600 extra-

1869 4651 2041 4689 neum
2067 4633 2268 4700 facere,
2313 4638 2371 4687 et
2414 4631 2813 4687 evidentiorem
2856 4630 3037 4703 ipsam
3074 4632 3465 4690 inconvenien-

1870 4723 2009 4778 tiam
2030 4722 2239 4777 faciens
2258 4720 2499 4792 adjecit:
2530 4721 2597 4774 Et
2634 4721 2759 4774 estis
2796 4722 2860 4774 in
2899 4722 2997 4775 illo
3036 4725 3247 4792 repleti,
3272 4727 3372 4793 qui
3390 4732 3465 4780 est

1871 4816 2035 4881 caput
2053 4814 2234 4865 omnis
2249 4812 2604 4880 principatus
2622 4812 2671 4862 et
2686 4811 2986 4877 potestatis.
3022 4810 3321 4866 Evidenter
3345 4813 3457 4879 illa,

1873 4916 1995 4972 qua;
2023 4900 2082 4954 in
2107 4897 2490 4971 superioribus
2508 4897 2659 4952 dicta
2674 4896 2916 4965 fuerant,
2938 4900 3331 4971 compendiose
3358 4901 3463 4957 ite-

1871 5004 1998 5043 rum
2020 4988 2100 5043 ait
2124 5005 2135 5039 :
2160 4987 2368 5045 etenim
2398 4993 2458 5042 et
2482 5003 2579 5041 vos
2615 5002 2744 5042 eum
2766 4985 3036 5043 habentes
3060 4988 3120 5043 in
3136 4988 3291 5043 vobis
3308 4989 3464 5060 digni

1872 5078 2007 5133 estis
2035 5076 2213 5133 habiti
2234 5078 2357 5147 ejus
2395 5075 2756 5149 copulationi,
2790 5076 2886 5148 qui
2905 5082 2963 5132 et
2984 5075 3243 5134 omnibus
3272 5076 3466 5134 invisi-

1873 5166 2077 5223 bilibus
2103 5165 2402 5223 virtutibus
2431 5165 2492 5221 in
2507 5164 2703 5221 ordine
2721 5164 2919 5241 capitis
2932 5165 3204 5222 consistit.
3224 5167 3302 5224 Eo
3317 5169 3467 5242 quod

1875 5255 2065 5311 omnia
2091 5255 2162 5310 ad
2184 5254 2560 5326 cognitionem
2588 5254 2661 5309 ad
2682 5254 2842 5310 illum
2857 5253 3004 5309 sicut
3016 5270 3219 5327 corpus
3240 5259 3470 5330 co'njun—

1876 5350 1967 5400 cta
1994 5349 2145 5399 sunt.
2161 5343 2375 5398 Deinde
2388 5348 2446 5398 et
2472 5342 2802 5416 magnitudo
2833 5343 3200 5401 donationum
3219 5347 3291 5403 ad
3310 5364 3469 5403 vere-

1877 5433 2144 5490 cundiam
2173 5448 2268 5488 eos
2286 5432 2569 5488 adducens
2606 5431 2743 5487 dicit
2773 5451 2784 5485 :
2814 5434 2883 5486 In
2922 5449 3028 5502 quo
3068 5440 3118 5488 et
3152 5439 3472 5493 circumcisi

1879 5525 2007 5581 estis
2019 5524 2437 5580 circumcisione
2458 5536 2568 5597 non
2586 5537 2760 5577 manu
2772 5522 2927 5597 facta,
2942 5525 3005 5576 in
3026 5526 3467 5596 exspoliationem

3085 5624 3156 5682 17
