3892 6158
439 215 540 282 523

1021 221 1085 276 Β.
1127 218 1400 278 ΒΑΒΑΝῙ
1449 223 1682 280 MAURI
1717 219 2055 314 ARCHIEP.
2097 217 2424 277 MOGUNT.
2463 217 2765 275 OPERUM
2799 217 2984 272 PARS
3022 211 3125 276 III.

3555 231 3643 288 524

435 352 679 420 corporis
696 350 886 404 carnis
905 349 968 400 in
984 349 1461 404 circumcisionem
1480 342 2030 421 0hristi.(Aug.)Non
2047 354 2094 412 Α
2116 351 2238 422 ipso
2287 364 2644 404 communem
2685 345 3149 402 resurrectionem
3183 347 3424 418 efﬁciens,
3453 369 3511 407 ex
3549 373 3645 427 qua

435 440 578 494 duas
587 437 782 508 utique
800 451 890 490 res
917 434 1156 506 intelligi
1183 436 1376 506 voluit,
1411 439 1570 510 quasi
1608 440 1761 495 aliud
1783 457 1913 496 caro
1931 441 2022 509 sit,

435 528 590 583 aliud
605 542 807 598 corpus
831 524 1048 579 carnis:
1077 525 1175 580 sed
1206 526 1342 596 quia
1385 544 1586 600 corpus
1616 530 1924 584 multarum
1944 547 2030 585 re-

430 633 559 672 rum
594 631 802 670 nomen
821 618 924 680 est,
953 630 1192 686 quarum
1209 615 1365 670 nulla
1385 633 1514 671 caro
1542 625 1630 672 est
1653 637 1665 685 ;
1701 635 1831 673 nam
1849 621 2028 676 multa

430 709 564 760 sunt
583 709 813 776 excepta
839 719 1006 759 carne
1027 710 1272 776 'cbrpora
1299 706 1547 760 coelestia
1566 713 1624 761 et
1647 725 1883 779 corpora
1908 715 2026 764 ter-

430 793 652 850 restria.
665 793 883 866 Corpus
901 793 1087 848 carnis
1104 793 1247 848 dixit
1264 810 1468 866 corpus
1493 813 1615 868 quae
1644 813 1774 852 caro
1794 803 1880 852 est
1900 816 1912 850 ε
1947 799 2026 853 sic

428 884 621 956 itaque
667 882 932 956 spiritum
979 883 1205 950 mentis,
1256 884 1520 955 spiritum
1550 903 1674 958 quae
1717 903 1876 941 mens
1897 894 2018 942 est:

427 975 791 1030 Renovamini
809 977 995 1027 autem
1014 975 1220 1040 spiritu
1250 977 1450 1028 mentis
1477 981 1665 1031 vostrae
1687 977 1894 1044 (Ephes.
1927 978 2018 1047 1v).

379 1121 388 1133 Ι
427 1061 668 1134 [Ambr.]
697 1063 764 1116 In
789 1061 934 1134 ipso,
956 1061 1164 1132 inquit,
1185 1067 1244 1116 et
1271 1078 1341 1116 ea
1367 1079 1490 1133 quas
1519 1063 1579 1117 in
1599 1079 1665 1118 eo
1705 1069 1791 1120 est
1809 1065 1920 1120 ﬁde
1949 1067 2022 1121 ad

423 1152 746 1224 impositam
771 1149 928 1205 vobis
946 1150 1349 1205 mortalitatem
1370 1152 1504 1206 estis
1529 1153 1890 1218 eruditi,cum
1910 1172 2022 1228 qua

423 1240 772 1296 mortalitate
787 1239 960 1294 etiam
989 1244 1220 1310 peccata
1237 1245 1426 1294 vestra
1444 1242 1690 1296 sustulit.
1715 1243 1850 1297 Vult
1867 1244 2020 1298 enim

419 1329 630 1384 dicere:
649 1327 915 1400 quoniam
931 1327 1414 1384 immortalitatem
1426 1331 1666 1385 assecuti
1681 1331 1898 1399 estis,in
1909 1349 2022 1404 qua

419 1417 709 1472 constituti
728 1417 882 1471 ultra
895 1433 1012 1470 non
1037 1416 1357 1487 peccabitis,
1393 1419 1544 1489 quod
1567 1435 1634 1473 ex
1673 1421 2018 1476 mortalitate

416 1506 765 1561 sustinebitis
801 1505 1212 1560 necessitatem.
1249 1506 1448 1578 Itaque
1487 1509 1745 1562 convenit
1799 1516 1856 1563 et
1882 1527 2014 1581 pro-

417 1601 549 1666 pter
563 1595 670 1650 hoc
696 1611 810 1650 non
829 1594 1079 1665 ingratos
1096 1611 1194 1648 vos
1214 1594 1391 1649 videri
1419 1612 1554 1668 erga
1584 1597 1744 1651 illum
1761 1599 1856 1669 qui
1883 1603 2014 1653 tan-

2111 457 2202 494 om
2209 439 2296 494 nis
2304 439 2516 510 species
2527 436 2738 508 peccati
2755 435 2923 490 vestri
2934 435 3506 496 exterminabitur.Hoc
3516 445 3645 498 enim

2110 529 2264 594 dicit,
2294 529 2510 582 donans
2538 524 2730 581 omnia
2746 523 2902 578 vobis
2919 525 3137 593 delicta,
3161 543 3222 580 eo
3239 529 3375 598 quod
3395 532 3647 588 constituit

2109 634 2212 672 nos
2235 624 2394 672 extra
2421 615 2750 671 facilitatem
2772 613 3036 686 peccandi
3063 633 3074 667 :
3107 632 3206 686 per
3231 620 3648 676 resurrectionem

2108 707 2318 760 etenim
2351 747 2365 772 ,
2426 712 2724 777 postquam
2778 703 3128 758 immortales
3189 711 3384 760 natura
3453 709 3648 764 exstite-

2106 795 2302 861 rimus,
2326 811 2554 867 peccare
2579 795 2733 848 ultra
2755 809 3112 864 nequaquam
3138 794 3450 864 poterimus.
3467 797 3653 852 Deinde

2105 885 2398 955 conjungit
2413 889 2472 938 et
2488 883 2642 938 aliud
2671 881 2900 949 bonum,
2938 882 3086 952 quod
3111 881 3238 936 hinc
3264 882 3416 938 nobis
3441 886 3652 956 acquisi-

2103 977 2227 1028 tum
2257 980 2360 1040 est,
2376 973 2526 1044 quod
2545 978 2602 1026 et
2619 971 2689 1025 ad
2711 987 2956 1042 praesens
2971 971 3146 1025 etiam
3169 979 3543 1043 argumentum
3563 974 3655 1029 sibi

2103 1063 2396 1116 convenire
2439 1059 2794 1116 existimabat
2825 1080 2836 1113 :
2866 1061 3056 1114 Delens
3093 1063 3236 1128 quod
3277 1063 3548 1115 adversum
3576 1079 3654 1118 nos

2103 1157 2222 1205 erat
2250 1151 2682 1220 chirographum
2728 1151 2948 1216 decreti,
2993 1151 3136 1219 quod
3180 1154 3297 1202 erat
3341 1154 3656 1206 contrarium

2104 1241 2276 1307 nobis,
2291 1245 2342 1295 et
2361 1242 2605 1317 idipsum
2632 1242 2764 1294 tulit
2793 1240 2858 1292 de
2876 1239 3073 1304 medio,
3097 1240 3325 1306 afﬁgens
3345 1241 3481 1293 illud
3505 1243 3654 1294 cruci.

2100 1329 2343 1398 (Ambr.)
2365 1329 2698 1383 Cautionem
2727 1329 2912 1397 legem
2931 1326 3085 1393 dicit,
3100 1328 3260 1397 cujus
3285 1343 3469 1381 omnes
3495 1332 3658 1382 actum

2099 1417 2335 1490 implere
2372 1417 2660 1483 debemus,
2691 1421 2888 1487 utpote
2929 1415 3126 1486 positae
3153 1433 3188 1469 a
3217 1416 3351 1481 Deo,
3383 1415 3522 1486 quod
3555 1423 3660 1471 erat

2095 1506 2322 1572 durum,
2350 1507 2468 1560 imo
2497 1505 2840 1577 impossibile
2870 1509 2936 1559 ut
2964 1505 3272 1560 secundum
3299 1505 3435 1574 legis
3461 1519 3660 1576 scrupu-

2093 1594 2375 1650 lositatem
2395 1594 2858 1666 justiﬁcaremur,
2877 1593 3010 1664 quia
3026 1594 3117 1648 lex
3146 1593 3604 1665 qualitercumque
3615 1600 3665 1647 et

415 1688 604 1738 torum
630 1682 784 1738 vobis
812 1681 1088 1756 bonomm
1107 1683 1320 1738 exstitit
1347 1684 1619 1755 provisor.
1657 1686 1806 1741 Bene
1827 1693 2019 1743 autem
2032 1682 2078 1741 B
2099 1684 2564 1756 quandocumque
2582 1687 2908 1755 peccantem
2925 1682 3127 1754 punire
3143 1682 3421 1754 praecepit;
3441 1697 3548 1735 non
3557 1697 3662 1752 pec-

413 1771 895 1828 circumcisionem
918 1771 1227 1826 nominavit
1267 1773 1630 1828 mortalitatis
1651 1773 2011 1845 ablationem,

412 1861 496 1916 ita
517 1868 587 1922 ut
611 1878 677 1916 ex
707 1860 1127 1932 comparatione
1153 1861 1414 1916 ostendat
1439 1863 1562 1932 ejus
1589 1862 1965 1919 differentiam
1999 1883 2010 1918 :

412 1951 692 2022 siquidem
716 1949 798 2004 ibi
827 1949 1076 2020 corporis
1096 1948 1304 2005 ablatio
1329 1951 1532 2022 exigua
1564 1956 1650 2006 est
1665 1953 1881 2008 nullam
1910 1954 2012 2008 ha-

2095 1788 2222 1826 care
2234 1789 2366 1827 vero
2377 1773 2449 1827 ad
2471 1773 2702 1844 plenum
2719 1771 3006 1826 hominem
3023 1771 3356 1826 existentem
3383 1770 3532 1824 valde
3561 1775 3667 1824 erat

2092 1859 2456 1932 impossibile,
2479 1879 2546 1916 ex
2567 1859 2771 1932 quibus
2788 1859 2958 1914 fiebat
2983 1865 3050 1914 ut
3074 1859 3159 1914 illi
3189 1859 3286 1931 qui
3307 1858 3408 1914 sub
3427 1859 3544 1930 lege
3561 1873 3662 1912 ver-

2093 1948 2381 2016 sabantur,
2395 1967 2620 2004 securos
2642 1967 2676 2004 a
2697 1965 2866 2020 poena
2883 1947 3028 2004 efﬁci
3043 1948 3281 2002 minime
3298 1946 3522 2019 possint.
3537 1947 3666 2002 Cau-

309 2097 315 2108 ,
411 2038 548 2094 hens
569 2039 1052 2110 prodiﬁcationem
1073 2057 1088 2106 ;
1111 2038 1202 2092 hic
1219 2053 1352 2092 vero
1379 2045 1542 2094 tanta
1573 2041 1890 2096 mortalitas
1909 2059 2011 2098 au-
2087 2037 2300 2092 tionem
2329 2055 2462 2110 ergo
2491 2039 2758 2092 adversus
2777 2025 2881 2092 nos
2911 2039 3092 2108 legem
3118 2043 3299 2104 vocat,
3315 2053 3380 2091 eo
3404 2035 3544 2108 quod
3555 2040 3662 2089 erat

408 2127 590 2184 fertur
611 2128 672 2182 in
709 2127 912 2182 melius
939 2127 1158 2198 corpori
1186 2132 1380 2182 nostro
1403 2129 1825 2186 transformata.
1851 2132 2012 2188 Unde

408 2223 468 2272 et
491 2233 608 2272 non
660 2216 1041 2271 manufactam
1083 2217 1570 2272 circumcisionem
1615 2219 1832 2274 vocavit
1861 2237 2006 2288 eam,

405 2306 489 2360 ita
501 2311 573 2361 ut
599 2322 668 2360 ex
694 2322 760 2361 eo
787 2305 954 2360 modo
974 2306 1380 2377 inoperationis
1409 2307 1532 2378 ejus
1571 2309 1832 2364 ostendat
1850 2309 2010 2364 diffe-

406 2395 682 2450 rentiam:
728 2395 1010 2467 siquidem
1052 2395 1167 2448 illic
1213 2395 1464 2450 humana
1510 2412 1710 2451 manus
1751 2403 1854 2464 est,
1887 2415 2010 2469 quae

403 2483 641 2556 perfecit
665 2482 1148 2537 circumcisionem
1176 2501 1189 2550 ;
1235 2483 1326 2537 hic
1353 2500 1485 2538 vero
1525 2484 1712 2538 divina
1748 2491 1834 2540 est
1883 2503 2010 2557 gra-

403 2572 504 2639 tia,
529 2587 643 2645 qua
673 2571 1004 2644 inoperatur
1022 2571 1381 2626 mortalitatis
1419 2571 1648 2626 ablatio.
1679 2575 2010 2630 Necessaria

401 2677 534 2716 vero
554 2666 643 2716 est
659 2665 717 2714 et
735 2659 996 2731 adjectio,
1019 2675 1188 2730 quam
1213 2660 1421 2731 adjecit
1442 2660 1634 2716 dicens
1671 2667 1734 2716 in
1764 2667 2007 2718 circum-

403 2752 606 2804 cisione
633 2749 859 2814 0hristi,
899 2753 966 2802 ut
993 2748 1163 2815 dicat,
1217 2749 1350 2820 quia
1375 2749 1482 2804 hac
1522 2750 1834 2806 circumcisi
1874 2753 2008 2808 estis

402 2836 846 2904 circumcisione,
870 2837 1033 2907 cujus
1041 2837 1381 2908 promissum
1401 2837 1555 2893 vobis
1572 2840 1838 2910 pmstitit
1846 2841 2004 2896 Chri-

401 2931 542 2992 stus,
565 2930 625 2981 et
667 2925 937 2997 quoniam
965 2941 1174 2996 magna
1223 2917 1388 2980 erant
1441 2943 1565 2998 quae
1603 2928 1753 2984 dicta
1777 2929 2003 2985 fuerant

2091 2128 2376 2182 contraria
2400 2127 2580 2194 nobis,
2609 2127 2714 2182 hoc
2743 2132 2848 2194 est,
2882 2143 2995 2181 non
3039 2125 3377 2197 permittens
3409 2124 3662 2196 justiﬁes-

2091 2216 2305 2272 tionem
2343 2217 2568 2289 assequi
2605 2223 2838 2288 propter
2878 2233 3040 2270 suam
3077 2215 3578 2286 scrupulositatem,
3622 2207 3678 2265 et

2091 2305 2236 2359 hanc
2265 2307 2586 2360 cautionem
2616 2305 2820 2360 delevit
2849 2304 3113 2371 decretis,
3148 2309 3216 2359 ut
3243 2303 3392 2358 dicat
3414 2317 3670 2356 resurrec-

2089 2393 2302 2448 tionem
2326 2402 2383 2448 et
2411 2394 2897 2449 immortalitatem
2925 2413 2936 2448 :
2971 2394 3244 2464 dogmata
3265 2393 3418 2447 enim
3445 2407 3558 2446 esse
3577 2390 3672 2444 ista

2090 2487 2148 2536 et
2179 2483 2436 2554 Ephesiis
2473 2483 2722 2538 scribens
2765 2482 2920 2549 dixit,
2969 2483 3152 2553 legem
3201 2483 3599 2553 praeceptorum
3621 2478 3673 2532 in

2088 2571 2326 2626 decretis
2355 2572 2684 2637 destituens,
2719 2571 2932 2642 quare?
2956 2571 3227 2641 quoniam
3260 2571 3347 2624 lex
3383 2567 3676 2624 necessaria

2089 2665 2212 2714 erat
2227 2661 2338 2714 illis
2353 2661 2450 2733 qui
2473 2659 2836 2732 subjacebant
2855 2663 3103 2731 peccato,
3121 2659 3378 2714 retinens
3407 2675 3470 2712 ac
3496 2655 3672 2729 prohi-

2089 2747 2226 2803 bens
2253 2766 2347 2804 eos
2378 2768 2412 2805 a
2429 2755 2676 2820 peccato,
2691 2749 2787 2820 qui
2805 2755 2997 2803 autem
3011 2754 3381 2820 resurgentes
3401 2751 3532 2802 sunt
3551 2745 3672 2800 clie-

2083 2837 2158 2891 cti
2183 2838 2550 2905 immortales,
2579 2855 2810 2910 peccare
2849 2838 2998 2892 ultra
3019 2854 3139 2892 non
3170 2842 3461 2909 poterunt.
3493 2836 3670 2904 Itaque

2084 2931 2142 2981 et
2166 2927 2257 2980 lex
2278 2927 2564 2998 superﬂua
2594 2933 2680 2981 est
2705 2926 2834 2993 illis,
2865 2926 2963 2998 qui
3005 2925 3344 2997 hujusmodi
3369 2930 3518 2989 sunt,
3549 2929 3601 2978 et
3625 2921 3678 2975 in

399 3015 640 3071 necdum
663 3030 797 3069 vero
849 3013 912 3068 in
957 3029 1127 3086 opere
1183 3021 1347 3070 erant
1387 3016 1604 3070 effecta.
1665 3018 1996 3089 Consepulti,
2021 3027 2066 3088 ο
2083 3015 2206 3082 hoc,
2219 3015 2424 3088 inquit,
2441 3032 2545 3071 nos
2566 3032 2794 3071 securos
2816 3015 2966 3082 facit,
2984 3021 3048 3070 ut
3067 3031 3144 3070 ne
3169 3014 3422 3070 ulterius
3441 3012 3540 3068 sub
3561 3012 3672 3080 lege

399 3104 661 3176 inquit,ei
683 3106 752 3158 in
773 3105 1060 3172 baptismo,
1071 3105 1137 3158 in
1155 3120 1260 3174 quo
1276 3109 1326 3158 et
1342 3109 1724 3160 resurremislis
1731 3123 1832 3176 per
1841 3110 2002 3176 ﬁdem

399 3195 734 3263 operationis
743 3193 842 3246 Dei
851 3194 951 3262 qui
959 3195 1244 3246 suscitavit
1255 3194 1422 3247 illum
1431 3209 1468 3248 a
1479 3196 1802 3250 mortuis.Si
1811 3202 2002 3252 autem

397 3280 640 3336 necdum
660 3280 886 3352 negotio
904 3280 963 3335 id
989 3280 1156 3352 potiti
1177 3281 1332 3348 estis,
1369 3286 1563 3338 tamen
1585 3285 1706 3354 jam
1731 3285 1790 3338 in
1821 3287 2004 3342 forma

395 3370 626 3426 illorum
651 3369 834 3425 eﬂ‘ecti
889 3368 1040 3436 estis,
1095 3371 1432 3426 commortui
1462 3372 1521 3426 in
1567 3371 1904 3445 baptismate
1945 3381 2004 3430 et

397 3463 798 3532 consurgentes
821 3457 894 3525 ei,
931 3459 1158 3514 evidens
1187 3464 1276 3514 est
1303 3460 1570 3532 quoniam
1609 3460 1888 3534 baptisma
1916 3480 2002 3519 as-

398 3548 576 3604 secuti
610 3547 748 3604 estis
775 3534 1087 3603 credentes.
1119 3548 1391 3604 Primitus
1418 3551 1567 3620 quod
1578 3556 1777 3622 potens
1805 3552 2002 3609 sitista

393 3637 576 3694 facere
593 3637 1177 3709 Deus,etfeceritjam,
1211 3653 1277 3692 ex
1299 3637 1504 3710 quibus
1534 3645 1593 3694 et
1621 3641 1909 3696 suscitavit
1933 3659 2000 3697 ex

394 3726 634 3782 mortuis
669 3726 978 3792 Christum,
1001 3725 1071 3780 in
1096 3725 1194 3780 illo
1240 3728 1551 3783 communis
1569 3731 1999 3786 resurrectionis

395 3815 673 3888 primitias
701 3820 987 3886 operatus,
1017 3815 1214 3870 multis
1232 3832 1368 3871 vero
1397 3817 1457 3871 in
1485 3817 1622 3872 locis
1665 3817 1726 3872 in
1771 3825 1996 3890 aposto-

393 3903 506 3958 lica
530 3903 788 3958 doctrina
811 3903 998 3958 inesse
1015 3903 1326 3968 docuimus,
1359 3905 1626 3976 quoniam
1636 3906 1996 3978 probationes

397 3991 624 4057 illorum
659 4006 785 4062 que
837 3991 1149 4046 secundum
1187 3992 1475 4047 Christum
1519 4000 1655 4048 sunt
1694 3995 1765 4050 de
1789 3995 1995 4052 futuris

398 4095 622 4150 semper
669 4077 856 4133 facere
902 4079 1212 4140 consuevit.
1243 4081 1734 4137 Commemoratur
1779 4101 1910 4139 vero
1937 4090 1996 4139 et

386 4165 580 4239 .forma
604 4165 720 4233 illa,
753 4183 878 4238 que
895 4167 969 4221 ad
989 4183 1234 4238 presens
1263 4167 1548 4239 impletur,
1579 4169 1663 4224 ita
1689 4176 1756 4224 ut
1771 4171 1995 4226 videan-

395 4235 494 4311 tur
511 4255 736 4310 illorum
765 4235 889 4326 quas
899 4235 1292 4328 exspectantur
1309 4235 1548 4329 pignora
1564 4257 1754 4330 aliqua
1767 4259 1828 4312 in
1847 4277 1992 4331 prae-

2084 3113 2493 3174 conversemur,
2523 3106 2673 3160 unde
2699 3105 2789 3159 vel
2818 3104 3062 3159 maxime
3091 3105 3203 3160 sub
3227 3119 3402 3176 paena
3425 3101 3584 3157 facile
3604 3100 3680 3154 in-

2083 3193 2462 3250 currebamus.
2491 3195 2642 3249 Bene
2670 3201 2862 3249 autem
2889 3193 3048 3258 dixit,
3071 3197 3360 3262 con/igens
3393 3195 3550 3248 illam
3569 3205 3682 3243 eru-

2083 3285 2153 3349 ci,
2183 3299 2248 3337 eo
2287 3284 2436 3354 quod
2477 3283 2786 3338 secundum
2823 3287 3166 3354 praesentem
3211 3281 3395 3336 vitam
3417 3281 3510 3336 lex
3542 3275 3685 3334 utilis

2083 3377 2170 3425 est
2189 3371 2370 3438 nobis,
2403 3373 2628 3443 quando
2673 3378 2730 3427 et
2768 3387 3000 3444 peccare
3029 3387 3372 3442 possumus;
3407 3369 3535 3424 ﬁnis
3565 3381 3684 3421 vero

2083 3461 2250 3532 hujus
2284 3461 2411 3516 vitae
2449 3479 2600 3516 mors
2629 3467 2732 3516 est.
2770 3460 3030 3527 Conﬁxit,
3061 3459 3280 3532 inquit,
3315 3459 3478 3514 illam
3504 3455 3679 3512 cruci:

2067 3555 2338 3604 'mortuus
2354 3551 2506 3605 enim
2519 3551 2690 3606 ﬁnem
2707 3549 2817 3620 legi
2841 3549 3014 3604 dedit.
3041 3549 3164 3603 Nec
3191 3549 3352 3604 enim
3379 3547 3442 3602 in
3465 3545 3577 3600 illis
3601 3541 3686 3614 qui

2080 3645 2510 3695 resurrexerunt
2518 3639 2701 3694 locum
2713 3638 2960 3709 aliquem
2969 3637 3129 3692 ultra
3139 3637 3362 3692 habere
3374 3634 3580 3709 poterit
3587 3633 3683 3686 lex.

2079 3727 2131 3782 N
2133 3733 2294 3782 amet
2310 3744 2417 3782 nos
2437 3727 2746 3782 secundum
2769 3728 2876 3782 hoc
2899 3726 3268 3797 extralegem
3297 3725 3688 3789 eﬂicimur,se-

2077 3817 2324 3871 cundum
2353 3817 2502 3888 quod
2529 3816 2712 3871 inillis
2737 3833 2860 3888 quae
2882 3816 3080 3870 futura
3099 3821 3248 3870 sunt
3263 3814 3580 3870 transimus
3599 3824 3688 3882 per

2075 3905 2315 3960 formam
2349 3905 2724 3977 baptismatis,
2759 3905 3068 3960 secundum
3105 3903 3412 3976 baptisma
3447 3909 3690 3957 nostrum

2076 3994 2554 4049 conversationem
2610 3994 2934 4048 ordinantes
2983 3994 3071 4048 .Et
3105 3993 3278 4064 quod
3329 3994 3520 4062 majus
3561 3996 3680 4044 est:

2073 4084 2292 4138 Ezuens
2309 4101 2362 4138 se
2375 4087 2730 4153 principatus
2747 4088 2795 4136 et
2803 4087 3090 4152 potestates
3109 4085 3389 4138 traduxit
3409 4097 3539 4137 cum
3555 4079 3691 4148 ﬁdu-

2073 4174 2160 4226 cia
2173 4177 2368 4242 palam
2385 4173 2740 4242 triumphans
2760 4175 2884 4226 illos
2903 4175 2967 4225 in
2992 4175 3315 4240 semetipso.
3340 4170 3690 4240 Principatus

2073 4267 2130 4315 et
2156 4267 2462 4333 potestates
2487 4261 2596 4316 hoc
2621 4261 2684 4315 in
2708 4261 2830 4316 loco
2859 4260 3178 4316 contrarias
3209 4259 3360 4316 dicit
3384 4277 3511 4316 esse
3529 4259 3693 4312 virtu-

398 4344 544 4401 senti
569 4343 780 4400 habere
805 4363 820 4412 ;
845 4343 979 4399 hinc
1007 4344 1218 4400 etenim
1241 4346 1420 4400 sancti
1443 4345 1688 4418 Spiritus
1715 4349 1994 4419 primitias
2011 4343 2176 4416 Dtes,
2211 4367 2336 4422 quae
2359 4349 2625 4405 adversus
2653 4366 2756 4404 nos
2771 4349 2983 4404 nullam
3013 4348 3337 4420 aliquando
3369 4347 3692 4404 habuissent

394 4434 455 4490 in
507 4433 848 4506 baptismate
900 4433 1272 4506 percipimus;
1328 4435 1594 4506 quoniam
1636 4442 1826 4492 autem
1856 4438 1994 4494 dixit

397 4523 656 4588 formam,
687 4522 928 4578 resumit
954 4523 1116 4578 illum
1144 4523 1292 4594 quod
1321 4523 1534 4580 dictum
1565 4525 1755 4581 fuerat
1781 4543 1817 4582 a
1842 4544 1902 4582 se
1929 4534 1994 4584 ut

396 4611 568 4667 latius
578 4611 733 4664 illam
753 4627 924 4682 quam
943 4612 1077 4668 inde
1103 4617 1191 4667 est
1205 4613 1448 4684 gratiam
1477 4615 1732 4686 explicet.

466 4701 642 4754 Eluas
671 4714 800 4754 cum
828 4704 1041 4755 mortui
1060 4704 1238 4756 essetis
1270 4705 1332 4756 in
1375 4705 1587 4758 delictis
1630 4709 1681 4758 et
1719 4709 1992 4776 przputio

396 4790 586 4844 carnis
610 4793 801 4843 uestra
811 4791 1208 4858 conviviﬁcavit
1219 4807 1346 4846 cum
1357 4793 1458 4846 illo
1480 4793 1695 4847 donans
1713 4795 1861 4849 vobis
1871 4811 1990 4850 om-

396 4879 496 4932 nia
504 4878 721 4932 delicta.
756 4878 945 4948 (Aug,
959 4877 1147 4948 Amb.)
1169 4879 1516 4951 Prsaputium
1526 4881 1740 4936 vocavit
1749 4884 1898 4954 quod
1910 4883 1988 4938 si-

389 4966 695 5038 gniﬁcatur
711 4965 1004 5039 pmputio,
1022 4967 1127 5021 hoc
1139 4972 1243 5034 est,
1265 4968 1471 5024 delicta
1497 4970 1763 5038 carnalia,
1785 4970 1988 5042 quibus

357 5103 373 5126 ,
389 5055 736 5129 exspoliandi
763 5072 977 5112 sumus.
996 5055 1341 5127 Praeputium
1359 5058 1466 5113 hoc
1493 5058 1552 5114 in
1581 5060 1701 5114 loco
1719 5075 1834 5114 non
1861 5076 1986 5115 cor-

388 5144 708 5214 porisdicit,
725 5144 994 5200 sedsicut
1016 5143 1501 5202 circumcisionem
1527 5147 1871 5203 ablationem
1895 5165 1986 5204 vo-

387 5231 535 5286 cavit
559 5233 937 5294 mortalitatis.
957 5233 1041 5288 sic
1053 5233 1390 5305 praeputium
1416 5235 1556 5291 illud
1573 5236 1808 5303 vocavit,
1833 5238 1984 5308 quod

389 5319 574 5376 adhuc
591 5321 914 5376 circumfert
923 5321 1473 5380 mortalitatem.Hoc
1491 5341 1624 5396 ergo
1645 5318 1783 5381 dicit
1803 5343 1816 5380 :
1851 5343 1986 5398 quo-

387 5408 919 5466 niammortiﬁcatos
928 5427 1027 5467 vos
1039 5411 1283 5484 peccatis
1295 5413 1985 5488 propter-circumpositam

383 5495 1984 5575 W'Wmmmmcm,in

2076 4438 2360 4504 virtutem,
2375 4438 2423 4493 si
2449 4455 2554 4494 nos
2583 4455 2812 4510 peccare
2833 4437 3068 4492 minime
3095 4439 3526 4508 potuissemus.
3552 4436 3696 4492 Nam

2075 4525 2356 4599 deponere
2382 4527 2569 4600 inquit
2595 4527 3016 4593 mortalitatem,
3051 4543 3235 4596 quam
3267 4544 3380 4598 pro
3413 4521 3691 4582 communi

2075 4616 2327 4671 omnium
2347 4615 2581 4671 abstulit
2589 4616 2834 4672 utilitate
2852 4635 2864 4684 ;
2891 4615 3044 4671 exuit
3055 4620 3114 4669 et
3127 4615 3269 4672 illos
3288 4615 3692 4672 auctoritatem

2071 4705 2226 4760 illam
2255 4722 2368 4777 qua
2391 4705 2770 4760 abutebantur
2790 4705 3057 4760 adversus
3083 4721 3215 4772 nos,
3233 4722 3520 4777 magnam
3540 4711 3597 4758 et
3619 4703 3694 4756 in-

2072 4794 2302 4850 dubiam
2323 4795 2590 4850 adversus
2611 4812 2706 4850 eos
2735 4794 3024 4866 proferens
3037 4793 3373 4860 victoriam,
3389 4795 3476 4849 ita
3489 4799 3556 4849 ut
3569 4807 3693 4846 con-

2068 4883 2379 4939 fundantur
2405 4889 2464 4938 et
2489 4881 2597 4938 illa;
2623 4899 2780 4939 vanae
2814 4883 3082 4938 adversus
3110 4899 3224 4937 nos
3251 4889 3498 4938 tantum
3528 4880 3696 4937 susti-

2069 4973 2258 5028 nuisse
2275 4972 2526 5026 laborem
2545 4989 2610 5027 ex
2621 4989 2732 5044 quo
2742 4972 2962 5026 nullum
2991 4970 3325 5043 profectum
3353 4973 3572 5027 habere
3599 4985 3696 5042 po-

2067 5067 2317 5128 tuerunt,
2332 5061 2390 5116 in
2405 5062 2696 5117 meliorem
2715 5067 2928 5116 statum
2954 5061 3409 5117 transeuntibus
3424 5061 3611 5126 nobis,
3627 5059 3705 5114 ita

2067 5155 2134 5206 ut
2155 5150 2308 5206 ultra
2321 5167 2426 5206 nec
2444 5167 2674 5224 peccare
2694 5151 2992 5222 possimus.
3025 5149 3245 5205 Omnia
3265 5151 3434 5206 enim
3459 5151 3698 5220 conjun-

2067 5239 2149 5294 xit
2173 5239 2590 5295 resurrectioni.
2621 5241 2926 5311 Postquam
2965 5237 3138 5294 ablati
3180 5255 3220 5292 a
3252 5239 3625 5296 mortalitate
3645 5236 3702 5291 in

2036 5328 2486 5401 ,incorruptione
2510 5345 2706 5385 sumus
2733 5329 2934 5396 effecti,
2952 5327 3242 5383 efﬁcimur
3266 5327 3517 5400 quidem
3548 5333 3705 5382 extra

2066 5423 2375 5490 peccatum,
2397 5417 2706 5474 liberamur
2721 5433 2855 5474 vero
2873 5423 2932 5473 et
2953 5435 2990 5472 a
3006 5415 3296 5473 servitute
3309 5417 3495 5490 legis:
3521 5413 3704 5474 securi

2063 5506 2240 5565 etiam
2264 5506 2542 5566 efﬁcimur
2567 5514 2627 5566 et
2653 5507 2727 5566 ab
2751 5507 2908 5568 omni
2933 5507 3272 5566 (lenonum
3311 5507 3705 5582 impressione
