3868 6138
211 372 296 428 525

653 363 1232 422 ENARRATIONUM
1265 364 1346 422 IN
1381 363 1537 420 EPP.
1577 361 1793 419 PAULI
1828 359 1966 416 LIB.
2006 357 2208 412 XX.-—
2247 356 2328 413 IN
2365 357 2587 413 EPIST.
2627 357 2725 413 AD
2762 357 2920 414 COL.

3319 359 3424 420 526

209 511 308 566 quae
323 497 507 547 cuncta
533 495 844 561 sequuntur
870 487 1186 543 necessario
1216 487 1342 542 illos
1391 489 1487 559 qui
1518 489 1805 545 immor-A
1823 483 2082 550 dabatur,
2128 484 2294 539 sicuti
2344 483 2543 540 beatus
2586 485 2795 540 Paulus
2834 484 2972 539 dicit
3011 486 3196 550 (Hebr.
3227 490 3286 557 ιι)
3326 487 3426 544 :Si

203 584 318 637 tales
357 580 555 635 fuerint
596 579 795 644 effecti,
835 585 894 633 et
937 577 1009 631 ab
1039 577 1193 631 omni
1219 577 1351 630 facti
1380 577 1592 631 fuerint
1619 593 1750 648 pec-

201 671 334 725 candi
358 668 662 723 conditione
681 667 881 732 securi,
906 665 1001 737 qui
1027 665 1196 719 etiam
1228 665 1746 736 divinamgratiam,

200 758 480 815 custodiunt
528 757 588 811 in
640 761 974 828 perpetuum
1031 754 1298 809 bonitatis
1353 755 1634 815 alfectum,
1693 760 1752 808 et

201 849 426 920 quoniam
463 846 707 900 ostendit
735 862 835 916 per
861 845 958 898 illa
989 861 1112 916 quae
1141 861 1242 914 per
1271 845 1558 898 Chrictum
1605 844 1750 898 facta

201 945 320 1002 sunt,
349 942 401 992 et
426 954 458 990 a
485 935 620 1005 legis
644 933 1062 989 conversatione
1111 949 1212 987 nos
1252 949 1476 987 securos
1504 933 1749 999 effectos,

196 1025 361 1096 adjicit
387 1044 398 1077 :

254 1115 532 1182 Nemoergo
543 1130 631 1167 vos
631 1115 844 1182 judice!
857 1116 918 1166 in
937 1114 1052 1166 cibo
1064 1115 1164 1165 aut
1176 1114 1238 1164 in
1258 1116 1390 1178 potu
1410 1114 1587 1164 autin
1595 1117 1754 1180 parte

197 1207 288 1257 diei
317 1205 449 1269 festi,
470 1209 572 1256 aut
601 1203 898 1263 neomeniz
921 1205 1018 1254 aut
1049 1200 1436 1264 Sabbatorum,
1470 1217 1588 1268 quae
1623 1206 1756 1254 sunt

201 1293 366 1346 umbra
391 1293 742 1358 futurorum,
773 1306 964 1358 corpus
995 1294 1180 1342 autem
1211 1289 1438 1342 Christi.
1469 1289 1538 1344 Et
1565 1294 1756 1343 osten-

195 1382 308 1434 dens
324 1379 722 1434 observationis
760 1379 963 1432 horum
993 1377 1368 1432 differentiam
1401 1377 1668 1434 adversus
1694 1377 1758 1432 il-

195 1470 286 1522 lam
311 1467 781 1522 conversationem
812 1484 933 1537 quae
962 1467 1269 1520 secundum
1321 1465 1608 1520 Christum
1649 1473 1752 1532 est,

193 1574 293 1628 quae
311 1565 389 1611 est
407 1557 610 1611 umbra
627 1555 969 1620 futurorum,
993 1571 1195 1625 corpus
1222 1571 1352 1608 vero
1375 1555 1602 1619 Christi,
1626 1572 1757 1625 pro-

193 1646 454 1717 pemodum
492 1645 643 1698 nihil
682 1645 838 1698 aliud
886 1661 1007 1698 esse
1047 1643 1296 1697 ostendit
1323 1644 1758 1714 comparationis

190 1735 424 1806 exemplo,
457 1735 515 1788 in
546 1739 775 1788 tantum
806 1733 904 1786 illa
931 1733 1044 1786 illis
1075 1750 1198 1803 quae
1227 1733 1534 1786 secundum
1566 1733 1760 1786 Chris-

1830 579 1980 629 enim
2008 575 2153 643 quod
2175 590 2274 642 per
2293 578 2515 641 angelos
2526 580 2827 630 narratum
2843 580 2921 628 est
2948 579 3175 630 verbum
3196 578 3310 644 fuit
3330 580 3428 646 ﬁr-

1833 663 2110 718 mum.llli
2133 679 2266 733 ergo
2291 663 2387 733 qui
2417 663 2598 732 legem
2629 663 2910 718 custodire
2940 664 3270 732 suadebant,
3301 684 3427 738 pro-

1832 752 2115 824 ponebant
2142 753 2314 806 etiam
2343 753 2573 823 angelos
2598 752 2899 823 indignari,
2923 753 2971 808 si
3000 771 3112 810 non
3143 755 3230 810 lex
3258 757 3430 812 fuerit

1832 841 2127 906 custodita,
2142 841 2344 895 deinde
2364 846 2421 894 et
2439 841 2813 896 humilitatem
2835 843 3135 914 quamdam
3156 845 3429 901 simulan-

1832 935 1918 984 tes
1947 930 2242 984 ostendere
2263 930 2656 1001 properabant,
2683 931 2841 1003 quasi
2863 933 2960 1003 qui
2990 932 3060 987 ob
3079 933 3342 990 timorem
3357 937 3428 990 ad

1835 1018 2248 1073 observantiam
2267 1020 2406 1090 legis
2425 1025 2777 1092 contemptae.
2797 1022 3004 1088 Nolite,
3031 1023 3233 1094 inquit,
3249 1024 3432 1080 inten-

1836 1109 1968 1162 dere
1997 1108 2107 1162 illis
2137 1109 2233 1180 qui
2262 1109 2640 1164 humilitatem
2668 1111 2812 1165 hanc
2833 1113 3139 1168 ostendunt
3156 1120 3214 1168 et
3237 1114 3434 1170 volunt

1837 1197 2065 1266 angelos
2109 1214 2440 1268 proponere,
2488 1199 2727 1253 elatione
2772 1207 2965 1256 tamen
2994 1217 3162 1257 sensu
3209 1203 3295 1257 sui
3336 1203 3436 1258 illa

1839 1286 2032 1340 dicunt
2059 1303 2182 1356 qua;
2211 1303 2313 1342 nec
2341 1294 2492 1353 sunt,
2521 1294 2578 1341 et
2604 1289 2924 1354 ostendunt,
2959 1291 3092 1362 quia
3132 1307 3255 1346 non‘
3279 1293 3434 1364 juste

1839 1375 2052 1440 dicunt,
2089 1395 2114 1426 «
2150 1383 2208 1430 et
2234 1393 2347 1430 non
2370 1381 2569 1430 tenens
2597 1384 2766 1449 caput
2795 1395 2859 1432 ex
2899 1396 3009 1450 quo
3037 1396 3204 1434 omne
3231 1397 3435 1454 corpus

1839 1481 1940 1535 per
1961 1481 2135 1519 nexus
2151 1470 2208 1518 et
2225 1481 2505 1520 connexus
2525 1465 3013 1522 subministratum
3037 1475 3096 1523 et
3113 1474 3436 1542 coaptatum

1839 1553 2038 1607 crescit
2063 1554 2470 1609 incrementum
2500 1555 2622 1620 Dei,
2659 1576 2686 1608 ι)
2726 1573 2855 1610 cum
2899 1559 3191 1613 conveniat
3215 1577 3312 1614 vos
3341 1560 3440 1614 illa

1841 1643 2062 1708 sectari,
2105 1661 2228 1714 quae
2275 1643 2482 1698 Christi
2525 1651 2676 1710 sunt,
2715 1645 2773 1699 in
2802 1647 2962 1716 cujus
2993 1648 3252 1702 effectum
3281 1665 3438 1704 com-

1843 1748 2011 1786 mune
2041 1749 2242 1803 corpus
2260 1734 2598 1798 continetur,
2623 1736 2928 1790 secundum
2956 1737 3440 1793 subministratam

193 1805 466 1878 smmisunt
489 1823 766 1877 inferiora
793 1839 915 1876 esse
944 1821 1102 1886 dixit,
1127 1821 1187 1875 in
1213 1828 1487 1892 quantum
1505 1839 1539 1876 a
1566 1839 1758 1893 corpo-
1775 1805 1822 1872 Β
1843 1820 1952 1874 illis
1982 1821 2136 1875 illam
2179 1821 2442 1892 gratiam,
2484 1823 2620 1877 illud
2657 1825 2754 1894 qui
2795 1826 3104 1880 secundum
3132 1827 3312 1882 Deum
3355 1834 3442 1883 est

193 1929 236 1965 ne
258 1912 519 1966 inﬁrmior
570 1917 659 1965 est
701 1911 920 1965 umbra.
953 1911 1170 1980 Corpus
1216 1910 1478 1980 equidem
1515 1917 1601 1964 est
1627 1911 1762 1964 sub-

191 2003 382 2066 stantia,
405 2001 615 2056 umbra
635 2017 766 2055 vero
796 2000 1146 2054 solummodo
1175 2000 1318 2054 solet
1335 2016 1636 2070 apparere;
1665 2001 1764 2054 sed

190 2101 235 2144 et
255 2090 364 2161 ipsa
390 2089 600 2144 umbra
625 2090 674 2143 si
705 2106 817 2143 non
839 2105 1039 2160 corpus
1059 2087 1248 2155 fuerit,
1267 2105 1541 2160 apparere
1556 2105 1764 2159 nequa-

190 2196 330 2249 quam
348 2179 582 2250 poterit.
607 2179 754 2232 Nam
766 2185 832 2232 ut
853 2179 953 2232 fiat
983 2177 1201 2244 umbra,
1216 2184 1318 2232 aut
1346 2177 1622 2244 videatur,
1637 2195 1761 2232 cor-

191 2285 274 2338 pus
297 2268 348 2323 id
370 2269 512 2323 solet
547 2273 820 2340 praestare
845 2287 858 2334 ;
891 2267 1084 2322 omnia
1111 2283 1243 2337 ergo
1272 2283 1396 2338 quae
1416 2267 1475 2321 in
1498 2268 1760 2338 praesenti

189 2363 313 2422 sunt,
343 2365 398 2412 et
437 2359 652 2412 horum
689 2356 1043 2411 observantia
1070 2355 1272 2410 umbra
1304 2362 1457 2421 sunt,
1490 2357 1538 2410 si
1567 2358 1639 2410 ad
1665 2357 1764 2410 illa

190 2463 290 2518 quae
331 2447 538 2502 Christi
582 2452 716 2500 sunt
760 2451 1176 2517 comparentur,
1210 2445 1478 2516 quoniam
1515 2445 1613 2499 illa
1639 2463 1764 2517 quae

1844 1915 2031 1980 potest
2044 1910 2226 1964 facere
2263 1911 2697 1966 incrementum.
2714 1913 2783 1967 Et
2797 1913 2928 1968 dein
2949 1914 3019 1968 ab
3048 1915 3158 1972 illis
3185 1917 3281 1988 qui
3309 1923 3441 1972 ante

1846 2005 2007 2052 erant
2025 2005 2248 2054 ostensa
2265 2000 2448 2054 facere
2469 2007 2734 2072 properat
2743 2002 3211 2059 exhortationem.
3225 2006 3290 2061 Si
3317 2023 3443 2074 ergo

1845 2092 2059 2143 mortui
2087 2093 2210 2143 estis
2237 2106 2363 2143 cum
2395 2091 2609 2145 Christo
2625 2092 2695 2144 ab
2722 2095 3002 2147 elementis
3023 2095 3191 2164 hujus
3213 2097 3434 2157 mundi,

1845 2180 1944 2246 qui
1955 2179 2138 2232 adhuc
2153 2183 2423 2247 tanquam
2439 2181 2675 2233 viventes
2695 2183 2756 2234 in
2774 2183 2983 2235 mundo
3004 2184 3318 2248 decernitis,
3345 2199 3441 2238 ne-

1843 2282 1944 2335 que
1967 2269 2256 2334 tetigeritis
2279 2273 2302 2320 P
2323 2267 2502 2336 Neque
2525 2271 2899 2336 gustaveritis,
2931 2286 3102 2338 neque
3139 2277 3442 2326 contreeta-

1844 2357 2052 2408 veritis.
2089 2355 2146 2409 Si
2182 2371 2317 2426 ergo
2347 2356 2427 2410 sic
2451 2355 2697 2410 instituti
2728 2357 2881 2424 estis,
2913 2358 3073 2428 quasi
3103 2359 3200 2430 qui
3236 2359 3356 2430 jam
3385 2365 3444 2416 et

1843 2444 2180 2498 commortui
2196 2445 2331 2498 estis
2351 2445 2592 2510 Christo,
2637 2451 2693 2498 et
2722 2435 3168 2514 consurrexistis,
3201 2453 3259 2503 et
3287 2454 3446 2504 extra

187 2535 362 2590 Christi
381 2535 786 2591 suntstabilita
802 2540 952 2599 sunt,
972 2536 1144 2588 ﬁnem
1162 2535 1380 2588 nullum
1401 2535 1760 2600 sustinentes,
1846 2538 2056 2587 statum
2099 2532 2262 2588 istius
2306 2534 2434 2588 vitae
2465 2534 2599 2588 estis
2627 2535 2826 2600 effecti,
2861 2536 2967 2590 hoc
3002 2536 3153 2591 enim
3200 2537 3337 2593 dicit
3377 2537 3447 2594 ab

187 2641 240 2678 eo
263 2626 395 2696 quod
422 2625 784 2679 immortales
813 2629 872 2678 et
892 2623 1202 2694 incorrupti
1244 2631 1374 2694 post
1401 2623 1764 2678 resurrectio-
1847 2622 2141 2676 elementis
2165 2623 2360 2677 mundi
2389 2623 2579 2694 hujus,
2617 2640 2726 2694 qua
2769 2625 2985 2679 ratione
3030 2627 3190 2696 quasi
3215 2627 3274 2681 in
3304 2645 3448 2699 prae-

188 2729 292 2767 nem
307 2714 656 2780 efﬁciemur;
684 2714 783 2767 illa
800 2730 931 2768 vero
947 2729 1072 2784 quae
1089 2713 1228 2783 legis
1240 2719 1391 2778 sunt,
1407 2713 1463 2768 in
1483 2729 1768 2783 compara-
1848 2711 1993 2764 senti
2013 2711 2128 2766 vita
2140 2718 2531 2767 conversantes
2549 2712 2808 2784 patimini
2828 2713 2954 2768 illos
2988 2715 3084 2786 qui
3115 2716 3267 2786 leges
3294 2717 3450 2772 vobis

186 2803 310 2857 tione
348 2805 681 2859 futurorum
721 2807 1001 2874 tanquam
1056 2801 1260 2856 umbra
1305 2807 1438 2856 sunt
1467 2802 1671 2872 aliqua,
1702 2818 1768 2855 eo
1851 2805 2109 2854 statuunt
2135 2806 2193 2854 et
2221 2800 2433 2866 dicunt,
2456 2801 2561 2855 hoc
2581 2802 2877 2870 manduca,
2919 2804 3023 2858 hoc
3046 2805 3162 2858 noli
3193 2810 3446 2878 tangere,

185 2893 306 2961 quod
336 2893 388 2947 in
414 2899 766 2965 praesentem
793 2891 964 2946 vitam
991 2896 1202 2945 statum
1235 2907 1400 2945 suum
1424 2897 1646 2944 tantum
1670 2890 1771 2944 ob-
1855 2895 1913 2942 et
1938 2889 2051 2942 alia
2079 2906 2204 2960 quae
2232 2890 2555 2960 hujusmodi
2584 2891 2762 2946 sunt?
2791 2898 2848 2946 et
2871 2908 3114 2964 arguens
3142 2895 3451 2952 vanitatem

189 2979 360 3036 tinent.
373 2983 520 3036 Nam
547 2997 683 3035 esca
708 2987 767 3034 et
793 2986 958 3052 potus
984 2986 1042 3034 et
1068 2979 1341 3034 festivitas
1372 2986 1429 3032 et
1451 2979 1765 3044 neomenia,
1853 2977 2177 3032 traditionis
2199 2995 2414 3044 eorum,
2445 2979 2526 3033 ait
2555 2999 2566 3032 :
2603 2982 2730 3048 Quae
2757 2987 2890 3035 sunt
2909 2986 3098 3037 omnia
3121 2987 3184 3038 in
3213 2987 3452 3040 interitu

189 3077 234 3122 et
253 3069 581 3136 Sabbatum,
610 3070 682 3124 ad
711 3069 992 3123 modicum
1019 3075 1242 3139 tempus
1270 3067 1612 3122 custoditum
1639 3084 1770 3138 per-
1851 3068 1967 3134 ipso
1995 3083 2101 3120 usu
2121 3069 2422 3122 secundum
2444 3069 2711 3122 mandata
2740 3075 2790 3124 et
2819 3071 3102 3125 doctrinas
3131 3074 3446 3128 hominum.

190 3160 378 3225 transit,
398 3178 464 3214 eo
493 3159 657 3231 quod
701 3159 782 3212 illi
814 3159 908 3230 qui
931 3159 1104 3212 semel
1131 3157 1340 3210 mortui
1365 3163 1498 3210 sunt
1531 3157 1766 3210 ulterius
1787 3165 1830 3224 ο
1851 3154 2104 3218 Quorum
2129 3155 2275 3222 ﬁnis,
2295 3156 2498 3226 inquit,
2518 3158 2836 3228 corruptela
2863 3164 2970 3225 est,
3000 3165 3057 3214 et
3073 3160 3332 3233 digestio,
3348 3163 3456 3218 hoc

191 3245 274 3300 hac
295 3266 400 3302 non
429 3248 702 3318 indigent
729 3247 1100 3301 observantia.
1134 3246 1344 3300 Christi
1387 3262 1516 3299 vero
1545 3245 1773 3300 donatio

193 3336 269 3389 ubi
288 3339 453 3392 semel
497 3337 746 3408 ceperit
771 3343 965 3390 manet
1003 3334 1326 3398 immobilis,
1359 3335 1572 3388 nullam
1601 3334 1774 3388 verti-

193 3423 432 3480 bilitatem
457 3442 722 3496 unquam
744 3425 1057 3491 sustinens;
1082 3424 1230 3494 quod
1251 3423 1400 3477 enim
1415 3423 1554 3478 dixit
1574 3426 1774 3477 umbra

191 3516 513 3580 futurorum,
541 3516 656 3569 hoc
672 3515 811 3568 dicit
828 3514 1094 3585 quoniam
1115 3513 1173 3566 in
1195 3513 1612 3584 comparatione
1631 3513 1778 3567 futu-

191 3618 352 3658 rorum
382 3605 610 3658 umbrae
638 3609 774 3657 sunt
801 3603 912 3656 ista
940 3602 1149 3668 omnia,
1182 3602 1333 3656 unde
1362 3602 1433 3655 ad
1453 3602 1776 3672 signiﬁcan-

191 3693 304 3748 tiam
330 3694 552 3748 umbrae
604 3709 807 3764 corpus
853 3691 1075 3762 adjecit,
1111 3693 1216 3745 hoc
1251 3691 1462 3753 dicens,
1509 3691 1776 3761 quoniam

191 3783 314 3853 apud
340 3784 640 3838 Christum
657 3781 864 3836 veritas
893 3787 978 3834 est
997 3786 1326 3852 perpetuam
1349 3780 1520 3833 vitam
1542 3779 1772 3833 habens.

192 3872 352 3940 (Αυς.)
375 3874 524 3927 Cum
561 3871 704 3924 dicit
732 3887 898 3924 nemo
922 3887 1016 3923 vos
1031 3871 1090 3924 in
1111 3870 1252 3924 escis
1265 3869 1499 3940 judicet,
1531 3869 1780 3923 declarat

194 3959 304 4028 quia
325 3977 434 4017 non
465 3963 550 4016 sit
581 3976 809 4013 necesse
839 3964 902 4014 ut
922 3959 1042 4028 jam
1076 3957 1442 4012 observentur
1466 3957 1614 4024 haec;
1650 3973 1777 4011 cum

191 4057 353 4104 autem
401 4051 567 4114 dicit,
605 4049 737 4119 quia
789 4055 876 4102 est
925 4047 1122 4102 umbra
1159 4047 1498 4107 futurorum,
1533 4046 1780 4100 ostendit

193 4152 336 4206 quam
361 4137 692 4210 oportuerit
725 4143 792 4191 ut
810 4136 906 4190 illo
926 4143 1180 4208 tempore
1199 4136 1648 4201 observarentur,
1669 4151 1779 4206 quo

188 4225 277 4281 ista
301 4245 422 4300 quae
465 4226 636 4283 nobis
673 4228 793 4297 jam
839 4227 1136 4280 manifesta
1165 4226 1463 4280 eluxerunt
1508 4241 1610 4296 per
1635 4225 1778 4278 tales

191 4315 364 4371 umbra
381 4319 710 4389 ﬁgurarum
735 4315 929 4370 futura
951 4314 1415 4386 praedicebantur.

245 4407 401 4460 Nemo
425 4424 522 4462 vos
545 4406 774 4459 seducat
794 4407 978 4458 volens
999 4408 1065 4458 in
1091 4405 1408 4458 humilitate
1433 4408 1484 4456 et
1509 4405 1775 4471 religione

1855 3243 2007 3297 enim
2037 3245 2180 3298 solet
2201 3245 2323 3298 ﬁeri
2353 3245 2410 3298 in
2430 3245 2690 3300 omnibus
2703 3247 2868 3302 escis:
2896 3248 2984 3302 hae
3009 3255 3143 3304 sunt
3161 3251 3457 3308 hominum

1853 3332 2206 3400 traditiones,
2238 3335 2383 3388 sicut
2399 3335 2524 3388 etin
2552 3335 2936 3406 superioribus
2965 3338 3123 3405 dixit,
3146 3357 3260 3395 non
3286 3342 3456 3413 legis-

1857 3421 2125 3476 lationem
2153 3423 2290 3477 dicit
2318 3423 2584 3477 mandata
2611 3430 2670 3478 et
2696 3425 2981 3480 doctrinas
3009 3428 3321 3484 hominum.
3352 3431 3457 3488 Sed

1858 3529 1976 3580 qua
2003 3517 2135 3565 sunt
2153 3515 2429 3566 rationem
2449 3515 2670 3581 quidem
2693 3515 2952 3568 habentia
2979 3519 3263 3584 sapientia:
3277 3522 3340 3574 in
3359 3537 3456 3574 su-

1853 3603 2175 3669 perstitione
2205 3606 2252 3654 et
2283 3602 2602 3654 humilitate
2634 3608 2682 3656 et
2710 3605 2784 3656 ad
2814 3620 2925 3656 non
2960 3609 3301 3672 parcendum
3331 3625 3454 3662 cor-

1855 3692 1984 3758 pori
2008 3706 2118 3742 non
2133 3692 2192 3743 in
2219 3692 2424 3743 honore
2439 3693 2630 3757 aliquo
2659 3693 2732 3744 ad
2750 3695 3104 3747 saturitatem
3124 3698 3332 3749 carnis.
3348 3696 3458 3750 0b-

1859 3795 2018 3832 scure
2031 3778 2256 3849 quidem
2268 3785 2354 3832 est
2364 3777 2576 3832 dictum
2595 3799 2610 3832 :
2627 3779 2747 3832 vult
2761 3785 2949 3834 autem
2963 3780 3167 3847 dicere,
3189 3783 3456 3854 quoniam

1859 3873 1924 3920 ut
1952 3867 2069 3920 haec
2117 3867 2418 3920 tradantur
2463 3867 2721 3920 videntur
2759 3867 2986 3938 quidem
3034 3871 3182 3940 quod
3211 3872 3458 3944 aliquam

1859 3956 2235 4010 ostensionem
2257 3955 2503 4010 scientiae
2523 3955 2812 4011 doctorum
2829 3956 3090 4023 habeant,
3107 3966 3164 4013 et
3177 3962 3337 4031 quasi
3360 3962 3458 4033 qui

1860 4045 2234 4098 humilitatem
2266 4045 2438 4098 velint
2459 4046 2685 4100 studere
2709 4063 2804 4100 eos
2833 4047 2929 4118 qui
2949 4063 3084 4119 erga
3096 4049 3236 4103 talia
3252 4067 3458 4122 Oppor-

1860 4139 1997 4188 tune
2046 4133 2273 4188 habent.
2320 4134 2581 4188 Ostendit
2617 4152 2747 4189 vero
2777 4136 2937 4207 quasi
2971 4137 3106 4208 quia
3151 4144 3210 4194 et
3236 4142 3457 4212 corpori

1859 4239 1960 4277 suo
1991 4239 2218 4294 parcere
2247 4223 2444 4290 nolint,
2483 4229 2546 4278 et
2570 4224 2710 4280 nihil
2740 4225 2968 4281 honoris
3007 4227 3243 4299 dignum
3270 4229 3460 4285 existi-

1859 4319 2034 4378 ment,
2068 4318 2132 4367 ut
2177 4329 2245 4367 ex
2289 4313 2548 4368 omnibus
2589 4315 2846 4385 repleant
2889 4331 3108 4386 corpus,
3149 4318 3247 4372 sed
3275 4319 3458 4390 magis

1856 4401 2207 4456 continentes
2225 4419 2260 4456 a
2287 4403 2479 4456 multis
2508 4409 2738 4474 propter
2764 4404 2904 4474 legis
2923 4405 3304 4460 traditionem.
3325 4408 3456 4464 Haec

189 4498 494 4560 angelorum
530 4511 656 4564 qua
679 4510 792 4548 non
805 4495 946 4548 vidit
959 4495 1276 4558 ambulans,
1297 4494 1515 4559 frustra
1545 4494 1840 4574 inﬂatusD
1857 4495 2048 4545 autem
2075 4490 2297 4545 dicebat
2323 4509 2389 4546 eo
2417 4493 2565 4562 quod
2591 4508 2797 4562 magna
2839 4492 3133 4563 sepiebant
3157 4493 3240 4547 illi
3285 4512 3458 4568 super

189 4597 324 4637 sensu
352 4587 554 4640 carnis
597 4598 728 4647 sua,
761 4587 809 4636 et
859 4598 972 4636 non
1011 4587 1196 4635 tenens
1232 4585 1414 4649 caput,
1448 4598 1512 4634 ea:
1540 4597 1645 4650 quo
1694 4585 1774 4634 to-
1857 4579 2217 4646 abstinentia,
2238 4586 2296 4634 et
2321 4581 2479 4650 quasi
2510 4580 2606 4651 qui
2636 4585 2866 4650 propter
2885 4581 3066 4650 legem
3095 4598 3250 4637 escas
3279 4583 3452 4640 etiam

193 4675 286 4725 tum
299 4689 493 4742 corpus
501 4688 609 4742 per
623 4687 798 4725 nemus
807 4677 855 4725 et
866 4674 1276 4740 coniunctiones
1285 4672 1776 4724 subministratum
1857 4674 2219 4723 contemnant
2235 4687 2246 4736 ;
2269 4669 2330 4722 in
2350 4668 2818 4740 subsequentibus
2838 4669 3028 4740 arguit
3044 4672 3258 4743 negotii
3277 4672 3452 4745 ipsius

189 4763 617 4816 “constructum
648 4762 838 4814 crescit
859 4762 923 4813 in
944 4764 1307 4827 augmentum
1328 4761 1442 4814 Dei.
1457 4759 1520 4813 In
1549 4759 1638 4812 his
1656 4774 1774 4812 ver-
1855 4757 2359 4812 miserabilitatem.
2389 4758 2590 4828 (Greg.)
2639 4757 2764 4821 Qua
2807 4757 2866 4812 in
2915 4775 2976 4814 re
3004 4761 3314 4817 notandum
3343 4769 3447 4832 est,

189 4844 255 4900 bis
277 4850 604 4904 adhibenda
629 4854 718 4903 est
748 4849 1005 4919 quaedam
1034 4847 1417 4919 pronuntiatio
1445 4848 1504 4901 in
1531 4848 1687 4902 vultu
1716 4852 1774 4900 et
1855 4847 2003 4918 quod
2033 4847 2090 4900 in
2121 4846 2500 4917 disputatione
2540 4862 2644 4900 sua
2689 4847 3021 4917 praedicator
3055 4852 3316 4923 egregius
3351 4871 3449 4908 su-

189 4933 234 4988 in
257 4939 413 4994 modo
443 4939 621 4994 vocis.
657 4939 766 4992 Per
795 4937 1114 5024 irrisionem
1145 4936 1352 5008 quippe
1393 4936 1560 4990 verba
1585 4936 1775 5007 posuit
1852 4935 2170 5006 perstitioni
2208 4935 2544 4989 humilitatis
2587 4935 2831 5006 speciem
2871 4937 3064 5008 jungit
3095 4959 3107 4993 :
3151 4941 3285 5012 quia
3314 4943 3448 4997 dum

191 5039 376 5093 eorum,
413 5028 518 5099 qui
550 5027 750 5081 dicunt
778 5045 789 5080 :
819 5043 890 5080 ne
920 5026 1192 5096 tetigeris,
1226 5042 1408 5096 neque
1432 5025 1764 5094 gustaveris,

192 5127 292 5168 cum
305 5117 418 5171 sint
434 5117 634 5171 omnia
661 5115 874 5170 munda
892 5115 1134 5169 mundis.
1153 5117 1214 5181 (A
1225 5117 1388 5183 mbr.)
1409 5115 1564 5168 Hanc
1582 5120 1772 5168 autem

190 5203 272 5256 alb
295 5206 526 5260 nomine
545 5205 794 5260 scientia:
814 5221 1007 5259 curam
1027 5219 1296 5257 vanarum
1319 5203 1772 5259 Observationum

192 5287 468 5366 [tangens],
492 5294 567 5348 ab
595 5295 683 5349 his
715 5294 810 5365 qui
839 5292 1153 5366 philosophi
1183 5293 1488 5364 nuncupati
1515 5299 1648 5347 sunt
1663 5297 1720 5346 et
1737 5309 1772 5346 a

186 5378 446 5445 iudaismo
476 5383 792 5439 cavendum
822 5400 944 5437 esse
966 5381 1248 5448 cernebat,
1263 5381 1359 5436 ubi
1379 5388 1542 5436 erant
1559 5381 1770 5436 umbrae

189 5464 484 5526 futurorum
505 5473 856 5528 removendis
875 5491 887 5537 ;
906 5472 1040 5542 quia
1053 5472 1175 5542 jam
1195 5472 1387 5525 lumen
1400 5488 1597 5525 earum
1613 5471 1772 5525 Chri-

189 5561 622 5628 Itusadvenerat,
637 5579 704 5616 eo
718 5561 870 5632 quod
885 5578 987 5632 per
996 5561 1226 5632 angelos
1239 5561 1325 5614 lex
1338 5561 1459 5615 dice
1465 5560 1628 5614 batur
1638 5560 1772 5614 data

191 5659 306 5715 use,
335 5650 509 5722 quasi
538 5649 989 5707 ministrantibus
1014 5649 1126 5705 illis
1171 5666 1239 5706 eo
1265 5655 1522 5723 tempore
1544 5666 1655 5723 quo
1681 5650 1770 5706 lex

1855 5025 1978 5095 plus
2008 5041 2177 5096 quam
2207 5041 2431 5078 necesse
2473 5029 2560 5078 est
2588 5041 2690 5095 per
2716 5025 3114 5082 abstinentiam
3141 5045 3271 5084 caro
3301 5037 3448 5085 atte-

1854 5114 1999 5167 ritur
2023 5113 2312 5168 humilitas
2331 5114 2480 5168 foras
2508 5113 2842 5181 ostenditur,
2859 5117 2956 5170 sed
2975 5117 3045 5170 de
3069 5117 3174 5170 hac
3197 5118 3320 5189 ipsa
3339 5120 3446 5175 hu-

1855 5203 2094 5257 militate
2121 5202 2367 5273 graviter
2407 5203 2644 5258 interius
2673 5203 3014 5276 superbitur,
3039 5211 3096 5259 et
3139 5205 3248 5261 nisi
3287 5225 3448 5266 mens

1853 5291 2153 5362 aliquando
2181 5292 2511 5363 plerumque
2539 5310 2605 5348 ex
2633 5293 2986 5348 abstinentiae
3015 5293 3222 5350 virtute
3260 5302 3446 5355 tume-

1853 5387 2051 5446 sceret,
2082 5374 2437 5451 nequaquam
2467 5382 2612 5436 hanc
2639 5383 2791 5446 velut
2811 5382 2960 5436 inter
2986 5399 3192 5454 magna
3220 5388 3444 5456 merita,

1851 5470 2166 5525 Pharisaeus
2213 5486 2483 5541 arrogans
2527 5471 2775 5526 studiose
2819 5479 3177 5529 enumeraret
3203 5474 3394 5532 dicens
3427 5496 3441 5530 :

1850 5563 2048 5630 Jejuno
2097 5561 2176 5613 bis
2212 5562 2277 5613 in
2299 5561 2520 5615 sabbato
2538 5561 2688 5632 (Luc.
2715 5565 2884 5628 xvm).
2909 5561 3114 5633 [Hier.]
3131 5563 3276 5618 Illud
3297 5565 3448 5636 quod

1851 5648 2048 5704 crebro
2074 5647 2336 5716 diximus,
2367 5654 2417 5705 et
2443 5652 2494 5704 si
2520 5652 2814 5722 imperitus
2841 5667 3090 5708 sermone
3117 5667 3232 5708 non
3260 5658 3447 5708 tamen
