3892 6158
419 232 518 289 527

1000 233 1064 287 Β.
1104 231 1377 289 RABANI
1423 230 1655 289 MAURI
1692 229 2031 287 ARCHIEP.
2073 230 2399 295 MOGUNT.
2442 235 2743 292 OPERUM
2777 234 2965 289 PARS
3000 235 3100 290 III.

3418 226 3427 235 '
3539 242 3627 302 528

413 361 647 413 scientia
678 359 755 426 (II
776 358 898 412 Cor.
917 362 1010 425 XI),
1024 372 1381 428 nequaquam
1410 357 1648 412 Paulum
1677 357 1746 411 de
1773 355 2069 416 humili-A
2088 358 2401 423 Quaerimus
2420 361 2557 432 quid
2574 361 2761 415 dicere
2779 359 3025 414 voluerit
3041 359 3099 414 in
3118 360 3416 418 humilitate
3441 372 3494 419 et
3515 367 3631 421 reli-

413 452 532 503 tate
552 447 649 502 sed
669 446 738 500 de
758 445 1111 500 conscientiae
1128 445 1363 501 veritate
1377 445 1599 512 dixisse,
1614 445 1784 502 etiam
1804 446 2009 501 dixisse

413 533 808 607 approbamus.
840 533 1157 611 Profundos
1189 533 1337 589 enim
1370 539 1429 589 et
1467 533 1783 591 reconditos
1810 551 2008 590 sensus

411 623 606 696 lingua
627 639 741 678 non
765 622 1022 694 explicat,
1055 627 1112 678 et
1155 639 1284 681 cum
1312 622 1432 694 ipse
1460 623 1686 690 sentiat,
1719 623 1854 695 quia
1876 640 2007 679 cum

411 729 522 785 quo
540 713 806 785 loquatur
818 711 879 767 in
898 711 1110 767 alienas
1129 728 1296 769 aures
1314 728 1456 784 puro
1484 728 1600 766 non
1625 718 1811 784 potest
1828 718 2009 766 trans-

409 801 557 856 ferre
573 817 854 868 sermone,
873 817 1041 873 quem
1058 817 1186 856 cum
1206 801 1575 856 invemacula
1596 800 1791 871 lingua
1807 800 2009 856 debeat

408 890 860 955 disertissimum,
896 890 1102 962 quippe
1132 895 1198 944 ut
1224 888 1494 946 Hebraeus
1529 905 1596 944 ex
1641 889 1908 957 Hebraeis,
1950 893 2010 944 et

411 979 667 1035 eruditus
682 979 755 1034 ad
766 979 936 1052 pedes
955 978 1280 1035 Gamalielis
1293 978 1397 1033 viri
1412 979 1537 1049 lege
1547 977 1855 1035 doctissimi
1867 979 1928 1048 (A
1934 985 2002 1037 ct.

410 1072 528 1139 xn),
570 1073 629 1123 et
663 1068 851 1141 ipsum
880 1067 1241 1141 interpretari
1284 1067 1515 1139 cupiens
1560 1067 1878 1135 involvitur,
1918 1069 2008 1125 sin

410 1162 602 1214 autem
629 1157 690 1213 in
718 1158 914 1215 Graeca
938 1157 1134 1228 lingua
1158 1156 1265 1211 hoc
1293 1155 1345 1210 ei
1373 1155 1604 1223 accedit,
1623 1173 1794 1227 quam
1823 1157 2007 1213 nutri-

411 1252 504 1303 tus
531 1247 593 1302 in
619 1247 849 1318 Tharsos
864 1245 1071 1302 Cilicia
1095 1261 1132 1301 a
1152 1261 1326 1317 parva
1350 1249 1515 1301 aetate
1532 1244 1852 1314 imbiberat,
1871 1246 2007 1318 quid

411 1335 483 1391 de
499 1335 693 1392 latinis
721 1334 1021 1391 dicendum
1054 1340 1158 1401 est,
1173 1333 1270 1406 qui
1289 1333 1521 1391 verbum
1549 1333 1619 1388 de
1642 1333 1810 1389 verbo
1828 1335 2007 1407 expri-

411 1441 567 1481 mere
602 1429 871 1480 conantes
894 1423 1245 1479 obscuriores
1274 1422 1486 1479 faciunt
1513 1423 1636 1494 ejus
1660 1423 1967 1479 sententias
1984 1426 2010 1479 ?

410 1514 592 1570 Nemo
621 1531 755 1585 ergo
777 1530 873 1568 vos
890 1517 1121 1585 superet
1139 1516 1310 1584 atque
1329 1511 1590 1567 devincat
1617 1512 1808 1568 volens
1827 1513 2010 1569 humi-

409 1602 632 1659 litatem
657 1602 860 1659 litterae
878 1602 1038 1674 sequi
1057 1606 1115 1656 et
1140 1602 1473 1674 angelorum
1496 1600 1825 1672 religionem
1839 1608 2008 1675 atque

2089 447 2258 518 gione
2276 450 2608 520 angelorum
2626 450 2652 502 ?
2681 454 2783 504 aut
2809 465 2979 520 quem
3007 465 3229 504 sensum
3262 449 3422 506 habet
3456 469 3516 507 ex
3541 471 3634 525 quo

2091 537 2363 594 Dominus
2378 539 2600 594 locutus
2614 543 2702 593 est
2711 538 2782 593 ad
2803 537 3108 609 discipulos
3126 557 3138 591 :
3172 538 3399 608 Surgite,
3409 543 3636 597 abeamus

2089 625 2221 680 hinc
2233 631 2316 681 ρει
2329 629 2680 698 relinquetur
2692 629 2844 685 vobis
2854 628 3047 680 domus
3056 633 3232 681 vestra
3241 629 3437 683 deserta
3454 631 3636 695 (Matth.

2089 718 2266 782 xxm),
2281 720 2340 770 et
2356 710 2512 771 Iocus
2530 715 2589 771 in
2605 732 2716 788 quo
2729 715 3023 771 cruciﬁxus
3038 721 3124 770 est
3135 716 3395 772 Dominus
3407 717 3639 790 spiritali-

2088 806 2177 858 ter
2194 803 2467 876 Egyptus
2485 804 2898 876 appellaturvel
2920 804 3179 859 Sodoma.
3205 804 3396 859 Omnis
3413 805 3643 861 Iudaica-

2088 906 2217 945 rum
2229 891 2682 946 observationum
2693 876 2915 947 cultura
2927 891 3208 947 destructa
3217 898 3375 954 est.et
3387 885 3659 965 quascum-u

2089 994 2198 1050 que
2211 979 2456 1034 offerunt
2469 978 2744 1047 victimas,
2772 996 2886 1035 non
2909 979 3026 1034 Deo
3054 980 3315 1048 offerunt,
3333 982 3430 1037 sed
3461 983 3650 1054 angelis

2088 1067 2299 1140 refugis
2338 1072 2397 1123 et
2438 1068 2730 1140 spiritibus
2759 1069 3098 1137 immundis;
3129 1085 3232 1125 nec
3253 1070 3470 1138 mirum,
3490 1071 3534 1126 si
3559 1071 3648 1126 hoc

2087 1161 2216 1228 post
2233 1155 2552 1229 passionem
2570 1157 2794 1213 Domini
2813 1157 3044 1225 faciunt,
3059 1173 3187 1214 cum
3215 1174 3313 1230 per
3341 1160 3505 1214 Amos
3528 1175 3649 1231 quo-

2088 1261 2198 1316 que
2214 1245 2550 1318 prophetam
2577 1245 2800 1303 dicatur
2839 1247 2913 1318 ad
2941 1263 3074 1302 eos:
3112 1247 3380 1318 Nunquid
3401 1248 3586 1303 hostias
3609 1253 3650 1302 et

2087 1336 2339 1390 victimas
2354 1337 2631 1391 obtulistis
2659 1337 2804 1390 mihi
2817 1338 3199 1406 quadraginta
3217 1339 3385 1391 annis
3398 1339 3459 1391 in
3476 1338 3656 1392 deserto

2089 1424 2283 1478 domus
2295 1425 2468 1479 Israel
2481 1427 2914 1494 etassumpsistis
2943 1426 3367 1480 tabernaculum
3392 1425 3598 1491 Moloch,
3613 1429 3655 1479 et

2089 1513 2244 1566 sidus
2261 1515 2355 1568 Dei
2366 1516 2539 1570 uestri
2552 1514 2870 1584 Rempham,
2889 1515 3106 1582 ﬁguras
3125 1530 3245 1584 qua:
3251 1515 3449 1582 fecistis
3472 1519 3528 1567 ut
3548 1515 3658 1568 ado-

2089 1603 2224 1656 retis
2238 1618 2326 1656 eas
2339 1608 2363 1656 ?
2391 1601 2452 1665 (Α
2460 1619 2592 1657 mos.
2615 1609 2691 1669 v.)
2713 1603 2873 1667 Quod
2891 1602 3115 1674 plenius
3134 1602 3196 1657 in
3223 1602 3659 1659 contentionem-

411 1692 693 1748 culturam
716 1709 734 1746 τ
763 1697 830 1747 ut
869 1708 984 1746 non
1011 1690 1266 1746 serviatis
1314 1689 1555 1762 spiritali
1602 1688 2005 1762 intelligentiae,
2022 1699 2071 1760 Β
2087 1689 2248 1745 daica
2274 1691 2594 1762 Stephanus
2611 1697 2830 1763 martyr
2846 1707 3131 1763 exponens
3140 1697 3201 1746 et
3212 1691 3492 1746 revolvens
3510 1690 3661 1745 histo-

411 1781 512 1836 sed
532 1779 942 1853 exemplaribus
958 1779 1298 1848 futurorum,
1312 1795 1436 1850 quae
1453 1795 1558 1834 nec
1574 1778 1696 1851 ipse
1722 1779 1894 1844 videt,
1913 1783 2009 1853 qui

412 1887 510 1925 vos
535 1869 791 1942 superari
816 1868 1118 1934 desiderat,
1157 1868 1274 1924 sive
1304 1867 1473 1936 videt,
1507 1873 1813 1940 utrumque
1855 1870 2009 1926 enim

414 1957 587 2014 habet
608 1959 670 2014 in
698 1959 891 2014 Graeco
912 1976 926 2025 ;
957 1957 1270 2030 praesertim
1289 1972 1418 2012 cum
1430 1962 1658 2011 tumens
1685 1956 1937 2013 ambulet
1951 1964 2010 2014 et

408 2046 635 2104 incedat
652 2047 884 2103 inflatus
909 2047 1228 2118 mentisque
1255 2044 1522 2117 superbia
1534 2051 1594 2101 et
1618 2050 1783 2117 gestu
1811 2062 2010 2120 corpo-

407 2135 489 2193 ris
515 2136 793 2209 pmferat,
821 2136 928 2192 hoc
962 2136 1116 2192 enim
1164 2134 1446 2206 signiﬁcat
1467 2125 1774 2203 ἐμϐατεύων
1800 2136 2008 2192 frustra

409 2230 602 2282 autem
628 2226 878 2294 inﬂetur,
911 2230 970 2280 et
993 2229 1214 2283 tumeat
1247 2240 1416 2279 sensu
1442 2224 1628 2279 carnis
1667 2241 1783 2281 sua:
1809 2241 2008 2281 carna-

409 2314 542 2371 liter
561 2320 766 2372 cuncta
790 2314 1131 2386 intelligens,
1164 2318 1224 2369 et
1248 2312 1621 2369 traditionum
1646 2314 2010 2371 Judaicarum

409 2403 783 2460 deliramenta
790 2402 1141 2477 perquirens,
1154 2408 1212 2458 et
1229 2418 1343 2458 non
1355 2407 1556 2457 tenens
1569 2408 1738 2475 caput
1755 2403 2009 2459 omnium

412 2493 832 2566 Scripturarum
861 2492 1021 2558 illud,
1054 2492 1124 2546 de
1152 2508 1264 2563 quo
1289 2491 1502 2547 dictum
1527 2496 1615 2546 est
1642 2509 1658 2544 ηε
1694 2494 1871 2562 Caput
1896 2495 2013 2549 viri

413 2581 664 2636 Christus
682 2586 757 2636 est
784 2584 834 2647 (Ι
853 2582 976 2638 Cor.
1014 2580 1114 2650 x1),
1147 2585 1318 2652 caput
1353 2585 1544 2634 autem
1583 2584 1754 2652 atque
1798 2581 2009 2653 princi-

410 2669 569 2742 pium
593 2669 768 2727 totius
778 2668 1029 2740 corporis
1053 2684 1362 2740 eorumque
1377 2668 1474 2740 qui
1492 2669 1747 2737 credunt,
1760 2671 2009 2727 etomnis

407 2757 796 2830 intelligentiae
814 2756 1103 2830 spiritalis,
1135 2773 1202 2812 ex
1232 2773 1343 2828 quo
1371 2756 1554 2829 capite
1583 2774 1786 2830 corpus
1814 2757 2008 2815 Eccle-

409 2847 507 2903 siae
553 2863 656 2919 per
693 2863 826 2902 suos
871 2862 1170 2918 compages
1218 2851 1388 2918 atque
1433 2846 1749 2917 juncturas,
1779 2847 2008 2904 vitalem

409 2935 678 2992 doctrina:
696 2933 939 2990 caelestis
956 2933 1160 3006 accipit
1177 2950 1425 3003 succum,
1447 2938 1514 2988 ut
1531 2934 1723 2989 omnia
1734 2936 2008 3006 paulatim

2089 1779 2233 1835 riam
2261 1786 2511 1835 veterem
2530 1779 2612 1835 sic
2628 1779 2849 1836 locutus
2863 1786 2950 1836 est
2967 1781 3104 1849 (Act.
3125 1783 3245 1851 vn).
3268 1781 3337 1836 Et
3360 1783 3587 1836 vitulum
3597 1782 3662 1849 fe-

2089 1874 2285 1925 cerunt
2312 1871 2377 1924 in
2407 1870 2596 1925 diebus
2624 1873 2762 1935 illis,
2796 1875 2847 1924 et
2874 1871 3198 1925 obtulerunt
3225 1871 3427 1927 hostias
3453 1870 3600 1933 idolo,
3620 1873 3663 1922 et

2091 1959 2427 2013 tutabantur
2445 1961 2511 2013 in
2542 1959 2792 2028 operibus
2811 1974 3092 2013 manuum
3118 1974 3381 2014 suarum.
3395 1957 3664 2013 Conversus

2089 2051 2276 2100 autem
2301 2051 2377 2100 est
2404 2049 2546 2102 Deus
2573 2052 2621 2105 et
2655 2047 2891 2102 tradidit
2912 2063 3015 2113 eos,
3056 2051 3122 2101 ut
3161 2051 3396 2102 colerent
3423 2041 3665 2101 militiam

2090 2137 2229 2198 caeli.
2259 2137 2402 2190 sicut
2426 2138 2701 2205 scriptum
2724 2141 2802 2191 est
2830 2139 2895 2193 in
2921 2138 3067 2192 libro
3089 2137 3517 2207 prophetarum;
3536 2133 3668 2189 mili-

2090 2223 2233 2279 tiam
2258 2229 2451 2279 autem
2469 2224 2593 2279 caeli
2623 2241 2736 2280 non
2762 2229 2987 2280 tantum
3017 2225 3101 2280 sol
3132 2225 3468 2297 appellatur,
3484 2229 3540 2278 et
3554 2223 3671 2278 luna

2091 2318 2150 2367 et
2175 2317 2330 2368 astra
2356 2314 2666 2381 rutilantia,
2685 2313 2785 2369 sed
2800 2319 2859 2368 et
2878 2314 3064 2369 omnis
3093 2314 3355 2386 angelica
3367 2311 3668 2378 multitudo,

2090 2419 2398 2475 eorumque
2438 2403 2714 2459 exercitus
2770 2403 2867 2475 qui
2921 2402 3202 2459 Hebraice
3238 2403 3550 2476 appellatur
3584 2401 3673 2456 Sa-

2090 2489 2283 2558 baoth,
2305 2491 2364 2547 id
2402 2497 2506 2558 est,
2534 2491 2804 2547 virtutum
2833 2491 2950 2547 sive
2976 2493 3351 2558 exercituum,
3382 2490 3527 2547 unde
3551 2494 3606 2544 et
3625 2488 3675 2542 in

2092 2580 2392 2652 Evangelio
2414 2582 2578 2652 juxta
2591 2581 2801 2636 Lucam
2828 2581 3072 2652 legimus
3103 2599 3120 2649 ;
3154 2582 3223 2637 Et
3249 2582 3431 2636 subito
3458 2581 3598 2648 facta
3614 2581 3678 2633 est

2090 2685 2219 2724 cum
2246 2673 2440 2738 angelo
2476 2672 2778 2725 multitudo
2818 2672 3037 2725 militis
3083 2672 3316 2726 ccelestis
3346 2669 3680 2725 laudantium

2089 2759 2264 2814 Deum
2303 2763 2352 2813 et
2380 2760 2685 2815 dicentium
2716 2778 2733 2814 :
2765 2758 2956 2816 Gloria
2984 2763 3049 2813 in
3091 2761 3400 2815 altissimis
3426 2759 3530 2813 Deo
3555 2761 3602 2810 et
3628 2757 3682 2808 in

2091 2853 2242 2903 terra
2259 2864 2375 2917 pas:
2401 2848 2720 2903 hominibus
2748 2848 2898 2902 bona:
2922 2849 3238 2902 voluntatis
3268 2847 3418 2916 (Luc.
3437 2847 3493 2915 ιι)
3519 2863 3532 2912 ;
3561 2840 3680 2899 facit

2089 2935 2240 2990 enim
2265 2937 2416 2993 Deus
2449 2936 2680 3007 angelos
2708 2952 2841 2991 suos
2887 2935 3128 3007 spiritus
3156 2941 3219 2990 et
3246 2934 3538 2990 ministros
3566 2947 3684 2987 suos

407 3022 666 3080 membra
681 3028 1015 3095 vegetentur
1028 3027 1087 3079 et
1095 3039 1198 3095 per
1220 3022 1468 3079 occultos
1492 3039 1763 3079 venarum
1782 3030 2003 3080 meatus
2020 3016 2066 3078 Ο
2083 3016 2274 3096 ignem
2294 3030 2572 3092 urentem,
2604 3030 2664 3079 et
2687 3030 2753 3079 ut
2778 3024 3020 3080 sciamus
3040 3040 3278 3097 semper
3304 3041 3404 3080 eos
3430 3022 3526 3094 qui
3552 3020 3684 3076 cole-

405 3113 678 3175 fundatur
701 3113 986 3169 defecatus
1011 3111 1242 3184 sanguis
1261 3111 1534 3178 ciborum,
1557 3116 1616 3166 et
1631 3112 2002 3182 ministretur,

406 3201 744 3270 subcrescat,
766 3201 883 3258 imo
895 3207 1158 3258 teneatur
1172 3200 1548 3273 temperantia
1568 3201 1832 3273 corporis,
1854 3209 1920 3258 ut
1937 3203 2008 3258 de

405 3291 561 3348 fonte
584 3291 784 3364 capitis
820 3291 989 3363 rigati
1035 3297 1193 3346 artus
1221 3296 1476 3346 crescant
1518 3290 1578 3345 in
1607 3290 2008 3361 perfectionem

405 3380 528 3449 Dei,
558 3386 626 3437 ut
647 3380 952 3454 impleatur
981 3379 1288 3436 Salvatoris
1316 3379 1496 3434 oratio
1530 3398 1542 3434 :
1576 3381 1760 3447 Pater,
1781 3385 1918 3449 volo,
1942 3387 2007 3436 ut

405 3473 548 3526 sicut
572 3486 665 3541 ego
684 3475 734 3526 et
754 3474 817 3525 tu
834 3485 1018 3526 unum
1045 3486 1133 3523 8t"
1150 3485 1256 3534 ius,
1273 3470 1353 3523 sic
1379 3473 1429 3523 et
1449 3471 1546 3522 isti
1569 3471 1634 3523 in
1648 3469 1803 3523 nobis
1822 3485 2006 3525 unum

404 3563 520 3617 sint
553 3560 730 3632 (Joan.
745 3559 902 3627 xvn),
925 3563 991 3614 ut
1015 3563 1317 3631 postquam
1342 3573 1447 3612 nos
1467 3556 1728 3612 Christus
1751 3557 2003 3613 tradide-

405 3648 484 3705 rit
499 3648 675 3716 Patri,
704 3648 779 3704 sit
803 3650 947 3704 Deus
998 3648 1194 3702 omnia
1221 3649 1287 3702 in
1315 3646 1573 3700 omnibus
1605 3646 1812 3716 (Ibid).
1845 3646 2005 3703 Unde

404 3743 465 3796 et
489 3755 662 3812 supra
693 3737 904 3793 Paulus
931 3735 1013 3792 ait
1040 3753 1053 3789 :
1085 3735 1253 3792 Nemo
1291 3751 1381 3790 eos
1417 3735 1646 3805 iudicet,
1679 3734 1750 3789 de
1786 3735 1877 3791 his
1908 3735 2005 3807 qui

403 3828 707 3900 magistros
743 3825 888 3897 legis
914 3841 1037 3880 esse
1073 3840 1135 3879 se
1169 3825 1408 3896 jactant,
1437 3825 1504 3878 in
1541 3825 1658 3878 cibo
1685 3828 1735 3877 et
1771 3825 1835 3878 in
1865 3829 2002 3893 potu

409 3918 463 3985 (1
471 3917 596 3974 Cor.
611 3915 729 3986 xv),
745 3913 896 3986 quod
922 3913 1035 3969 alia
1054 3913 1267 3967 munda
1293 3913 1428 3977 sint,
1447 3911 1560 3969 alia
1576 3911 1891 3980 immunda,
1903 3918 2004 3971 aut

405 4003 465 4059 in
493 4008 655 4075 parte
682 4001 794 4056 diei
820 4001 970 4067 festi,
984 4005 1086 4056 aut
1103 4001 1242 4056 alios
1267 4000 1390 4056 dies
1416 3999 1588 4055 festos
1615 4005 1834 4071 putent,
1860 4001 2002 4056 alios

405 4101 522 4149 non
538 4090 729 4158 festos,
762 4089 926 4146 nobis
963 4090 1116 4144 enim
1164 4088 1261 4160 qui
1296 4089 1357 4143 in
1405 4088 1694 4144 Christum
1719 4089 2002 4147 credimus

400 4184 794 4252 resurgentem
808 4178 966 4253 jugis
992 4183 1051 4233 et
1066 4182 1280 4233 aeterna
1305 4177 1619 4232 festivitatis
1638 4182 1743 4244 est,
1775 4184 1875 4233 aut
1894 4179 2003 4234 Καρ

404 4270 703 4327 lendarum
730 4273 790 4325 et
827 4267 1035 4323 mensis
1060 4266 1223 4345 novi,‘
1250 4265 1474 4339 quando
1512 4265 1839 4322 decrescens
1864 4267 2001 4323 luna

2087 3112 2226 3169 bant
2264 3112 2431 3180 idola,
2472 3113 2603 3169 licet
2653 3113 2716 3169 in
2741 3113 2952 3185 templo
2994 3114 3219 3169 hostias
3263 3112 3590 3169 viderentur
3612 3107 3686 3163 of-

2086 3203 2254 3271 ferre,
2285 3219 2400 3259 non
2425 3203 2542 3258 Deo
2560 3219 2660 3258 eas
2688 3202 2976 3269 obtulisse,
3007 3202 3110 3257 sed
3143 3203 3404 3275 Angelis,
3438 3216 3538 3272 per
3565 3199 3686 3254 Eze—

2089 3291 2235 3347 chiel
2261 3292 2484 3363 plenius
2511 3291 2814 3347 discimus:
2848 3293 2984 3348 Dedi
3013 3294 3090 3346 eis
3122 3293 3560 3362 justiﬁcationes
3590 3301 3690 3343 non

2089 3383 2276 3447 bonas,
2297 3386 2347 3436 et
2367 3385 2636 3451 praecepta
2672 3396 2786 3436 non
2808 3383 2951 3437 bona
2970 3380 3196 3452 (Ezech.
3231 3383 3375 3450 xm),
3398 3395 3512 3435 non
3553 3375 3690 3432 enim

2086 3469 2418 3541 sanguinem
2473 3469 2761 3525 hircorum
2813 3473 2872 3524 et
2918 3473 3227 3525 taurorum
3290 3467 3500 3541 querit
3534 3466 3690 3523 Deus.

2086 3557 2187 3613 sed
2215 3557 2554 3615 sacriﬁcium
2598 3557 2826 3612 Domini
2871 3563 2959 3613 est
2987 3556 3234 3629 spiritus
3276 3555 3691 3617 contribulatus,

2087 3663 2185 3702 cor
2211 3647 2518 3706 contritum
2565 3652 2623 3701 ct
2673 3647 3036 3703 humiliatum
3081 3647 3248 3702 Deus
3289 3663 3409 3702 non
3438 3642 3693 3716 despiciet

2090 3736 2252 3799 (Psal.
2286 3739 2338 3802 L)
2351 3775 2363 3788 .
2392 3735 2701 3807 Propterea
2722 3734 2818 3807 qui
2859 3734 3097 3790 vitulum
3144 3735 3420 3793 fecerunt
3444 3735 3505 3789 in
3524 3728 3695 3788 Horeb

2084 3830 2143 3878 et
2179 3824 2476 3879 coluerunt
2519 3823 2676 3879 sidus
2702 3823 2807 3879 Dei
2836 3823 3184 3896 Rempham,
3219 3823 3297 3879 de
3336 3839 3452 3896 quo
3491 3821 3550 3876 in
3585 3834 3698 3892 pro-

2082 3911 2255 3984 pheta
2279 3913 2452 3967 Amos
2471 3912 2692 3985 plenius
2709 3911 3097 3979 disseruimus,
3135 3911 3536 3967 adoraverunt
3569 3910 3696 3979 ﬁgu-

2082 4017 2176 4056 ras
2196 4017 2336 4073 quas
2350 4000 2458 4073 ipsi
2476 4000 2749 4069 fecerunt,
2776 4005 2836 4056 et
2862 4000 3100 4055 tradidit
3124 4016 3232 4056 eos
3252 4001 3431 4067 Deus,
3444 4004 3512 4054 ut
3536 3995 3697 4052 servi-

2081 4095 2211 4144 rent
2226 4089 2440 4144 militiaa
2461 4088 2584 4144 coeli
2602 4105 2729 4160 quae
2756 4105 2908 4144 nunc
2923 4087 2995 4144 ab
3024 4089 3314 4161 Apostolo
3344 4089 3548 4160 religio
3564 4084 3692 4142 dici-

2081 4181 2178 4232 tur
2202 4177 2533 4249 angelorum
2552 4193 2654 4249 pro
2665 4177 3004 4245 humilitate,
3028 4175 3090 4232 in
3106 4178 3342 4245 Greco,
3356 4187 3692 4244 ταπεινοφρο-

2082 4257 2209 4338 σῦνῃ
2230 4266 2581 4338 intelligitur,
2605 4266 2663 4321 id
2682 4272 2787 4335 est,
2808 4264 3152 4322 humilitatis
3172 4265 3419 4329 mentis,
3442 4265 3559 4322 sive
3575 4277 3696 4319 sen-

403 4359 602 4416 ﬁnitur
627 4363 688 4416 et
721 4358 902 4415 noctis
930 4355 1145 4413 umbris
1190 4355 1474 4427 detegitur
1501 4374 1513 4410 :
1549 4355 1998 4412 Christianorum
2015 4380 2065 4439 ι)
2081 4371 2195 4422 sus,
2230 4360 2287 4410 et
2325 4355 2649 4410 miseranda
2683 4355 3028 4428 superstitio,
3061 4354 3261 4410 Deum
3309 4355 3546 4410 credere
3583 4351 3692 4406 hir-

406 4449 561 4505 enim
587 4449 780 4504 lumen
805 4452 1082 4505 aeternum
1101 4450 1206 4512 est,
1240 4450 1299 4499 et
1339 4460 1562 4516 semper
1601 4444 1736 4501 solis
1764 4445 2000 4516 justitiae
2081 4461 2275 4499 corum
2302 4449 2472 4516 atque
2499 4449 2796 4499 taurorum
2834 4443 3113 4514 sanguine
3153 4444 3471 4511 delectari,
3514 4446 3574 4499 et
3614 4439 3698 4496 ni-

405 4537 582 4593 radiis
606 4537 942 4592 illustratur.
971 4536 1088 4591 Aut
1104 4535 1164 4589 in
1183 4539 1343 4606 parte
1375 4532 1767 4601 Sabbatorum,
1795 4539 1861 4590 ut
1886 4551 2001 4590 non

405 4626 616 4681 faciant
640 4625 843 4680 servile
864 4641 1007 4696 opus
1023 4629 1082 4680 et
1112 4639 1288 4679 onera
1323 4639 1437 4679 non
1462 4627 1706 4695 portent,
1739 4623 1873 4695 quia
1898 4640 2001 4678 nos

409 4713 619 4770 Christi
637 4729 832 4768 sumus
851 4712 1112 4769 libertate
1130 4711 1344 4778 donati,
1361 4716 1420 4766 et
1444 4728 1619 4767 onera
1646 4716 2005 4783 peccatorum

407 4810 633 4876 gestare
660 4801 981 4857 desivimus.
997 4801 1145 4867 Haec,
1171 4799 1376 4872 inquit,
1413 4800 1604 4856 omnia
1629 4799 1844 4855 umbrae
1873 4806 2006 4855 sunt

407 4894 727 4949 futurorum
737 4896 796 4946 et
804 4890 1084 4962 imagines
1090 4894 1334 4944 venturae
1342 4888 1717 4956 felicitatis,ut
1728 4888 1788 4943 in
1800 4889 2004 4960 quibus

406 4982 586 5040 Judaei
608 4981 774 5053 juxta
798 4979 1047 5035 litteram
1075 4977 1400 5033 haesitantes
1441 4982 1708 5033 tenentur
1736 4977 1797 5032 in
1829 4981 2000 5045 terra,

407 5088 512 5128 nos
534 5072 698 5143 juxta
721 5069 1007 5126 Christum
1031 5072 1387 5122 transeamus
1414 5067 1487 5122 ad
1534 5065 1838 5133 Christum,
1870 5066 2006 5138 quia

409 5160 481 5215 ad
498 5159 918 5216 distinctionem
927 5155 1259 5212 umbrarum
1277 5171 1429 5211 nunc
1445 5171 1648 5228 corpus
1667 5155 1997 5228 appellatur:

412 5247 693 5322 quomodo
722 5247 874 5304 enim
902 5247 963 5302 in
987 5261 1220 5318 corpore
1246 5243 1453 5300 veritas
1482 5249 1586 5309 est,
1602 5250 1660 5300 et
1675 5244 1734 5301 in
1755 5243 2006 5317 corporis

409 5335 615 5395 umbra
631 5335 1007 5402 mendacium,
1024 5333 1104 5390 sic
1114 5333 1175 5389 in
1185 5333 1426 5405 spiritali
1444 5333 1819 5406 intelligentia
1835 5349 2002 5389 mun-

412 5427 518 5483 dus
547 5424 730 5481 omnis
755 5423 914 5480 cibus
940 5428 1000 5479 et
1023 5427 1209 5496 potus,
1240 5428 1298 5476 et
1321 5427 1444 5477 tota
1469 5421 1760 5491 festivitas,
1791 5428 1849 5477 et
1870 5437 2002 5494 per-

408 5520 592 5591 petuae
621 5513 886 5571 Kalendae
914 5517 973 5568 et
995 5517 1206 5568 aeterna
1248 5510 1471 5584 requies
1496 5510 1869 5584 exspectanda
1895 5514 1998 5565 est.

2081 4532 2216 4587 dore
2241 4531 2648 4604 thymiamatis,
2664 4547 2833 4604 quem
2851 4547 2996 4604 saepe
3025 4531 3302 4588 homines
3331 4532 3696 4589 declinamus.

2081 4619 2242 4685 Quod
2269 4627 2461 4676 autem
2488 4620 2745 4693 sequitur
2769 4639 2782 4674 :

2153 4710 2218 4767 Si
2258 4713 2471 4765 mortui
2497 4713 2621 4765 estis
2640 4726 2769 4764 cum
2799 4708 3016 4766 Christo
3043 4711 3108 4764 ab
3142 4713 3453 4767 elementis
3488 4709 3704 4772 mundi,

2085 4800 2222 4869 quid
2246 4800 2426 4854 adhuc
2462 4803 2733 4869 tanquam
2755 4801 2992 4853 viventes
3016 4800 3083 4852 in
3112 4801 3349 4856 mundo
3370 4799 3669 4857 decernitis
3691 4799 3713 4849 t

2086 4888 2162 4943 Ne
2193 4890 2497 4956 tetigeritis,
2518 4904 2688 4958 neque
2716 4888 3091 4956 gustaveritis,
3129 4903 3323 4958 neque
3355 4892 3715 4945 contrectaoe-

2085 4979 2233 5043 ritis,
2247 4993 2367 5046 quae
2377 4981 2511 5033 sunt
2521 4978 2716 5031 omnia
2728 4979 2792 5030 in
2802 4978 3103 5030 interitum
3124 4978 3255 5045 ipso
3268 4976 3709 5045 usu,secundum

2079 5069 2346 5136 praecepta
2365 5070 2414 5119 et
2454 5067 2736 5120 doctrinas
2755 5065 3081 5119 hominum:
3100 5079 3234 5134 qua!
3267 5072 3411 5122 sunt
3441 5069 3716 5122 rationem

2082 5155 2304 5224 quidem
2330 5155 2589 5211 habentia
2617 5155 2901 5222 sapientia
2918 5156 2981 5208 in
3004 5157 3425 5235 superstitione
3444 5161 3499 5211 et
3526 5154 3712 5211 humi-

2085 5245 2258 5309 litate,
2279 5247 2330 5296 et
2358 5243 2564 5302 nonad
2583 5243 2931 5312 parcendum
2960 5244 3206 5310 corpori,
3243 5260 3370 5300 non
3415 5247 3486 5300 in
3516 5245 3717 5301 honore

2083 5333 2273 5402 aliquo
2312 5332 2388 5386 ad
2431 5334 2786 5387 saturitatem
2837 5332 3044 5386 carnis.
3069 5329 3271 5400 (ΗΑΒ.)
3324 5333 3503 5390 Hunc
3557 5330 3716 5389 nobis

2081 5418 2290 5476 habere
2342 5435 2572 5475 sensum
2615 5419 2855 5486 videtur,
2885 5434 3184 5475 curramus
3210 5436 3327 5492 per
3376 5422 3632 5496 singula,
3664 5426 3719 5476 et

2085 5508 2482 5566 obscuritatem
2504 5524 2775 5566 sensuum
2801 5513 2974 5582 atque
2994 5506 3316 5565 verborum
3352 5511 3594 5567 Christo
3631 5525 3718 5564 re-
