  <div class='ocr_page' id='page_1' title='image "/cluster/home/n/w/nwhite01/storage/ocr_20150623/112/hvd.32044054759774/270.png"; bbox 0 0 3868 6138; ppageno 0'>
   <div class='ocr_carea' id='block_1_1' title="bbox 269 301 349 357">
    <p class='ocr_par' dir='ltr' id='par_1_1' title="bbox 269 301 349 357">
     <span class='ocr_line' id='line_1_1' title="bbox 269 301 349 357; baseline 0.013 -1"><span class='ocrx_word' id='word_1_1' title='bbox 269 301 349 357; x_wconf 67' lang='lat'><strong>529</strong></span> 
     </span>
    </p>
   </div>
   <div class='ocr_carea' id='block_1_2' title="bbox 707 300 2992 373">
    <p class='ocr_par' dir='ltr' id='par_1_2' title="bbox 707 300 2992 373">
     <span class='ocr_line' id='line_1_2' title="bbox 707 300 2992 373; baseline 0 -18"><span class='ocrx_word' id='word_1_2' title='bbox 707 301 1288 373; x_wconf 70' lang='lat' dir='ltr'><strong>ENARRATIONUM</strong></span> <span class='ocrx_word' id='word_1_3' title='bbox 1321 305 1397 360; x_wconf 83' lang='lat' dir='ltr'><strong>IN</strong></span> <span class='ocrx_word' id='word_1_4' title='bbox 1436 307 1593 364; x_wconf 91' lang='lat' dir='ltr'><strong>EPP.</strong></span> <span class='ocrx_word' id='word_1_5' title='bbox 1633 307 1845 362; x_wconf 91' lang='lat' dir='ltr'><strong>PAULI</strong></span> <span class='ocrx_word' id='word_1_6' title='bbox 1885 305 2022 360; x_wconf 90' lang='lat' dir='ltr'><strong>LIB.</strong></span> <span class='ocrx_word' id='word_1_7' title='bbox 2065 303 2181 358; x_wconf 83' lang='lat' dir='ltr'><strong>XX.</strong></span> <span class='ocrx_word' id='word_1_8' title='bbox 2221 332 2282 342; x_wconf 91' lang='lat'><strong>-—</strong></span> <span class='ocrx_word' id='word_1_9' title='bbox 2319 303 2393 355; x_wconf 86' lang='lat' dir='ltr'><strong>IN</strong></span> <span class='ocrx_word' id='word_1_10' title='bbox 2433 300 2654 354; x_wconf 86' lang='lat' dir='ltr'><strong>EPIST.</strong></span> <span class='ocrx_word' id='word_1_11' title='bbox 2698 301 2794 354; x_wconf 79' lang='lat' dir='ltr'><strong>Al)</strong></span> <span class='ocrx_word' id='word_1_12' title='bbox 2835 302 2992 355; x_wconf 83' lang='lat' dir='ltr'><strong>CCL.</strong></span> 
     </span>
    </p>
   </div>
   <div class='ocr_carea' id='block_1_3' title="bbox 3389 302 3491 358">
    <p class='ocr_par' dir='ltr' id='par_1_3' title="bbox 3389 302 3491 358">
     <span class='ocr_line' id='line_1_3' title="bbox 3389 302 3491 358; baseline 0.029 -3"><span class='ocrx_word' id='word_1_13' title='bbox 3389 302 3491 358; x_wconf 70' lang='lat'><strong>.330</strong></span> 
     </span>
    </p>
   </div>
   <div class='ocr_carea' id='block_1_4' title="bbox 265 407 3493 499">
    <p class='ocr_par' dir='ltr' id='par_1_4' title="bbox 265 407 3493 499">
     <span class='ocr_line' id='line_1_4' title="bbox 265 407 3493 499; baseline 0 -19"><span class='ocrx_word' id='word_1_14' title='bbox 265 432 458 480; x_wconf 77' lang='lat' dir='ltr'><strong>sonante</strong></span> <span class='ocrx_word' id='word_1_15' title='bbox 483 407 784 496; x_wconf 68' lang='lat' dir='ltr'><strong>pahdamus</strong></span> <span class='ocrx_word' id='word_1_16' title='bbox 817 445 828 479; x_wconf 89' lang='lat'>:</span> <span class='ocrx_word' id='word_1_17' title='bbox 863 425 910 480; x_wconf 89' lang='lat' dir='ltr'><strong>si</strong></span> <span class='ocrx_word' id='word_1_18' title='bbox 938 425 1202 497; x_wconf 87' lang='lat' dir='ltr'><strong>baptizati</strong></span> <span class='ocrx_word' id='word_1_19' title='bbox 1231 429 1366 483; x_wconf 81' lang='lat' dir='ltr'><strong>estis</strong></span> <span class='ocrx_word' id='word_1_20' title='bbox 1396 429 1454 484; x_wconf 92' lang='lat' dir='ltr'><strong>in</strong></span> <span class='ocrx_word' id='word_1_21' title='bbox 1486 430 1708 484; x_wconf 81' lang='lat' dir='ltr'><strong>Christo</strong></span> <span class='ocrx_word' id='word_1_22' title='bbox 1751 435 1806 483; x_wconf 90' lang='lat' dir='ltr'><strong>et</strong></span> <span class='ocrx_word' id='word_1_23' title='bbox 1823 427 2139 499; x_wconf 74' lang='lat' dir='ltr'><strong>Aquidem,</strong></span> <span class='ocrx_word' id='word_1_24' title='bbox 2163 415 2409 496; x_wconf 82' lang='lat' dir='ltr'><strong>positum</strong></span> <span class='ocrx_word' id='word_1_25' title='bbox 2429 423 2616 488; x_wconf 82' lang='lat' dir='ltr'><strong>fuerit,</strong></span> <span class='ocrx_word' id='word_1_26' title='bbox 2642 424 2998 495; x_wconf 85' lang='lat' dir='ltr'><strong>respondere.</strong></span> <span class='ocrx_word' id='word_1_27' title='bbox 3025 425 3298 479; x_wconf 85' lang='lat' dir='ltr'><strong>Videntur</strong></span> <span class='ocrx_word' id='word_1_28' title='bbox 3317 425 3493 496; x_wconf 81' lang='lat' dir='ltr'><strong>igitur</strong></span> 
     </span>
    </p>
   </div>
   <div class='ocr_carea' id='block_1_5' title="bbox 261 511 1809 585">
    <p class='ocr_par' dir='ltr' id='par_1_5' title="bbox 261 511 1809 585">
     <span class='ocr_line' id='line_1_5' title="bbox 261 511 1809 585; baseline 0.002 -17"><span class='ocrx_word' id='word_1_29' title='bbox 261 531 364 568; x_wconf 85' lang='lat' dir='ltr'><strong>cum</strong></span> <span class='ocrx_word' id='word_1_30' title='bbox 389 511 585 566; x_wconf 81' lang='lat' dir='ltr'><strong>Christo</strong></span> <span class='ocrx_word' id='word_1_31' title='bbox 607 512 666 566; x_wconf 89' lang='lat' dir='ltr'><strong>in</strong></span> <span class='ocrx_word' id='word_1_32' title='bbox 683 513 1019 584; x_wconf 82' lang='lat' dir='ltr'><strong>baptismate</strong></span> <span class='ocrx_word' id='word_1_33' title='bbox 1042 517 1373 585; x_wconf 88' lang='lat' dir='ltr'><strong>consepulti,</strong></span> <span class='ocrx_word' id='word_1_34' title='bbox 1398 517 1604 571; x_wconf 85' lang='lat' dir='ltr'><strong>mortui</strong></span> <span class='ocrx_word' id='word_1_35' title='bbox 1621 524 1809 571; x_wconf 87' lang='lat' dir='ltr'><strong>autem</strong></span> 
     </span>
    </p>
   </div>
   <div class='ocr_carea' id='block_1_6' title="bbox 262 601 1812 674">
    <p class='ocr_par' dir='ltr' id='par_1_6' title="bbox 262 601 1812 674">
     <span class='ocr_line' id='line_1_6' title="bbox 262 601 1812 674; baseline 0.003 -18"><span class='ocrx_word' id='word_1_36' title='bbox 262 603 316 656; x_wconf 88' lang='lat' dir='ltr'><strong>ab</strong></span> <span class='ocrx_word' id='word_1_37' title='bbox 331 601 587 656; x_wconf 89' lang='lat' dir='ltr'><strong>elementis</strong></span> <span class='ocrx_word' id='word_1_38' title='bbox 609 602 823 666; x_wconf 80' lang='lat' dir='ltr'><strong>mundi,</strong></span> <span class='ocrx_word' id='word_1_39' title='bbox 849 619 950 674; x_wconf 92' lang='lat' dir='ltr'><strong>pro</strong></span> <span class='ocrx_word' id='word_1_40' title='bbox 976 619 1041 658; x_wconf 91' lang='lat' dir='ltr'><strong>eo</strong></span> <span class='ocrx_word' id='word_1_41' title='bbox 1069 605 1218 674; x_wconf 91' lang='lat' dir='ltr'><strong>quod</strong></span> <span class='ocrx_word' id='word_1_42' title='bbox 1239 611 1325 658; x_wconf 90' lang='lat' dir='ltr'><strong>est</strong></span> <span class='ocrx_word' id='word_1_43' title='bbox 1343 607 1812 673; x_wconf 90' lang='lat' dir='ltr'><strong>elementum,cur</strong></span> 
     </span>
    </p>
   </div>
   <div class='ocr_carea' id='block_1_7' title="bbox 255 691 1812 763">
    <p class='ocr_par' dir='ltr' id='par_1_7' title="bbox 255 691 1812 763">
     <span class='ocr_line' id='line_1_7' title="bbox 255 691 1812 763; baseline 0.003 -19"><span class='ocrx_word' id='word_1_44' title='bbox 255 707 439 745; x_wconf 87' lang='lat' dir='ltr'><strong>mecum</strong></span> <span class='ocrx_word' id='word_1_45' title='bbox 467 707 571 744; x_wconf 93' lang='lat' dir='ltr'><strong>non</strong></span> <span class='ocrx_word' id='word_1_46' title='bbox 597 691 782 745; x_wconf 84' lang='lat' dir='ltr'><strong>dicitis</strong></span> <span class='ocrx_word' id='word_1_47' title='bbox 812 709 823 744; x_wconf 91' lang='lat'><strong>:</strong></span> <span class='ocrx_word' id='word_1_48' title='bbox 858 693 1002 746; x_wconf 77' lang='lat' dir='ltr'><strong>Mihi</strong></span> <span class='ocrx_word' id='word_1_49' title='bbox 1029 698 1216 746; x_wconf 90' lang='lat' dir='ltr'><strong>autem</strong></span> <span class='ocrx_word' id='word_1_50' title='bbox 1243 697 1386 748; x_wconf 89' lang='lat' dir='ltr'><strong>absit</strong></span> <span class='ocrx_word' id='word_1_51' title='bbox 1416 698 1677 763; x_wconf 85' lang='lat' dir='ltr'><strong>gloriari,</strong></span> <span class='ocrx_word' id='word_1_52' title='bbox 1697 698 1812 749; x_wconf 88' lang='lat' dir='ltr'><strong>nisi</strong></span> 
     </span>
    </p>
   </div>
   <div class='ocr_carea' id='block_1_8' title="bbox 258 781 1814 852">
    <p class='ocr_par' dir='ltr' id='par_1_8' title="bbox 258 781 1814 852">
     <span class='ocr_line' id='line_1_8' title="bbox 258 781 1814 852; baseline 0.003 -19"><span class='ocrx_word' id='word_1_53' title='bbox 258 783 306 833; x_wconf 78' lang='lat' dir='ltr'><strong>in</strong></span> <span class='ocrx_word' id='word_1_54' title='bbox 329 795 466 832; x_wconf 87' lang='lat' dir='ltr'><strong>cruce</strong></span> <span class='ocrx_word' id='word_1_55' title='bbox 498 781 723 833; x_wconf 85' lang='lat' dir='ltr'><strong>Domini</strong></span> <span class='ocrx_word' id='word_1_56' title='bbox 751 783 860 834; x_wconf 87' lang='lat' dir='ltr'><strong>mei</strong></span> <span class='ocrx_word' id='word_1_57' title='bbox 893 783 1021 834; x_wconf 88' lang='lat' dir='ltr'><strong>Jesu</strong></span> <span class='ocrx_word' id='word_1_58' title='bbox 1065 783 1294 848; x_wconf 77' lang='lat' dir='ltr'><strong>Christi,</strong></span> <span class='ocrx_word' id='word_1_59' title='bbox 1337 800 1436 852; x_wconf 86' lang='lat' dir='ltr'><strong>per</strong></span> <span class='ocrx_word' id='word_1_60' title='bbox 1475 801 1634 852; x_wconf 89' lang='lat' dir='ltr'><strong>quem</strong></span> <span class='ocrx_word' id='word_1_61' title='bbox 1673 785 1814 837; x_wconf 90' lang='lat' dir='ltr'><strong>mihi</strong></span> 
     </span>
    </p>
   </div>
   <div class='ocr_carea' id='block_1_9' title="bbox 254 869 1814 943">
    <p class='ocr_par' dir='ltr' id='par_1_9' title="bbox 254 869 1814 943">
     <span class='ocr_line' id='line_1_9' title="bbox 254 869 1814 943; baseline 0.003 -21"><span class='ocrx_word' id='word_1_62' title='bbox 254 869 460 922; x_wconf 86' lang='lat' dir='ltr'><strong>mundus</strong></span> <span class='ocrx_word' id='word_1_63' title='bbox 486 871 784 936; x_wconf 69' lang='lat' dir='ltr'><strong>cruciﬁxus</strong></span> <span class='ocrx_word' id='word_1_64' title='bbox 813 874 888 923; x_wconf 88' lang='lat' dir='ltr'><strong>est</strong></span> <span class='ocrx_word' id='word_1_65' title='bbox 918 875 965 923; x_wconf 87' lang='lat' dir='ltr'><strong>et</strong></span> <span class='ocrx_word' id='word_1_66' title='bbox 1005 886 1096 938; x_wconf 83' lang='lat' dir='ltr'><strong>ego</strong></span> <span class='ocrx_word' id='word_1_67' title='bbox 1124 873 1372 925; x_wconf 88' lang='lat' dir='ltr'><strong>mundo?</strong></span> <span class='ocrx_word' id='word_1_68' title='bbox 1401 872 1543 943; x_wconf 85' lang='lat' dir='ltr'><strong>(Gal.</strong></span> <span class='ocrx_word' id='word_1_69' title='bbox 1577 875 1666 936; x_wconf 78' lang='lat' dir='ltr'><strong>vi.)</strong></span> <span class='ocrx_word' id='word_1_70' title='bbox 1697 873 1814 927; x_wconf 84' lang='lat' dir='ltr'><strong>Nec</strong></span> 
     </span>
    </p>
   </div>
   <div class='ocr_carea' id='block_1_10' title="bbox 252 956 1808 1026">
    <p class='ocr_par' dir='ltr' id='par_1_10' title="bbox 252 956 1808 1026">
     <span class='ocr_line' id='line_1_10' title="bbox 252 956 1808 1026; baseline 0.003 -17"><span class='ocrx_word' id='word_1_71' title='bbox 252 956 446 1010; x_wconf 75' lang='lat' dir='ltr'><strong>audistis</strong></span> <span class='ocrx_word' id='word_1_72' title='bbox 470 957 774 1011; x_wconf 90' lang='lat' dir='ltr'><strong>Dominum</strong></span> <span class='ocrx_word' id='word_1_73' title='bbox 803 957 1083 1012; x_wconf 83' lang='lat' dir='ltr'><strong>dicentem</strong></span> <span class='ocrx_word' id='word_1_74' title='bbox 1119 978 1130 1012; x_wconf 90' lang='lat'>:</span> <span class='ocrx_word' id='word_1_75' title='bbox 1168 961 1242 1013; x_wconf 85' lang='lat' dir='ltr'><strong>De</strong></span> <span class='ocrx_word' id='word_1_76' title='bbox 1273 963 1482 1015; x_wconf 89' lang='lat' dir='ltr'><strong>mundo</strong></span> <span class='ocrx_word' id='word_1_77' title='bbox 1520 978 1632 1016; x_wconf 88' lang='lat' dir='ltr'><strong>non</strong></span> <span class='ocrx_word' id='word_1_78' title='bbox 1657 967 1808 1026; x_wconf 89' lang='lat' dir='ltr'><strong>sunt,</strong></span> 
     </span>
    </p>
   </div>
   <div class='ocr_carea' id='block_1_11' title="bbox 248 1049 1810 1119">
    <p class='ocr_par' dir='ltr' id='par_1_11' title="bbox 248 1049 1810 1119">
     <span class='ocr_line' id='line_1_11' title="bbox 248 1049 1810 1119; baseline 0.003 -21"><span class='ocrx_word' id='word_1_79' title='bbox 248 1049 362 1099; x_wconf 80' lang='lat' dir='ltr'><strong>sicut</strong></span> <span class='ocrx_word' id='word_1_80' title='bbox 385 1051 536 1112; x_wconf 80' lang='lat' dir='ltr'><strong>etego</strong></span> <span class='ocrx_word' id='word_1_81' title='bbox 569 1063 683 1100; x_wconf 86' lang='lat' dir='ltr'><strong>non</strong></span> <span class='ocrx_word' id='word_1_82' title='bbox 711 1064 836 1100; x_wconf 88' lang='lat' dir='ltr'><strong>sum</strong></span> <span class='ocrx_word' id='word_1_83' title='bbox 873 1049 938 1101; x_wconf 88' lang='lat' dir='ltr'><strong>de</strong></span> <span class='ocrx_word' id='word_1_84' title='bbox 967 1049 1180 1101; x_wconf 87' lang='lat' dir='ltr'><strong>mundo</strong></span> <span class='ocrx_word' id='word_1_85' title='bbox 1212 1050 1392 1112; x_wconf 88' lang='lat' dir='ltr'><strong>(Joan.</strong></span> <span class='ocrx_word' id='word_1_86' title='bbox 1441 1053 1596 1119; x_wconf 84' lang='lat' dir='ltr'><strong>xvu),</strong></span> <span class='ocrx_word' id='word_1_87' title='bbox 1641 1051 1738 1104; x_wconf 86' lang='lat' dir='ltr'><strong>sed</strong></span> <span class='ocrx_word' id='word_1_88' title='bbox 1779 1067 1810 1103; x_wconf 90' lang='lat' dir='ltr'><strong>e</strong></span> 
     </span>
    </p>
   </div>
   <div class='ocr_carea' id='block_1_12' title="bbox 247 1135 1810 1205">
    <p class='ocr_par' dir='ltr' id='par_1_12' title="bbox 247 1135 1810 1205">
     <span class='ocr_line' id='line_1_12' title="bbox 247 1135 1810 1205; baseline 0.004 -18"><span class='ocrx_word' id='word_1_89' title='bbox 247 1135 488 1188; x_wconf 88' lang='lat' dir='ltr'><strong>contrario</strong></span> <span class='ocrx_word' id='word_1_90' title='bbox 515 1135 679 1205; x_wconf 86' lang='lat' dir='ltr'><strong>quasi</strong></span> <span class='ocrx_word' id='word_1_91' title='bbox 710 1136 954 1190; x_wconf 79' lang='lat' dir='ltr'><strong>viventes</strong></span> <span class='ocrx_word' id='word_1_92' title='bbox 977 1136 1036 1189; x_wconf 91' lang='lat' dir='ltr'><strong>in</strong></span> <span class='ocrx_word' id='word_1_93' title='bbox 1057 1137 1266 1191; x_wconf 87' lang='lat' dir='ltr'><strong>mundo</strong></span> <span class='ocrx_word' id='word_1_94' title='bbox 1287 1138 1604 1204; x_wconf 81' lang='lat' dir='ltr'><strong>decernitis,</strong></span> <span class='ocrx_word' id='word_1_95' title='bbox 1628 1140 1712 1193; x_wconf 79' lang='lat' dir='ltr'><strong>Ne</strong></span> <span class='ocrx_word' id='word_1_96' title='bbox 1730 1146 1810 1194; x_wconf 89' lang='lat' dir='ltr'><strong>te-</strong></span> 
     </span>
    </p>
   </div>
   <div class='ocr_carea' id='block_1_13' title="bbox 244 1222 1810 1294">
    <p class='ocr_par' dir='ltr' id='par_1_13' title="bbox 244 1222 1810 1294">
     <span class='ocr_line' id='line_1_13' title="bbox 244 1222 1810 1294; baseline 0.004 -19"><span class='ocrx_word' id='word_1_97' title='bbox 244 1222 448 1292; x_wconf 82' lang='lat' dir='ltr'><strong>tigeritis</strong></span> <span class='ocrx_word' id='word_1_98' title='bbox 471 1239 676 1294; x_wconf 88' lang='lat' dir='ltr'><strong>corpus</strong></span> <span class='ocrx_word' id='word_1_99' title='bbox 704 1224 945 1278; x_wconf 87' lang='lat' dir='ltr'><strong>hominis</strong></span> <span class='ocrx_word' id='word_1_100' title='bbox 977 1225 1206 1291; x_wconf 89' lang='lat' dir='ltr'><strong>mortui,</strong></span> <span class='ocrx_word' id='word_1_101' title='bbox 1239 1243 1308 1279; x_wconf 92' lang='lat' dir='ltr'><strong>ne</strong></span> <span class='ocrx_word' id='word_1_102' title='bbox 1336 1227 1732 1282; x_wconf 81' lang='lat' dir='ltr'><strong>vestimentum</strong></span> <span class='ocrx_word' id='word_1_103' title='bbox 1753 1235 1810 1282; x_wconf 90' lang='lat' dir='ltr'><strong>et</strong></span> 
     </span>
    </p>
   </div>
   <div class='ocr_carea' id='block_1_14' title="bbox 242 1311 1807 1388">
    <p class='ocr_par' dir='ltr' id='par_1_14' title="bbox 242 1311 1807 1388">
     <span class='ocr_line' id='line_1_14' title="bbox 242 1311 1807 1388; baseline 0.004 -24"><span class='ocrx_word' id='word_1_104' title='bbox 242 1311 504 1365; x_wconf 86' lang='lat' dir='ltr'><strong>scabellum</strong></span> <span class='ocrx_word' id='word_1_105' title='bbox 529 1311 593 1365; x_wconf 90' lang='lat' dir='ltr'><strong>in</strong></span> <span class='ocrx_word' id='word_1_106' title='bbox 624 1329 734 1383; x_wconf 90' lang='lat' dir='ltr'><strong>quo</strong></span> <span class='ocrx_word' id='word_1_107' title='bbox 761 1313 970 1367; x_wconf 88' lang='lat' dir='ltr'><strong>sederit</strong></span> <span class='ocrx_word' id='word_1_108' title='bbox 992 1313 1196 1368; x_wconf 83' lang='lat' dir='ltr'><strong>mulier</strong></span> <span class='ocrx_word' id='word_1_109' title='bbox 1211 1321 1564 1370; x_wconf 88' lang='lat' dir='ltr'><strong>menstruata</strong></span> <span class='ocrx_word' id='word_1_110' title='bbox 1588 1335 1598 1370; x_wconf 93' lang='lat'>:</span> <span class='ocrx_word' id='word_1_111' title='bbox 1625 1334 1807 1388; x_wconf 90' lang='lat' dir='ltr'><strong>neque</strong></span> 
     </span>
    </p>
   </div>
   <div class='ocr_carea' id='block_1_15' title="bbox 237 1400 1810 1476">
    <p class='ocr_par' dir='ltr' id='par_1_15' title="bbox 237 1400 1810 1476">
     <span class='ocr_line' id='line_1_15' title="bbox 237 1400 1810 1476; baseline 0.005 -24"><span class='ocrx_word' id='word_1_112' title='bbox 237 1400 509 1471; x_wconf 74' lang='lat' dir='ltr'><strong>gustaveris</strong></span> <span class='ocrx_word' id='word_1_113' title='bbox 538 1401 766 1456; x_wconf 86' lang='lat' dir='ltr'><strong>suillam</strong></span> <span class='ocrx_word' id='word_1_114' title='bbox 795 1419 1041 1468; x_wconf 90' lang='lat' dir='ltr'><strong>carnem,</strong></span> <span class='ocrx_word' id='word_1_115' title='bbox 1074 1403 1351 1474; x_wconf 85' lang='lat' dir='ltr'><strong>leporum,</strong></span> <span class='ocrx_word' id='word_1_116' title='bbox 1374 1409 1429 1458; x_wconf 90' lang='lat' dir='ltr'><strong>et</strong></span> <span class='ocrx_word' id='word_1_117' title='bbox 1450 1405 1734 1476; x_wconf 81' lang='lat' dir='ltr'><strong>sepiarum</strong></span> <span class='ocrx_word' id='word_1_118' title='bbox 1752 1412 1810 1460; x_wconf 89' lang='lat' dir='ltr'><strong>et</strong></span> 
     </span>
    </p>
   </div>
   <div class='ocr_carea' id='block_1_16' title="bbox 237 1489 1806 1566">
    <p class='ocr_par' dir='ltr' id='par_1_16' title="bbox 237 1489 1806 1566">
     <span class='ocr_line' id='line_1_16' title="bbox 237 1489 1806 1566; baseline 0.004 -25"><span class='ocrx_word' id='word_1_119' title='bbox 237 1489 506 1557; x_wconf 87' lang='lat' dir='ltr'><strong>loligmum,</strong></span> <span class='ocrx_word' id='word_1_120' title='bbox 543 1507 795 1544; x_wconf 63' lang='lat' dir='ltr'><strong>murena:</strong></span> <span class='ocrx_word' id='word_1_121' title='bbox 827 1497 884 1545; x_wconf 91' lang='lat' dir='ltr'><strong>et</strong></span> <span class='ocrx_word' id='word_1_122' title='bbox 920 1492 1180 1562; x_wconf 62' lang='lat' dir='ltr'><strong>anguilla;</strong></span> <span class='ocrx_word' id='word_1_123' title='bbox 1211 1498 1268 1546; x_wconf 92' lang='lat' dir='ltr'><strong>et</strong></span> <span class='ocrx_word' id='word_1_124' title='bbox 1297 1493 1686 1548; x_wconf 89' lang='lat' dir='ltr'><strong>universorum</strong></span> <span class='ocrx_word' id='word_1_125' title='bbox 1721 1494 1806 1566; x_wconf 88' lang='lat' dir='ltr'><strong>pi-</strong></span> 
     </span>
    </p>
   </div>
   <div class='ocr_carea' id='block_1_17' title="bbox 237 1577 1808 1654">
    <p class='ocr_par' dir='ltr' id='par_1_17' title="bbox 237 1577 1808 1654">
     <span class='ocr_line' id='line_1_17' title="bbox 237 1577 1808 1654; baseline 0.006 -24"><span class='ocrx_word' id='word_1_126' title='bbox 237 1577 400 1643; x_wconf 88' lang='lat' dir='ltr'><strong>scium,</strong></span> <span class='ocrx_word' id='word_1_127' title='bbox 431 1579 523 1648; x_wconf 86' lang='lat' dir='ltr'><strong>qui</strong></span> <span class='ocrx_word' id='word_1_128' title='bbox 571 1596 837 1649; x_wconf 88' lang='lat' dir='ltr'><strong>squamas</strong></span> <span class='ocrx_word' id='word_1_129' title='bbox 873 1586 930 1634; x_wconf 91' lang='lat' dir='ltr'><strong>et</strong></span> <span class='ocrx_word' id='word_1_130' title='bbox 966 1581 1229 1652; x_wconf 88' lang='lat' dir='ltr'><strong>pinnulas</strong></span> <span class='ocrx_word' id='word_1_131' title='bbox 1266 1599 1378 1636; x_wconf 92' lang='lat' dir='ltr'><strong>non</strong></span> <span class='ocrx_word' id='word_1_132' title='bbox 1421 1583 1648 1650; x_wconf 89' lang='lat' dir='ltr'><strong>habent,</strong></span> <span class='ocrx_word' id='word_1_133' title='bbox 1686 1601 1808 1654; x_wconf 68' lang='lat' dir='ltr'><strong>quae</strong></span> 
     </span>
    </p>
   </div>
   <div class='ocr_carea' id='block_1_18' title="bbox 235 1667 1810 1742">
    <p class='ocr_par' dir='ltr' id='par_1_18' title="bbox 235 1667 1810 1742">
     <span class='ocr_line' id='line_1_18' title="bbox 235 1667 1810 1742; baseline 0.004 -23"><span class='ocrx_word' id='word_1_134' title='bbox 235 1667 392 1720; x_wconf 85' lang='lat' dir='ltr'><strong>omnia</strong></span> <span class='ocrx_word' id='word_1_135' title='bbox 416 1667 471 1719; x_wconf 90' lang='lat' dir='ltr'><strong>in</strong></span> <span class='ocrx_word' id='word_1_136' title='bbox 497 1668 864 1738; x_wconf 82' lang='lat' dir='ltr'><strong>corruptione</strong></span> <span class='ocrx_word' id='word_1_137' title='bbox 901 1674 959 1722; x_wconf 90' lang='lat' dir='ltr'><strong>et</strong></span> <span class='ocrx_word' id='word_1_138' title='bbox 995 1669 1230 1723; x_wconf 88' lang='lat' dir='ltr'><strong>interitu</strong></span> <span class='ocrx_word' id='word_1_139' title='bbox 1272 1676 1406 1724; x_wconf 89' lang='lat' dir='ltr'><strong>sunt</strong></span> <span class='ocrx_word' id='word_1_140' title='bbox 1444 1671 1567 1742; x_wconf 91' lang='lat' dir='ltr'><strong>ipso</strong></span> <span class='ocrx_word' id='word_1_141' title='bbox 1607 1689 1711 1726; x_wconf 91' lang='lat' dir='ltr'><strong>usu</strong></span> <span class='ocrx_word' id='word_1_142' title='bbox 1753 1678 1810 1726; x_wconf 91' lang='lat' dir='ltr'><strong>et</strong></span> 
     </span>
    </p>
   </div>
   <div class='ocr_carea' id='block_1_19' title="bbox 1892 512 3491 585">
    <p class='ocr_par' dir='ltr' id='par_1_19' title="bbox 1892 512 3491 585">
     <span class='ocr_line' id='line_1_19' title="bbox 1892 512 3491 585; baseline -0.001 -15"><span class='ocrx_word' id='word_1_143' title='bbox 1892 515 2306 570; x_wconf 81' lang='lat' dir='ltr'><strong>observationes</strong></span> <span class='ocrx_word' id='word_1_144' title='bbox 2334 512 2578 566; x_wconf 67' lang='lat' dir='ltr'><strong>Judaicae</strong></span> <span class='ocrx_word' id='word_1_145' title='bbox 2606 513 2750 584; x_wconf 89' lang='lat' dir='ltr'><strong>apud</strong></span> <span class='ocrx_word' id='word_1_146' title='bbox 2782 513 3076 584; x_wconf 86' lang='lat' dir='ltr'><strong>imperitos</strong></span> <span class='ocrx_word' id='word_1_147' title='bbox 3101 519 3158 567; x_wconf 88' lang='lat' dir='ltr'><strong>et</strong></span> <span class='ocrx_word' id='word_1_148' title='bbox 3185 513 3350 568; x_wconf 80' lang='lat' dir='ltr'><strong>vilem</strong></span> <span class='ocrx_word' id='word_1_149' title='bbox 3371 515 3491 585; x_wconf 90' lang='lat' dir='ltr'><strong>ple-</strong></span> 
     </span>
    </p>
   </div>
   <div class='ocr_carea' id='block_1_20' title="bbox 1892 600 3490 671">
    <p class='ocr_par' dir='ltr' id='par_1_20' title="bbox 1892 600 3490 671">
     <span class='ocr_line' id='line_1_20' title="bbox 1892 600 3490 671; baseline -0.001 -12"><span class='ocrx_word' id='word_1_150' title='bbox 1892 604 2142 659; x_wconf 88' lang='lat' dir='ltr'><strong>becolam</strong></span> <span class='ocrx_word' id='word_1_151' title='bbox 2183 601 2484 671; x_wconf 84' lang='lat' dir='ltr'><strong>imaginem</strong></span> <span class='ocrx_word' id='word_1_152' title='bbox 2535 600 2742 655; x_wconf 90' lang='lat' dir='ltr'><strong>habere</strong></span> <span class='ocrx_word' id='word_1_153' title='bbox 2785 601 3020 656; x_wconf 83' lang='lat' dir='ltr'><strong>rationis</strong></span> <span class='ocrx_word' id='word_1_154' title='bbox 3061 602 3356 670; x_wconf 67' lang='lat' dir='ltr'><strong>humanae;</strong></span> <span class='ocrx_word' id='word_1_155' title='bbox 3398 621 3490 658; x_wconf 85' lang='lat' dir='ltr'><strong>sa-</strong></span> 
     </span>
    </p>
   </div>
   <div class='ocr_carea' id='block_1_21' title="bbox 1893 676 3488 770">
    <p class='ocr_par' dir='ltr' id='par_1_21' title="bbox 1893 676 3488 770">
     <span class='ocr_line' id='line_1_21' title="bbox 1893 676 3488 770; baseline 0 -22"><span class='ocrx_word' id='word_1_156' title='bbox 1893 694 2111 766; x_wconf 88' lang='lat' dir='ltr'><strong>pientes</strong></span> <span class='ocrx_word' id='word_1_157' title='bbox 2138 698 2194 746; x_wconf 91' lang='lat' dir='ltr'><strong>et</strong></span> <span class='ocrx_word' id='word_1_158' title='bbox 2225 676 2480 745; x_wconf 85' lang='lat' dir='ltr'><strong>doctores</strong></span> <span class='ocrx_word' id='word_1_159' title='bbox 2509 705 2702 744; x_wconf 92' lang='lat' dir='ltr'><strong>eorum</strong></span> <span class='ocrx_word' id='word_1_160' title='bbox 2725 692 2898 770; x_wconf 63' lang='lat' dir='ltr'><strong>569m,</strong></span> <span class='ocrx_word' id='word_1_161' title='bbox 2926 691 3031 744; x_wconf 90' lang='lat' dir='ltr'><strong>hoc</strong></span> <span class='ocrx_word' id='word_1_162' title='bbox 3068 695 3155 746; x_wconf 90' lang='lat' dir='ltr'><strong>est</strong></span> <span class='ocrx_word' id='word_1_163' title='bbox 3184 691 3488 763; x_wconf 86' lang='lat' dir='ltr'><strong>sapientes,</strong></span> 
     </span>
    </p>
   </div>
   <div class='ocr_carea' id='block_1_22' title="bbox 1894 778 3494 850">
    <p class='ocr_par' dir='ltr' id='par_1_22' title="bbox 1894 778 3494 850">
     <span class='ocr_line' id='line_1_22' title="bbox 1894 778 3494 850; baseline 0.002 -16"><span class='ocrx_word' id='word_1_164' title='bbox 1894 787 2180 847; x_wconf 89' lang='lat' dir='ltr'><strong>vocantur,</strong></span> <span class='ocrx_word' id='word_1_165' title='bbox 2213 786 2272 834; x_wconf 89' lang='lat' dir='ltr'><strong>et</strong></span> <span class='ocrx_word' id='word_1_166' title='bbox 2301 780 2348 833; x_wconf 90' lang='lat' dir='ltr'><strong>si</strong></span> <span class='ocrx_word' id='word_1_167' title='bbox 2368 779 2592 850; x_wconf 88' lang='lat' dir='ltr'><strong>quando</strong></span> <span class='ocrx_word' id='word_1_168' title='bbox 2611 779 2780 833; x_wconf 89' lang='lat' dir='ltr'><strong>certis</strong></span> <span class='ocrx_word' id='word_1_169' title='bbox 2799 778 2996 834; x_wconf 90' lang='lat' dir='ltr'><strong>diebus</strong></span> <span class='ocrx_word' id='word_1_170' title='bbox 3011 779 3346 836; x_wconf 82' lang='lat' dir='ltr'><strong>traditiones</strong></span> <span class='ocrx_word' id='word_1_171' title='bbox 3361 798 3494 837; x_wconf 87' lang='lat' dir='ltr'><strong>suas</strong></span> 
     </span>
    </p>
   </div>
   <div class='ocr_carea' id='block_1_23' title="bbox 1893 868 3492 942">
    <p class='ocr_par' dir='ltr' id='par_1_23' title="bbox 1893 868 3492 942">
     <span class='ocr_line' id='line_1_23' title="bbox 1893 868 3492 942; baseline -0.001 -16"><span class='ocrx_word' id='word_1_172' title='bbox 1893 876 2197 942; x_wconf 87' lang='lat' dir='ltr'><strong>exponunt,</strong></span> <span class='ocrx_word' id='word_1_173' title='bbox 2229 868 2518 940; x_wconf 89' lang='lat' dir='ltr'><strong>discipulis</strong></span> <span class='ocrx_word' id='word_1_174' title='bbox 2548 868 2731 922; x_wconf 90' lang='lat' dir='ltr'><strong>solent</strong></span> <span class='ocrx_word' id='word_1_175' title='bbox 2747 868 2932 923; x_wconf 89' lang='lat' dir='ltr'><strong>dicere</strong></span> <span class='ocrx_word' id='word_1_176' title='bbox 2955 887 2966 921; x_wconf 90' lang='lat'><strong>:</strong></span> <span class='ocrx_word' id='word_1_177' title='bbox 2991 868 3272 940; x_wconf 86' lang='lat' dir='ltr'><strong>sapientes</strong></span> <span class='ocrx_word' id='word_1_178' title='bbox 3289 869 3492 925; x_wconf 84' lang='lat' dir='ltr'><strong>docent</strong></span> 
     </span>
    </p>
   </div>
   <div class='ocr_carea' id='block_1_24' title="bbox 1893 957 3492 1038">
    <p class='ocr_par' dir='ltr' id='par_1_24' title="bbox 1893 957 3492 1038">
     <span class='ocr_line' id='line_1_24' title="bbox 1893 957 3492 1038; baseline -0.006 -23"><span class='ocrx_word' id='word_1_179' title='bbox 1893 959 2244 1014; x_wconf 88' lang='lat' dir='ltr'><strong>traditiones.</strong></span> <span class='ocrx_word' id='word_1_180' title='bbox 2283 959 2390 1012; x_wconf 92' lang='lat' dir='ltr'><strong>Pro</strong></span> <span class='ocrx_word' id='word_1_181' title='bbox 2431 957 2850 1028; x_wconf 87' lang='lat' dir='ltr'><strong>superstitione,</strong></span> <span class='ocrx_word' id='word_1_182' title='bbox 2883 957 2942 1012; x_wconf 91' lang='lat' dir='ltr'><strong>in</strong></span> <span class='ocrx_word' id='word_1_183' title='bbox 2989 957 3180 1013; x_wconf 66' lang='lat' dir='ltr'><strong>Graeco</strong></span> <span class='ocrx_word' id='word_1_184' title='bbox 3222 961 3492 1038; x_wconf 77' lang='grc' dir='ltr'>ἐθελοθρη.</span> 
     </span>
    </p>
   </div>
   <div class='ocr_carea' id='block_1_25' title="bbox 1891 1045 3490 1120">
    <p class='ocr_par' dir='ltr' id='par_1_25' title="bbox 1891 1045 3490 1120">
     <span class='ocr_line' id='line_1_25' title="bbox 1891 1045 3490 1120; baseline -0.005 -10"><span class='ocrx_word' id='word_1_185' title='bbox 1891 1050 2044 1110; x_wconf 82' lang='grc' dir='ltr'><strong>σκεία</strong></span> <span class='ocrx_word' id='word_1_186' title='bbox 2090 1049 2270 1120; x_wconf 88' lang='lat' dir='ltr'><strong>posita</strong></span> <span class='ocrx_word' id='word_1_187' title='bbox 2318 1052 2420 1113; x_wconf 89' lang='lat' dir='ltr'><strong>est,</strong></span> <span class='ocrx_word' id='word_1_188' title='bbox 2469 1047 2611 1100; x_wconf 85' lang='lat' dir='ltr'><strong>falsa</strong></span> <span class='ocrx_word' id='word_1_189' title='bbox 2657 1045 2871 1117; x_wconf 80' lang='lat' dir='ltr'><strong>religio,</strong></span> <span class='ocrx_word' id='word_1_190' title='bbox 2923 1052 2981 1101; x_wconf 93' lang='lat' dir='ltr'><strong>et</strong></span> <span class='ocrx_word' id='word_1_191' title='bbox 3026 1063 3127 1118; x_wconf 90' lang='lat' dir='ltr'><strong>pro</strong></span> <span class='ocrx_word' id='word_1_192' title='bbox 3170 1047 3490 1103; x_wconf 86' lang='lat' dir='ltr'><strong>humilitate</strong></span> 
     </span>
    </p>
   </div>
   <div class='ocr_carea' id='block_1_26' title="bbox 1889 1135 3488 1216">
    <p class='ocr_par' dir='ltr' id='par_1_26' title="bbox 1889 1135 3488 1216">
     <span class='ocr_line' id='line_1_26' title="bbox 1889 1135 3488 1216; baseline -0.003 -19"><span class='ocrx_word' id='word_1_193' title='bbox 1889 1136 2367 1216; x_wconf 72' lang='grc' dir='ltr'><strong>ταπεινοφροσύνῃ,</strong></span> <span class='ocrx_word' id='word_1_194' title='bbox 2400 1137 2549 1206; x_wconf 91' lang='lat' dir='ltr'><strong>quod</strong></span> <span class='ocrx_word' id='word_1_195' title='bbox 2580 1135 2763 1206; x_wconf 86' lang='lat' dir='ltr'><strong>magis</strong></span> <span class='ocrx_word' id='word_1_196' title='bbox 2797 1136 3063 1190; x_wconf 90' lang='lat' dir='ltr'><strong>virtutem</strong></span> <span class='ocrx_word' id='word_1_197' title='bbox 3104 1136 3247 1191; x_wconf 90' lang='lat' dir='ltr'><strong>solet</strong></span> <span class='ocrx_word' id='word_1_198' title='bbox 3287 1153 3488 1194; x_wconf 87' lang='lat' dir='ltr'><strong>sonare</strong></span> 
     </span>
    </p>
   </div>
   <div class='ocr_carea' id='block_1_27' title="bbox 1891 1224 3487 1298">
    <p class='ocr_par' dir='ltr' id='par_1_27' title="bbox 1891 1224 3487 1298">
     <span class='ocr_line' id='line_1_27' title="bbox 1891 1224 3487 1298; baseline 0 -16"><span class='ocrx_word' id='word_1_199' title='bbox 1891 1244 2060 1298; x_wconf 89' lang='lat' dir='ltr'><strong>quam</strong></span> <span class='ocrx_word' id='word_1_200' title='bbox 2086 1226 2285 1281; x_wconf 89' lang='lat' dir='ltr'><strong>vitium</strong></span> <span class='ocrx_word' id='word_1_201' title='bbox 2319 1243 2330 1278; x_wconf 86' lang='lat'><strong>:</strong></span> <span class='ocrx_word' id='word_1_202' title='bbox 2364 1224 2462 1278; x_wconf 91' lang='lat' dir='ltr'><strong>sed</strong></span> <span class='ocrx_word' id='word_1_203' title='bbox 2482 1225 2587 1278; x_wconf 92' lang='lat' dir='ltr'><strong>hoc</strong></span> <span class='ocrx_word' id='word_1_204' title='bbox 2614 1224 2694 1278; x_wconf 91' lang='lat' dir='ltr'><strong>sic</strong></span> <span class='ocrx_word' id='word_1_205' title='bbox 2722 1225 3171 1296; x_wconf 87' lang='lat' dir='ltr'><strong>intelligendum,</strong></span> <span class='ocrx_word' id='word_1_206' title='bbox 3206 1226 3355 1297; x_wconf 89' lang='lat' dir='ltr'><strong>quod</strong></span> <span class='ocrx_word' id='word_1_207' title='bbox 3380 1227 3487 1282; x_wconf 91' lang='lat' dir='ltr'><strong>hu-</strong></span> 
     </span>
    </p>
   </div>
   <div class='ocr_carea' id='block_1_28' title="bbox 1889 1315 3487 1393">
    <p class='ocr_par' dir='ltr' id='par_1_28' title="bbox 1889 1315 3487 1393">
     <span class='ocr_line' id='line_1_28' title="bbox 1889 1315 3487 1393; baseline -0.005 -23"><span class='ocrx_word' id='word_1_208' title='bbox 1889 1316 2049 1370; x_wconf 89' lang='lat' dir='ltr'><strong>milia</strong></span> <span class='ocrx_word' id='word_1_209' title='bbox 2073 1315 2320 1370; x_wconf 86' lang='lat' dir='ltr'><strong>sentiant</strong></span> <span class='ocrx_word' id='word_1_210' title='bbox 2357 1319 2526 1383; x_wconf 91' lang='lat' dir='ltr'><strong>atque</strong></span> <span class='ocrx_word' id='word_1_211' title='bbox 2565 1318 2806 1367; x_wconf 89' lang='lat' dir='ltr'><strong>terrena.</strong></span> <span class='ocrx_word' id='word_1_212' title='bbox 2857 1315 3096 1393; x_wconf 78' lang='grc' dir='ltr'>Ἀφειδία</span> <span class='ocrx_word' id='word_1_213' title='bbox 3140 1319 3331 1369; x_wconf 89' lang='lat' dir='ltr'><strong>autem</strong></span> <span class='ocrx_word' id='word_1_214' title='bbox 3375 1315 3487 1375; x_wconf 80' lang='grc' dir='ltr'><strong>σώ-</strong></span> 
     </span>
    </p>
   </div>
   <div class='ocr_carea' id='block_1_29' title="bbox 1892 1401 3489 1480">
    <p class='ocr_par' dir='ltr' id='par_1_29' title="bbox 1892 1401 3489 1480">
     <span class='ocr_line' id='line_1_29' title="bbox 1892 1401 3489 1480; baseline 0.001 -21"><span class='ocrx_word' id='word_1_215' title='bbox 1892 1425 2078 1480; x_wconf 77' lang='grc' dir='ltr'><strong>ματος,</strong></span> <span class='ocrx_word' id='word_1_216' title='bbox 2102 1404 2264 1473; x_wconf 88' lang='lat' dir='ltr'><strong>cujus</strong></span> <span class='ocrx_word' id='word_1_217' title='bbox 2285 1418 2490 1456; x_wconf 90' lang='lat' dir='ltr'><strong>nomen</strong></span> <span class='ocrx_word' id='word_1_218' title='bbox 2503 1401 2713 1456; x_wconf 89' lang='lat' dir='ltr'><strong>latinus</strong></span> <span class='ocrx_word' id='word_1_219' title='bbox 2732 1419 2918 1456; x_wconf 88' lang='lat' dir='ltr'><strong>sermo</strong></span> <span class='ocrx_word' id='word_1_220' title='bbox 2933 1419 3046 1458; x_wconf 90' lang='lat' dir='ltr'><strong>non</strong></span> <span class='ocrx_word' id='word_1_221' title='bbox 3065 1405 3321 1476; x_wconf 85' lang='lat' dir='ltr'><strong>explicat,</strong></span> <span class='ocrx_word' id='word_1_222' title='bbox 3339 1405 3489 1476; x_wconf 90' lang='lat' dir='ltr'><strong>apud</strong></span> 
     </span>
    </p>
   </div>
   <div class='ocr_carea' id='block_1_30' title="bbox 1890 1491 3488 1564">
    <p class='ocr_par' dir='ltr' id='par_1_30' title="bbox 1890 1491 3488 1564">
     <span class='ocr_line' id='line_1_30' title="bbox 1890 1491 3488 1564; baseline 0.003 -20"><span class='ocrx_word' id='word_1_223' title='bbox 1890 1507 1992 1544; x_wconf 91' lang='lat' dir='ltr'><strong>nos</strong></span> <span class='ocrx_word' id='word_1_224' title='bbox 2013 1491 2235 1556; x_wconf 88' lang='lat' dir='ltr'><strong>dicitur,</strong></span> <span class='ocrx_word' id='word_1_225' title='bbox 2260 1491 2330 1545; x_wconf 87' lang='lat' dir='ltr'><strong>ad</strong></span> <span class='ocrx_word' id='word_1_226' title='bbox 2365 1507 2477 1544; x_wconf 91' lang='lat' dir='ltr'><strong>non</strong></span> <span class='ocrx_word' id='word_1_227' title='bbox 2514 1491 2856 1562; x_wconf 86' lang='lat' dir='ltr'><strong>parcendum</strong></span> <span class='ocrx_word' id='word_1_228' title='bbox 2902 1492 3140 1563; x_wconf 90' lang='lat' dir='ltr'><strong>corpori.</strong></span> <span class='ocrx_word' id='word_1_229' title='bbox 3185 1493 3311 1547; x_wconf 92' lang='lat' dir='ltr'><strong>Non</strong></span> <span class='ocrx_word' id='word_1_230' title='bbox 3354 1509 3488 1564; x_wconf 86' lang='lat' dir='ltr'><strong>par-</strong></span> 
     </span>
    </p>
   </div>
   <div class='ocr_carea' id='block_1_31' title="bbox 1889 1577 3483 1652">
    <p class='ocr_par' dir='ltr' id='par_1_31' title="bbox 1889 1577 3483 1652">
     <span class='ocr_line' id='line_1_31' title="bbox 1889 1577 3483 1652; baseline 0.002 -20"><span class='ocrx_word' id='word_1_231' title='bbox 1889 1585 2022 1633; x_wconf 89' lang='lat' dir='ltr'><strong>cant</strong></span> <span class='ocrx_word' id='word_1_232' title='bbox 2047 1579 2225 1634; x_wconf 69' lang='lat' dir='ltr'><strong>Judaei</strong></span> <span class='ocrx_word' id='word_1_233' title='bbox 2241 1577 2567 1650; x_wconf 87' lang='lat' dir='ltr'><strong>corporibus</strong></span> <span class='ocrx_word' id='word_1_234' title='bbox 2595 1578 2714 1633; x_wconf 90' lang='lat' dir='ltr'><strong>suis</strong></span> <span class='ocrx_word' id='word_1_235' title='bbox 2732 1578 2789 1632; x_wconf 88' lang='lat' dir='ltr'><strong>in</strong></span> <span class='ocrx_word' id='word_1_236' title='bbox 2810 1581 3194 1652; x_wconf 84' lang='lat' dir='ltr'><strong>assumptione</strong></span> <span class='ocrx_word' id='word_1_237' title='bbox 3212 1579 3483 1647; x_wconf 90' lang='lat' dir='ltr'><strong>ciborum,</strong></span> 
     </span>
    </p>
   </div>
   <div class='ocr_carea' id='block_1_32' title="bbox 1889 1667 3490 1740">
    <p class='ocr_par' dir='ltr' id='par_1_32' title="bbox 1889 1667 3490 1740">
     <span class='ocr_line' id='line_1_32' title="bbox 1889 1667 3490 1740; baseline 0.002 -19"><span class='ocrx_word' id='word_1_238' title='bbox 1889 1674 2312 1722; x_wconf 84' lang='lat' dir='ltr'><strong>contemnentes</strong></span> <span class='ocrx_word' id='word_1_239' title='bbox 2349 1667 2632 1722; x_wconf 86' lang='lat' dir='ltr'><strong>interdum</strong></span> <span class='ocrx_word' id='word_1_240' title='bbox 2663 1685 2786 1739; x_wconf 73' lang='lat' dir='ltr'><strong>quae</strong></span> <span class='ocrx_word' id='word_1_241' title='bbox 2817 1667 3043 1735; x_wconf 86' lang='lat' dir='ltr'><strong>habent,</strong></span> <span class='ocrx_word' id='word_1_242' title='bbox 3082 1675 3141 1724; x_wconf 92' lang='lat' dir='ltr'><strong>et</strong></span> <span class='ocrx_word' id='word_1_243' title='bbox 3177 1675 3490 1740; x_wconf 69' lang='lat' dir='ltr'><strong>quaerentes</strong></span> 
     </span>
    </p>
   </div>
   <div class='ocr_carea' id='block_1_33' title="bbox 233 1750 3489 1828">
    <p class='ocr_par' dir='ltr' id='par_1_33' title="bbox 233 1750 3489 1828">
     <span class='ocr_line' id='line_1_33' title="bbox 233 1750 3489 1828; baseline 0.002 -21"><span class='ocrx_word' id='word_1_244' title='bbox 233 1760 440 1808; x_wconf 86' lang='lat' dir='ltr'><strong>stercore</strong></span> <span class='ocrx_word' id='word_1_245' title='bbox 467 1755 812 1826; x_wconf 87' lang='lat' dir='ltr'><strong>digeruntur</strong></span> <span class='ocrx_word' id='word_1_246' title='bbox 836 1775 846 1809; x_wconf 94' lang='lat'>:</span> <span class='ocrx_word' id='word_1_247' title='bbox 871 1759 1005 1811; x_wconf 88' lang='lat' dir='ltr'><strong>Esca</strong></span> <span class='ocrx_word' id='word_1_248' title='bbox 1021 1761 1172 1812; x_wconf 86' lang='lat' dir='ltr'><strong>enim</strong></span> <span class='ocrx_word' id='word_1_249' title='bbox 1194 1763 1378 1813; x_wconf 76' lang='lat' dir='ltr'><strong>ventri</strong></span> <span class='ocrx_word' id='word_1_250' title='bbox 1405 1766 1454 1813; x_wconf 87' lang='lat' dir='ltr'><strong>et</strong></span> <span class='ocrx_word' id='word_1_251' title='bbox 1472 1765 1658 1814; x_wconf 81' lang='lat' dir='ltr'><strong>venter</strong></span> <span class='ocrx_word' id='word_1_252' title='bbox 1677 1764 1807 1815; x_wconf 82' lang='lat' dir='ltr'><strong>escis</strong></span> <span class='ocrx_word' id='word_1_253' title='bbox 1825 1750 1872 1810; x_wconf 89' lang='lat' dir='ltr'><strong>B</strong></span> <span class='ocrx_word' id='word_1_254' title='bbox 1890 1773 2014 1828; x_wconf 77' lang='lat' dir='ltr'><strong>quae</strong></span> <span class='ocrx_word' id='word_1_255' title='bbox 2043 1773 2156 1811; x_wconf 91' lang='lat' dir='ltr'><strong>non</strong></span> <span class='ocrx_word' id='word_1_256' title='bbox 2182 1755 2410 1822; x_wconf 89' lang='lat' dir='ltr'><strong>habent,</strong></span> <span class='ocrx_word' id='word_1_257' title='bbox 2453 1773 2520 1810; x_wconf 79' lang='lat' dir='ltr'><strong>ex</strong></span> <span class='ocrx_word' id='word_1_258' title='bbox 2559 1773 2671 1827; x_wconf 86' lang='lat' dir='ltr'><strong>qua</strong></span> <span class='ocrx_word' id='word_1_259' title='bbox 2708 1757 3040 1812; x_wconf 88' lang='lat' dir='ltr'><strong>necessitate</strong></span> <span class='ocrx_word' id='word_1_260' title='bbox 3079 1762 3136 1812; x_wconf 90' lang='lat' dir='ltr'><strong>et</strong></span> <span class='ocrx_word' id='word_1_261' title='bbox 3172 1757 3489 1816; x_wconf 85' lang='lat' dir='ltr'><strong>debilitates</strong></span> 
     </span>
    </p>
   </div>
   <div class='ocr_carea' id='block_1_34' title="bbox 234 1844 1807 1917">
    <p class='ocr_par' dir='ltr' id='par_1_34' title="bbox 234 1844 1807 1917">
     <span class='ocr_line' id='line_1_34' title="bbox 234 1844 1807 1917; baseline 0.004 -20"><span class='ocrx_word' id='word_1_262' title='bbox 234 1845 270 1911; x_wconf 83' lang='grc' dir='ltr'><strong>(Ι</strong></span> <span class='ocrx_word' id='word_1_263' title='bbox 291 1844 395 1898; x_wconf 77' lang='lat' dir='ltr'><strong>Cor.</strong></span> <span class='ocrx_word' id='word_1_264' title='bbox 429 1847 508 1910; x_wconf 83' lang='lat' dir='ltr'><strong>v);</strong></span> <span class='ocrx_word' id='word_1_265' title='bbox 545 1851 647 1897; x_wconf 87' lang='lat' dir='ltr'><strong>et:</strong></span> <span class='ocrx_word' id='word_1_266' title='bbox 698 1846 867 1900; x_wconf 90' lang='lat' dir='ltr'><strong>Omne</strong></span> <span class='ocrx_word' id='word_1_267' title='bbox 905 1848 1050 1915; x_wconf 88' lang='lat' dir='ltr'><strong>quod</strong></span> <span class='ocrx_word' id='word_1_268' title='bbox 1087 1850 1268 1902; x_wconf 88' lang='lat' dir='ltr'><strong>intrat</strong></span> <span class='ocrx_word' id='word_1_269' title='bbox 1303 1864 1404 1917; x_wconf 80' lang='lat' dir='ltr'><strong>per</strong></span> <span class='ocrx_word' id='word_1_270' title='bbox 1443 1866 1498 1902; x_wconf 92' lang='lat' dir='ltr'><strong>os</strong></span> <span class='ocrx_word' id='word_1_271' title='bbox 1528 1865 1639 1903; x_wconf 88' lang='lat' dir='ltr'><strong>non</strong></span> <span class='ocrx_word' id='word_1_272' title='bbox 1667 1867 1807 1904; x_wconf 86' lang='lat' dir='ltr'><strong>com-</strong></span> 
     </span>
    </p>
   </div>
   <div class='ocr_carea' id='block_1_35' title="bbox 231 1934 1806 2006">
    <p class='ocr_par' dir='ltr' id='par_1_35' title="bbox 231 1934 1806 2006">
     <span class='ocr_line' id='line_1_35' title="bbox 231 1934 1806 2006; baseline 0.005 -22"><span class='ocrx_word' id='word_1_273' title='bbox 231 1935 445 1986; x_wconf 86' lang='lat' dir='ltr'><strong>municat</strong></span> <span class='ocrx_word' id='word_1_274' title='bbox 476 1934 858 2004; x_wconf 82' lang='lat' dir='ltr'><strong>[coinquinat]</strong></span> <span class='ocrx_word' id='word_1_275' title='bbox 890 1935 1189 2002; x_wconf 81' lang='lat' dir='ltr'><strong>hominem,</strong></span> <span class='ocrx_word' id='word_1_276' title='bbox 1221 1937 1314 1990; x_wconf 86' lang='lat' dir='ltr'><strong>sed</strong></span> <span class='ocrx_word' id='word_1_277' title='bbox 1345 1953 1404 1990; x_wconf 83' lang='lat' dir='ltr'><strong>ea</strong></span> <span class='ocrx_word' id='word_1_278' title='bbox 1425 1954 1543 2006; x_wconf 66' lang='lat' dir='ltr'><strong>quae</strong></span> <span class='ocrx_word' id='word_1_279' title='bbox 1561 1940 1624 1992; x_wconf 86' lang='lat' dir='ltr'><strong>de</strong></span> <span class='ocrx_word' id='word_1_280' title='bbox 1653 1940 1806 1992; x_wconf 87' lang='lat' dir='ltr'><strong>nobis</strong></span> 
     </span>
    </p>
   </div>
   <div class='ocr_carea' id='block_1_36' title="bbox 227 2023 1807 2097">
    <p class='ocr_par' dir='ltr' id='par_1_36' title="bbox 227 2023 1807 2097">
     <span class='ocr_line' id='line_1_36' title="bbox 227 2023 1807 2097; baseline 0.004 -23"><span class='ocrx_word' id='word_1_281' title='bbox 227 2026 392 2074; x_wconf 71' lang='lat' dir='ltr'><strong>munt</strong></span> <span class='ocrx_word' id='word_1_282' title='bbox 421 2023 625 2082; x_wconf 84' lang='lat' dir='ltr'><strong>(Jlarc.</strong></span> <span class='ocrx_word' id='word_1_283' title='bbox 663 2025 771 2091; x_wconf 86' lang='lat' dir='ltr'><strong>vn),</strong></span> <span class='ocrx_word' id='word_1_284' title='bbox 815 2023 1122 2078; x_wconf 89' lang='lat' dir='ltr'><strong>secundum</strong></span> <span class='ocrx_word' id='word_1_285' title='bbox 1165 2032 1461 2096; x_wconf 67' lang='lat' dir='ltr'><strong>praecepta,</strong></span> <span class='ocrx_word' id='word_1_286' title='bbox 1503 2025 1707 2097; x_wconf 88' lang='lat' dir='ltr'><strong>inquit,</strong></span> <span class='ocrx_word' id='word_1_287' title='bbox 1750 2033 1807 2080; x_wconf 90' lang='lat' dir='ltr'><strong>et</strong></span> 
     </span>
    </p>
   </div>
   <div class='ocr_carea' id='block_1_37' title="bbox 226 2109 1799 2185">
    <p class='ocr_par' dir='ltr' id='par_1_37' title="bbox 226 2109 1799 2185">
     <span class='ocr_line' id='line_1_37' title="bbox 226 2109 1799 2185; baseline 0.004 -22"><span class='ocrx_word' id='word_1_288' title='bbox 226 2109 470 2164; x_wconf 86' lang='lat' dir='ltr'><strong>doctrinas</strong></span> <span class='ocrx_word' id='word_1_289' title='bbox 495 2111 817 2177; x_wconf 88' lang='lat' dir='ltr'><strong>hominum,</strong></span> <span class='ocrx_word' id='word_1_290' title='bbox 842 2112 1150 2166; x_wconf 90' lang='lat' dir='ltr'><strong>secundum</strong></span> <span class='ocrx_word' id='word_1_291' title='bbox 1177 2113 1317 2168; x_wconf 90' lang='lat' dir='ltr'><strong>illud</strong></span> <span class='ocrx_word' id='word_1_292' title='bbox 1346 2115 1494 2185; x_wconf 89' lang='lat' dir='ltr'><strong>quod</strong></span> <span class='ocrx_word' id='word_1_293' title='bbox 1516 2115 1690 2169; x_wconf 87' lang='lat' dir='ltr'><strong>Isaias</strong></span> <span class='ocrx_word' id='word_1_294' title='bbox 1717 2115 1799 2169; x_wconf 89' lang='lat' dir='ltr'><strong>lo-</strong></span> 
     </span>
    </p>
   </div>
   <div class='ocr_carea' id='block_1_38' title="bbox 225 2198 1800 2273">
    <p class='ocr_par' dir='ltr' id='par_1_38' title="bbox 225 2198 1800 2273">
     <span class='ocr_line' id='line_1_38' title="bbox 225 2198 1800 2273; baseline 0.004 -22"><span class='ocrx_word' id='word_1_295' title='bbox 225 2198 389 2269; x_wconf 86' lang='lat' dir='ltr'><strong>quitur</strong></span> <span class='ocrx_word' id='word_1_296' title='bbox 422 2217 432 2252; x_wconf 93' lang='lat'>:</span> <span class='ocrx_word' id='word_1_297' title='bbox 464 2202 714 2268; x_wconf 82' lang='lat' dir='ltr'><strong>Populus</strong></span> <span class='ocrx_word' id='word_1_298' title='bbox 739 2202 829 2254; x_wconf 87' lang='lat' dir='ltr'><strong>hic</strong></span> <span class='ocrx_word' id='word_1_299' title='bbox 850 2203 1012 2256; x_wconf 81' lang='lat' dir='ltr'><strong>labiis</strong></span> <span class='ocrx_word' id='word_1_300' title='bbox 1046 2218 1129 2256; x_wconf 91' lang='lat' dir='ltr'><strong>me</strong></span> <span class='ocrx_word' id='word_1_301' title='bbox 1155 2203 1410 2270; x_wconf 80' lang='lat' dir='ltr'><strong>honorat,</strong></span> <span class='ocrx_word' id='word_1_302' title='bbox 1433 2220 1526 2258; x_wconf 84' lang='lat' dir='ltr'><strong>cor</strong></span> <span class='ocrx_word' id='word_1_303' title='bbox 1544 2221 1668 2258; x_wconf 79' lang='lat' dir='ltr'><strong>vero</strong></span> <span class='ocrx_word' id='word_1_304' title='bbox 1686 2207 1800 2273; x_wconf 83' lang='lat' dir='ltr'><strong>ejus</strong></span> 
     </span>
    </p>
   </div>
   <div class='ocr_carea' id='block_1_39' title="bbox 225 2290 1801 2357">
    <p class='ocr_par' dir='ltr' id='par_1_39' title="bbox 225 2290 1801 2357">
     <span class='ocr_line' id='line_1_39' title="bbox 225 2290 1801 2357; baseline 0.004 -16"><span class='ocrx_word' id='word_1_305' title='bbox 225 2290 354 2354; x_wconf 84' lang='lat' dir='ltr'><strong>longe</strong></span> <span class='ocrx_word' id='word_1_306' title='bbox 377 2294 448 2342; x_wconf 90' lang='lat' dir='ltr'><strong>est</strong></span> <span class='ocrx_word' id='word_1_307' title='bbox 489 2305 529 2341; x_wconf 88' lang='lat' dir='ltr'><strong>a</strong></span> <span class='ocrx_word' id='word_1_308' title='bbox 577 2305 706 2344; x_wconf 89' lang='lat' dir='ltr'><strong>me:</strong></span> <span class='ocrx_word' id='word_1_309' title='bbox 743 2291 962 2357; x_wconf 82' lang='lat' dir='ltr'><strong>frustra</strong></span> <span class='ocrx_word' id='word_1_310' title='bbox 1001 2293 1152 2344; x_wconf 86' lang='lat' dir='ltr'><strong>enim</strong></span> <span class='ocrx_word' id='word_1_311' title='bbox 1198 2295 1386 2346; x_wconf 88' lang='lat' dir='ltr'><strong>colunt</strong></span> <span class='ocrx_word' id='word_1_312' title='bbox 1430 2309 1513 2345; x_wconf 88' lang='lat' dir='ltr'><strong>me</strong></span> <span class='ocrx_word' id='word_1_313' title='bbox 1559 2294 1801 2347; x_wconf 80' lang='lat' dir='ltr'><strong>docentes</strong></span> 
     </span>
    </p>
   </div>
   <div class='ocr_carea' id='block_1_40' title="bbox 221 2376 1802 2450">
    <p class='ocr_par' dir='ltr' id='par_1_40' title="bbox 221 2376 1802 2450">
     <span class='ocr_line' id='line_1_40' title="bbox 221 2376 1802 2450; baseline 0.003 -21"><span class='ocrx_word' id='word_1_314' title='bbox 221 2376 469 2431; x_wconf 78' lang='lat' dir='ltr'><strong>doctrinas</strong></span> <span class='ocrx_word' id='word_1_315' title='bbox 496 2383 554 2431; x_wconf 85' lang='lat' dir='ltr'><strong>et</strong></span> <span class='ocrx_word' id='word_1_316' title='bbox 580 2383 849 2447; x_wconf 65' lang='lat' dir='ltr'><strong>praecepta</strong></span> <span class='ocrx_word' id='word_1_317' title='bbox 867 2380 1162 2433; x_wconf 85' lang='lat' dir='ltr'><strong>hominum</strong></span> <span class='ocrx_word' id='word_1_318' title='bbox 1182 2381 1312 2450; x_wconf 88' lang='lat' dir='ltr'><strong>([sa.</strong></span> <span class='ocrx_word' id='word_1_319' title='bbox 1336 2385 1526 2446; x_wconf 75' lang='lat' dir='ltr'><strong>xxvii).</strong></span> <span class='ocrx_word' id='word_1_320' title='bbox 1561 2381 1720 2436; x_wconf 89' lang='lat' dir='ltr'><strong>Unde</strong></span> <span class='ocrx_word' id='word_1_321' title='bbox 1745 2387 1802 2436; x_wconf 92' lang='lat' dir='ltr'><strong>et</strong></span> 
     </span>
    </p>
   </div>
   <div class='ocr_carea' id='block_1_41' title="bbox 220 2464 1793 2538">
    <p class='ocr_par' dir='ltr' id='par_1_41' title="bbox 220 2464 1793 2538">
     <span class='ocr_line' id='line_1_41' title="bbox 220 2464 1793 2538; baseline 0.003 -20"><span class='ocrx_word' id='word_1_322' title='bbox 220 2464 460 2520; x_wconf 87' lang='lat' dir='ltr'><strong>Dominus</strong></span> <span class='ocrx_word' id='word_1_323' title='bbox 516 2465 838 2521; x_wconf 67' lang='lat' dir='ltr'><strong>Pharisaeos</strong></span> <span class='ocrx_word' id='word_1_324' title='bbox 891 2467 1123 2538; x_wconf 79' lang='lat' dir='ltr'><strong>corripit</strong></span> <span class='ocrx_word' id='word_1_325' title='bbox 1168 2467 1358 2522; x_wconf 91' lang='lat' dir='ltr'><strong>dicens</strong></span> <span class='ocrx_word' id='word_1_326' title='bbox 1403 2471 1610 2537; x_wconf 80' lang='lat' dir='ltr'><strong>(Matth.</strong></span> <span class='ocrx_word' id='word_1_327' title='bbox 1649 2468 1740 2534; x_wconf 85' lang='lat' dir='ltr'><strong>xv)</strong></span> <span class='ocrx_word' id='word_1_328' title='bbox 1782 2489 1793 2523; x_wconf 93' lang='lat'>:</span> 
     </span>
    </p>
   </div>
   <div class='ocr_carea' id='block_1_42' title="bbox 219 2553 1799 2622">
    <p class='ocr_par' dir='ltr' id='par_1_42' title="bbox 219 2553 1799 2622">
     <span class='ocr_line' id='line_1_42' title="bbox 219 2553 1799 2622; baseline 0.005 -17"><span class='ocrx_word' id='word_1_329' title='bbox 219 2553 430 2608; x_wconf 85' lang='lat' dir='ltr'><strong>lrritum</strong></span> <span class='ocrx_word' id='word_1_330' title='bbox 456 2557 675 2622; x_wconf 82' lang='lat' dir='ltr'><strong>fecistis</strong></span> <span class='ocrx_word' id='word_1_331' title='bbox 697 2557 1030 2610; x_wconf 87' lang='lat' dir='ltr'><strong>mandatum</strong></span> <span class='ocrx_word' id='word_1_332' title='bbox 1057 2559 1156 2612; x_wconf 83' lang='lat' dir='ltr'><strong>Dei</strong></span> <span class='ocrx_word' id='word_1_333' title='bbox 1174 2563 1236 2610; x_wconf 93' lang='lat' dir='ltr'><strong>ut</strong></span> <span class='ocrx_word' id='word_1_334' title='bbox 1258 2559 1583 2612; x_wconf 84' lang='lat' dir='ltr'><strong>traditiones</strong></span> <span class='ocrx_word' id='word_1_335' title='bbox 1596 2565 1799 2613; x_wconf 84' lang='lat' dir='ltr'><strong>vestras</strong></span> 
     </span>
    </p>
   </div>
   <div class='ocr_carea' id='block_1_43' title="bbox 217 2645 1802 2714">
    <p class='ocr_par' dir='ltr' id='par_1_43' title="bbox 217 2645 1802 2714">
     <span class='ocr_line' id='line_1_43' title="bbox 217 2645 1802 2714; baseline 0.005 -20"><span class='ocrx_word' id='word_1_336' title='bbox 217 2647 520 2698; x_wconf 81' lang='lat' dir='ltr'><strong>statueretis.</strong></span> <span class='ocrx_word' id='word_1_337' title='bbox 547 2645 694 2697; x_wconf 83' lang='lat' dir='ltr'><strong>Deus</strong></span> <span class='ocrx_word' id='word_1_338' title='bbox 716 2648 866 2698; x_wconf 88' lang='lat' dir='ltr'><strong>enim</strong></span> <span class='ocrx_word' id='word_1_339' title='bbox 891 2647 1036 2698; x_wconf 70' lang='lat' dir='ltr'><strong>dixit</strong></span> <span class='ocrx_word' id='word_1_340' title='bbox 1067 2665 1083 2698; x_wconf 92' lang='lat'><strong><em>:</em></strong></span> <span class='ocrx_word' id='word_1_341' title='bbox 1113 2647 1338 2700; x_wconf 82' lang='lat' dir='ltr'><strong>Honora</strong></span> <span class='ocrx_word' id='word_1_342' title='bbox 1361 2651 1579 2714; x_wconf 79' lang='lat' dir='ltr'><strong>patrem</strong></span> <span class='ocrx_word' id='word_1_343' title='bbox 1607 2653 1657 2701; x_wconf 88' lang='lat' dir='ltr'><strong>et</strong></span> <span class='ocrx_word' id='word_1_344' title='bbox 1687 2665 1802 2702; x_wconf 90' lang='lat' dir='ltr'><strong>ma-</strong></span> 
     </span>
    </p>
   </div>
   <div class='ocr_carea' id='block_1_44' title="bbox 218 2734 1802 2802">
    <p class='ocr_par' dir='ltr' id='par_1_44' title="bbox 218 2734 1802 2802">
     <span class='ocr_line' id='line_1_44' title="bbox 218 2734 1802 2802; baseline 0.006 -20"><span class='ocrx_word' id='word_1_345' title='bbox 218 2735 352 2795; x_wconf 83' lang='lat' dir='ltr'><strong>trem,</strong></span> <span class='ocrx_word' id='word_1_346' title='bbox 371 2737 416 2784; x_wconf 87' lang='lat' dir='ltr'><strong>et</strong></span> <span class='ocrx_word' id='word_1_347' title='bbox 433 2735 540 2802; x_wconf 88' lang='lat' dir='ltr'><strong>qui</strong></span> <span class='ocrx_word' id='word_1_348' title='bbox 556 2734 910 2786; x_wconf 81' lang='lat' dir='ltr'><strong>maledia&#39;erit</strong></span> <span class='ocrx_word' id='word_1_349' title='bbox 931 2737 1104 2787; x_wconf 80' lang='lat' dir='ltr'><strong>matri</strong></span> <span class='ocrx_word' id='word_1_350' title='bbox 1121 2739 1168 2787; x_wconf 92' lang='lat' dir='ltr'><strong>et</strong></span> <span class='ocrx_word' id='word_1_351' title='bbox 1188 2737 1364 2802; x_wconf 85' lang='lat' dir='ltr'><strong>patri,</strong></span> <span class='ocrx_word' id='word_1_352' title='bbox 1392 2740 1565 2788; x_wconf 86' lang='lat' dir='ltr'><strong>morte</strong></span> <span class='ocrx_word' id='word_1_353' title='bbox 1597 2739 1802 2791; x_wconf 87' lang='lat' dir='ltr'><strong>moria-</strong></span> 
     </span>
    </p>
   </div>
   <div class='ocr_carea' id='block_1_45' title="bbox 225 2822 1800 2892">
    <p class='ocr_par' dir='ltr' id='par_1_45' title="bbox 225 2822 1800 2892">
     <span class='ocr_line' id='line_1_45' title="bbox 225 2822 1800 2892; baseline 0.005 -22"><span class='ocrx_word' id='word_1_354' title='bbox 225 2824 318 2872; x_wconf 86' lang='lat' dir='ltr'><strong>tur.</strong></span> <span class='ocrx_word' id='word_1_355' title='bbox 352 2822 437 2874; x_wconf 69' lang='grc' dir='ltr'><strong>νος</strong></span> <span class='ocrx_word' id='word_1_356' title='bbox 456 2826 656 2875; x_wconf 88' lang='lat' dir='ltr'><strong>autem</strong></span> <span class='ocrx_word' id='word_1_357' title='bbox 685 2823 871 2875; x_wconf 87' lang='lat' dir='ltr'><strong>dicitis</strong></span> <span class='ocrx_word' id='word_1_358' title='bbox 904 2840 915 2874; x_wconf 91' lang='lat'>:</span> <span class='ocrx_word' id='word_1_359' title='bbox 957 2824 1282 2890; x_wconf 79' lang='lat' dir='ltr'><strong>Quicunque</strong></span> <span class='ocrx_word' id='word_1_360' title='bbox 1309 2824 1514 2877; x_wconf 71' lang='lat' dir='ltr'><strong>dia-erit</strong></span> <span class='ocrx_word' id='word_1_361' title='bbox 1535 2827 1692 2892; x_wconf 86' lang='lat' dir='ltr'><strong>patri</strong></span> <span class='ocrx_word' id='word_1_362' title='bbox 1722 2828 1800 2879; x_wconf 81' lang='lat' dir='ltr'><strong>vel</strong></span> 
     </span>
    </p>
   </div>
   <div class='ocr_carea' id='block_1_46' title="bbox 220 2911 1795 2984">
    <p class='ocr_par' dir='ltr' id='par_1_46' title="bbox 220 2911 1795 2984">
     <span class='ocr_line' id='line_1_46' title="bbox 220 2911 1795 2984; baseline 0.004 -24"><span class='ocrx_word' id='word_1_363' title='bbox 220 2912 387 2984; x_wconf 82' lang='lat' dir='ltr'><strong>matri,</strong></span> <span class='ocrx_word' id='word_1_364' title='bbox 419 2911 638 2964; x_wconf 73' lang='lat' dir='ltr'><strong>Munus</strong></span> <span class='ocrx_word' id='word_1_365' title='bbox 665 2911 1024 2978; x_wconf 88' lang='lat' dir='ltr'><strong>quodcunque</strong></span> <span class='ocrx_word' id='word_1_366' title='bbox 1053 2917 1127 2965; x_wconf 89' lang='lat' dir='ltr'><strong>est</strong></span> <span class='ocrx_word' id='word_1_367' title='bbox 1156 2928 1220 2964; x_wconf 76' lang='lat' dir='ltr'><strong>ea:</strong></span> <span class='ocrx_word' id='word_1_368' title='bbox 1259 2928 1362 2977; x_wconf 88' lang='lat' dir='ltr'><strong>me,</strong></span> <span class='ocrx_word' id='word_1_369' title='bbox 1403 2914 1504 2966; x_wconf 84' lang='lat' dir='ltr'><strong>tibi</strong></span> <span class='ocrx_word' id='word_1_370' title='bbox 1527 2915 1795 2982; x_wconf 81' lang='lat' dir='ltr'><strong>proderit,</strong></span> 
     </span>
    </p>
   </div>
   <div class='ocr_carea' id='block_1_47' title="bbox 212 3000 1800 3068">
    <p class='ocr_par' dir='ltr' id='par_1_47' title="bbox 212 3000 1800 3068">
     <span class='ocr_line' id='line_1_47' title="bbox 212 3000 1800 3068; baseline 0.005 -19"><span class='ocrx_word' id='word_1_371' title='bbox 212 3003 252 3049; x_wconf 77' lang='lat' dir='ltr'><strong>et</strong></span> <span class='ocrx_word' id='word_1_372' title='bbox 278 3014 379 3052; x_wconf 91' lang='lat' dir='ltr'><strong>non</strong></span> <span class='ocrx_word' id='word_1_373' title='bbox 394 3000 790 3066; x_wconf 75' lang='lat' dir='ltr'><strong>honoriﬁcacit</strong></span> <span class='ocrx_word' id='word_1_374' title='bbox 811 3005 1030 3068; x_wconf 84' lang='lat' dir='ltr'><strong>patrem</strong></span> <span class='ocrx_word' id='word_1_375' title='bbox 1049 3016 1217 3054; x_wconf 90' lang='lat' dir='ltr'><strong>suum</strong></span> <span class='ocrx_word' id='word_1_376' title='bbox 1237 3005 1338 3054; x_wconf 89' lang='lat' dir='ltr'><strong>aut</strong></span> <span class='ocrx_word' id='word_1_377' title='bbox 1361 3006 1615 3067; x_wconf 87' lang='lat' dir='ltr'><strong>matrem,</strong></span> <span class='ocrx_word' id='word_1_378' title='bbox 1639 3007 1697 3056; x_wconf 90' lang='lat' dir='ltr'><strong>et</strong></span> <span class='ocrx_word' id='word_1_379' title='bbox 1715 3019 1800 3056; x_wconf 91' lang='lat' dir='ltr'><strong>re-</strong></span> 
     </span>
    </p>
   </div>
   <div class='ocr_carea' id='block_1_48' title="bbox 1887 1844 3488 1912">
    <p class='ocr_par' dir='ltr' id='par_1_48' title="bbox 1887 1844 3488 1912">
     <span class='ocr_line' id='line_1_48' title="bbox 1887 1844 3488 1912; baseline 0.002 -12"><span class='ocrx_word' id='word_1_380' title='bbox 1887 1846 2193 1910; x_wconf 90' lang='lat' dir='ltr'><strong>interdum,</strong></span> <span class='ocrx_word' id='word_1_381' title='bbox 2225 1852 2283 1899; x_wconf 92' lang='lat' dir='ltr'><strong>et</strong></span> <span class='ocrx_word' id='word_1_382' title='bbox 2311 1844 2535 1899; x_wconf 89' lang='lat' dir='ltr'><strong>morbos</strong></span> <span class='ocrx_word' id='word_1_383' title='bbox 2561 1846 2920 1912; x_wconf 89' lang='lat' dir='ltr'><strong>contrahunt,</strong></span> <span class='ocrx_word' id='word_1_384' title='bbox 2959 1863 3061 1901; x_wconf 92' lang='lat' dir='ltr'><strong>nec</strong></span> <span class='ocrx_word' id='word_1_385' title='bbox 3091 1847 3372 1902; x_wconf 90' lang='lat' dir='ltr'><strong>honorant</strong></span> <span class='ocrx_word' id='word_1_386' title='bbox 3398 1865 3488 1903; x_wconf 91' lang='lat' dir='ltr'><strong>se-</strong></span> 
     </span>
    </p>
   </div>
   <div class='ocr_carea' id='block_1_49' title="bbox 1887 1933 3487 2008">
    <p class='ocr_par' dir='ltr' id='par_1_49' title="bbox 1887 1933 3487 2008">
     <span class='ocr_line' id='line_1_49' title="bbox 1887 1933 3487 2008; baseline 0.002 -19"><span class='ocrx_word' id='word_1_387' title='bbox 1887 1935 2156 2006; x_wconf 88' lang='lat' dir='ltr'><strong>metipsos</strong></span> <span class='ocrx_word' id='word_1_388' title='bbox 2186 1951 2314 1988; x_wconf 91' lang='lat' dir='ltr'><strong>cum</strong></span> <span class='ocrx_word' id='word_1_389' title='bbox 2343 1933 2535 1988; x_wconf 87' lang='lat' dir='ltr'><strong>omnia</strong></span> <span class='ocrx_word' id='word_1_390' title='bbox 2563 1934 2774 1988; x_wconf 88' lang='lat' dir='ltr'><strong>munda</strong></span> <span class='ocrx_word' id='word_1_391' title='bbox 2813 1935 2928 1990; x_wconf 88' lang='lat' dir='ltr'><strong>sint</strong></span> <span class='ocrx_word' id='word_1_392' title='bbox 2958 1935 3203 2003; x_wconf 88' lang='lat' dir='ltr'><strong>mundis,</strong></span> <span class='ocrx_word' id='word_1_393' title='bbox 3235 1937 3487 2008; x_wconf 89' lang='lat' dir='ltr'><strong>nihilque</strong></span> 
     </span>
    </p>
   </div>
   <div class='ocr_carea' id='block_1_50' title="bbox 1888 2022 3487 2094">
    <p class='ocr_par' dir='ltr' id='par_1_50' title="bbox 1888 2022 3487 2094">
     <span class='ocr_line' id='line_1_50' title="bbox 1888 2022 3487 2094; baseline 0.003 -17"><span class='ocrx_word' id='word_1_394' title='bbox 1888 2024 2065 2094; x_wconf 89' lang='lat' dir='ltr'><strong>possit</strong></span> <span class='ocrx_word' id='word_1_395' title='bbox 2091 2039 2212 2077; x_wconf 90' lang='lat' dir='ltr'><strong>esse</strong></span> <span class='ocrx_word' id='word_1_396' title='bbox 2242 2022 2535 2094; x_wconf 89' lang='lat' dir='ltr'><strong>pollutum,</strong></span> <span class='ocrx_word' id='word_1_397' title='bbox 2575 2022 2722 2093; x_wconf 90' lang='lat' dir='ltr'><strong>quod</strong></span> <span class='ocrx_word' id='word_1_398' title='bbox 2755 2039 2882 2077; x_wconf 91' lang='lat' dir='ltr'><strong>cum</strong></span> <span class='ocrx_word' id='word_1_399' title='bbox 2909 2024 3226 2094; x_wconf 83' lang='lat' dir='ltr'><strong>gratiarum</strong></span> <span class='ocrx_word' id='word_1_400' title='bbox 3267 2026 3487 2082; x_wconf 88' lang='lat' dir='ltr'><strong>actione</strong></span> 
     </span>
    </p>
   </div>
   <div class='ocr_carea' id='block_1_51' title="bbox 1883 2111 3485 2184">
    <p class='ocr_par' dir='ltr' id='par_1_51' title="bbox 1883 2111 3485 2184">
     <span class='ocr_line' id='line_1_51' title="bbox 1883 2111 3485 2184; baseline 0.002 -18"><span class='ocrx_word' id='word_1_401' title='bbox 1883 2112 2192 2184; x_wconf 89' lang='lat' dir='ltr'><strong>percipitur</strong></span> <span class='ocrx_word' id='word_1_402' title='bbox 2211 2114 2264 2180; x_wconf 90' lang='grc' dir='ltr'><strong>(Ι</strong></span> <span class='ocrx_word' id='word_1_403' title='bbox 2298 2113 2435 2166; x_wconf 86' lang='lat' dir='ltr'><strong>Tim.</strong></span> <span class='ocrx_word' id='word_1_404' title='bbox 2454 2113 2548 2180; x_wconf 81' lang='lat' dir='ltr'><strong>Iv),</strong></span> <span class='ocrx_word' id='word_1_405' title='bbox 2575 2117 2632 2164; x_wconf 89' lang='lat' dir='ltr'><strong>et</strong></span> <span class='ocrx_word' id='word_1_406' title='bbox 2648 2111 2855 2166; x_wconf 91' lang='lat' dir='ltr'><strong>idcirco</strong></span> <span class='ocrx_word' id='word_1_407' title='bbox 2886 2128 2923 2166; x_wconf 91' lang='lat' dir='ltr'><strong>a</strong></span> <span class='ocrx_word' id='word_1_408' title='bbox 2953 2113 3193 2168; x_wconf 89' lang='lat' dir='ltr'><strong>Domino</strong></span> <span class='ocrx_word' id='word_1_409' title='bbox 3223 2113 3301 2168; x_wconf 86' lang='lat' dir='ltr'><strong>sit</strong></span> <span class='ocrx_word' id='word_1_410' title='bbox 3329 2131 3485 2170; x_wconf 86' lang='lat' dir='ltr'><strong>crea-</strong></span> 
     </span>
    </p>
   </div>
   <div class='ocr_carea' id='block_1_52' title="bbox 1882 2199 3487 2271">
    <p class='ocr_par' dir='ltr' id='par_1_52' title="bbox 1882 2199 3487 2271">
     <span class='ocr_line' id='line_1_52' title="bbox 1882 2199 3487 2271; baseline 0.002 -16"><span class='ocrx_word' id='word_1_411' title='bbox 1882 2207 2006 2255; x_wconf 89' lang='lat' dir='ltr'><strong>tum</strong></span> <span class='ocrx_word' id='word_1_412' title='bbox 2037 2207 2102 2255; x_wconf 90' lang='lat' dir='ltr'><strong>ut</strong></span> <span class='ocrx_word' id='word_1_413' title='bbox 2127 2200 2423 2255; x_wconf 85' lang='lat' dir='ltr'><strong>saturitate</strong></span> <span class='ocrx_word' id='word_1_414' title='bbox 2462 2205 2520 2254; x_wconf 91' lang='lat' dir='ltr'><strong>et</strong></span> <span class='ocrx_word' id='word_1_415' title='bbox 2548 2199 2946 2271; x_wconf 88' lang='lat' dir='ltr'><strong>adimpletione</strong></span> <span class='ocrx_word' id='word_1_416' title='bbox 2986 2202 3172 2256; x_wconf 86' lang='lat' dir='ltr'><strong>carnis</strong></span> <span class='ocrx_word' id='word_1_417' title='bbox 3207 2202 3487 2259; x_wconf 89' lang='lat' dir='ltr'><strong>humanos</strong></span> 
     </span>
    </p>
   </div>
   <div class='ocr_carea' id='block_1_53' title="bbox 1883 2290 3488 2360">
    <p class='ocr_par' dir='ltr' id='par_1_53' title="bbox 1883 2290 3488 2360">
     <span class='ocr_line' id='line_1_53' title="bbox 1883 2290 3488 2360; baseline 0.002 -16"><span class='ocrx_word' id='word_1_418' title='bbox 1883 2295 2042 2345; x_wconf 89' lang='lat' dir='ltr'><strong>artus</strong></span> <span class='ocrx_word' id='word_1_419' title='bbox 2095 2295 2372 2360; x_wconf 87' lang='lat' dir='ltr'><strong>vegetent,</strong></span> <span class='ocrx_word' id='word_1_420' title='bbox 2435 2295 2605 2360; x_wconf 87' lang='lat' dir='ltr'><strong>atque</strong></span> <span class='ocrx_word' id='word_1_421' title='bbox 2659 2294 2997 2344; x_wconf 78' lang='lat' dir='ltr'><strong>sustentant.</strong></span> <span class='ocrx_word' id='word_1_422' title='bbox 3053 2290 3162 2345; x_wconf 90' lang='lat' dir='ltr'><strong>Per</strong></span> <span class='ocrx_word' id='word_1_423' title='bbox 3207 2291 3488 2348; x_wconf 87' lang='lat' dir='ltr'><strong>elementa</strong></span> 
     </span>
    </p>
   </div>
   <div class='ocr_carea' id='block_1_54' title="bbox 1883 2377 3483 2450">
    <p class='ocr_par' dir='ltr' id='par_1_54' title="bbox 1883 2377 3483 2450">
     <span class='ocr_line' id='line_1_54' title="bbox 1883 2377 3483 2450; baseline 0.002 -17"><span class='ocrx_word' id='word_1_424' title='bbox 1883 2385 2074 2433; x_wconf 91' lang='lat' dir='ltr'><strong>autem</strong></span> <span class='ocrx_word' id='word_1_425' title='bbox 2119 2378 2336 2444; x_wconf 91' lang='lat' dir='ltr'><strong>mundi,</strong></span> <span class='ocrx_word' id='word_1_426' title='bbox 2388 2377 2592 2448; x_wconf 85' lang='lat' dir='ltr'><strong>quibus</strong></span> <span class='ocrx_word' id='word_1_427' title='bbox 2638 2377 2892 2444; x_wconf 90' lang='lat' dir='ltr'><strong>vivimus,</strong></span> <span class='ocrx_word' id='word_1_428' title='bbox 2937 2378 3052 2433; x_wconf 92' lang='lat' dir='ltr'><strong>imo</strong></span> <span class='ocrx_word' id='word_1_429' title='bbox 3096 2378 3300 2450; x_wconf 90' lang='lat' dir='ltr'><strong>quibus</strong></span> <span class='ocrx_word' id='word_1_430' title='bbox 3331 2397 3483 2436; x_wconf 90' lang='lat' dir='ltr'><strong>mor-</strong></span> 
     </span>
    </p>
   </div>
   <div class='ocr_carea' id='block_1_55' title="bbox 1881 2467 3488 2538">
    <p class='ocr_par' dir='ltr' id='par_1_55' title="bbox 1881 2467 3488 2538">
     <span class='ocr_line' id='line_1_55' title="bbox 1881 2467 3488 2538; baseline 0.002 -16"><span class='ocrx_word' id='word_1_431' title='bbox 1881 2468 1966 2522; x_wconf 89' lang='lat' dir='ltr'><strong>tui</strong></span> <span class='ocrx_word' id='word_1_432' title='bbox 2007 2483 2202 2522; x_wconf 87' lang='lat' dir='ltr'><strong>sumus</strong></span> <span class='ocrx_word' id='word_1_433' title='bbox 2241 2467 2328 2520; x_wconf 81' lang='lat' dir='ltr'><strong>lex</strong></span> <span class='ocrx_word' id='word_1_434' title='bbox 2373 2467 2552 2538; x_wconf 83' lang='lat' dir='ltr'><strong>Moysi</strong></span> <span class='ocrx_word' id='word_1_435' title='bbox 2610 2471 2667 2520; x_wconf 93' lang='lat' dir='ltr'><strong>et</strong></span> <span class='ocrx_word' id='word_1_436' title='bbox 2719 2482 2885 2521; x_wconf 91' lang='lat' dir='ltr'><strong>omne</strong></span> <span class='ocrx_word' id='word_1_437' title='bbox 2939 2472 3100 2523; x_wconf 87' lang='lat' dir='ltr'><strong>vetus</strong></span> <span class='ocrx_word' id='word_1_438' title='bbox 3146 2467 3488 2526; x_wconf 88' lang='lat' dir='ltr'><strong>instrumen-</strong></span> 
     </span>
    </p>
   </div>
   <div class='ocr_carea' id='block_1_56' title="bbox 1879 2555 3488 2627">
    <p class='ocr_par' dir='ltr' id='par_1_56' title="bbox 1879 2555 3488 2627">
     <span class='ocr_line' id='line_1_56' title="bbox 1879 2555 3488 2627; baseline 0.002 -17"><span class='ocrx_word' id='word_1_439' title='bbox 1879 2561 2004 2610; x_wconf 90' lang='lat' dir='ltr'><strong>tum</strong></span> <span class='ocrx_word' id='word_1_440' title='bbox 2032 2555 2460 2626; x_wconf 89' lang='lat' dir='ltr'><strong>intelligendum</strong></span> <span class='ocrx_word' id='word_1_441' title='bbox 2507 2561 2613 2620; x_wconf 92' lang='lat' dir='ltr'><strong>est,</strong></span> <span class='ocrx_word' id='word_1_442' title='bbox 2660 2555 2864 2626; x_wconf 90' lang='lat' dir='ltr'><strong>quibus</strong></span> <span class='ocrx_word' id='word_1_443' title='bbox 2901 2555 3060 2627; x_wconf 87' lang='lat' dir='ltr'><strong>quasi</strong></span> <span class='ocrx_word' id='word_1_444' title='bbox 3107 2557 3400 2613; x_wconf 89' lang='lat' dir='ltr'><strong>elementis</strong></span> <span class='ocrx_word' id='word_1_445' title='bbox 3429 2564 3488 2614; x_wconf 90' lang='lat' dir='ltr'><strong>et</strong></span> 
     </span>
    </p>
   </div>
   <div class='ocr_carea' id='block_1_57' title="bbox 1879 2644 3485 2718">
    <p class='ocr_par' dir='ltr' id='par_1_57' title="bbox 1879 2644 3485 2718">
     <span class='ocr_line' id='line_1_57' title="bbox 1879 2644 3485 2718; baseline 0.003 -20"><span class='ocrx_word' id='word_1_446' title='bbox 1879 2645 2170 2715; x_wconf 83' lang='lat' dir='ltr'><strong>religionis</strong></span> <span class='ocrx_word' id='word_1_447' title='bbox 2217 2645 2458 2699; x_wconf 87' lang='lat' dir='ltr'><strong>exordiis</strong></span> <span class='ocrx_word' id='word_1_448' title='bbox 2496 2644 2799 2700; x_wconf 89' lang='lat' dir='ltr'><strong>Dominum</strong></span> <span class='ocrx_word' id='word_1_449' title='bbox 2837 2644 3104 2700; x_wconf 87' lang='lat' dir='ltr'><strong>discimus</strong></span> <span class='ocrx_word' id='word_1_450' title='bbox 3134 2664 3146 2699; x_wconf 88' lang='lat'><strong>:</strong></span> <span class='ocrx_word' id='word_1_451' title='bbox 3180 2663 3290 2718; x_wconf 89' lang='lat' dir='ltr'><strong>quo</strong></span> <span class='ocrx_word' id='word_1_452' title='bbox 3317 2648 3485 2703; x_wconf 91' lang='lat' dir='ltr'><strong>modo</strong></span> 
     </span>
    </p>
   </div>
   <div class='ocr_carea' id='block_1_58' title="bbox 1882 2733 3484 2808">
    <p class='ocr_par' dir='ltr' id='par_1_58' title="bbox 1882 2733 3484 2808">
     <span class='ocr_line' id='line_1_58' title="bbox 1882 2733 3484 2808; baseline 0.004 -22"><span class='ocrx_word' id='word_1_453' title='bbox 1882 2739 1940 2788; x_wconf 90' lang='lat' dir='ltr'><strong>et</strong></span> <span class='ocrx_word' id='word_1_454' title='bbox 1968 2734 2248 2788; x_wconf 90' lang='lat' dir='ltr'><strong>elementa</strong></span> <span class='ocrx_word' id='word_1_455' title='bbox 2274 2733 2636 2804; x_wconf 88' lang='lat' dir='ltr'><strong>appellantur</strong></span> <span class='ocrx_word' id='word_1_456' title='bbox 2661 2733 2883 2800; x_wconf 64' lang='lat' dir='ltr'><strong>litterae,</strong></span> <span class='ocrx_word' id='word_1_457' title='bbox 2916 2751 3018 2805; x_wconf 91' lang='lat' dir='ltr'><strong>per</strong></span> <span class='ocrx_word' id='word_1_458' title='bbox 3058 2751 3198 2805; x_wconf 84' lang='lat' dir='ltr'><strong>quas</strong></span> <span class='ocrx_word' id='word_1_459' title='bbox 3239 2736 3484 2808; x_wconf 87' lang='lat' dir='ltr'><strong>syllabas</strong></span> 
     </span>
    </p>
   </div>
   <div class='ocr_carea' id='block_1_59' title="bbox 1883 2821 3482 2892">
    <p class='ocr_par' dir='ltr' id='par_1_59' title="bbox 1883 2821 3482 2892">
     <span class='ocr_line' id='line_1_59' title="bbox 1883 2821 3482 2892; baseline 0.005 -18"><span class='ocrx_word' id='word_1_460' title='bbox 1883 2838 1948 2875; x_wconf 86' lang='lat' dir='ltr'><strong>ac</strong></span> <span class='ocrx_word' id='word_1_461' title='bbox 1993 2821 2161 2876; x_wconf 87' lang='lat' dir='ltr'><strong>verba</strong></span> <span class='ocrx_word' id='word_1_462' title='bbox 2204 2822 2617 2892; x_wconf 90' lang='lat' dir='ltr'><strong>conjungimus,</strong></span> <span class='ocrx_word' id='word_1_463' title='bbox 2661 2829 2720 2879; x_wconf 89' lang='lat' dir='ltr'><strong>et</strong></span> <span class='ocrx_word' id='word_1_464' title='bbox 2758 2822 2830 2876; x_wconf 88' lang='lat' dir='ltr'><strong>ad</strong></span> <span class='ocrx_word' id='word_1_465' title='bbox 2866 2823 3162 2878; x_wconf 87' lang='lat' dir='ltr'><strong>texendam</strong></span> <span class='ocrx_word' id='word_1_466' title='bbox 3203 2825 3482 2882; x_wconf 88' lang='lat' dir='ltr'><strong>rationem</strong></span> 
     </span>
    </p>
   </div>
   <div class='ocr_carea' id='block_1_60' title="bbox 1881 2910 3484 2984">
    <p class='ocr_par' dir='ltr' id='par_1_60' title="bbox 1881 2910 3484 2984">
     <span class='ocr_line' id='line_1_60' title="bbox 1881 2910 3484 2984; baseline 0.004 -20"><span class='ocrx_word' id='word_1_467' title='bbox 1881 2910 2050 2981; x_wconf 90' lang='lat' dir='ltr'><strong>longa</strong></span> <span class='ocrx_word' id='word_1_468' title='bbox 2081 2911 2445 2966; x_wconf 88' lang='lat' dir='ltr'><strong>meditatione</strong></span> <span class='ocrx_word' id='word_1_469' title='bbox 2474 2911 2858 2982; x_wconf 68' lang='lat' dir='ltr'><strong>praecedimus.</strong></span> <span class='ocrx_word' id='word_1_470' title='bbox 2892 2913 2999 2966; x_wconf 87' lang='lat' dir='ltr'><strong>Ars</strong></span> <span class='ocrx_word' id='word_1_471' title='bbox 3018 2929 3241 2984; x_wconf 89' lang='lat' dir='ltr'><strong>quoque</strong></span> <span class='ocrx_word' id='word_1_472' title='bbox 3270 2915 3484 2970; x_wconf 86' lang='lat' dir='ltr'><strong>musica</strong></span> 
     </span>
    </p>
   </div>
   <div class='ocr_carea' id='block_1_61' title="bbox 1881 2999 3479 3070">
    <p class='ocr_par' dir='ltr' id='par_1_61' title="bbox 1881 2999 3479 3070">
     <span class='ocr_line' id='line_1_61' title="bbox 1881 2999 3479 3070; baseline 0.004 -18"><span class='ocrx_word' id='word_1_473' title='bbox 1881 2999 2052 3054; x_wconf 87' lang='lat' dir='ltr'><strong>habet</strong></span> <span class='ocrx_word' id='word_1_474' title='bbox 2079 3001 2359 3054; x_wconf 91' lang='lat' dir='ltr'><strong>elementa</strong></span> <span class='ocrx_word' id='word_1_475' title='bbox 2387 3016 2491 3054; x_wconf 89' lang='lat' dir='ltr'><strong>sua</strong></span> <span class='ocrx_word' id='word_1_476' title='bbox 2518 3006 2577 3054; x_wconf 89' lang='lat' dir='ltr'><strong>et</strong></span> <span class='ocrx_word' id='word_1_477' title='bbox 2601 2999 2944 3070; x_wconf 87' lang='lat' dir='ltr'><strong>geometrica</strong></span> <span class='ocrx_word' id='word_1_478' title='bbox 2973 2999 3044 3054; x_wconf 87' lang='lat' dir='ltr'><strong>ab</strong></span> <span class='ocrx_word' id='word_1_479' title='bbox 3073 3001 3367 3058; x_wconf 89' lang='lat' dir='ltr'><strong>elementis</strong></span> <span class='ocrx_word' id='word_1_480' title='bbox 3391 3003 3479 3058; x_wconf 90' lang='lat' dir='ltr'><strong>in-</strong></span> 
     </span>
    </p>
   </div>
   <div class='ocr_carea' id='block_1_62' title="bbox 213 3071 3483 3160">
    <p class='ocr_par' dir='ltr' id='par_1_62' title="bbox 213 3071 3483 3160">
     <span class='ocr_line' id='line_1_62' title="bbox 213 3071 3483 3160; baseline 0.003 -21"><span class='ocrx_word' id='word_1_481' title='bbox 213 3085 360 3156; x_wconf 82' lang='lat' dir='ltr'><strong>liqua,</strong></span> <span class='ocrx_word' id='word_1_482' title='bbox 399 3086 614 3158; x_wconf 89' lang='lat' dir='ltr'><strong>quibus</strong></span> <span class='ocrx_word' id='word_1_483' title='bbox 651 3087 838 3153; x_wconf 86' lang='lat' dir='ltr'><strong>infert,</strong></span> <span class='ocrx_word' id='word_1_484' title='bbox 873 3093 922 3141; x_wconf 90' lang='lat' dir='ltr'><strong>et</strong></span> <span class='ocrx_word' id='word_1_485' title='bbox 952 3091 1189 3142; x_wconf 83' lang='lat' dir='ltr'><strong>irritum</strong></span> <span class='ocrx_word' id='word_1_486' title='bbox 1229 3091 1432 3156; x_wconf 83' lang='lat' dir='ltr'><strong>fecistis</strong></span> <span class='ocrx_word' id='word_1_487' title='bbox 1465 3093 1795 3145; x_wconf 85' lang='lat' dir='ltr'><strong>mandatum</strong></span> <span class='ocrx_word' id='word_1_488' title='bbox 1817 3071 1860 3130; x_wconf 59' lang='grc' dir='ltr'><strong>(ἶ</strong></span> <span class='ocrx_word' id='word_1_489' title='bbox 1880 3088 2017 3159; x_wconf 89' lang='lat' dir='ltr'><strong>cipit</strong></span> <span class='ocrx_word' id='word_1_490' title='bbox 2043 3088 2336 3155; x_wconf 89' lang='lat' dir='ltr'><strong>linearum,</strong></span> <span class='ocrx_word' id='word_1_491' title='bbox 2372 3093 2429 3142; x_wconf 88' lang='lat' dir='ltr'><strong>et</strong></span> <span class='ocrx_word' id='word_1_492' title='bbox 2454 3088 2745 3142; x_wconf 85' lang='lat' dir='ltr'><strong>dialectica</strong></span> <span class='ocrx_word' id='word_1_493' title='bbox 2766 3094 2935 3160; x_wconf 89' lang='lat' dir='ltr'><strong>atque</strong></span> <span class='ocrx_word' id='word_1_494' title='bbox 2962 3090 3242 3145; x_wconf 85' lang='lat' dir='ltr'><strong>medicina</strong></span> <span class='ocrx_word' id='word_1_495' title='bbox 3273 3089 3483 3148; x_wconf 83' lang='lat' dir='ltr'><strong>habent</strong></span> 
     </span>
    </p>
   </div>
   <div class='ocr_carea' id='block_1_63' title="bbox 209 3175 1799 3245">
    <p class='ocr_par' dir='ltr' id='par_1_63' title="bbox 209 3175 1799 3245">
     <span class='ocr_line' id='line_1_63' title="bbox 209 3175 1799 3245; baseline 0.006 -19"><span class='ocrx_word' id='word_1_496' title='bbox 209 3175 292 3227; x_wconf 84' lang='lat' dir='ltr'><strong>Dei</strong></span> <span class='ocrx_word' id='word_1_497' title='bbox 301 3181 523 3245; x_wconf 83' lang='lat' dir='ltr'><strong>propter</strong></span> <span class='ocrx_word' id='word_1_498' title='bbox 548 3177 910 3230; x_wconf 85' lang='lat' dir='ltr'><strong>traditionem</strong></span> <span class='ocrx_word' id='word_1_499' title='bbox 925 3183 1182 3231; x_wconf 85' lang='lat' dir='ltr'><strong>vestram.</strong></span> <span class='ocrx_word' id='word_1_500' title='bbox 1207 3178 1441 3242; x_wconf 65' lang='lat' dir='ltr'><strong>Quanta:</strong></span> <span class='ocrx_word' id='word_1_501' title='bbox 1469 3179 1799 3235; x_wconf 87' lang='lat' dir='ltr'><strong>traditiones</strong></span> 
     </span>
    </p>
   </div>
   <div class='ocr_carea' id='block_1_64' title="bbox 211 3262 1799 3343">
    <p class='ocr_par' dir='ltr' id='par_1_64' title="bbox 211 3262 1799 3343">
     <span class='ocr_line' id='line_1_64' title="bbox 211 3262 1799 3343; baseline 0.006 -28"><span class='ocrx_word' id='word_1_502' title='bbox 211 3262 603 3319; x_wconf 72' lang='lat' dir='ltr'><strong>Pharisaeorum</strong></span> <span class='ocrx_word' id='word_1_503' title='bbox 631 3265 764 3331; x_wconf 87' lang='lat' dir='ltr'><strong>sint,</strong></span> <span class='ocrx_word' id='word_1_504' title='bbox 799 3282 938 3336; x_wconf 89' lang='lat' dir='ltr'><strong>quas</strong></span> <span class='ocrx_word' id='word_1_505' title='bbox 970 3266 1137 3319; x_wconf 90' lang='lat' dir='ltr'><strong>hodie</strong></span> <span class='ocrx_word' id='word_1_506' title='bbox 1157 3267 1480 3343; x_wconf 76' lang='grc' dir='ltr'><strong>δευτερὸσεις</strong></span> <span class='ocrx_word' id='word_1_507' title='bbox 1500 3275 1716 3336; x_wconf 85' lang='lat' dir='ltr'><strong>vocant,</strong></span> <span class='ocrx_word' id='word_1_508' title='bbox 1743 3275 1799 3324; x_wconf 91' lang='lat' dir='ltr'><strong>et</strong></span> 
     </span>
    </p>
   </div>
   <div class='ocr_carea' id='block_1_65' title="bbox 209 3351 1796 3426">
    <p class='ocr_par' dir='ltr' id='par_1_65' title="bbox 209 3351 1796 3426">
     <span class='ocr_line' id='line_1_65' title="bbox 209 3351 1796 3426; baseline 0.004 -22"><span class='ocrx_word' id='word_1_509' title='bbox 209 3367 354 3421; x_wconf 87' lang='lat' dir='ltr'><strong>quam</strong></span> <span class='ocrx_word' id='word_1_510' title='bbox 384 3353 571 3406; x_wconf 87' lang='lat' dir='ltr'><strong>aniles</strong></span> <span class='ocrx_word' id='word_1_511' title='bbox 601 3351 823 3417; x_wconf 55' lang='lat' dir='ltr'><strong>fabula},</strong></span> <span class='ocrx_word' id='word_1_512' title='bbox 855 3354 1138 3408; x_wconf 89' lang='lat' dir='ltr'><strong>revolvere</strong></span> <span class='ocrx_word' id='word_1_513' title='bbox 1167 3371 1402 3426; x_wconf 92' lang='lat' dir='ltr'><strong>nequeo,</strong></span> <span class='ocrx_word' id='word_1_514' title='bbox 1437 3373 1619 3426; x_wconf 90' lang='lat' dir='ltr'><strong>neque</strong></span> <span class='ocrx_word' id='word_1_515' title='bbox 1647 3357 1796 3410; x_wconf 90' lang='lat' dir='ltr'><strong>enim</strong></span> 
     </span>
    </p>
   </div>
   <div class='ocr_carea' id='block_1_66' title="bbox 210 3439 1794 3515">
    <p class='ocr_par' dir='ltr' id='par_1_66' title="bbox 210 3439 1794 3515">
     <span class='ocr_line' id='line_1_66' title="bbox 210 3439 1794 3515; baseline 0.004 -23"><span class='ocrx_word' id='word_1_516' title='bbox 210 3439 314 3493; x_wconf 87' lang='lat' dir='ltr'><strong>libri</strong></span> <span class='ocrx_word' id='word_1_517' title='bbox 335 3442 556 3511; x_wconf 88' lang='lat' dir='ltr'><strong>patitur</strong></span> <span class='ocrx_word' id='word_1_518' title='bbox 567 3442 919 3512; x_wconf 84' lang='lat' dir='ltr'><strong>magnitudo,</strong></span> <span class='ocrx_word' id='word_1_519' title='bbox 943 3449 1001 3496; x_wconf 91' lang='lat' dir='ltr'><strong>et</strong></span> <span class='ocrx_word' id='word_1_520' title='bbox 1020 3444 1286 3515; x_wconf 89' lang='lat' dir='ltr'><strong>pleraque</strong></span> <span class='ocrx_word' id='word_1_521' title='bbox 1306 3449 1420 3497; x_wconf 80' lang='lat' dir='ltr'><strong>tam</strong></span> <span class='ocrx_word' id='word_1_522' title='bbox 1434 3445 1624 3515; x_wconf 87' lang='lat' dir='ltr'><strong>turpia</strong></span> <span class='ocrx_word' id='word_1_523' title='bbox 1644 3451 1794 3512; x_wconf 88' lang='lat' dir='ltr'><strong>sunt,</strong></span> 
     </span>
    </p>
   </div>
   <div class='ocr_carea' id='block_1_67' title="bbox 207 3529 1798 3603">
    <p class='ocr_par' dir='ltr' id='par_1_67' title="bbox 207 3529 1798 3603">
     <span class='ocr_line' id='line_1_67' title="bbox 207 3529 1798 3603; baseline 0.004 -21"><span class='ocrx_word' id='word_1_524' title='bbox 207 3529 590 3585; x_wconf 85' lang='lat' dir='ltr'><strong>uterubescam</strong></span> <span class='ocrx_word' id='word_1_525' title='bbox 611 3530 815 3597; x_wconf 88' lang='lat' dir='ltr'><strong>dicere,</strong></span> <span class='ocrx_word' id='word_1_526' title='bbox 839 3531 1022 3585; x_wconf 91' lang='lat' dir='ltr'><strong>dicam</strong></span> <span class='ocrx_word' id='word_1_527' title='bbox 1043 3538 1233 3586; x_wconf 89' lang='lat' dir='ltr'><strong>tamen</strong></span> <span class='ocrx_word' id='word_1_528' title='bbox 1246 3549 1418 3587; x_wconf 90' lang='lat' dir='ltr'><strong>unam</strong></span> <span class='ocrx_word' id='word_1_529' title='bbox 1430 3533 1798 3603; x_wconf 84' lang='lat' dir='ltr'><strong>ignominiam</strong></span> 
     </span>
    </p>
   </div>
   <div class='ocr_carea' id='block_1_68' title="bbox 204 3617 1796 3693">
    <p class='ocr_par' dir='ltr' id='par_1_68' title="bbox 204 3617 1796 3693">
     <span class='ocr_line' id='line_1_68' title="bbox 204 3617 1796 3693; baseline 0.006 -24"><span class='ocrx_word' id='word_1_530' title='bbox 204 3617 379 3674; x_wconf 87' lang='lat' dir='ltr'><strong>Gentis</strong></span> <span class='ocrx_word' id='word_1_531' title='bbox 406 3619 658 3674; x_wconf 64' lang='lat' dir='ltr'><strong>inimice</strong></span> <span class='ocrx_word' id='word_1_532' title='bbox 688 3637 700 3672; x_wconf 90' lang='lat'><strong>:</strong></span> <span class='ocrx_word' id='word_1_533' title='bbox 739 3621 1078 3692; x_wconf 65' lang='lat' dir='ltr'><strong>prepositos</strong></span> <span class='ocrx_word' id='word_1_534' title='bbox 1119 3621 1330 3675; x_wconf 87' lang='lat' dir='ltr'><strong>habent</strong></span> <span class='ocrx_word' id='word_1_535' title='bbox 1369 3639 1666 3693; x_wconf 71' lang='lat' dir='ltr'><strong>synagoga:</strong></span> <span class='ocrx_word' id='word_1_536' title='bbox 1705 3640 1796 3678; x_wconf 88' lang='lat' dir='ltr'><strong>sa-</strong></span> 
     </span>
    </p>
   </div>
   <div class='ocr_carea' id='block_1_69' title="bbox 201 3707 1798 3781">
    <p class='ocr_par' dir='ltr' id='par_1_69' title="bbox 201 3707 1798 3781">
     <span class='ocr_line' id='line_1_69' title="bbox 201 3707 1798 3781; baseline 0.003 -20"><span class='ocrx_word' id='word_1_537' title='bbox 201 3707 569 3776; x_wconf 88' lang='lat' dir='ltr'><strong>pientissimos</strong></span> <span class='ocrx_word' id='word_1_538' title='bbox 600 3725 852 3780; x_wconf 90' lang='lat' dir='ltr'><strong>quosque</strong></span> <span class='ocrx_word' id='word_1_539' title='bbox 882 3709 1026 3763; x_wconf 81' lang='lat' dir='ltr'><strong>fcedo</strong></span> <span class='ocrx_word' id='word_1_540' title='bbox 1058 3710 1213 3781; x_wconf 91' lang='lat' dir='ltr'><strong>operi</strong></span> <span class='ocrx_word' id='word_1_541' title='bbox 1245 3710 1549 3781; x_wconf 87' lang='lat' dir='ltr'><strong>delegatos,</strong></span> <span class='ocrx_word' id='word_1_542' title='bbox 1581 3717 1644 3765; x_wconf 91' lang='lat' dir='ltr'><strong>ut</strong></span> <span class='ocrx_word' id='word_1_543' title='bbox 1672 3729 1798 3766; x_wconf 87' lang='lat' dir='ltr'><strong>san-</strong></span> 
     </span>
    </p>
   </div>
   <div class='ocr_carea' id='block_1_70' title="bbox 200 3796 1794 3868">
    <p class='ocr_par' dir='ltr' id='par_1_70' title="bbox 200 3796 1794 3868">
     <span class='ocr_line' id='line_1_70' title="bbox 200 3796 1794 3868; baseline 0.004 -20"><span class='ocrx_word' id='word_1_544' title='bbox 200 3796 410 3864; x_wconf 84' lang='lat' dir='ltr'><strong>guinem</strong></span> <span class='ocrx_word' id='word_1_545' title='bbox 451 3797 692 3868; x_wconf 87' lang='lat' dir='ltr'><strong>virginis</strong></span> <span class='ocrx_word' id='word_1_546' title='bbox 725 3798 838 3852; x_wconf 89' lang='lat' dir='ltr'><strong>sive</strong></span> <span class='ocrx_word' id='word_1_547' title='bbox 875 3804 1237 3853; x_wconf 63' lang='lat' dir='ltr'><strong>menstruam:</strong></span> <span class='ocrx_word' id='word_1_548' title='bbox 1269 3800 1541 3854; x_wconf 90' lang='lat' dir='ltr'><strong>mundum</strong></span> <span class='ocrx_word' id='word_1_549' title='bbox 1570 3801 1657 3854; x_wconf 92' lang='lat' dir='ltr'><strong>vel</strong></span> <span class='ocrx_word' id='word_1_550' title='bbox 1685 3801 1794 3855; x_wconf 92' lang='lat' dir='ltr'><strong>im-</strong></span> 
     </span>
    </p>
   </div>
   <div class='ocr_carea' id='block_1_71' title="bbox 201 3887 1790 3960">
    <p class='ocr_par' dir='ltr' id='par_1_71' title="bbox 201 3887 1790 3960">
     <span class='ocr_line' id='line_1_71' title="bbox 201 3887 1790 3960; baseline 0.005 -24"><span class='ocrx_word' id='word_1_551' title='bbox 201 3887 477 3952; x_wconf 90' lang='lat' dir='ltr'><strong>mundum,</strong></span> <span class='ocrx_word' id='word_1_552' title='bbox 518 3887 570 3940; x_wconf 89' lang='lat' dir='ltr'><strong>si</strong></span> <span class='ocrx_word' id='word_1_553' title='bbox 599 3887 774 3941; x_wconf 90' lang='lat' dir='ltr'><strong>oculis</strong></span> <span class='ocrx_word' id='word_1_554' title='bbox 807 3887 1126 3941; x_wconf 88' lang='lat' dir='ltr'><strong>discernere</strong></span> <span class='ocrx_word' id='word_1_555' title='bbox 1157 3905 1267 3942; x_wconf 92' lang='lat' dir='ltr'><strong>non</strong></span> <span class='ocrx_word' id='word_1_556' title='bbox 1291 3889 1596 3959; x_wconf 89' lang='lat' dir='ltr'><strong>potuerint,</strong></span> <span class='ocrx_word' id='word_1_557' title='bbox 1621 3895 1790 3960; x_wconf 89' lang='lat' dir='ltr'><strong>gustu</strong></span> 
     </span>
    </p>
   </div>
   <div class='ocr_carea' id='block_1_72' title="bbox 199 3973 1789 4047">
    <p class='ocr_par' dir='ltr' id='par_1_72' title="bbox 199 3973 1789 4047">
     <span class='ocr_line' id='line_1_72' title="bbox 199 3973 1789 4047; baseline 0.005 -22"><span class='ocrx_word' id='word_1_558' title='bbox 199 3973 436 4042; x_wconf 84' lang='lat' dir='ltr'><strong>probent.</strong></span> <span class='ocrx_word' id='word_1_559' title='bbox 472 3977 872 4046; x_wconf 65' lang='lat' dir='ltr'><strong>Praetereaque</strong></span> <span class='ocrx_word' id='word_1_560' title='bbox 895 3978 1119 4047; x_wconf 88' lang='lat' dir='ltr'><strong>jussum</strong></span> <span class='ocrx_word' id='word_1_561' title='bbox 1160 3983 1246 4031; x_wconf 92' lang='lat' dir='ltr'><strong>est</strong></span> <span class='ocrx_word' id='word_1_562' title='bbox 1279 3983 1342 4032; x_wconf 93' lang='lat' dir='ltr'><strong>ut</strong></span> <span class='ocrx_word' id='word_1_563' title='bbox 1382 3979 1473 4032; x_wconf 91' lang='lat' dir='ltr'><strong>die</strong></span> <span class='ocrx_word' id='word_1_564' title='bbox 1517 3977 1789 4034; x_wconf 89' lang='lat' dir='ltr'><strong>Sabbato-</strong></span> 
     </span>
    </p>
   </div>
   <div class='ocr_carea' id='block_1_73' title="bbox 199 4065 1788 4138">
    <p class='ocr_par' dir='ltr' id='par_1_73' title="bbox 199 4065 1788 4138">
     <span class='ocr_line' id='line_1_73' title="bbox 199 4065 1788 4138; baseline 0.003 -21"><span class='ocrx_word' id='word_1_565' title='bbox 199 4077 312 4116; x_wconf 83' lang='lat' dir='ltr'><strong>nun</strong></span> <span class='ocrx_word' id='word_1_566' title='bbox 339 4065 542 4118; x_wconf 87' lang='lat' dir='ltr'><strong>sedeat</strong></span> <span class='ocrx_word' id='word_1_567' title='bbox 571 4065 958 4136; x_wconf 90' lang='lat' dir='ltr'><strong>unusquisque</strong></span> <span class='ocrx_word' id='word_1_568' title='bbox 988 4066 1048 4119; x_wconf 92' lang='lat' dir='ltr'><strong>in</strong></span> <span class='ocrx_word' id='word_1_569' title='bbox 1077 4066 1242 4120; x_wconf 89' lang='lat' dir='ltr'><strong>domo</strong></span> <span class='ocrx_word' id='word_1_570' title='bbox 1269 4083 1373 4120; x_wconf 85' lang='lat' dir='ltr'><strong>sua</strong></span> <span class='ocrx_word' id='word_1_571' title='bbox 1399 4073 1457 4120; x_wconf 91' lang='lat' dir='ltr'><strong>et</strong></span> <span class='ocrx_word' id='word_1_572' title='bbox 1481 4084 1598 4122; x_wconf 89' lang='lat' dir='ltr'><strong>non</strong></span> <span class='ocrx_word' id='word_1_573' title='bbox 1628 4085 1788 4138; x_wconf 88' lang='lat' dir='ltr'><strong>egre-</strong></span> 
     </span>
    </p>
   </div>
   <div class='ocr_carea' id='block_1_74' title="bbox 196 4149 1788 4226">
    <p class='ocr_par' dir='ltr' id='par_1_74' title="bbox 196 4149 1788 4226">
     <span class='ocr_line' id='line_1_74' title="bbox 196 4149 1788 4226; baseline 0.004 -22"><span class='ocrx_word' id='word_1_574' title='bbox 196 4149 387 4218; x_wconf 87' lang='lat' dir='ltr'><strong>diatur,</strong></span> <span class='ocrx_word' id='word_1_575' title='bbox 441 4170 551 4207; x_wconf 88' lang='lat' dir='ltr'><strong>nec</strong></span> <span class='ocrx_word' id='word_1_576' title='bbox 608 4153 858 4208; x_wconf 87' lang='lat' dir='ltr'><strong>ambulet</strong></span> <span class='ocrx_word' id='word_1_577' title='bbox 901 4155 970 4208; x_wconf 92' lang='lat' dir='ltr'><strong>de</strong></span> <span class='ocrx_word' id='word_1_578' title='bbox 1029 4155 1148 4208; x_wconf 90' lang='lat' dir='ltr'><strong>loco</strong></span> <span class='ocrx_word' id='word_1_579' title='bbox 1202 4155 1261 4208; x_wconf 90' lang='lat' dir='ltr'><strong>in</strong></span> <span class='ocrx_word' id='word_1_580' title='bbox 1293 4172 1401 4226; x_wconf 90' lang='lat' dir='ltr'><strong>quo</strong></span> <span class='ocrx_word' id='word_1_581' title='bbox 1445 4155 1692 4224; x_wconf 86' lang='lat' dir='ltr'><strong>habitat;</strong></span> <span class='ocrx_word' id='word_1_582' title='bbox 1741 4157 1788 4212; x_wconf 90' lang='lat' dir='ltr'><strong>si</strong></span> 
     </span>
    </p>
   </div>
   <div class='ocr_carea' id='block_1_75' title="bbox 199 4233 1792 4315">
    <p class='ocr_par' dir='ltr' id='par_1_75' title="bbox 199 4233 1792 4315">
     <span class='ocr_line' id='line_1_75' title="bbox 199 4233 1792 4315; baseline 0.005 -23"><span class='ocrx_word' id='word_1_583' title='bbox 199 4243 407 4308; x_wconf 85' lang='lat' dir='ltr'><strong>quando</strong></span> <span class='ocrx_word' id='word_1_584' title='bbox 437 4259 542 4297; x_wconf 90' lang='lat' dir='ltr'><strong>eos</strong></span> <span class='ocrx_word' id='word_1_585' title='bbox 578 4244 742 4312; x_wconf 83' lang='lat' dir='ltr'><strong>juxta</strong></span> <span class='ocrx_word' id='word_1_586' title='bbox 787 4243 1034 4297; x_wconf 89' lang='lat' dir='ltr'><strong>litteram</strong></span> <span class='ocrx_word' id='word_1_587' title='bbox 1069 4233 1406 4315; x_wconf 76' lang='lat' dir='ltr'><strong>coeperimus</strong></span> <span class='ocrx_word' id='word_1_588' title='bbox 1445 4251 1680 4311; x_wconf 86' lang='lat' dir='ltr'><strong>arctare,</strong></span> <span class='ocrx_word' id='word_1_589' title='bbox 1729 4252 1792 4300; x_wconf 90' lang='lat' dir='ltr'><strong>ut</strong></span> 
     </span>
    </p>
   </div>
   <div class='ocr_carea' id='block_1_76' title="bbox 197 4331 1790 4400">
    <p class='ocr_par' dir='ltr' id='par_1_76' title="bbox 197 4331 1790 4400">
     <span class='ocr_line' id='line_1_76' title="bbox 197 4331 1790 4400; baseline 0.004 -17"><span class='ocrx_word' id='word_1_590' title='bbox 197 4344 297 4384; x_wconf 88' lang='lat' dir='ltr'><strong>non</strong></span> <span class='ocrx_word' id='word_1_591' title='bbox 310 4333 565 4400; x_wconf 84' lang='lat' dir='ltr'><strong>jaceant,</strong></span> <span class='ocrx_word' id='word_1_592' title='bbox 598 4348 712 4385; x_wconf 91' lang='lat' dir='ltr'><strong>non</strong></span> <span class='ocrx_word' id='word_1_593' title='bbox 739 4331 1046 4399; x_wconf 89' lang='lat' dir='ltr'><strong>ambulent,</strong></span> <span class='ocrx_word' id='word_1_594' title='bbox 1080 4349 1193 4387; x_wconf 91' lang='lat' dir='ltr'><strong>non</strong></span> <span class='ocrx_word' id='word_1_595' title='bbox 1233 4339 1401 4400; x_wconf 90' lang='lat' dir='ltr'><strong>stent,</strong></span> <span class='ocrx_word' id='word_1_596' title='bbox 1442 4335 1540 4388; x_wconf 90' lang='lat' dir='ltr'><strong>sed</strong></span> <span class='ocrx_word' id='word_1_597' title='bbox 1567 4340 1790 4390; x_wconf 88' lang='lat' dir='ltr'><strong>tantum</strong></span> 
     </span>
    </p>
   </div>
   <div class='ocr_carea' id='block_1_77' title="bbox 199 4403 1854 4491">
    <p class='ocr_par' dir='ltr' id='par_1_77' title="bbox 199 4403 1854 4491">
     <span class='ocr_line' id='line_1_77' title="bbox 199 4403 1854 4491; baseline 0.005 -21"><span class='ocrx_word' id='word_1_598' title='bbox 199 4419 418 4474; x_wconf 76' lang='lat' dir='ltr'><strong>sedeant</strong></span> <span class='ocrx_word' id='word_1_599' title='bbox 453 4439 465 4473; x_wconf 94' lang='lat'>:</span> <span class='ocrx_word' id='word_1_600' title='bbox 507 4421 693 4474; x_wconf 89' lang='lat' dir='ltr'><strong>solent</strong></span> <span class='ocrx_word' id='word_1_601' title='bbox 730 4421 1067 4491; x_wconf 90' lang='lat' dir='ltr'><strong>respondere</strong></span> <span class='ocrx_word' id='word_1_602' title='bbox 1105 4427 1164 4475; x_wconf 91' lang='lat' dir='ltr'><strong>et</strong></span> <span class='ocrx_word' id='word_1_603' title='bbox 1198 4422 1403 4484; x_wconf 88' lang='lat' dir='ltr'><strong>dicere,</strong></span> <span class='ocrx_word' id='word_1_604' title='bbox 1453 4403 1854 4478; x_wconf 85' lang='lat' dir='ltr'><strong>BarachibasD</strong></span> 
     </span>
    </p>
   </div>
   <div class='ocr_carea' id='block_1_78' title="bbox 197 4508 1791 4580">
    <p class='ocr_par' dir='ltr' id='par_1_78' title="bbox 197 4508 1791 4580">
     <span class='ocr_line' id='line_1_78' title="bbox 197 4508 1791 4580; baseline 0.006 -22"><span class='ocrx_word' id='word_1_605' title='bbox 197 4511 247 4558; x_wconf 86' lang='lat' dir='ltr'><strong>et</strong></span> <span class='ocrx_word' id='word_1_606' title='bbox 272 4508 502 4563; x_wconf 89' lang='lat' dir='ltr'><strong>Simeon</strong></span> <span class='ocrx_word' id='word_1_607' title='bbox 535 4515 594 4562; x_wconf 88' lang='lat' dir='ltr'><strong>et</strong></span> <span class='ocrx_word' id='word_1_608' title='bbox 619 4509 808 4563; x_wconf 87' lang='lat' dir='ltr'><strong>Helles</strong></span> <span class='ocrx_word' id='word_1_609' title='bbox 833 4509 1088 4580; x_wconf 86' lang='lat' dir='ltr'><strong>magistri</strong></span> <span class='ocrx_word' id='word_1_610' title='bbox 1115 4511 1293 4564; x_wconf 88' lang='lat' dir='ltr'><strong>nostri</strong></span> <span class='ocrx_word' id='word_1_611' title='bbox 1320 4511 1677 4566; x_wconf 89' lang='lat' dir='ltr'><strong>tradiderunt</strong></span> <span class='ocrx_word' id='word_1_612' title='bbox 1694 4529 1791 4567; x_wconf 92' lang='lat' dir='ltr'><strong>no-</strong></span> 
     </span>
    </p>
   </div>
   <div class='ocr_carea' id='block_1_79' title="bbox 197 4591 1790 4669">
    <p class='ocr_par' dir='ltr' id='par_1_79' title="bbox 197 4591 1790 4669">
     <span class='ocr_line' id='line_1_79' title="bbox 197 4591 1790 4669; baseline 0.008 -25"><span class='ocrx_word' id='word_1_613' title='bbox 197 4591 288 4659; x_wconf 87' lang='lat' dir='ltr'><strong>bis,</strong></span> <span class='ocrx_word' id='word_1_614' title='bbox 319 4603 384 4650; x_wconf 93' lang='lat' dir='ltr'><strong>ut</strong></span> <span class='ocrx_word' id='word_1_615' title='bbox 403 4597 520 4652; x_wconf 90' lang='lat' dir='ltr'><strong>duo</strong></span> <span class='ocrx_word' id='word_1_616' title='bbox 557 4597 738 4651; x_wconf 86' lang='lat' dir='ltr'><strong>millia</strong></span> <span class='ocrx_word' id='word_1_617' title='bbox 767 4598 937 4669; x_wconf 89' lang='lat' dir='ltr'><strong>pedes</strong></span> <span class='ocrx_word' id='word_1_618' title='bbox 966 4599 1318 4654; x_wconf 87' lang='lat' dir='ltr'><strong>ambulemus</strong></span> <span class='ocrx_word' id='word_1_619' title='bbox 1356 4600 1414 4654; x_wconf 91' lang='lat' dir='ltr'><strong>in</strong></span> <span class='ocrx_word' id='word_1_620' title='bbox 1445 4600 1706 4668; x_wconf 87' lang='lat' dir='ltr'><strong>Sabbato,</strong></span> <span class='ocrx_word' id='word_1_621' title='bbox 1734 4608 1790 4656; x_wconf 90' lang='lat' dir='ltr'><strong>et</strong></span> 
     </span>
    </p>
   </div>
   <div class='ocr_carea' id='block_1_80' title="bbox 195 4686 1788 4760">
    <p class='ocr_par' dir='ltr' id='par_1_80' title="bbox 195 4686 1788 4760">
     <span class='ocr_line' id='line_1_80' title="bbox 195 4686 1788 4760; baseline 0.004 -23"><span class='ocrx_word' id='word_1_622' title='bbox 195 4688 386 4738; x_wconf 71' lang='lat' dir='ltr'><strong>caetera</strong></span> <span class='ocrx_word' id='word_1_623' title='bbox 415 4686 756 4752; x_wconf 86' lang='lat' dir='ltr'><strong>istiusmodi,</strong></span> <span class='ocrx_word' id='word_1_624' title='bbox 792 4687 1074 4742; x_wconf 72' lang='lat' dir='ltr'><strong>doctrinas</strong></span> <span class='ocrx_word' id='word_1_625' title='bbox 1110 4689 1401 4743; x_wconf 90' lang='lat' dir='ltr'><strong>hominum</strong></span> <span class='ocrx_word' id='word_1_626' title='bbox 1432 4690 1788 4760; x_wconf 64' lang='lat' dir='ltr'><strong>praeferentes</strong></span> 
     </span>
    </p>
   </div>
   <div class='ocr_carea' id='block_1_81' title="bbox 196 4769 1787 4846">
    <p class='ocr_par' dir='ltr' id='par_1_81' title="bbox 196 4769 1787 4846">
     <span class='ocr_line' id='line_1_81' title="bbox 196 4769 1787 4846; baseline 0.006 -22"><span class='ocrx_word' id='word_1_627' title='bbox 196 4769 455 4828; x_wconf 64' lang='lat' dir='ltr'><strong>doctrina:</strong></span> <span class='ocrx_word' id='word_1_628' title='bbox 507 4775 630 4840; x_wconf 90' lang='lat' dir='ltr'><strong>Dei,</strong></span> <span class='ocrx_word' id='word_1_629' title='bbox 679 4791 793 4829; x_wconf 89' lang='lat' dir='ltr'><strong>non</strong></span> <span class='ocrx_word' id='word_1_630' title='bbox 832 4777 980 4846; x_wconf 92' lang='lat' dir='ltr'><strong>quod</strong></span> <span class='ocrx_word' id='word_1_631' title='bbox 1023 4777 1276 4832; x_wconf 89' lang='lat' dir='ltr'><strong>dicamus</strong></span> <span class='ocrx_word' id='word_1_632' title='bbox 1317 4779 1622 4842; x_wconf 83' lang='lat' dir='ltr'><strong>sedendum</strong></span> <span class='ocrx_word' id='word_1_633' title='bbox 1667 4796 1787 4833; x_wconf 88' lang='lat' dir='ltr'><strong>esse</strong></span> 
     </span>
    </p>
   </div>
   <div class='ocr_carea' id='block_1_82' title="bbox 195 4862 1789 4938">
    <p class='ocr_par' dir='ltr' id='par_1_82' title="bbox 195 4862 1789 4938">
     <span class='ocr_line' id='line_1_82' title="bbox 195 4862 1789 4938; baseline 0.004 -25"><span class='ocrx_word' id='word_1_634' title='bbox 195 4874 410 4933; x_wconf 84' lang='lat' dir='ltr'><strong>semper</strong></span> <span class='ocrx_word' id='word_1_635' title='bbox 455 4863 516 4916; x_wconf 90' lang='lat' dir='ltr'><strong>in</strong></span> <span class='ocrx_word' id='word_1_636' title='bbox 563 4862 826 4931; x_wconf 88' lang='lat' dir='ltr'><strong>Sabbato,</strong></span> <span class='ocrx_word' id='word_1_637' title='bbox 869 4870 926 4918; x_wconf 90' lang='lat' dir='ltr'><strong>et</strong></span> <span class='ocrx_word' id='word_1_638' title='bbox 963 4866 1032 4919; x_wconf 91' lang='lat' dir='ltr'><strong>de</strong></span> <span class='ocrx_word' id='word_1_639' title='bbox 1071 4866 1190 4920; x_wconf 92' lang='lat' dir='ltr'><strong>loco</strong></span> <span class='ocrx_word' id='word_1_640' title='bbox 1230 4867 1288 4920; x_wconf 90' lang='lat' dir='ltr'><strong>in</strong></span> <span class='ocrx_word' id='word_1_641' title='bbox 1328 4883 1437 4937; x_wconf 90' lang='lat' dir='ltr'><strong>quo</strong></span> <span class='ocrx_word' id='word_1_642' title='bbox 1467 4867 1592 4938; x_wconf 83' lang='lat' dir='ltr'><strong>quis</strong></span> <span class='ocrx_word' id='word_1_643' title='bbox 1621 4867 1789 4922; x_wconf 86' lang='lat' dir='ltr'><strong>fuerit</strong></span> 
     </span>
    </p>
   </div>
   <div class='ocr_carea' id='block_1_83' title="bbox 197 4951 1787 5027">
    <p class='ocr_par' dir='ltr' id='par_1_83' title="bbox 197 4951 1787 5027">
     <span class='ocr_line' id='line_1_83' title="bbox 197 4951 1787 5027; baseline 0.004 -24"><span class='ocrx_word' id='word_1_644' title='bbox 197 4959 492 5021; x_wconf 87' lang='lat' dir='ltr'><strong>occupatus</strong></span> <span class='ocrx_word' id='word_1_645' title='bbox 522 4951 744 5022; x_wconf 89' lang='lat' dir='ltr'><strong>penitus</strong></span> <span class='ocrx_word' id='word_1_646' title='bbox 773 4969 885 5006; x_wconf 92' lang='lat' dir='ltr'><strong>non</strong></span> <span class='ocrx_word' id='word_1_647' title='bbox 927 4955 1300 5009; x_wconf 89' lang='lat' dir='ltr'><strong>recedendum</strong></span> <span class='ocrx_word' id='word_1_648' title='bbox 1335 4975 1345 5008; x_wconf 93' lang='lat'>:</span> <span class='ocrx_word' id='word_1_649' title='bbox 1383 4956 1478 5009; x_wconf 90' lang='lat' dir='ltr'><strong>sed</strong></span> <span class='ocrx_word' id='word_1_650' title='bbox 1517 4956 1787 5027; x_wconf 89' lang='lat' dir='ltr'><strong>quidquid</strong></span> 
     </span>
    </p>
   </div>
   <div class='ocr_carea' id='block_1_84' title="bbox 199 5035 1781 5116">
    <p class='ocr_par' dir='ltr' id='par_1_84' title="bbox 199 5035 1781 5116">
     <span class='ocr_line' id='line_1_84' title="bbox 199 5035 1781 5116; baseline 0.005 -25"><span class='ocrx_word' id='word_1_651' title='bbox 199 5035 535 5110; x_wconf 85' lang='lat' dir='ltr'><strong>impossibile</strong></span> <span class='ocrx_word' id='word_1_652' title='bbox 565 5041 706 5112; x_wconf 86' lang='lat' dir='ltr'><strong>legis</strong></span> <span class='ocrx_word' id='word_1_653' title='bbox 737 5049 840 5107; x_wconf 91' lang='lat' dir='ltr'><strong>est,</strong></span> <span class='ocrx_word' id='word_1_654' title='bbox 865 5043 925 5096; x_wconf 90' lang='lat' dir='ltr'><strong>in</strong></span> <span class='ocrx_word' id='word_1_655' title='bbox 948 5059 1057 5114; x_wconf 92' lang='lat' dir='ltr'><strong>quo</strong></span> <span class='ocrx_word' id='word_1_656' title='bbox 1077 5044 1401 5098; x_wconf 80' lang='lat' dir='ltr'><strong>infirmatur</strong></span> <span class='ocrx_word' id='word_1_657' title='bbox 1418 5062 1519 5116; x_wconf 88' lang='lat' dir='ltr'><strong>per</strong></span> <span class='ocrx_word' id='word_1_658' title='bbox 1537 5062 1781 5109; x_wconf 87' lang='lat' dir='ltr'><strong>carnem,</strong></span> 
     </span>
    </p>
   </div>
   <div class='ocr_carea' id='block_1_85' title="bbox 197 5128 1782 5205">
    <p class='ocr_par' dir='ltr' id='par_1_85' title="bbox 197 5128 1782 5205">
     <span class='ocr_line' id='line_1_85' title="bbox 197 5128 1782 5205; baseline 0.004 -26"><span class='ocrx_word' id='word_1_659' title='bbox 197 5128 430 5196; x_wconf 72' lang='lat' dir='ltr'><strong>spiritali</strong></span> <span class='ocrx_word' id='word_1_660' title='bbox 470 5130 858 5186; x_wconf 89' lang='lat' dir='ltr'><strong>observatione</strong></span> <span class='ocrx_word' id='word_1_661' title='bbox 892 5133 1284 5204; x_wconf 90' lang='lat' dir='ltr'><strong>complendum</strong></span> <span class='ocrx_word' id='word_1_662' title='bbox 1328 5133 1418 5187; x_wconf 90' lang='lat' dir='ltr'><strong>sit.</strong></span> <span class='ocrx_word' id='word_1_663' title='bbox 1473 5135 1740 5205; x_wconf 90' lang='lat' dir='ltr'><strong>Sequitur</strong></span> <span class='ocrx_word' id='word_1_664' title='bbox 1771 5153 1782 5186; x_wconf 90' lang='lat'>:</span> 
     </span>
    </p>
   </div>
   <div class='ocr_carea' id='block_1_86' title="bbox 201 5222 1788 5292">
    <p class='ocr_par' dir='ltr' id='par_1_86' title="bbox 201 5222 1788 5292">
     <span class='ocr_line' id='line_1_86' title="bbox 201 5222 1788 5292; baseline 0.006 -24"><span class='ocrx_word' id='word_1_665' title='bbox 201 5231 306 5284; x_wconf 68' lang='lat' dir='ltr'><strong>qu:</strong></span> <span class='ocrx_word' id='word_1_666' title='bbox 333 5225 468 5272; x_wconf 82' lang='lat' dir='ltr'><strong>sunt</strong></span> <span class='ocrx_word' id='word_1_667' title='bbox 497 5222 772 5273; x_wconf 90' lang='lat' dir='ltr'><strong>rationem</strong></span> <span class='ocrx_word' id='word_1_668' title='bbox 801 5223 1020 5290; x_wconf 88' lang='lat' dir='ltr'><strong>quidem</strong></span> <span class='ocrx_word' id='word_1_669' title='bbox 1059 5224 1318 5276; x_wconf 87' lang='lat' dir='ltr'><strong>habentia</strong></span> <span class='ocrx_word' id='word_1_670' title='bbox 1353 5226 1650 5292; x_wconf 64' lang='lat' dir='ltr'><strong>sapientiae,</strong></span> <span class='ocrx_word' id='word_1_671' title='bbox 1683 5224 1788 5277; x_wconf 92' lang='lat' dir='ltr'><strong>hoc</strong></span> 
     </span>
    </p>
   </div>
   <div class='ocr_carea' id='block_1_87' title="bbox 201 5303 1787 5384">
    <p class='ocr_par' dir='ltr' id='par_1_87' title="bbox 201 5303 1787 5384">
     <span class='ocr_line' id='line_1_87' title="bbox 201 5303 1787 5384; baseline 0.008 -30"><span class='ocrx_word' id='word_1_672' title='bbox 201 5303 330 5370; x_wconf 88' lang='lat' dir='ltr'><strong>loco,</strong></span> <span class='ocrx_word' id='word_1_673' title='bbox 365 5307 612 5377; x_wconf 81' lang='lat' dir='ltr'><strong>quidem,</strong></span> <span class='ocrx_word' id='word_1_674' title='bbox 651 5310 973 5380; x_wconf 91' lang='lat' dir='ltr'><strong>conjunctio</strong></span> <span class='ocrx_word' id='word_1_675' title='bbox 1012 5312 1302 5382; x_wconf 84' lang='lat' dir='ltr'><strong>superﬂua</strong></span> <span class='ocrx_word' id='word_1_676' title='bbox 1341 5318 1443 5377; x_wconf 89' lang='lat' dir='ltr'><strong>est,</strong></span> <span class='ocrx_word' id='word_1_677' title='bbox 1490 5313 1638 5383; x_wconf 90' lang='lat' dir='ltr'><strong>quod</strong></span> <span class='ocrx_word' id='word_1_678' title='bbox 1669 5313 1787 5384; x_wconf 91' lang='lat' dir='ltr'><strong>ple-</strong></span> 
     </span>
    </p>
   </div>
   <div class='ocr_carea' id='block_1_88' title="bbox 203 5391 1788 5470">
    <p class='ocr_par' dir='ltr' id='par_1_88' title="bbox 203 5391 1788 5470">
     <span class='ocr_line' id='line_1_88' title="bbox 203 5391 1788 5470; baseline 0.005 -24"><span class='ocrx_word' id='word_1_679' title='bbox 203 5391 382 5464; x_wconf 78' lang='lat' dir='ltr'><strong>risque</strong></span> <span class='ocrx_word' id='word_1_680' title='bbox 415 5395 471 5448; x_wconf 88' lang='lat' dir='ltr'><strong>in</strong></span> <span class='ocrx_word' id='word_1_681' title='bbox 491 5397 628 5450; x_wconf 87' lang='lat' dir='ltr'><strong>locis</strong></span> <span class='ocrx_word' id='word_1_682' title='bbox 646 5405 876 5469; x_wconf 90' lang='lat' dir='ltr'><strong>propter</strong></span> <span class='ocrx_word' id='word_1_683' title='bbox 895 5399 1235 5470; x_wconf 88' lang='lat' dir='ltr'><strong>imperitiam</strong></span> <span class='ocrx_word' id='word_1_684' title='bbox 1255 5400 1393 5453; x_wconf 89' lang='lat' dir='ltr'><strong>artis</strong></span> <span class='ocrx_word' id='word_1_685' title='bbox 1405 5401 1788 5470; x_wconf 68' lang='lat' dir='ltr'><strong>grammaticae</strong></span> 
     </span>
    </p>
   </div>
   <div class='ocr_carea' id='block_1_89' title="bbox 203 5482 1785 5560">
    <p class='ocr_par' dir='ltr' id='par_1_89' title="bbox 203 5482 1785 5560">
     <span class='ocr_line' id='line_1_89' title="bbox 203 5482 1785 5560; baseline 0.006 -26"><span class='ocrx_word' id='word_1_686' title='bbox 203 5482 522 5551; x_wconf 69' lang='lat' dir='ltr'><strong>Apostolum</strong></span> <span class='ocrx_word' id='word_1_687' title='bbox 555 5487 748 5540; x_wconf 51' lang='lat' dir='ltr'><strong>Risisse</strong></span> <span class='ocrx_word' id='word_1_688' title='bbox 780 5487 1108 5558; x_wconf 89' lang='lat' dir='ltr'><strong>reperimus,</strong></span> <span class='ocrx_word' id='word_1_689' title='bbox 1140 5505 1322 5559; x_wconf 90' lang='lat' dir='ltr'><strong>neque</strong></span> <span class='ocrx_word' id='word_1_690' title='bbox 1343 5489 1492 5542; x_wconf 89' lang='lat' dir='ltr'><strong>enim</strong></span> <span class='ocrx_word' id='word_1_691' title='bbox 1513 5489 1785 5560; x_wconf 87' lang='lat' dir='ltr'><strong>sequitur,</strong></span> 
     </span>
    </p>
   </div>
   <div class='ocr_carea' id='block_1_90' title="bbox 207 5570 1785 5648">
    <p class='ocr_par' dir='ltr' id='par_1_90' title="bbox 207 5570 1785 5648">
     <span class='ocr_line' id='line_1_90' title="bbox 207 5570 1785 5648; baseline 0.008 -28"><span class='ocrx_word' id='word_1_692' title='bbox 207 5570 300 5632; x_wconf 76' lang='lat' dir='ltr'><strong>vel,</strong></span> <span class='ocrx_word' id='word_1_693' title='bbox 331 5571 450 5626; x_wconf 83' lang='lat' dir='ltr'><strong>alia</strong></span> <span class='ocrx_word' id='word_1_694' title='bbox 470 5576 788 5646; x_wconf 86' lang='lat' dir='ltr'><strong>conjunctio</strong></span> <span class='ocrx_word' id='word_1_695' title='bbox 829 5593 952 5647; x_wconf 73' lang='lat' dir='ltr'><strong>qua:</strong></span> <span class='ocrx_word' id='word_1_696' title='bbox 983 5578 1125 5631; x_wconf 87' lang='lat' dir='ltr'><strong>solet</strong></span> <span class='ocrx_word' id='word_1_697' title='bbox 1160 5577 1211 5631; x_wconf 92' lang='lat' dir='ltr'><strong>ei</strong></span> <span class='ocrx_word' id='word_1_698' title='bbox 1241 5578 1640 5648; x_wconf 63' lang='lat' dir='ltr'><strong>prmpositioni,</strong></span> <span class='ocrx_word' id='word_1_699' title='bbox 1671 5578 1785 5644; x_wconf 80' lang='lat' dir='ltr'><strong>ubi,</strong></span> 
     </span>
    </p>
   </div>
   <div class='ocr_carea' id='block_1_91' title="bbox 1880 3177 3479 3244">
    <p class='ocr_par' dir='ltr' id='par_1_91' title="bbox 1880 3177 3479 3244">
     <span class='ocr_line' id='line_1_91' title="bbox 1880 3177 3479 3244; baseline 0.003 -12"><span class='ocrx_word' id='word_1_700' title='bbox 1880 3183 1938 3232; x_wconf 91' lang='lat' dir='ltr'><strong>et</strong></span> <span class='ocrx_word' id='word_1_701' title='bbox 1965 3178 2212 3232; x_wconf 88' lang='lat' dir='ltr'><strong>rationes</strong></span> <span class='ocrx_word' id='word_1_702' title='bbox 2240 3194 2404 3244; x_wconf 88' lang='lat' dir='ltr'><strong>suas;</strong></span> <span class='ocrx_word' id='word_1_703' title='bbox 2448 3177 2528 3230; x_wconf 90' lang='lat' dir='ltr'><strong>sic</strong></span> <span class='ocrx_word' id='word_1_704' title='bbox 2559 3177 2852 3232; x_wconf 90' lang='lat' dir='ltr'><strong>elementis</strong></span> <span class='ocrx_word' id='word_1_705' title='bbox 2886 3178 3106 3233; x_wconf 88' lang='lat' dir='ltr'><strong>Veteris</strong></span> <span class='ocrx_word' id='word_1_706' title='bbox 3131 3180 3479 3236; x_wconf 89' lang='lat' dir='ltr'><strong>Testamenti</strong></span> 
     </span>
    </p>
   </div>
   <div class='ocr_carea' id='block_1_92' title="bbox 1877 3265 3478 3338">
    <p class='ocr_par' dir='ltr' id='par_1_92' title="bbox 1877 3265 3478 3338">
     <span class='ocr_line' id='line_1_92' title="bbox 1877 3265 3478 3338; baseline 0.003 -18"><span class='ocrx_word' id='word_1_707' title='bbox 1877 3271 1944 3321; x_wconf 91' lang='lat' dir='ltr'><strong>ut</strong></span> <span class='ocrx_word' id='word_1_708' title='bbox 1968 3267 2038 3320; x_wconf 89' lang='lat' dir='ltr'><strong>ad</strong></span> <span class='ocrx_word' id='word_1_709' title='bbox 2067 3267 2454 3336; x_wconf 87' lang='lat' dir='ltr'><strong>Evangelicam</strong></span> <span class='ocrx_word' id='word_1_710' title='bbox 2474 3265 2883 3338; x_wconf 89' lang='lat' dir='ltr'><strong>plenitudinem</strong></span> <span class='ocrx_word' id='word_1_711' title='bbox 2908 3267 3139 3323; x_wconf 88' lang='lat' dir='ltr'><strong>veniant</strong></span> <span class='ocrx_word' id='word_1_712' title='bbox 3168 3269 3346 3324; x_wconf 88' lang='lat' dir='ltr'><strong>sancti</strong></span> <span class='ocrx_word' id='word_1_713' title='bbox 3374 3270 3478 3325; x_wconf 86' lang='lat' dir='ltr'><strong>viri</strong></span> 
     </span>
    </p>
   </div>
   <div class='ocr_carea' id='block_1_93' title="bbox 1881 3354 3477 3416">
    <p class='ocr_par' dir='ltr' id='par_1_93' title="bbox 1881 3354 3477 3416">
     <span class='ocr_line' id='line_1_93' title="bbox 1881 3354 3477 3416; baseline 0.003 -7"><span class='ocrx_word' id='word_1_714' title='bbox 1881 3355 2136 3409; x_wconf 90' lang='lat' dir='ltr'><strong>eruditur</strong></span> <span class='ocrx_word' id='word_1_715' title='bbox 2160 3354 2416 3409; x_wconf 83' lang='lat' dir='ltr'><strong>infantia.</strong></span> <span class='ocrx_word' id='word_1_716' title='bbox 2461 3354 2620 3416; x_wconf 88' lang='lat' dir='ltr'><strong>Unde</strong></span> <span class='ocrx_word' id='word_1_717' title='bbox 2658 3362 2716 3409; x_wconf 91' lang='lat' dir='ltr'><strong>et</strong></span> <span class='ocrx_word' id='word_1_718' title='bbox 2753 3355 3092 3411; x_wconf 90' lang='lat' dir='ltr'><strong>centesimus</strong></span> <span class='ocrx_word' id='word_1_719' title='bbox 3121 3363 3347 3413; x_wconf 89' lang='lat' dir='ltr'><strong>octavus</strong></span> <span class='ocrx_word' id='word_1_720' title='bbox 3377 3359 3477 3414; x_wconf 88' lang='lat' dir='ltr'><strong>de-</strong></span> 
     </span>
    </p>
   </div>
   <div class='ocr_carea' id='block_1_94' title="bbox 1879 3445 3479 3517">
    <p class='ocr_par' dir='ltr' id='par_1_94' title="bbox 1879 3445 3479 3517">
     <span class='ocr_line' id='line_1_94' title="bbox 1879 3445 3479 3517; baseline 0.004 -20"><span class='ocrx_word' id='word_1_721' title='bbox 1879 3445 2059 3498; x_wconf 90' lang='lat' dir='ltr'><strong>cimus</strong></span> <span class='ocrx_word' id='word_1_722' title='bbox 2080 3445 2328 3516; x_wconf 87' lang='lat' dir='ltr'><strong>psalmus</strong></span> <span class='ocrx_word' id='word_1_723' title='bbox 2346 3449 2404 3498; x_wconf 91' lang='lat' dir='ltr'><strong>et</strong></span> <span class='ocrx_word' id='word_1_724' title='bbox 2421 3460 2616 3498; x_wconf 91' lang='lat' dir='ltr'><strong>omnes</strong></span> <span class='ocrx_word' id='word_1_725' title='bbox 2635 3445 2731 3498; x_wconf 87' lang='lat' dir='ltr'><strong>alii</strong></span> <span class='ocrx_word' id='word_1_726' title='bbox 2753 3445 2848 3516; x_wconf 92' lang='lat' dir='ltr'><strong>qui</strong></span> <span class='ocrx_word' id='word_1_727' title='bbox 2869 3445 3073 3499; x_wconf 89' lang='lat' dir='ltr'><strong>litteris</strong></span> <span class='ocrx_word' id='word_1_728' title='bbox 3093 3453 3479 3517; x_wconf 66' lang='lat' dir='ltr'><strong>praenotantur</strong></span> 
     </span>
    </p>
   </div>
   <div class='ocr_carea' id='block_1_95' title="bbox 1879 3531 3474 3604">
    <p class='ocr_par' dir='ltr' id='par_1_95' title="bbox 1879 3531 3474 3604">
     <span class='ocr_line' id='line_1_95' title="bbox 1879 3531 3474 3604; baseline 0.002 -17"><span class='ocrx_word' id='word_1_729' title='bbox 1879 3551 1980 3604; x_wconf 90' lang='lat' dir='ltr'><strong>per</strong></span> <span class='ocrx_word' id='word_1_730' title='bbox 2012 3533 2254 3588; x_wconf 87' lang='lat' dir='ltr'><strong>ethicam</strong></span> <span class='ocrx_word' id='word_1_731' title='bbox 2277 3549 2379 3587; x_wconf 89' lang='lat' dir='ltr'><strong>nos</strong></span> <span class='ocrx_word' id='word_1_732' title='bbox 2408 3533 2624 3588; x_wconf 88' lang='lat' dir='ltr'><strong>ducunt</strong></span> <span class='ocrx_word' id='word_1_733' title='bbox 2649 3533 2720 3587; x_wconf 89' lang='lat' dir='ltr'><strong>ad</strong></span> <span class='ocrx_word' id='word_1_734' title='bbox 2742 3531 3146 3604; x_wconf 87' lang='lat' dir='ltr'><strong>theologicam;</strong></span> <span class='ocrx_word' id='word_1_735' title='bbox 3177 3543 3234 3590; x_wconf 90' lang='lat' dir='ltr'><strong>et</strong></span> <span class='ocrx_word' id='word_1_736' title='bbox 3260 3535 3330 3590; x_wconf 88' lang='lat' dir='ltr'><strong>ab</strong></span> <span class='ocrx_word' id='word_1_737' title='bbox 3360 3537 3474 3590; x_wconf 83' lang='lat' dir='ltr'><strong>ele-</strong></span> 
     </span>
    </p>
   </div>
   <div class='ocr_carea' id='block_1_96' title="bbox 1879 3621 3474 3691">
    <p class='ocr_par' dir='ltr' id='par_1_96' title="bbox 1879 3621 3474 3691">
     <span class='ocr_line' id='line_1_96' title="bbox 1879 3621 3474 3691; baseline 0.003 -15"><span class='ocrx_word' id='word_1_738' title='bbox 1879 3622 2084 3676; x_wconf 89' lang='lat' dir='ltr'><strong>mentis</strong></span> <span class='ocrx_word' id='word_1_739' title='bbox 2112 3621 2314 3675; x_wconf 68' lang='lat' dir='ltr'><strong>litteraa</strong></span> <span class='ocrx_word' id='word_1_740' title='bbox 2343 3637 2467 3691; x_wconf 70' lang='lat' dir='ltr'><strong>quae</strong></span> <span class='ocrx_word' id='word_1_741' title='bbox 2509 3621 2821 3675; x_wconf 83' lang='lat' dir='ltr'><strong>dcstruitur</strong></span> <span class='ocrx_word' id='word_1_742' title='bbox 2859 3622 3100 3677; x_wconf 91' lang='lat' dir='ltr'><strong>transire</strong></span> <span class='ocrx_word' id='word_1_743' title='bbox 3147 3622 3359 3678; x_wconf 85' lang='lat' dir='ltr'><strong>faciunt</strong></span> <span class='ocrx_word' id='word_1_744' title='bbox 3402 3625 3474 3680; x_wconf 85' lang='lat' dir='ltr'><strong>ad</strong></span> 
     </span>
    </p>
   </div>
   <div class='ocr_carea' id='block_1_97' title="bbox 1878 3709 3473 3780">
    <p class='ocr_par' dir='ltr' id='par_1_97' title="bbox 1878 3709 3473 3780">
     <span class='ocr_line' id='line_1_97' title="bbox 1878 3709 3473 3780; baseline 0.003 -17"><span class='ocrx_word' id='word_1_745' title='bbox 1878 3710 2151 3780; x_wconf 91' lang='lat' dir='ltr'><strong>Spiritum</strong></span> <span class='ocrx_word' id='word_1_746' title='bbox 2179 3709 2570 3762; x_wconf 84' lang='lat' dir='ltr'><strong>viviﬁcantem.</strong></span> <span class='ocrx_word' id='word_1_747' title='bbox 2603 3709 2711 3772; x_wconf 88' lang='lat' dir='ltr'><strong>Qui</strong></span> <span class='ocrx_word' id='word_1_748' title='bbox 2741 3726 2874 3779; x_wconf 88' lang='lat' dir='ltr'><strong>ergo</strong></span> <span class='ocrx_word' id='word_1_749' title='bbox 2904 3711 3116 3764; x_wconf 90' lang='lat' dir='ltr'><strong>mundo</strong></span> <span class='ocrx_word' id='word_1_750' title='bbox 3145 3718 3204 3766; x_wconf 91' lang='lat' dir='ltr'><strong>et</strong></span> <span class='ocrx_word' id='word_1_751' title='bbox 3225 3711 3473 3768; x_wconf 86' lang='lat' dir='ltr'><strong>elemen-</strong></span> 
     </span>
    </p>
   </div>
   <div class='ocr_carea' id='block_1_98' title="bbox 1875 3797 3474 3868">
    <p class='ocr_par' dir='ltr' id='par_1_98' title="bbox 1875 3797 3474 3868">
     <span class='ocr_line' id='line_1_98' title="bbox 1875 3797 3474 3868; baseline 0.003 -16"><span class='ocrx_word' id='word_1_752' title='bbox 1875 3797 1949 3852; x_wconf 89' lang='lat' dir='ltr'><strong>tis</strong></span> <span class='ocrx_word' id='word_1_753' title='bbox 1979 3798 2102 3868; x_wconf 91' lang='lat' dir='ltr'><strong>ejus</strong></span> <span class='ocrx_word' id='word_1_754' title='bbox 2131 3797 2338 3852; x_wconf 89' lang='lat' dir='ltr'><strong>mortui</strong></span> <span class='ocrx_word' id='word_1_755' title='bbox 2367 3813 2562 3851; x_wconf 89' lang='lat' dir='ltr'><strong>sumus</strong></span> <span class='ocrx_word' id='word_1_756' title='bbox 2603 3813 2716 3851; x_wconf 92' lang='lat' dir='ltr'><strong>non</strong></span> <span class='ocrx_word' id='word_1_757' title='bbox 2759 3797 3027 3852; x_wconf 86' lang='lat' dir='ltr'><strong>debemus</strong></span> <span class='ocrx_word' id='word_1_758' title='bbox 3069 3816 3138 3854; x_wconf 90' lang='lat' dir='ltr'><strong>ea</strong></span> <span class='ocrx_word' id='word_1_759' title='bbox 3178 3799 3474 3857; x_wconf 88' lang='lat' dir='ltr'><strong>observare</strong></span> 
     </span>
    </p>
   </div>
   <div class='ocr_carea' id='block_1_99' title="bbox 1873 3885 3473 3958">
    <p class='ocr_par' dir='ltr' id='par_1_99' title="bbox 1873 3885 3473 3958">
     <span class='ocr_line' id='line_1_99' title="bbox 1873 3885 3473 3958; baseline 0.003 -17"><span class='ocrx_word' id='word_1_760' title='bbox 1873 3903 1995 3958; x_wconf 83' lang='lat' dir='ltr'><strong>quae</strong></span> <span class='ocrx_word' id='word_1_761' title='bbox 2016 3886 2212 3941; x_wconf 88' lang='lat' dir='ltr'><strong>mundi</strong></span> <span class='ocrx_word' id='word_1_762' title='bbox 2242 3891 2375 3940; x_wconf 90' lang='lat' dir='ltr'><strong>sunt</strong></span> <span class='ocrx_word' id='word_1_763' title='bbox 2399 3885 2530 3957; x_wconf 89' lang='lat' dir='ltr'><strong>quia</strong></span> <span class='ocrx_word' id='word_1_764' title='bbox 2571 3886 2631 3940; x_wconf 92' lang='lat' dir='ltr'><strong>in</strong></span> <span class='ocrx_word' id='word_1_765' title='bbox 2671 3887 2850 3940; x_wconf 89' lang='lat' dir='ltr'><strong>altero</strong></span> <span class='ocrx_word' id='word_1_766' title='bbox 2891 3886 3138 3955; x_wconf 90' lang='lat' dir='ltr'><strong>initium,</strong></span> <span class='ocrx_word' id='word_1_767' title='bbox 3189 3887 3250 3944; x_wconf 91' lang='lat' dir='ltr'><strong>in</strong></span> <span class='ocrx_word' id='word_1_768' title='bbox 3294 3889 3473 3946; x_wconf 86' lang='lat' dir='ltr'><strong>altero</strong></span> 
     </span>
    </p>
   </div>
   <div class='ocr_carea' id='block_1_100' title="bbox 1870 3975 2268 4047">
    <p class='ocr_par' dir='ltr' id='par_1_100' title="bbox 1870 3975 2268 4047">
     <span class='ocr_line' id='line_1_100' title="bbox 1870 3975 2268 4047; baseline -0.003 -17"><span class='ocrx_word' id='word_1_769' title='bbox 1870 3975 2136 4047; x_wconf 87' lang='lat' dir='ltr'><strong>perfectio</strong></span> <span class='ocrx_word' id='word_1_770' title='bbox 2165 3980 2268 4030; x_wconf 89' lang='lat' dir='ltr'><strong>est.</strong></span> 
     </span>
    </p>
   </div>
   <div class='ocr_carea' id='block_1_101' title="bbox 2491 4101 2852 4156">
    <p class='ocr_par' dir='ltr' id='par_1_101' title="bbox 2491 4101 2852 4156">
     <span class='ocr_line' id='line_1_101' title="bbox 2491 4101 2852 4156; baseline 0.006 -2"><span class='ocrx_word' id='word_1_771' title='bbox 2491 4101 2724 4156; x_wconf 88' lang='lat' dir='ltr'><strong>CAPUT</strong></span> <span class='ocrx_word' id='word_1_772' title='bbox 2752 4101 2852 4156; x_wconf 89' lang='grc' dir='ltr'><strong>ΙΙΙ.</strong></span> 
     </span>
    </p>
   </div>
   <div class='ocr_carea' id='block_1_102' title="bbox 1875 4227 3471 4298">
    <p class='ocr_par' dir='ltr' id='par_1_102' title="bbox 1875 4227 3471 4298">
     <span class='ocr_line' id='line_1_102' title="bbox 1875 4227 3471 4298; baseline 0.003 -18"><span class='ocrx_word' id='word_1_773' title='bbox 1875 4227 2153 4293; x_wconf 81' lang='lat' dir='ltr'><strong>Informat</strong></span> <span class='ocrx_word' id='word_1_774' title='bbox 2166 4229 2449 4296; x_wconf 85' lang='lat' dir='ltr'><strong>Apostolus</strong></span> <span class='ocrx_word' id='word_1_775' title='bbox 2467 4227 2532 4280; x_wconf 89' lang='lat' dir='ltr'><strong>de</strong></span> <span class='ocrx_word' id='word_1_776' title='bbox 2550 4229 2797 4280; x_wconf 89' lang='lat' dir='ltr'><strong>moribus</strong></span> <span class='ocrx_word' id='word_1_777' title='bbox 2811 4230 3146 4294; x_wconf 84' lang='lat' dir='ltr'><strong>generaliter</strong></span> <span class='ocrx_word' id='word_1_778' title='bbox 3160 4229 3471 4298; x_wconf 84' lang='lat' dir='ltr'><strong>deponendo</strong></span> 
     </span>
    </p>
   </div>
   <div class='ocr_carea' id='block_1_103' title="bbox 1943 4299 3466 4368">
    <p class='ocr_par' dir='ltr' id='par_1_103' title="bbox 1943 4299 3466 4368">
     <span class='ocr_line' id='line_1_103' title="bbox 1943 4299 3466 4368; baseline 0.003 -17"><span class='ocrx_word' id='word_1_779' title='bbox 1943 4299 2101 4365; x_wconf 73' lang='lat' dir='ltr'><strong>vitia,</strong></span> <span class='ocrx_word' id='word_1_780' title='bbox 2117 4303 2166 4350; x_wconf 87' lang='lat' dir='ltr'><strong>et</strong></span> <span class='ocrx_word' id='word_1_781' title='bbox 2180 4299 2515 4366; x_wconf 85' lang='lat' dir='ltr'><strong>acquirendo</strong></span> <span class='ocrx_word' id='word_1_782' title='bbox 2531 4301 2780 4361; x_wconf 75' lang='lat' dir='ltr'><strong>virtutes,</strong></span> <span class='ocrx_word' id='word_1_783' title='bbox 2793 4301 3104 4366; x_wconf 84' lang='lat' dir='ltr'><strong>specialiter</strong></span> <span class='ocrx_word' id='word_1_784' title='bbox 3113 4301 3466 4368; x_wconf 86' lang='lat' dir='ltr'><strong>adparentes,</strong></span> 
     </span>
    </p>
   </div>
   <div class='ocr_carea' id='block_1_104' title="bbox 1945 4372 2760 4437">
    <p class='ocr_par' dir='ltr' id='par_1_104' title="bbox 1945 4372 2760 4437">
     <span class='ocr_line' id='line_1_104' title="bbox 1945 4372 2760 4437; baseline -0.001 -15"><span class='ocrx_word' id='word_1_785' title='bbox 1945 4372 2105 4436; x_wconf 79' lang='lat' dir='ltr'><strong>ﬁlios,</strong></span> <span class='ocrx_word' id='word_1_786' title='bbox 2138 4373 2454 4437; x_wconf 81' lang='lat' dir='ltr'><strong>conjugatos</strong></span> <span class='ocrx_word' id='word_1_787' title='bbox 2491 4373 2538 4421; x_wconf 90' lang='lat' dir='ltr'><strong>et</strong></span> <span class='ocrx_word' id='word_1_788' title='bbox 2565 4383 2760 4422; x_wconf 80' lang='lat' dir='ltr'><strong>servos.</strong></span> 
     </span>
    </p>
   </div>
   <div class='ocr_carea' id='block_1_105' title="bbox 1943 4509 3468 4579">
    <p class='ocr_par' dir='ltr' id='par_1_105' title="bbox 1943 4509 3468 4579">
     <span class='ocr_line' id='line_1_105' title="bbox 1943 4509 3468 4579; baseline 0.002 -15"><span class='ocrx_word' id='word_1_789' title='bbox 1943 4513 2126 4578; x_wconf 87' lang='lat' dir='ltr'><strong>Igitur</strong></span> <span class='ocrx_word' id='word_1_790' title='bbox 2154 4514 2205 4565; x_wconf 87' lang='lat' dir='ltr'><strong>si</strong></span> <span class='ocrx_word' id='word_1_791' title='bbox 2233 4513 2655 4565; x_wconf 67' lang='lat' dir='ltr'><strong>consurrexistis</strong></span> <span class='ocrx_word' id='word_1_792' title='bbox 2682 4526 2809 4562; x_wconf 89' lang='lat' dir='ltr'><strong>cum</strong></span> <span class='ocrx_word' id='word_1_793' title='bbox 2841 4509 3072 4577; x_wconf 79' lang='lat' dir='ltr'><strong>Christo,</strong></span> <span class='ocrx_word' id='word_1_794' title='bbox 3098 4527 3218 4579; x_wconf 68' lang='lat' dir='ltr'><strong>quae</strong></span> <span class='ocrx_word' id='word_1_795' title='bbox 3241 4528 3468 4567; x_wconf 89' lang='lat' dir='ltr'><strong>sursum</strong></span> 
     </span>
    </p>
   </div>
   <div class='ocr_carea' id='block_1_106' title="bbox 1869 4599 3469 4668">
    <p class='ocr_par' dir='ltr' id='par_1_106' title="bbox 1869 4599 3469 4668">
     <span class='ocr_line' id='line_1_106' title="bbox 1869 4599 3469 4668; baseline 0.003 -17"><span class='ocrx_word' id='word_1_796' title='bbox 1869 4605 2001 4652; x_wconf 89' lang='lat' dir='ltr'><strong>sunt</strong></span> <span class='ocrx_word' id='word_1_797' title='bbox 2030 4603 2274 4668; x_wconf 62' lang='lat' dir='ltr'><strong>qumrite,</strong></span> <span class='ocrx_word' id='word_1_798' title='bbox 2309 4601 2407 4652; x_wconf 89' lang='lat' dir='ltr'><strong>ubi</strong></span> <span class='ocrx_word' id='word_1_799' title='bbox 2435 4599 2683 4652; x_wconf 78' lang='lat' dir='ltr'><strong>Christus</strong></span> <span class='ocrx_word' id='word_1_800' title='bbox 2713 4601 2788 4650; x_wconf 85' lang='lat' dir='ltr'><strong>est</strong></span> <span class='ocrx_word' id='word_1_801' title='bbox 2817 4599 2881 4650; x_wconf 90' lang='lat' dir='ltr'><strong>in</strong></span> <span class='ocrx_word' id='word_1_802' title='bbox 2913 4599 3134 4653; x_wconf 68' lang='lat' dir='ltr'><strong>dextera</strong></span> <span class='ocrx_word' id='word_1_803' title='bbox 3159 4601 3256 4654; x_wconf 88' lang='lat' dir='ltr'><strong>Dei</strong></span> <span class='ocrx_word' id='word_1_804' title='bbox 3283 4603 3469 4656; x_wconf 86' lang='lat' dir='ltr'><strong>sedens</strong></span> 
     </span>
    </p>
   </div>
   <div class='ocr_carea' id='block_1_107' title="bbox 1873 4684 3469 4760">
    <p class='ocr_par' dir='ltr' id='par_1_107' title="bbox 1873 4684 3469 4760">
     <span class='ocr_line' id='line_1_107' title="bbox 1873 4684 3469 4760; baseline 0.004 -20"><span class='ocrx_word' id='word_1_805' title='bbox 1873 4686 2108 4756; x_wconf 86' lang='lat' dir='ltr'><strong>(Ambr.)</strong></span> <span class='ocrx_word' id='word_1_806' title='bbox 2143 4689 2262 4741; x_wconf 88' lang='lat' dir='ltr'><strong>Hoc</strong></span> <span class='ocrx_word' id='word_1_807' title='bbox 2298 4693 2402 4754; x_wconf 90' lang='lat' dir='ltr'><strong>est,</strong></span> <span class='ocrx_word' id='word_1_808' title='bbox 2450 4684 2783 4739; x_wconf 90' lang='lat' dir='ltr'><strong>miserabilis</strong></span> <span class='ocrx_word' id='word_1_809' title='bbox 2821 4691 2908 4739; x_wconf 90' lang='lat' dir='ltr'><strong>est</strong></span> <span class='ocrx_word' id='word_1_810' title='bbox 2946 4685 3005 4740; x_wconf 90' lang='lat' dir='ltr'><strong>in</strong></span> <span class='ocrx_word' id='word_1_811' title='bbox 3051 4689 3469 4760; x_wconf 87' lang='lat' dir='ltr'><strong>comparatione</strong></span> 
     </span>
    </p>
   </div>
   <div class='ocr_carea' id='block_1_108' title="bbox 1869 4774 3468 4850">
    <p class='ocr_par' dir='ltr' id='par_1_108' title="bbox 1869 4774 3468 4850">
     <span class='ocr_line' id='line_1_108' title="bbox 1869 4774 3468 4850; baseline 0.004 -23"><span class='ocrx_word' id='word_1_812' title='bbox 1869 4781 2049 4829; x_wconf 88' lang='lat' dir='ltr'><strong>vestra</strong></span> <span class='ocrx_word' id='word_1_813' title='bbox 2080 4775 2177 4828; x_wconf 92' lang='lat' dir='ltr'><strong>illa</strong></span> <span class='ocrx_word' id='word_1_814' title='bbox 2206 4792 2328 4846; x_wconf 74' lang='lat' dir='ltr'><strong>quae</strong></span> <span class='ocrx_word' id='word_1_815' title='bbox 2367 4791 2502 4844; x_wconf 73' lang='lat' dir='ltr'><strong>erga</strong></span> <span class='ocrx_word' id='word_1_816' title='bbox 2535 4774 2673 4828; x_wconf 89' lang='lat' dir='ltr'><strong>istos</strong></span> <span class='ocrx_word' id='word_1_817' title='bbox 2722 4779 2809 4827; x_wconf 89' lang='lat' dir='ltr'><strong>est</strong></span> <span class='ocrx_word' id='word_1_818' title='bbox 2847 4775 3180 4846; x_wconf 89' lang='lat' dir='ltr'><strong>sollicitudo,</strong></span> <span class='ocrx_word' id='word_1_819' title='bbox 3219 4778 3315 4850; x_wconf 90' lang='lat' dir='ltr'><strong>qui</strong></span> <span class='ocrx_word' id='word_1_820' title='bbox 3346 4780 3468 4849; x_wconf 91' lang='lat' dir='ltr'><strong>jam</strong></span> 
     </span>
    </p>
   </div>
   <div class='ocr_carea' id='block_1_109' title="bbox 1870 4861 3464 4936">
    <p class='ocr_par' dir='ltr' id='par_1_109' title="bbox 1870 4861 3464 4936">
     <span class='ocr_line' id='line_1_109' title="bbox 1870 4861 3464 4936; baseline 0.003 -18"><span class='ocrx_word' id='word_1_821' title='bbox 1870 4864 2094 4918; x_wconf 89' lang='lat' dir='ltr'><strong>Christo</strong></span> <span class='ocrx_word' id='word_1_822' title='bbox 2159 4863 2467 4918; x_wconf 90' lang='lat' dir='ltr'><strong>secundum</strong></span> <span class='ocrx_word' id='word_1_823' title='bbox 2533 4861 2960 4934; x_wconf 86' lang='lat' dir='ltr'><strong>promissionem</strong></span> <span class='ocrx_word' id='word_1_824' title='bbox 3021 4867 3464 4936; x_wconf 78' lang='lat' dir='ltr'><strong>consurrexistis,</strong></span> 
     </span>
    </p>
   </div>
   <div class='ocr_carea' id='block_1_110' title="bbox 1871 4951 3468 5022">
    <p class='ocr_par' dir='ltr' id='par_1_110' title="bbox 1871 4951 3468 5022">
     <span class='ocr_line' id='line_1_110' title="bbox 1871 4951 3468 5022; baseline 0.003 -16"><span class='ocrx_word' id='word_1_825' title='bbox 1871 4969 2010 5022; x_wconf 91' lang='lat' dir='ltr'><strong>quos</strong></span> <span class='ocrx_word' id='word_1_826' title='bbox 2027 4953 2303 5018; x_wconf 91' lang='lat' dir='ltr'><strong>convenit,</strong></span> <span class='ocrx_word' id='word_1_827' title='bbox 2326 4951 2558 5022; x_wconf 87' lang='lat' dir='ltr'><strong>expletis</strong></span> <span class='ocrx_word' id='word_1_828' title='bbox 2579 4951 2667 5005; x_wconf 91' lang='lat' dir='ltr'><strong>his</strong></span> <span class='ocrx_word' id='word_1_829' title='bbox 2685 4951 2947 5008; x_wconf 89' lang='lat' dir='ltr'><strong>omnibus</strong></span> <span class='ocrx_word' id='word_1_830' title='bbox 2965 4954 3232 5009; x_wconf 90' lang='lat' dir='ltr'><strong>sollicitos</strong></span> <span class='ocrx_word' id='word_1_831' title='bbox 3257 4971 3379 5010; x_wconf 86' lang='lat' dir='ltr'><strong>esse</strong></span> <span class='ocrx_word' id='word_1_832' title='bbox 3398 4955 3468 5010; x_wconf 89' lang='lat' dir='ltr'><strong>de</strong></span> 
     </span>
    </p>
   </div>
   <div class='ocr_carea' id='block_1_111' title="bbox 1869 5040 3466 5111">
    <p class='ocr_par' dir='ltr' id='par_1_111' title="bbox 1869 5040 3466 5111">
     <span class='ocr_line' id='line_1_111' title="bbox 1869 5040 3466 5111; baseline 0.003 -17"><span class='ocrx_word' id='word_1_833' title='bbox 1869 5040 2204 5107; x_wconf 72' lang='lat' dir='ltr'><strong>cmlestibus,</strong></span> <span class='ocrx_word' id='word_1_834' title='bbox 2236 5047 2292 5094; x_wconf 89' lang='lat' dir='ltr'><strong>et</strong></span> <span class='ocrx_word' id='word_1_835' title='bbox 2321 5041 2475 5094; x_wconf 88' lang='lat' dir='ltr'><strong>illam</strong></span> <span class='ocrx_word' id='word_1_836' title='bbox 2497 5057 2619 5111; x_wconf 58' lang='lat' dir='ltr'><strong>qua:</strong></span> <span class='ocrx_word' id='word_1_837' title='bbox 2648 5041 2706 5094; x_wconf 91' lang='lat' dir='ltr'><strong>in</strong></span> <span class='ocrx_word' id='word_1_838' title='bbox 2741 5041 2896 5096; x_wconf 76' lang='lat' dir='ltr'><strong>caelis</strong></span> <span class='ocrx_word' id='word_1_839' title='bbox 2937 5048 3023 5096; x_wconf 89' lang='lat' dir='ltr'><strong>est</strong></span> <span class='ocrx_word' id='word_1_840' title='bbox 3060 5059 3466 5098; x_wconf 89' lang='lat' dir='ltr'><strong>commemora-</strong></span> 
     </span>
    </p>
   </div>
   <div class='ocr_carea' id='block_1_112' title="bbox 1869 5128 3466 5196">
    <p class='ocr_par' dir='ltr' id='par_1_112' title="bbox 1869 5128 3466 5196">
     <span class='ocr_line' id='line_1_112' title="bbox 1869 5128 3466 5196; baseline 0.003 -13"><span class='ocrx_word' id='word_1_841' title='bbox 1869 5131 2082 5184; x_wconf 88' lang='lat' dir='ltr'><strong>tionem</strong></span> <span class='ocrx_word' id='word_1_842' title='bbox 2109 5130 2341 5196; x_wconf 86' lang='lat' dir='ltr'><strong>imitari,</strong></span> <span class='ocrx_word' id='word_1_843' title='bbox 2374 5128 2469 5184; x_wconf 90' lang='lat' dir='ltr'><strong>ubi</strong></span> <span class='ocrx_word' id='word_1_844' title='bbox 2492 5130 2748 5185; x_wconf 90' lang='lat' dir='ltr'><strong>Christus</strong></span> <span class='ocrx_word' id='word_1_845' title='bbox 2777 5131 2840 5186; x_wconf 90' lang='lat' dir='ltr'><strong>in</strong></span> <span class='ocrx_word' id='word_1_846' title='bbox 2853 5131 3083 5186; x_wconf 85' lang='lat' dir='ltr'><strong>dextera</strong></span> <span class='ocrx_word' id='word_1_847' title='bbox 3100 5132 3201 5186; x_wconf 90' lang='lat' dir='ltr'><strong>Dei</strong></span> <span class='ocrx_word' id='word_1_848' title='bbox 3219 5133 3466 5188; x_wconf 88' lang='lat' dir='ltr'><strong>residere</strong></span> 
     </span>
    </p>
   </div>
   <div class='ocr_carea' id='block_1_113' title="bbox 1871 5219 3469 5291">
    <p class='ocr_par' dir='ltr' id='par_1_113' title="bbox 1871 5219 3469 5291">
     <span class='ocr_line' id='line_1_113' title="bbox 1871 5219 3469 5291; baseline 0.003 -17"><span class='ocrx_word' id='word_1_849' title='bbox 1871 5219 2136 5290; x_wconf 88' lang='lat' dir='ltr'><strong>dignatus</strong></span> <span class='ocrx_word' id='word_1_850' title='bbox 2165 5224 2268 5286; x_wconf 89' lang='lat' dir='ltr'><strong>est,</strong></span> <span class='ocrx_word' id='word_1_851' title='bbox 2306 5219 2530 5275; x_wconf 89' lang='lat' dir='ltr'><strong>habitus</strong></span> <span class='ocrx_word' id='word_1_852' title='bbox 2559 5225 2624 5274; x_wconf 91' lang='lat' dir='ltr'><strong>ut</strong></span> <span class='ocrx_word' id='word_1_853' title='bbox 2651 5220 2834 5274; x_wconf 90' lang='lat' dir='ltr'><strong>dicam</strong></span> <span class='ocrx_word' id='word_1_854' title='bbox 2871 5236 3139 5291; x_wconf 89' lang='lat' dir='ltr'><strong>magnum</strong></span> <span class='ocrx_word' id='word_1_855' title='bbox 3179 5228 3469 5278; x_wconf 88' lang='lat' dir='ltr'><strong>assecutus</strong></span> 
     </span>
    </p>
   </div>
   <div class='ocr_carea' id='block_1_114' title="bbox 1871 5308 3469 5380">
    <p class='ocr_par' dir='ltr' id='par_1_114' title="bbox 1871 5308 3469 5380">
     <span class='ocr_line' id='line_1_114' title="bbox 1871 5308 3469 5380; baseline 0.003 -19"><span class='ocrx_word' id='word_1_856' title='bbox 1871 5314 1958 5362; x_wconf 89' lang='lat' dir='ltr'><strong>est</strong></span> <span class='ocrx_word' id='word_1_857' title='bbox 1979 5308 2268 5362; x_wconf 87' lang='lat' dir='ltr'><strong>honorem.</strong></span> <span class='ocrx_word' id='word_1_858' title='bbox 2313 5311 2494 5380; x_wconf 86' lang='lat' dir='ltr'><strong>(Aug.)</strong></span> <span class='ocrx_word' id='word_1_859' title='bbox 2530 5309 2793 5364; x_wconf 85' lang='lat' dir='ltr'><strong>Nondum</strong></span> <span class='ocrx_word' id='word_1_860' title='bbox 2832 5309 3026 5380; x_wconf 92' lang='lat' dir='ltr'><strong>utique</strong></span> <span class='ocrx_word' id='word_1_861' title='bbox 3061 5311 3469 5368; x_wconf 81' lang='lat' dir='ltr'><strong>resurreximus</strong></span> 
     </span>
    </p>
   </div>
   <div class='ocr_carea' id='block_1_115' title="bbox 1871 5397 3465 5473">
    <p class='ocr_par' dir='ltr' id='par_1_115' title="bbox 1871 5397 3465 5473">
     <span class='ocr_line' id='line_1_115' title="bbox 1871 5397 3465 5473; baseline 0.004 -23"><span class='ocrx_word' id='word_1_862' title='bbox 1871 5397 2016 5451; x_wconf 90' lang='lat' dir='ltr'><strong>sicut</strong></span> <span class='ocrx_word' id='word_1_863' title='bbox 2070 5397 2344 5463; x_wconf 90' lang='lat' dir='ltr'><strong>Christus,</strong></span> <span class='ocrx_word' id='word_1_864' title='bbox 2397 5398 2495 5452; x_wconf 91' lang='lat' dir='ltr'><strong>sed</strong></span> <span class='ocrx_word' id='word_1_865' title='bbox 2543 5403 2733 5452; x_wconf 85' lang='lat' dir='ltr'><strong>tamen</strong></span> <span class='ocrx_word' id='word_1_866' title='bbox 2775 5397 3083 5452; x_wconf 89' lang='lat' dir='ltr'><strong>secundum</strong></span> <span class='ocrx_word' id='word_1_867' title='bbox 3119 5407 3295 5471; x_wconf 83' lang='lat' dir='ltr'><strong>spem,</strong></span> <span class='ocrx_word' id='word_1_868' title='bbox 3343 5418 3465 5473; x_wconf 67' lang='lat' dir='ltr'><strong>quae</strong></span> 
     </span>
    </p>
   </div>
   <div class='ocr_carea' id='block_1_116' title="bbox 1871 5483 3463 5558">
    <p class='ocr_par' dir='ltr' id='par_1_116' title="bbox 1871 5483 3463 5558">
     <span class='ocr_line' id='line_1_116' title="bbox 1871 5483 3463 5558; baseline 0.003 -18"><span class='ocrx_word' id='word_1_869' title='bbox 1871 5486 1930 5540; x_wconf 92' lang='lat' dir='ltr'><strong>in</strong></span> <span class='ocrx_word' id='word_1_870' title='bbox 1955 5483 2116 5539; x_wconf 91' lang='lat' dir='ltr'><strong>nobis</strong></span> <span class='ocrx_word' id='word_1_871' title='bbox 2145 5503 2280 5557; x_wconf 90' lang='lat' dir='ltr'><strong>erga</strong></span> <span class='ocrx_word' id='word_1_872' title='bbox 2309 5487 2468 5542; x_wconf 91' lang='lat' dir='ltr'><strong>illum</strong></span> <span class='ocrx_word' id='word_1_873' title='bbox 2499 5488 2613 5542; x_wconf 91' lang='lat' dir='ltr'><strong>sive</strong></span> <span class='ocrx_word' id='word_1_874' title='bbox 2637 5487 2697 5542; x_wconf 90' lang='lat' dir='ltr'><strong>in</strong></span> <span class='ocrx_word' id='word_1_875' title='bbox 2726 5487 2910 5558; x_wconf 88' lang='lat' dir='ltr'><strong>ipsum</strong></span> <span class='ocrx_word' id='word_1_876' title='bbox 2940 5493 3028 5541; x_wconf 92' lang='lat' dir='ltr'><strong>est</strong></span> <span class='ocrx_word' id='word_1_877' title='bbox 3050 5489 3170 5558; x_wconf 88' lang='lat' dir='ltr'><strong>jam</strong></span> <span class='ocrx_word' id='word_1_878' title='bbox 3205 5505 3307 5543; x_wconf 89' lang='lat' dir='ltr'><strong>nos</strong></span> <span class='ocrx_word' id='word_1_879' title='bbox 3335 5505 3463 5544; x_wconf 87' lang='lat' dir='ltr'><strong>cum</strong></span> 
     </span>
    </p>
   </div>
   <div class='ocr_carea' id='block_1_117' title="bbox 1871 5575 3460 5633">
    <p class='ocr_par' dir='ltr' id='par_1_117' title="bbox 1871 5575 3460 5633">
     <span class='ocr_line' id='line_1_117' title="bbox 1871 5575 3460 5633; baseline 0 -4"><span class='ocrx_word' id='word_1_880' title='bbox 1871 5575 1966 5630; x_wconf 91' lang='lat' dir='ltr'><strong>illo</strong></span> <span class='ocrx_word' id='word_1_881' title='bbox 2004 5577 2374 5630; x_wconf 80' lang='lat' dir='ltr'><strong>resurrexisse</strong></span> <span class='ocrx_word' id='word_1_882' title='bbox 2418 5583 2658 5633; x_wconf 86' lang='lat' dir='ltr'><strong>testatus</strong></span> <span class='ocrx_word' id='word_1_883' title='bbox 2708 5581 2812 5630; x_wconf 89' lang='lat' dir='ltr'><strong>est.</strong></span> <span class='ocrx_word' id='word_1_884' title='bbox 2865 5577 3022 5632; x_wconf 89' lang='lat' dir='ltr'><strong>Unde</strong></span> <span class='ocrx_word' id='word_1_885' title='bbox 3066 5577 3234 5632; x_wconf 89' lang='lat' dir='ltr'><strong>etiam</strong></span> <span class='ocrx_word' id='word_1_886' title='bbox 3281 5577 3460 5630; x_wconf 88' lang='lat' dir='ltr'><strong>dicit:</strong></span> 
     </span>
    </p>
   </div>
  </div>
