3892 6158
408 281 506 340 531

997 281 1062 342 B.
1104 279 1376 345 RABANI
1412 263 1646 346 muni
1691 282 2028 348 ARCHIEP.

2069 287 2393 349 MOGUNT.
2435 281 2733 346 OPERUM
2769 283 2954 342 PARS
2990 283 3088 342 III.
3535 281 3623 346 532

411 410 540 476 (Tit.
570 414 650 481 in)
675 431 692 466 :
711 411 1027 467 Secundum
1047 427 1212 467 suam
1233 415 1677 470 misericordiam
1703 420 1878 472 salvos
1903 433 2001 474 nos
2016 421 2068 480 Α
2083 419 2353 484 tenditur,
2386 415 2543 470 nulla
2569 413 2754 468 inutili
2783 413 3197 485 perturbatione
3215 415 3630 470 laceretarJiinc

407 500 536 568 fecit
551 517 652 570 per
673 505 959 556 lavacrum
981 505 1428 570 regenerationis,
1454 507 1726 575 tanquam
1735 507 1854 576 jam
1871 507 2006 561 data

406 595 558 644 esset
585 591 780 644 eadem
809 591 981 656 salus,
1026 591 1137 646 alio
1182 592 1387 663 quippe
1436 593 1556 648 loco
1601 595 2004 650 dilucidissime

408 679 562 740 dicit.
593 693 680 748 spe
708 683 861 734 enim
883 684 1026 734 salvi
1043 683 1182 749 facti
1207 695 1418 736 sumus.
1451 683 1831 738 Commutatio
1851 701 2000 752 vero,

409 785 534 840 quae
577 768 993 840 corruptionem
1040 785 1154 824 non
1199 769 1444 838 habebit,
1487 777 1806 828 sanctorum
1855 775 2001 842 erit;

409 859 635 913 illorum
665 859 772 913 erit
805 859 900 930 qui
935 860 1102 914 modo
1141 859 1350 914 habent
1387 863 1856 916 resurrectionem
1888 864 2004 934 spi-

409 947 571 1013 ritus,
588 947 658 1003 de
677 955 789 1020 qua
803 950 1210 1004 resurrectione
1223 949 1358 1004 dicit
1374 951 1674 1021 Apostolus
1697 970 1708 1004 :
1729 951 1792 1007 Si
1818 958 2004 1007 autem

407 1041 792 1092 resur'reeistis
820 1043 948 1093 cum
977 1039 1190 1094 Christo
1219 1053 1336 1108 qua
1360 1055 1585 1094 sursum
1606 1045 1736 1095 sunt
1757 1047 2002 1110 quaerite,

408 1128 508 1180 tibi
536 1127 786 1185 Christus
815 1134 890 1181 est
929 1131 991 1181 in
1033 1130 1227 1183 dextra
1265 1129 1363 1183 Dei
1389 1131 1594 1187 sedens.
1625 1145 1744 1198 qua
1779 1145 2006 1184 sursum

411 1217 545 1269 sunt
572 1219 764 1286 sapite,-
785 1233 896 1271 non
915 1231 1032 1287 quae
1048 1221 1270 1272 terrena
1296 1223 1456 1282 sunt;
1477 1221 1690 1272 mortui
1711 1222 1860 1272 enim
1881 1222 2006 1273 estis

411 1309 460 1358 et
498 1308 617 1362 vita
656 1308 835 1360 uestra
874 1307 1192 1360 abscondita
1235 1309 1310 1360 est
1349 1323 1476 1360 cum
1517 1307 1730 1361 Christo
1769 1311 1834 1362 in
1873 1310 2002 1372 Deo;

411 1395 692 1463 quomodo
713 1395 991 1448 morimur
999 1395 1306 1449 secundum
1323 1395 1584 1466 spiritum
1597 1399 1654 1449 et
1663 1396 2008 1467 resurgimus

2085 513 2172 563 est
2198 507 2342 578 quod
2377 506 2584 560 Paulus
2621 521 2721 575 per
2752 504 3273 575 contemplationem
3313 507 3542 559 mortuos
3584 508 3633 559 et

2087 597 2247 668 quasi
2291 597 2349 650 in
2390 596 2647 666 sepulcro
2693 592 3045 647 absconditos
3095 594 3382 665 discipulos
3423 593 3630 661 viderat,

2086 687 2287 758 quibus
2314 684 2536 739 dicebat
2565 702 2575 736 :
2609 685 2819 737 Mortui
2832 685 2982 736 enim
3004 685 3128 737 estis
3146 688 3194 737 et
3213 687 3322 736 vita
3348 689 3510 737 vestra
3527 685 3634 736 abs-

2085 777 2304 830 condita
2335 779 2411 828 est
2437 790 2564 828 cum
2595 773 2810 828 Christo
2854 774 2917 825 in
2960 773 3082 838 Deo,
3116 771 3208 843 qui
3259 787 3385 842 ergo
3423 777 3633 826 mortem

2086 865 2303 936 quaerit,
2333 862 2544 933 gaudet
2571 862 2705 916 dum
2751 861 3070 932 sepulcrum
3115 861 3322 915 invenit
3353 880 3364 914 :
3395 861 3515 931 quia
3555 861 3636 930 qui

2087 953 2427 1008 mortiﬁcare
2457 968 2518 1006 se
2545 950 2778 1022 appetit,
2811 951 2971 1004 valde
3003 951 3071 1003 ad
3097 950 3373 1005 inventam
3415 949 3636 1020 requiem

2086 1041 2576 1112 Contemplationis
2602 1039 2904 1094 hilarescit.
2939 1040 3014 1094 Ut
3043 1039 3342 1094 exstinctus
3367 1034 3640 1092 mundola-

2085 1136 2222 1194 teat,
2244 1136 2303 1184 et
2330 1129 2546 1184 cunctis
2577 1133 2934 1182 externarum
2947 1145 3148 1199 rerum
3168 1125 3640 1199 perturbationibus

2055 1227 2064 1234 '
2086 1221 2240 1274 intra
2265 1220 2450 1273 sinum
2472 1235 2532 1271 se
2552 1218 2738 1272 intimi
2761 1198 2967 1272 amoris
2986 1198 3306 1272 abscondat.
3331 1217 3469 1280 Quid
3487 1216 3642 1286 ergo?

2090 1309 2226 1363 Cum
2257 1310 2506 1363 Christus
2528 1310 2853 1376 apparuerit
2874 1309 2988 1360 vita
3011 1311 3204 1374 vestra,
3225 1311 3351 1360 tunc
3369 1310 3416 1358 et
3435 1321 3515 1358 vos
3534 1319 3642 1357 cum

2091 1400 2204 1466 ipso
2247 1395 2582 1465 apparebitis
2629 1397 2693 1448 in
2738 1397 2938 1461 gloria.
2985 1393 3225 1465 (Arnim)
3273 1393 3378 1448 Sed
3423 1393 3514 1457 ait,
3564 1390 3643 1445 ubi

408 1484 719 1537 secundum
749 1483 1030 1554 spiritum,
1065 1484 1146 1537 sic
1173 1486 1368 1554 postea
1393 1485 1668 1538 morimur
1701 1485 2008 1539 secundum
2091 1486 2184 1539 ille
2213 1486 2284 1538 de
2325 1485 2464 1538 ccelo
2510 1483 2852 1555 apparuerit,
2904 1483 3000 1554 qui
3057 1489 3144 1537 est
3189 1483 3518 1553 principatus
3557 1480 3646 1533 im-

409 1577 656 1636 carnem,
689 1575 748 1625 et
773 1573 1122 1642 resurgimus
1148 1574 1454 1628 secundum
1484 1577 1729 1628 carnem.
1761 1574 1896 1638 Quae
1925 1579 2011 1629 est
2093 1573 2452 1628 mortalitatis
2468 1573 2593 1626 vita;
2607 1577 2822 1638 vestrae,
2845 1571 3186 1643 apparebitis
3206 1578 3262 1625 et
3274 1571 3431 1624 vosin
3445 1570 3645 1635 eisdem,

409 1661 595 1730 prima
615 1661 803 1715 mers?
831 1677 942 1715 non
966 1661 1147 1716 facere
1173 1662 1321 1732 quod
1348 1662 1608 1727 faciebas,
1641 1677 1751 1717 non
1779 1663 2006 1717 credere
2034 1729 2060 1732 ι
2091 1669 2312 1719 aeternae
2340 1663 2466 1716 vitae
2494 1667 2551 1715 et
2575 1662 2776 1715 futurae
2804 1661 2997 1730 gloria;
3041 1661 3362 1714 fruitionem
3391 1658 3605 1713 assecuti
3633 1673 3643 1710 :

411 1729 1333 1820 quodcredebasldolisserviebat,
1353 1751 1715 1806 unumDeum
1728 1753 2002 1822 cognovit,
2033 1729 2072 1786 Β
2091 1753 2171 1808 sic
2201 1759 2257 1806 et
2286 1751 2514 1822 ejiciens
2543 1751 2696 1804 illam
2729 1729 3210 1804 conversationem
3248 1767 3366 1820 quae
3411 1747 3506 1836 sub
3543 1748 3647 1816 lege

411 1843 667 1892 mortuus
681 1839 835 1893 estin
849 1839 1184 1906 idololatria,
1207 1841 1585 1895 resurrexitin
1603 1840 1728 1895 fide.
1746 1841 2011 1896 Ebriosus
2093 1847 2196 1907 est,
2229 1859 2330 1914 per
2357 1842 2452 1895 illa
2485 1857 2606 1912 quae
2626 1840 2815 1893 futura
2835 1844 3151 1910 sperantur,
3178 1839 3454 1908 egreditur
3471 1837 3646 1890 iterum

413 1931 554 1993 erat,
578 1928 798 1982 sobrius
816 1932 930 1996 est;
955 1935 1180 1984 mortua
1197 1932 1282 1984 est
1300 1929 1562 1994 ebrietas,
1586 1931 1892 1985 resumexit
1919 1947 2010 1984 so-
2093 1933 2164 1986 ad
2195 1931 2660 1994 exhortationem,
2680 1933 2737 1983 et
2767 1929 3068 1982 ostendens
3091 1928 3356 1999 quoniam
3370 1942 3474 1980 non
3493 1924 3647 1978 solum

410 2015 839 2082 brietas,omnia
853 2025 987 2088 ergo
1009 2019 1156 2072 facta
1183 2019 1330 2073 mala
1352 2036 1474 2091 quae
1495 2019 1802 2074 desinimus
1829 2019 2012 2074 facere
2094 2020 2492 2076 inconveniens
2523 2019 2634 2072 illis
2663 2019 2738 2072 sit
2765 2030 3014 2088 peccare,
3049 2033 3114 2070 eo
3147 2016 3294 2088 quod
3322 2031 3430 2069 non
3446 2013 3549 2067 sint
3563 2011 3650 2065 sub

413 2106 574 2176 quasi
594 2121 745 2160 mors
774 2107 831 2160 in
857 2107 1048 2174 nobis;
1073 2111 1206 2164 tunc
1225 2109 1376 2162 e'nim
1392 2109 1603 2179 aliquid
1615 2108 1890 2164 desiderio
1909 2115 2012 2164 'no-
2093 2111 2236 2180 lege,
2270 2107 2366 2163 sed
2397 2109 2574 2162 multo
2613 2107 2792 2177 magis
2833 2107 2912 2161 eis
2943 2110 3139 2177 aptum
3167 2105 3240 2160 sit
3267 2105 3363 2158 illa
3388 2116 3502 2175 qua!
3528 2101 3651 2154 veri-

411 2199 530 2248 stro
550 2208 661 2249 non
680 2195 878 2261 deerit,
903 2193 1126 2266 quando
1146 2197 1336 2251 omnia
1355 2197 1413 2250 in
1435 2196 1852 2252 omnibusDeUS
1873 2198 2008 2252 erit:
2094 2199 2228 2253 tatis
2277 2202 2410 2252 sunt
2459 2198 2746 2267 perlicere,
2799 2197 2846 2249 si
2893 2200 3085 2249 tamen
3133 2192 3521 2264 consequentia
3560 2189 3652 2242 illis

412 2283 544 2337 talis
563 2284 814 2339 ﬁnisnon
835 2281 1006 2339 habet
1033 2285 1202 2340 tinem
1243 2304 1254 2338 :
1288 2301 1453 2340 nemo
1485 2286 1561 2340 ibi
1604 2287 1862 2353 moritur,
1905 2300 2014 2358 quo
2097 2304 2264 2357 agere
2293 2285 2571 2340 voluerint
2599 2301 2722 2356 qum
2750 2301 2852 2356 per
2881 2284 3170 2339 Christum
3213 2283 3332 2337 fieri
3369 2285 3649 2352 sperantur.

418 2379 584 2427 nemo
603 2374 858 2445 pervenit
874 2375 982 2429 nisi
1002 2374 1134 2429 huic
1153 2375 1356 2430 saeculo
1383 2376 1676 2442 moriatur,
1700 2390 1813 2431 non
1836 2380 2016 2430 morte
2169 2377 2489 2443 Mortiﬁcate
2518 2378 2696 2442 igitur
2727 2377 2976 2428 membra
3004 2377 3183 2428 vestra
3223 2388 3340 2441 qua:
3370 2375 3493 2424 sunt
3517 2381 3656 2436 super

415 2463 690 2528 omnium,
715 2478 828 2534 qua
849 2478 1049 2535 corpus
1069 2463 1140 2518 ab
1172 2464 1364 2518 anima
1393 2464 1692 2531 deseritUr,
1717 2465 1814 2520 sed
1836 2471 2018 2520 morte
2101 2461 2844 2528 terram.Quiaimmortales
2862 2465 2989 2532 post
3005 2459 3464 2515 resurrectionem
3484 2455 3656 2519 eﬂecti,

417 2549 743 2616 electorum,
779 2565 890 2622 qua
915 2553 1086 2606 etiam
1115 2559 1242 2607 cum
1272 2553 1332 2606 in
1371 2566 1538 2608 carne
1575 2553 1800 2608 mortali
1837 2554 2018 2609 adhuc
2099 2569 2328 2625 peccare
2360 2553 2510 2607 ultra
2535 2567 2648 2606 non
2688 2552 3016 2622 poterimus,
3053 2551 3322 2605 mortales
3347 2563 3470 2602 vero
3497 2543 3660 2616 sequi-

417 2639 692 2693 mo'rietur
708 2652 804 2693 cor
821 2647 1044 2694 sUrsum
1065 2641 1330 2712 ponitur:
1367 2644 1490 2709 Quae
1509 2645 1733 2696 sursum
1763 2648 1892 2696 sunt
1919 2659 2018 2697 sa-
2099 2647 2212 2708 tur,
2262 2647 2326 2696 ut
2372 2645 2620 2713 peccent.
2657 2641 2831 2695 Sicuti
2870 2657 3002 2711 ergo
3049 2657 3116 2694 ex
3155 2638 3384 2692 diversis
3427 2632 3659 2690 membris

418 2730 550 2796 pne,
585 2743 698 2782 non
729 2743 846 2797 quae
868 2743 1034 2798 super
1071 2733 1304 2784 terram.
1358 2729 1593 2799 (Ambr.)
1642 2729 1710 2784 Et
1751 2732 2020 2802 quoniam
2101 2736 2454 2803 peccatorum
2484 2729 2858 2801 compositum
2879 2729 3178 2783 mortalem
3197 2727 3471 2781 hominem
3487 2737 3660 2794 suppo-

420 2816 765 2871 contrarium
795 2818 1095 2888 quemdam
1125 2835 1245 2872 esse
1274 2818 1504 2873 modum
1533 2819 1757 2874 videbat
1783 2819 1895 2874 illis
1923 2821 2020 2891 qui
2101 2821 2204 2886 nit,
2239 2826 2468 2892 propter
2495 2820 2642 2890 quod
2674 2823 2730 2873 et
2760 2819 3026 2872 mortales
3066 2817 3204 2871 talia
3245 2830 3408 2886 agere
3456 2811 3658 2884 possint.

423 2915 595 2976 super
621 2911 832 2960 terram
863 2905 1376 2974 commorabantur,
1398 2907 1532 2962 dicit
1551 2911 1616 2963 ut
1634 2908 1732 2962 illa
1757 2915 2022 2980 saperent
2102 2909 2246 2964 Nam
2275 2909 2415 2964 dixit
2442 2911 2687 2962 membra
2709 2925 2826 2977 qua:
2853 2913 2984 2962 sunt
3005 2923 3171 2976 super
3198 2911 3422 2969 terram,
3450 2908 3509 2956 ut
3535 2900 3662 2953 dicat

423 3009 546 3064 qua;
573 2993 632 3048 in
662 2995 814 3049 ocelis
841 2999 992 3050 sunt.
1023 2989 1236 3051 Morini
1263 3000 1412 3050 enim
1441 3000 1566 3052 estis
1599 3003 1646 3052 et
1687 3003 1803 3052 vita
1843 3003 2021 3052 vestra
2040 3051 2080 3070 η
2105 3006 2262 3054 actus
2309 3015 2506 3070 pravos
2555 3010 2693 3068 quos
2742 2997 2924 3050 solent
2969 2996 3236 3050 mortales
3285 2992 3457 3064 sequi.
3505 2985 3664 3056 Ling.)

421 3051 740 3138 abscondita
771 3085 845 3138 est
873 3099 1001 3139 cum
1036 3086 1248 3140 Christo
1266 3089 1329 3140 in
1351 3051 1472 3140 Deo.
1516 3087 1704 3157 (Aug)
1730 3051 2019 3142 rHincrfor-r
2038 3051 2082 3111 Ο
2104 3051 2613 3156 81⁸έο
2643 3087 2762 3140 istis
2799 3084 3066 3140 membris
3111 3051 3453 3153 resurgimus
3492 3051 3545 3132 in
3573 3051 3666 3130 fide

425 3173 577 3227 tasse
587 3173 801 3228 dictum
813 3177 929 3228 est:
961 3175 1150 3228 Valida
1171 3180 1246 3228 est
1271 3179 1412 3228 sicut
1435 3192 1581 3230 mors
1603 3177 1819 3231 dilectio
1839 3177 2019 3244 (Cant.

427 3264 562 3331 vin),
607 3261 712 3316 hac
759 3262 910 3316 enim
941 3260 1240 3318 dilectione
1279 3263 1344 3318 fit
1369 3269 1434 3319 ut
1461 3264 1520 3318 in
1551 3263 1662 3319 ista
1690 3266 1871 3319 adhuc
1900 3279 2024 3320 cor-

427 3349 682 3421 ruptibili
701 3357 868 3406 carne
901 3351 1191 3406 constituti
1221 3352 1530 3408 moriamur
1559 3353 1690 3408 huic
1719 3351 1939 3420 saeculo,
1970 3361 2027 3408 et

428 3439 546 3494 rita
573 3440 768 3494 nostra
804 3445 933 3495 cum
979 3441 1202 3496 Christo
1239 3441 1615 3498 abscondatur
1654 3443 1714 3498 in
1743 3443 1878 3509 Deo,
1912 3443 2026 3498 imo

430 3528 555 3600 ipsa
582 3529 804 3584 dilectio
833 3533 919 3584 est
947 3537 1098 3585 Inors
1127 3537 1322 3586 nostra
1345 3531 1567 3599 saeculo,
1597 3533 1714 3588 vita
1741 3539 1868 3586 cum
1889 3533 2023 3598 Deo',

431 3617 481 3671 si
502 3618 654 3672 enim
683 3626 834 3674 mors
873 3621 976 3686 est,
1025 3618 1248 3692 quando
1285 3621 1354 3675 de
1385 3637 1616 3692 corpore
1653 3622 1839 3676 anima
1872 3620 2024 3688 exiit,

433 3693 712 3778 quomodo
742 3715 853 3762 non
883 3714 969 3763 est
985 3719 1137 3764 mors
1164 3706 1388 3781 quando
1419 3711 1488 3765 de
1519 3711 1728 3766 mundo
1748 3727 1908 3765 amor
1934 3728 2031 3764 no-

432 3798 551 3850 ster
569 3797 740 3850 exiit?
767 3796 950 3852 valida
969 3800 1056 3853 est
1085 3813 1218 3870 ergo
1252 3806 1316 3854 ut
1345 3810 1496 3854 mors
1526 3795 1769 3868 dilectio,
1807 3800 1939 3870 quid
1965 3816 2032 3853 ea

430 3884 671 3939 Validius
701 3900 813 3956 qua
837 3887 1078 3942 vincitur
1105 3889 1366 3943 mundus.
1403 3887 1638 3956 (Ambr.)
1672 3886 1900 3957 Mortui,
1942 3889 2031 3942 in-

437 3973 578 4042 quit,
631 3975 767 4028 estis
821 3978 1085 4045 praesenti
1124 3977 1253 4032 huic
1294 3978 1436 4044 vita},
1486 3979 1590 4032 hoc
1637 3978 1787 4033 enim
1829 3983 2034 4032 natura

438 4061 757 4125 sustinebit,
817 4063 915 4116 sed
968 4066 1352 4120 resurrexistis
1405 4085 1416 4118 :
1463 4066 1672 4120 etenim
1717 4073 1774 4120 et
1819 4067 1924 4120 hoc
1973 4066 2032 4119 in

438 4149 662 4203 Christo
692 4149 952 4205 effectum
981 4159 1084 4218 est,
1123 4158 1188 4206 ut
1215 4159 1272 4206 et
1299 4154 1359 4206 in
1383 4154 1544 4208 nobis
1574 4157 1691 4222 ﬁat,
1731 4155 1800 4209 de
1831 4155 2032 4226 quibus

435 4237 596 4293 nulla
620 4237 828 4310 poterit
855 4257 978 4294 esse
1006 4239 1363 4310 ambiguitas,
1387 4243 1484 4296 sed
1505 4242 1779 4298 incertum
1813 4249 1900 4298 est
1929 4244 2033 4299 hoc

2106 3177 2280 3249 prius,
2314 3177 2594 3247 quomodo
2640 3179 2828 3229 autem
2886 3174 3156 3246 praecedit
3203 3189 3350 3227 mors
3394 3167 3666 3224 secundum

2107 3266 2366 3338 spiritum
2422 3264 2890 3319 resurrectionem
2944 3279 3066 3334 quae
3112 3267 3202 3317 est
3250 3259 3542 3315 secandum
3571 3253 3668 3324 spi-

2107 3356 2298 3424 ritum,
2333 3355 2411 3409 sic
2439 3361 2782 3426 praecessura
2817 3357 2903 3408 est
2943 3369 3095 3406 mors
3131 3350 3440 3406 secundum
3475 3355 3672 3400 carnem

2107 3445 2578 3499 resurrectionem
2605 3459 2726 3514 quae
2757 3443 2949 3497 futura
2987 3445 3078 3496 est
3110 3440 3420 3495 secundum
3454 3443 3673 3490 carnem.

2109 3535 2567 3595 Fornicationem,
2601 3533 3047 3596 immunditiam,
3081 3531 3394 3592 libidinem,
3423 3523 3677 3590 concupis-

2111 3625 2348 3677 centiam
2373 3625 2600 3686 matam,
2622 3627 2668 3675 et
2687 3624 3012 3684 avaritiam,
3043 3634 3167 3688 quae
3179 3623 3256 3673 est
3273 3618 3674 3672 simulacrorum

2110 3715 2363 3766 servitus.
2393 3711 2586 3779 (Hier.)
2620 3711 2814 3780 Neque
2851 3709 3000 3762 enim
3040 3707 3245 3763 beatus
3293 3702 3577 3778 Apostolus
3619 3694 3677 3750 ad

2112 3800 2483 3854 abscisionem
2523 3812 2794 3853 manuum
2844 3803 2944 3852 aut
2971 3797 3203 3869 pedum,
3239 3803 3340 3850 aut
3377 3787 3679 3865 genitalium

2111 3889 2324 3944 inimici
2355 3906 2458 3944 nos
2481 3888 2854 3960 pmceptione
2882 3886 3192 3958 compellit,
3226 3887 3325 3940 sed
3353 3894 3544 3953 corpus
3568 3890 3679 3948 pec-

2111 3979 2242 4042 cati,
2273 3979 2421 4050 quod
2449 3979 2644 4048 utique
2670 3981 2890 4031 constat
2933 3993 2999 4030 ex
3045 3974 3338 4039 membris,
3374 3964 3675 4044 quantocius

2112 4067 2328 4122 destrui
2359 4067 2472 4121 zelo
2502 4067 2758 4138 perfecta:
2805 4065 3088 4119 desiderat
3123 4062 3460 4127 sanctitatis,
3492 4057 3555 4112 de
3585 4065 3678 4123 quo

2113 4173 2345 4228 corpore
2373 4155 2524 4222 alibi,
2557 4161 2621 4209 ut
2649 4157 2991 4220 destruatur,
3029 4155 3238 4224 inquit,
3272 4167 3462 4220 corpus
3499 4139 3680 4216 peccati

2115 4246 2288 4315 (Rom.
2319 4248 2413 4315 vi),
2451 4249 2508 4298 et
2532 4260 2653 4315 quae
2683 4243 2758 4298 sit
2785 4245 2908 4314 ejus
2953 4242 3264 4296 destructio
3305 4235 3681 4308 consequenter

437 4328 688 4395 interim,
723 4346 788 4384 eo
817 4329 965 4401 quod
995 4347 1099 4384 nec
1127 4329 1310 4402 ipsum
1339 4331 1591 4386 videmus
1627 4333 1934 4388 Christum.
1968 4335 2066 4406 In,
2117 4333 2360 4406 exponit,
2393 4339 2454 4387 ut
2473 4337 2619 4402 jam,
2648 4331 2850 4403 inquit,
2900 4347 3012 4386 non
3050 4335 3362 4386 serviamus
3394 4328 3606 4398 peccato,
3653 4329 3681 4367 ⁸

437 4417 541 4472 Dei
577 4435 712 4490 ergo
741 4419 966 4486 virtute,
999 4419 1096 4491 qui
1128 4401 1186 4474 et
1203 4420 1309 4474 hoc
1333 4420 1519 4491 ipsum
1548 4421 1782 4492 perﬁcit,
1819 4427 1877 4475 et
1904 4401 2099 4476 cumD
2117 4401 2227 4495 quo
2259 4423 2430 4476 etiam
2461 4401 2520 4476 se
2549 4401 2772 4475 liberari
2795 4437 2920 4475 cum
2953 4421 3168 4491 ejulatu
3199 4419 3445 4492 postulat
3471 4413 3641 4468 dicens
3668 4421 3676 4454 ε

436 4507 560 4579 ipso
584 4507 646 4561 in
676 4508 918 4576 Christo,
951 4509 1047 4580 qui
1089 4507 1290 4564 horum
1330 4513 1416 4564 est
1455 4509 1734 4582 primitiis,
1769 4510 1864 4581 qui
1894 4511 2036 4564 inte-

436 4596 548 4650 rim
576 4607 690 4650 non
716 4597 953 4664 videtur,
977 4598 1075 4653 sed
1096 4612 1199 4654 nec
1217 4597 1354 4653 illud
1375 4599 1595 4654 videtur
1615 4599 1762 4670 quod
1779 4599 2032 4654 futurum

436 4685 948 4754 es‘t.(Greg.)Sancti
967 4685 1143 4757 igitur
1161 4687 1264 4742 viri
1293 4687 1363 4742 ab
1377 4688 1804 4760 importunitate
1819 4687 2033 4743 deside-

435 4772 652 4826 riorum
669 4773 1061 4843 corporalium,
1083 4775 1376 4831 atumultu
1403 4775 1688 4833 inutilium
1707 4788 1972 4832 curarum
2001 4795 2035 4832 a

437 4860 681 4915 clamore
691 4863 1162 4933 perstrepentium
1181 4865 1686 4936 perturbationum,
1701 4868 2033 4938 semetipsos

435 4949 581 5004 sacri
613 4949 765 5004 verbi
791 4942 980 5021 gladio
1011 4953 1350 5009 mortiﬁcare
1378 4968 1491 5010 non
1520 4953 1802 5010 desinunt.
1849 4957 2033 5028 Atque

436 5039 590 5094 intus
629 5042 760 5094 ante
797 5039 899 5095 Dei
928 5038 1126 5096 faciem
1171 5043 1230 5096 in
1271 5044 1399 5098 sinu
1430 5046 1634 5100 mentis
1663 5043 2030 5100 abscondunt.

435 5127 596 5184 Unde
625 5135 774 5184 recte
793 5141 895 5202 per
922 5125 1278 5184 Psalmistam
1305 5126 1509 5188 dicitur
1557 5153 1568 5187 :
1621 5131 1922 5190 Abscondes
1953 5150 2035 5189 eos

437 5219 500 5271 i'n'
521 5219 705 5272 abdito
734 5223 921 5274 vultus
942 5223 1028 5273 tui
1046 5234 1080 5272 a
1101 5221 1516 5275 conturbatione
1541 5223 1828 5276 hominum
1863 5223 2029 5286 (Psal.

435 5309 596 5374 xxx),
627 5305 776 5376 quod
798 5309 1053 5378 quamvis
1075 5309 1316 5380 perfecte
1339 5311 1693 5380 postmodum
1718 5311 1834 5377 ﬁat,
1859 5311 2031 5365 etiam

434 5397 585 5448 hunc
598 5403 664 5448 ex
685 5408 890 5466 magna
909 5403 1067 5468 parte
1089 5398 1293 5468 agitur,
1319 5411 1443 5452 cum
1465 5416 1498 5454 a
1519 5391 1911 5471 temporalium
1933 5400 2031 5453 de-

431 5483 769 5538 sideriorum
801 5481 1136 5541 tumultibus
1165 5485 1534 5542 delectatione
1565 5489 1622 5543 in
1647 5487 1916 5544 interiora
1945 5503 2031 5544 ra-

427 5571 680 5645 piuntur,
711 5580 776 5630 ut
811 5591 971 5630 mens
1014 5591 1209 5634 eorum
1248 5577 1386 5633 dum
1412 5578 1471 5633 in
1500 5587 1753 5634 amorem
1781 5575 1884 5634 Dei
1910 5577 2032 5633 tota

2116 4507 2322 4580 Infelix
2335 4527 2426 4580 ego
2445 4511 2751 4580 homo,quis
2773 4527 2856 4563 me
2878 4511 3132 4564 liberabit
3163 4511 3228 4562 de
3261 4520 3476 4576 corpore
3512 4496 3682 4553 mortis

2115 4601 2318 4670 hujus?
2349 4601 2518 4668 (Rom.
2546 4605 2654 4659 vn.)
2679 4599 2796 4652 Hoc
2815 4599 3004 4669 itaque
3031 4597 3244 4669 peccati
3290 4606 3487 4666 corpus
3516 4581 3683 4642 multis

2114 4688 2379 4744 vitiorum
2401 4686 2667 4742 membris
2678 4686 2950 4759 probatur
2958 4689 3308 4741 exstructum
3331 4688 3387 4739 et
3403 4681 3471 4736 ad
3491 4681 3604 4748 ejus
3615 4672 3684 4726 at-

2115 4778 2260 4832 tinet
2279 4775 2891 4848 portionem,quidquid
2915 4775 2998 4829 vel
3017 4775 3164 4829 facto
3182 4775 3269 4828 vel
3289 4773 3436 4827 dicto
3457 4767 3536 4821 vel
3550 4760 3682 4831 cogi-

2117 4867 2328 4921 tatione
2348 4872 2611 4938 peccatur
2626 4885 2638 4931 ;
2662 4867 2824 4935 cujus
2834 4863 3086 4918 membra
3101 4861 3410 4918 rectissime
3423 4857 3685 4928 snperter-

2115 4971 2238 5009 ram
2265 4972 2386 5009 esse
2417 4955 2697 5009 dicuntur.
2716 4955 2840 5008 Non
2859 4954 3009 5008 enim
3031 4957 3268 5024 possunt
3281 4951 3340 5004 hi
3361 4947 3453 5020 qui
3473 4943 3684 5000 utuntur

2118 5059 2311 5098 eorum
2342 5045 2656 5098 ministerio
2691 5043 2932 5096 veridice
2975 5041 3248 5112 proﬁteri,
3284 5044 3471 5094 nostra
3517 5034 3682 5087 autem

2115 5136 2452 5188 conversatio
2483 5137 2545 5187 in
2570 5137 2713 5186 catis
2740 5137 2834 5196 est,
2857 5132 3026 5201 hujus
3048 5130 3222 5201 igitur
3239 5125 3485 5199 corporis
3513 5123 3568 5175 in
3591 5117 3680 5170 hoc

2114 5223 2235 5275 loco
2272 5221 2572 5292 Apostolus
2602 5219 2854 5274 membra
2879 5218 3218 5286 describens,
3251 5216 3580 5281 mm'tiﬁcate,
3610 5203 3680 5257 in-

2115 5307 2254 5380 quit,
2291 5313 2538 5364 membra
2566 5316 2744 5363 vestra
2766 5317 2882 5377 quae
2911 5314 3044 5363 sunt
3070 5323 3230 5376 super
3269 5313 3491 5365 terram,
3521 5294 3679 5366 forni-

2115 5403 2404 5462 cationem,
2420 5396 2864 5464 immunditiam,
2882 5396 3188 5461 libidinem,
3213 5385 3676 5461 concupiscentiam

2113 5493 2323 5543 malam
2351 5493 2401 5542 et
2421 5491 2743 5552 avaritiam,
2763 5503 2886 5565 guz
2905 5491 2977 5540 est
2999 5489 3424 5540 simulacrorum
3444 5476 3672 5565 servitus.

2111 5577 2300 5633 Primo
2327 5566 2519 5648 itaque
2547 5577 2666 5631 loco
2693 5561 3122 5644 fornicationem
3149 5569 3326 5632 credit
3347 5561 3671 5625 inferendam
