3868 6138
246 309 330 366 533

679 300 1258 363 ENARRATIONW
1292 302 1373 359 IN
1409 301 1564 358 EPP.
1606 301 1778 358 PAUI

1861 302 2002 358 ΗΒ.
2041 300 2164 358 XX.
2196 329 2263 345 -—
2292 298 2373 356 IN
2411 296 2635 356 EPIQI‘.
2674 298 2776 357 AD
2812 297 2973 355 σοι.

3375 300 3478 359 ὅθί

243 453 345 508 qua
355 434 548 489 carnali
560 433 950 489 commistione
967 432 1602 504 perﬁcitur.Secundum
1623 431 1795 488 etiam
1811 433 1864 493 A
1877 430 2063 486 lorum
2094 428 2353 484 servituti
2398 431 2706 501 comparat,
2749 432 2800 482 et
2827 429 3096 496 avaritia,
3122 427 3329 500 inquit,
3358 444 3478 498 qua

238 524 512 580 membrum
543 526 969 578 immunditiam
1001 522 1359 593 nuncupavit,
1384 539 1508 593 qua:
1534 538 1791 577 nonnun-

238 630 377 686 quam
401 612 600 683 absque
628 613 745 667 ullo
789 612 1041 667 mulieris
1071 617 1284 666 attactu
1326 611 1413 665 vel
1459 611 1788 666 dormienti-

236 703 333 769 bus,
355 702 435 755 vel
461 700 820 770 vigilantibus
856 717 958 772 per
996 700 1271 755 incuriam
1310 700 1788 771 incircumspectm

233 790 403 845 mentis
425 788 688 860 obrepsit,
720 796 779 845 et
805 789 931 844 ideo
976 794 1208 843 notatur
1248 806 1314 845 ac
1358 788 1687 859 prohibetur
1729 789 1789 844 in

230 883 345 950 lege,
365 895 482 949 qua
506 870 830 933 immundos
859 894 1082 949 quoque
1111 895 1227 933 non
1270 878 1452 933 solum
1500 893 1789 934 sacrarum

230 968 451 1022 carnium
496 967 927 1039 participatione
974 967 1228 1038 privavit,
1260 983 1456 1022 verum
1501 966 1675 1021 etiam
1719 981 1789 1021 ne

223 1062 450 1123 contactu
479 1073 583 1110 suo
613 1062 807 1112 sancta
849 1057 1155 1127 polluerint
1199 1074 1235 1111 a
1274 1061 1589 1111 castrorum
1621 1055 1793 1126 jussit

223 1146 625 1216 congregatione
673 1146 889 1201 secerni
935 1146 1128 1201 dicens
1160 1164 1173 1199 :
1205 1147 1414 1200 Anima
1456 1161 1791 1214 quaecunque

219 1237 472 1289 comederit
503 1236 571 1289 de
601 1238 865 1290 carnibus
907 1238 1174 1302 sacriﬁcii
1210 1237 1496 1300 salutaris,
1531 1236 1673 1303 quod
1713 1239 1790 1288 est

219 1327 427 1387 Domini,
462 1327 526 1377 in
555 1340 673 1392 qua
702 1328 777 1378 est
816 1325 1204 1389 immunditia,
1230 1324 1435 1392 peribit
1473 1338 1659 1376 coram
1687 1323 1787 1377 Do.

1870 526 1944 575 est
1960 522 2239 575 idolorum
2249 522 2395 573 servi
2399 525 2682 589 tus,quem
2698 532 2930 571 sensum
2949 516 3149 574 beatus
3159 518 3477 591 Cyprianus

1870 610 1951 665 sic
1978 608 2335 680 exaggeravit
2363 608 2421 662 in
2452 607 2703 678 Epistola
2728 606 2799 661 ad
2839 607 3167 675 Antonium,
3190 613 3257 662 ut
3276 623 3476 663 eorum

1870 704 2095 769 peccato
2117 698 2213 769 qui
2231 703 2485 768 tempore
2504 695 2911 767 persecutionis
2924 712 3023 766 per
3043 695 3330 755 libellosse
3343 697 3473 752 thu-

1870 788 1918 841 ri
1923 789 2185 843 ﬁcaturos
2194 785 2427 858 professi
2437 790 2619 852 erant,
2624 784 3246 856 avaritiamcomparare
3254 802 3369 845 non
3378 786 3482 843 du-

1871 876 2094 941 bitaret,
2100 882 2159 931 et
2170 881 2360 930 tamen
2373 891 2502 930 cum
2523 874 3044 930 manifestissimum
3056 874 3133 931 sit
3141 875 3320 939 multo
3337 892 3470 946 gra-

1870 966 1994 1020 vius
2012 981 2241 1036 peccare
2254 964 2720 1034 scientem,quam
2734 963 3100 1032 nescientem,
3114 964 3315 1021 vellem
3327 964 3470 1023 mihi

1872 1055 2077 1125 aliquis
2104 1054 2333 1120 diceret,
2365 1053 2416 1107 si
2461 1053 2586 1123 quis
2615 1052 2875 1118 haeresim
2916 1053 3173 1109 incurrat
3211 1053 3468 1109 nesciens

1872 1149 2148 1215 quantum
2167 1143 2379 1198 malum
2410 1142 2503 1208 sit,
2526 1147 2586 1197 et
2603 1142 2747 1197 alius
2763 1142 2835 1196 ab
2853 1142 3093 1198 avaritia
3108 1158 3222 1198 non
3235 1142 3463 1199 recedat

1869 1234 2051 1289 sciens
2070 1238 2345 1304 quantum
2363 1232 2438 1286 sit
2454 1232 2688 1297 malum,
2713 1232 2838 1302 quis
2857 1232 3011 1286 enim
3028 1232 3106 1289 sit
3117 1233 3278 1303 pejor
3294 1231 3320 1285 Τ
3333 1248 3464 1303 pos-

1867 1338 1993 1377 sum
2008 1323 2180 1377 etiam
2196 1323 2277 1377 ita
2285 1337 2616 1393 proponere,
2640 1321 2689 1375 si
2702 1320 2848 1375 alius
2862 1320 3117 1376 nesciens
3130 1321 3195 1375 in
3202 1320 3465 1379 heresim

217 1415 358 1477 atina,
367 1417 413 1466 et
424 1414 705 1481 quidquid
717 1415 955 1480 tetigerit
967 1414 1295 1467 immundus
1305 1413 1666 1466 immundum
1679 1414 1786 1465 erit
1864 1411 2064 1478 irruat,
2086 1417 2143 1466 et
2153 1411 2334 1467 sciens
2349 1409 2494 1467 alius
2514 1409 2586 1465 ab
2598 1409 2921 1465 idololatria
2929 1424 3042 1465 non
3050 1410 3278 1466 recedat
3297 1428 3310 1463 :
3331 1409 3467 1481 quia

216 1502 369 1567 (Leuit
393 1498 506 1570 vn).
528 1502 603 1556 In
621 1502 1057 1557 Deuteronomio
1076 1517 1300 1572 quoque
1323 1520 1335 1554 :
1359 1499 1423 1556 Si
1442 1502 1615 1568 fuerit
1635 1503 1785 1554 inter
1864 1506 1924 1555 et
1946 1502 2250 1572 Apostolus
2284 1500 2454 1555 dicit:
2489 1500 2765 1566 Avaritia,
2797 1515 2918 1567 quae
2942 1504 3021 1553 est
3047 1500 3328 1555 idolorum
3353 1514 3465 1553 ser-

214 1605 285 1643 vos
302 1590 449 1643 homo
461 1592 567 1658 qui
590 1595 862 1644 nocturno
876 1593 1124 1659 pollutus
1136 1595 1211 1644 est
1229 1592 1462 1653 somnio,
1475 1590 1783 1657 egredietur
1861 1593 2029 1644 vitas.
2078 1591 2319 1661 (Serap.)
2351 1590 2548 1660 Neque
2574 1589 2680 1642 hoc
2706 1587 2986 1642 silendum
3014 1586 3275 1654 arbitror,
3311 1587 3461 1658 quod

211 1683 342 1731 ostra
360 1682 561 1741 metra,
581 1682 763 1732 etnon
782 1683 1087 1733 revertetur
1100 1681 1433 1746 priusquam
1453 1680 1592 1731 lavet
1609 1693 1775 1745 aqua,
1861 1678 2009 1733 sicut
2033 1678 2416 1734 fornicationis
2444 1694 2657 1748 genera
2685 1683 2820 1733 sunt
2846 1676 2993 1745 tria;
3025 1677 3273 1749 primum
3311 1676 3462 1748 quod

212 1772 252 1819 et
274 1771 380 1833 post
421 1769 552 1820 solis
603 1783 856 1820 occasum
894 1769 1239 1834 regredietur
1283 1770 1347 1819 in
1387 1772 1569 1820 castra
1595 1767 1776 1836 (Deut.
1795 1754 1843 1814 Β
1865 1785 1967 1839 per
1983 1768 2432 1823 commistionem
2452 1780 2615 1822 sexus
2634 1767 2930 1838 utriusque
2942 1767 3250 1838 perficitur,
3267 1783 3463 1823 secun-

210 1860 355 1915 xxm).
385 1855 608 1910 Deinde
635 1856 868 1910 tertium
896 1856 1107 1927 peccati
1142 1854 1461 1910 membrum
1492 1857 1782 1909 libidinem
1864 1859 2001 1911 dum
2048 1858 2198 1928 quod
2227 1856 2436 1927 absque
2464 1856 2707 1911 femineo
2748 1862 2922 1921 tactu,
2972 1872 3074 1927 pro
3102 1872 3214 1927 quo
3241 1861 3331 1910 ter
3358 1873 3459 1927 pa-

209 1943 356 2014 ponit,
382 1960 504 2013 quae
548 1944 616 1999 in
664 1944 974 2000 recessibus
1012 1945 1215 2000 animm
1262 1945 1580 1999 coalescens
1624 1961 1782 1999 acce-
1863 1947 2123 2002 triarchie
2159 1947 2317 2001 Judaa
2360 1946 2511 2000 ﬁlius
2547 1962 2584 1999 a
2610 1945 2850 2000 Domino
2888 1961 3186 2015 percussus
3230 1945 3455 2015 legitur,

205 2032 315 2085 dere
339 2033 590 2103 cuipiam
643 2033 766 2088 sine
810 2034 1070 2105 passione
1107 2034 1357 2105 corporis
1395 2038 1581 2105 potest
1610 2052 1622 2086 :
1655 2033 1781 2088 libi-
1868 2030 2016 2107 quod
2036 2036 2095 2090 in
2127 2035 2431 2107 Scripturis
2460 2034 2666 2090 sanctis
2690 2034 3051 2089 immunditia
3076 2038 3455 2105 nuncupatur,

205 2120 367 2174 dinem
397 2121 551 2175 enim
585 2121 658 2176 ab
687 2138 753 2176 eo
783 2123 930 2193 quod
961 2122 1135 2177 libeat
1163 2122 1372 2177 dictam
1394 2139 1515 2177 esse
1543 2139 1655 2177 non
1685 2123 1787 2177 du-
1865 2142 2036 2196 super
2055 2142 2166 2196 quo
2190 2124 2492 2196 Apostolus
2513 2126 2560 2193 (Ι
2584 2125 2706 2180 σον.
2741 2126 2836 2192 vn)
2863 2142 2875 2177 :
2902 2124 3034 2178 Dico
3062 2128 3249 2177 autem
3278 2124 3457 2176 innuo

204 2208 333 2264 bium
359 2215 462 2264 est.
488 2210 752 2266 Posthaec
779 2211 850 2266 de
870 2210 1178 2282 majoribus
1197 2212 1439 2283 peccatis
1466 2212 1537 2267 ad
1559 2212 1781 2267 minora
1857 2218 1968 2283 ptis
1988 2220 2037 2269 et
2050 2216 2465 2281 viduis,bonum
2481 2218 2556 2268 est
2575 2216 2691 2267 illis
2707 2215 2759 2266 si
2775 2215 2854 2266 sic
2878 2214 3294 2281 permanserint
3312 2213 3457 2266 sicut

201 2298 535 2365 descendens,
564 2306 835 2370 quartum
855 2300 1048 2356 intulit
1066 2300 1384 2356 membrum
1404 2304 1780 2369 concupiscen-
1860 2309 1911 2358 et
1938 2320 2068 2372 ego:
2101 2304 2246 2372 quod
2272 2307 2321 2357 si
2349 2319 2402 2357 se
2431 2317 2545 2356 non
2573 2303 2857 2356 continent
2886 2300 3119 2365 nubant,
3150 2286 3357 2354 melius.
3379 2304 3455 2355 est

202 2390 316 2442 tiam
342 2392 581 2455 malam,
607 2406 741 2459 quae,
760 2405 871 2444 non
901 2390 1085 2445 solum
1104 2390 1173 2443 ad
1195 2391 1518 2462 pradictam
1538 2391 1779 2446 immun-
1860 2397 2010 2447 enim
2024 2394 2227 2447 nubere
2239 2408 2410 2461 quam
2432 2393 2554 2455 uri;
2571 2390 2804 2445 tertium
2816 2389 2968 2459 quod
2986 2388 3454 2457 animoacmente

200 2476 325 2532 ditias
352 2477 701 2547 passionem,
737 2479 1104 2533 verumetiam
1136 2480 1208 2534 ad
1236 2496 1430 2534 omnes
1457 2480 1652 2534 noxias
1678 2496 1777 2535 cu-
1859 2481 2188 2552 concipitur,
2202 2480 2272 2535 de
2293 2496 2404 2551 quo
2433 2479 2705 2534 Dominus
2715 2479 2777 2532 in
2796 2477 3097 2548 Evangelia
3126 2496 3138 2530 :
3176 2478 3284 2545 Qui
3301 2477 3453 2532 vide-

199 2564 434 2635 piditates
462 2567 818 2637 generaliter
862 2567 1058 2622 referri
1095 2574 1299 2640 potest,
1332 2585 1455 2639 quia
1500 2575 1777 2641 corruptae
1859 2575 1938 2625 rit
1958 2573 2249 2624 mulierem
2267 2570 2342 2624 ad
2360 2568 2844 2637 concupiscendam
2860 2570 3140 2635 eam,jam
3160 2566 3454 2625 machum

197 2656 571 2710 tantummodo
594 2655 902 2711 voluntatis
932 2663 1018 2711 est
1044 2657 1336 2728 aegritudo,
1361 2658 1431 2713 de
1463 2674 1576 2729 qua
1591 2658 1778 2714 Domi-
1854 2666 1934 2714 est
1961 2676 2082 2714 eam
2110 2662 2175 2713 in
2203 2660 2361 2713 corde
2384 2673 2482 2712 suo
2511 2657 2725 2725 (Matth.
2758 2659 2814 2719 v)
2842 2674 2855 2723 ;
2878 2655 2961 2711 ita

196 2758 282 2796 nus
305 2743 360 2797 in
387 2745 722 2815 Evangelio,
754 2749 855 2814 qui
881 2748 1103 2813 viderit,
1135 2746 1336 2817 inquit,
1381 2750 1674 2801 mulierem
1703 2749 1777 2802 ad
1856 2765 1997 2804 nera
2023 2753 2159 2804 sunt
2183 2748 2327 2802 tria:
2363 2746 2609 2818 primum
2638 2745 3028 2800 renuntiantes
3050 2742 3260 2805 divitiis
3286 2759 3352 2797 ac
3374 2742 3455 2797 fa-

193 2836 667 2902 concupiscendam
690 2839 960 2904 eam,jam
978 2837 1273 2890 machatus
1290 2840 1365 2889 est
1396 2851 1517 2891 eam
1537 2839 1602 2890 in
1621 2838 1775 2891 corde
1857 2838 2158 2893 cultatibus
2198 2836 2317 2892 suis
2364 2835 2591 2908 spoliari
2620 2850 2734 2891 non
2761 2834 2898 2890 sinit
2922 2853 2934 2889 :
2962 2833 3273 2889 secundum
3300 2833 3451 2905 quad

191 2935 286 2973 suo.
308 2922 480 2976 Multo
502 2922 667 2976 enim
697 2924 883 2993 majus
912 2928 999 2977 est
1039 2923 1210 2977 etiam
1255 2928 1393 2978 tunc
1437 2924 1642 2979 mentis
1686 2924 1774 2978 lu-
1858 2944 1926 2982 ea
1963 2944 2086 2998 quae
2113 2944 2149 2982 a
2172 2926 2334 2981 nobis
2353 2926 2608 2996 dispersa
2632 2931 2783 2990 sunt,
2808 2925 2895 2978 vel
2922 2921 3307 2994 indigentibus
3335 2922 3447 2977 dis-

193 3007 330 3064 bricae
355 3010 714 3066 desiderium
734 3012 1041 3078 continere,
1059 3030 1188 3067 cum
1209 3012 1261 3067 ei
1279 3012 1592 3068 illecebrosi
1619 3029 1777 3084 aspe-
1802 3076 1837 3085 _
1857 3016 2089 3083 tributa,
2134 3031 2422 3072 resumere
2450 3014 2610 3070 nobis
2634 3015 2850 3085 majore
2878 2998 3184 3085 cupiditate
3215 3027 3449 3083 persua-

191 3107 292 3152 ctus
318 3100 561 3156 oﬂ‘ertur
591 3101 807 3156 occasio
832 3120 845 3167 ;
877 3076 1081 3173 quibus
1119 3102 1574 3157 manifestissime
1619 3076 1773 3156 coin-
1794 3076 1979 3160 Cldet:
2014 3076 2246 3161 tertium
2275 3104 2425 3176 quod
2453 3120 2521 3158 ea
2539 3120 2662 3175 quae
2681 3076 2755 3158 ne
2769 3108 2937 3159 antea
2948 3076 3179 3173 quidem
3197 3076 3449 3173 posside-

188 3187 432 3257 probatur
481 3190 563 3244 ad
615 3190 1014 3260 perfectionem
1060 3192 1345 3263 puritatis,
1384 3191 1773 3247 castimoniam
1854 3211 1982 3249 mus
2000 3195 2319 3252 desiderare
2335 3194 2421 3249 vel
2440 3193 2731 3264 acquirere
2757 3191 3060 3263 compellit.
3080 3192 3150 3247 Et
3173 3197 3240 3246 ut
3256 3196 3449 3247 ostem-

188 3278 526 3333 continentiae
559 3279 871 3350 corporalis
909 3281 1089 3335 solam
1139 3297 1251 3335 non
1296 3297 1460 3353 posse
1494 3280 1770 3347 sufﬁcere,
1853 3284 2016 3339 deret
2034 3284 2299 3355 quoniam
2319 3299 2432 3338 non
2442 3287 2629 3354 potest
2646 3282 2774 3353 quis
2792 3282 2904 3336 ista
2921 3280 3043 3336 sine
3062 3295 3211 3337 noxa
3223 3280 3408 3339 facere
3430 3298 3442 3333 :

184 3365 274 3420 nisi
299 3367 347 3420 ei
376 3368 561 3423 etiam
595 3369 801 3423 mentis
846 3370 1143 3440 integritas
1179 3370 1439 3425 addatur.
1472 3371 1606 3425 Post
1649 3386 1772 3441 qua:
1853 3375 2081 3441 Propter
2105 3389 2245 3442 quae,
2278 3372 2480 3443 inquit,
2513 3374 2663 3426 venit
2690 3374 2784 3426 ira
2810 3373 2910 3425 Dei
2934 3386 3101 3439 super
3119 3372 3263 3438 ﬁlios
3297 3371 3449 3439 difﬁ-

185 3456 350 3509 omnia
378 3456 759 3512 novissimum
771 3458 1019 3529 corporis
1038 3458 1189 3514 illius
1217 3458 1551 3523 membrum,
1575 3464 1623 3513 et
1644 3475 1774 3514 ava-
1852 3464 2068 3517 dentiz.
2095 3459 2334 3530 (Ambr.)
2365 3461 2492 3515 Non
2519 3460 2704 3514 solum
2743 3475 2847 3515 nos
2875 3473 3107 3529 peccare
3135 3456 3445 3514 absurdum

182 3546 378 3611 ritiam,
410 3546 632 3618 inquit,
673 3548 868 3617 procul
895 3547 1065 3602 dubio
1093 3548 1413 3614 ostendens,
1448 3564 1561 3603 non
1587 3549 1770 3603 solum
1853 3556 1958 3617 est,
1990 3550 2089 3605 sed
2118 3556 2177 3604 et
2202 3554 2562 3619 resurgentes
2591 3549 2640 3603 si
2667 3548 3071 3619 deliquerimus
3089 3561 3317 3618 penam
3352 3562 3449 3602 ne-

181 3631 239 3684 ab
277 3635 539 3705 appetitu
594 3652 784 3691 rerum
831 3637 1143 3692 alienarum
1191 3639 1445 3693 animum
1485 3638 1771 3693 continen-
1849 3639 2153 3695 cessariam
2183 3637 2721 3709 exspectabimuan
2733 3638 2931 3706 quibus
2948 3642 2998 3691 et
3016 3636 3448 3692 cosambulastis

176 3720 309 3789 dum,
340 3739 550 3779 verum
586 3724 759 3780 etiam
789 3727 1019 3798 propria
1054 3728 1493 3798 magnanimiter
1516 3732 1769 3782 contem-
1850 3730 2309 3797 aliquando,cum
2320 3729 2570 3780 viveretis
2587 3729 2654 3781 in
2672 3724 3040 3782 illis.Dudum
3060 3723 3291 3795 quidem
3319 3738 3448 3794 age-

178 3811 358 3866 nenda.
390 3814 518 3868 Hoc
550 3813 707 3869 enim
737 3820 796 3870 et
821 3816 881 3870 in
906 3815 1138 3871 Actibus
1165 3817 1547 3888 apostolorum
1573 3816 1769 3870 fecisse
1851 3817 2060 3872 bantur
2087 3833 2122 3871 a
2152 3815 2326 3881 vobis,
2372 3814 2599 3886 quando
2634 3830 2763 3869 cum
2802 3812 3064 3884 praesenti
3109 3812 3227 3867 vita
3263 3816 3445 3871 totam

176 3897 362 3970 legitur
378 3903 749 3958 credentium
777 3905 1099 3972 multitudo,
1120 3906 1192 3960 de
1212 3922 1325 3977 qua
1345 3906 1551 3961 dicitur
1579 3924 1591 3959 :
1626 3907 1768 3960 Μαι-
1849 3924 2010 3978 spem
2037 3912 2281 3961 vestram
2310 3902 2688 3959 dimetiebatis
2716 3901 2863 3958 nihil
2890 3901 3131 3972 amplius
3149 3906 3444 3973 expectan-

178 3992 419 4046 litudinis
439 3999 640 4046 autem
657 3995 1002 4047 credentium
1020 4000 1139 4048 erat
1167 4011 1261 4049 cor
1283 4011 1465 4049 unum
1496 4001 1544 4049 et
1567 3998 1766 4050 anima
1845 4002 1952 4051 tes.
1984 3997 2147 4051 Nunc
2174 3999 2359 4048 autem
2387 3995 2637 4062 deponite
2670 3997 2719 4046 et
2745 4008 2836 4046 vos
2865 3994 3077 4047 omnia.
3125 3991 3253 4046 Jam
3293 3990 3446 4049 ultra

175 4093 292 4145 τινα,
323 4096 424 4135 nec
460 4085 771 4151 quisquam
815 4098 1007 4136 eorum
1044 4099 1163 4151 qua
1196 4086 1515 4151 possidebat,
1546 4085 1768 4152 aliquid
1846 4085 2156 4141 secundum
2182 4084 2281 4138 illa
2296 4084 2481 4138 vivere
2508 4098 2604 4137 vos
2642 4097 2757 4136 non
2775 4080 3053 4148 convenit,
3083 4080 3443 4152 quimaxime

174 4181 318 4221 suum
348 4186 460 4224 esse
486 4172 844 4237 diumt,sed
862 4177 1027 4226 erant
1052 4174 1169 4226 illis
1195 4175 1386 4226 omnia
1413 4175 1761 4226 communia:
1843 4176 1903 4229 in
1937 4173 2366 4228 immortalitate
2401 4171 2579 4238 eritis,
2614 4170 2675 4226 in
2710 4185 2825 4242 qua
2858 4169 3167 4226 consistere
3194 4186 3345 4229 nunc
3381 4170 3469 4224 in‘

172 4261 412 4325 mtquot
450 4262 617 4313 enim
644 4275 960 4327 possessores
977 4276 1247 4328 agrorum
1267 4267 1427 4315 erant
1456 4266 1555 4314 aut
1584 4263 1765 4316 domo-
1843 4265 2084 4319 formam
2123 4261 2543 4328 existimamini,
2579 4261 2678 4316 sed
2715 4260 3119 4317 discedendum
3164 4259 3326 4314 nobis
3355 4265 3445 4319 est

167 4358 299 4408 rum,
330 4349 635 4403 uendentes
664 4350 965 4416 aferebant
988 4353 1171 4418 pretia
1198 4366 1392 4404 eorum
1428 4367 1547 4418 qua:
1573 4352 1828 4422 vende-ﬁ
1845 4354 1917 4409 ab
1935 4354 2025 4408 his
2037 4352 2383 4418 omnibus,et
2398 4351 2679 4422 deponere
2715 4347 2986 4403 debemus
3004 4350 3442 4417 iram,indigna-

173 4430 288 4487 bant
305 4441 355 4489 et
366 4436 665 4505 ponebant
682 4397 812 4492 aunte
828 4397 1366 4506 pedesjzpostolorum
1381 4457 1399 4495 :
1413 4397 1764 4493 dividebatur
1778 4397 1828 4457 D
1848 4397 2801 4508 tionem,malitia’m,bla:phemiam,
2819 4442 3035 4505 turpem
3374 4438 3442 4491 de

168 4527 333 4577 autem
360 4528 621 4593 singulis
643 4530 813 4593 prout
844 4529 1040 4595 cuique
1077 4543 1210 4596 opus
1251 4533 1371 4582 erat
1402 4528 1538 4595 (Act.
1568 4531 1664 4597 iv).
1696 4529 1766 4583 Et
1845 4547 1938 4587 ore
1950 4523 3442 4601 vestro.(Serap.)Sciendumautemquodirtetriasunt

171 4624 228 4662 ne
268 4613 335 4664 ad
380 4629 606 4683 paucos
653 4614 936 4685 pertinere
990 4616 1274 4670 videretur
1318 4616 1426 4671 ista
1473 4617 1757 4688 perfectio,
1843 4636 2255 4692 genera,unum
2266 4619 2416 4690 quod
2426 4612 3274 4678 exardescitintrinsecus;aliud
3288 4616 3439 4685 quod

170 4700 450 4755 avaritiam
500 4702 939 4759 simulacrorum
984 4704 1311 4760 servitutem
1357 4722 1480 4760 esse
1525 4712 1764 4761 testatus
1846 4711 1906 4764 in
1950 4708 2182 4764 verbum
2226 4713 2285 4761 et
2312 4723 2453 4778 Opus
2491 4705 2864 4773 effectumque
2914 4702 3253 4774 ρτοηιωρὶι,
3287 4705 3438 4775 quod

171 4794 243 4841 est
278 4807 290 4841 :
331 4807 440 4845 nec
490 4791 804 4847 immerito.
855 4793 1121 4864 Quisquis
1164 4795 1315 4851 enim
1359 4812 1474 4850 non
1509 4812 1763 4851 commu-
1845 4797 2038 4853 odium
2071 4802 2448 4868 nuncupatur,
2493 4794 2564 4848 de
2600 4791 2806 4864 quibus
2835 4796 2895 4846 et
2918 4792 3251 4864 Apostolus:
3276 4794 3441 4849 Nunc

170 4876 303 4933 hicat
353 4881 804 4936 necessitatibus
852 4899 1180 4953 egenorum,
1236 4891 1297 4939 et
1346 4886 1595 4957 pecuniae
1648 4903 1763 4941 suae
1842 4892 2031 4942 autem
2056 4889 2322 4955 deponite,
2348 4883 2552 4955 inquit,
2581 4888 2632 4937 et
2658 4898 2750 4936 vos
2776 4898 2996 4937 omnem
3032 4884 3187 4938 iram
3215 4888 3265 4937 et
3290 4885 3442 4939 indi-

173 4980 321 5033 quam
364 4970 600 5024 inﬁdeli
647 4971 951 5026 tenacitate
1006 4979 1315 5040 conservat,
1353 4975 1562 5029 Christi
1619 4992 1762 5046 pre-

173 5062 315 5125 cepts
339 5060 663 5131 postponit,
690 5060 1022 5116 idololatriae
1058 5062 1269 5117 crimen
1316 5064 1572 5129 incurrit,
1605 5079 1763 5118 amo-

178 5156 276 5197 rem
303 5148 533 5201 adlicet
572 5149 825 5203 materiae
868 5150 1172 5203 mundialis
1217 5151 1419 5205 divinas
1463 5153 1763 5223 praeferens

477 5238 723 5306 (Ambr.)
764 5238 1090 5292 Notandum
1130 5240 1275 5310 quod
1316 5241 1595 5296 idolorum
1643 5241 1765 5296 cul-

176 5324 345 5377 tnram
385 5325 692 5380 avaritiam
738 5327 971 5393 vocavit,
1020 5329 1213 5399 quasi_
1238 5346 1362 5399 quae
1410 5347 1445 5384 a
1498 5331 1765 5386 similitu-

180 5406 291 5464 dine
319 5413 422 5468 Dei
460 5431 567 5469 eos
609 5415 787 5487 possit
828 5417 1132 5472 divellere:
1167 5434 1270 5473 nec
1307 5420 1457 5473 enim
1504 5421 1766 5491 possibile

181 5507 254 5552 est
277 5508 339 5555 ut
367 5504 504 5573 quis
535 5520 595 5557 se
621 5521 656 5559 a
683 5505 868 5576 pravis
904 5506 1147 5577 negotiis
1187 5506 1484 5574 abstineat,
1516 5509 1613 5579 qui
1642 5510 1766 5580 plus

746 5596 1325 5667 tenetu.(Aug.)Ideo
1334 5597 1629 5653 avaritiam
1640 5599 1764 5652 ido-

1845 4979 2161 5044 gnationcm
2194 4995 2211 5029 :
2232 4974 2464 5029 tertium
2491 4972 2641 5044 quod
2674 4987 2789 5027 non
2808 4976 2874 5027 ut
2902 4971 3001 5026 illa
3017 4970 3322 5027 ferveusad
3340 4971 3440 5027 ho-

1845 5082 1967 5119 ram
1997 5065 2305 5134 digeretur,
2328 5062 2426 5117 sed
2455 5078 2557 5133 per
2583 5061 2705 5116 dies
2732 5066 2792 5116 et
2814 5067 3072 5132 tempora
3097 5065 3435 5127 reservatur,

1847 5154 1996 5225 quod
2023 5169 2299 5208 annorum
2344 5158 2570 5207 centum
2611 5151 2835 5217 dicitur,
2867 5166 2993 5221 quas
3019 5149 3211 5205 omnia
3235 5149 3439 5221 equali

1846 5246 1982 5299 eunt
1998 5260 2035 5296 a
2051 5242 2213 5297 nobis
2229 5244 2462 5297 horrore
2478 5241 2819 5297 damnanda.
2842 5239 3261 5309 Quapmpterci
3280 5238 3437 5295 illam

1846 5347 2130 5388 summum
2156 5331 2329 5389 divini
2348 5330 2565 5402 praemii
2585 5330 2844 5401 capimus
2858 5326 3095 5398 adipisci
3112 5327 3184 5384 de
3214 5343 3329 5400 quo
3342 5329 3435 5385 ὤ-

1848 5421 1994 5475 citur
2022 5439 2040 5474 :
2072 5422 2223 5474 Beati
2251 5421 2460 5474 mundo
2486 5421 2661 5485 corde,
2686 5417 3272 5488 quoniamipeilteum
3291 5418 3439 5473 vide-

1849 5513 1985 5565 bunt
2027 5509 2247 5581 (Matth.
2283 5512 2361 5578 v),
2409 5524 2524 5563 non
2551 5508 2736 5563 solum
2763 5507 2881 5562 hec
2907 5522 2939 5561 e
2964 5505 3177 5561 nostris
3220 5504 3438 5561 utibi-

1850 5598 2326 5671 amputandaest,
2360 5598 2651 5653 aedetiam
2671 5597 2743 5651 de
