3892 6158
450 292 550 349 535

1034 293 1096 346 B.
1139 282 1410 347 RABANI
1448 281 1679 348 MAURI
1718 290 2054 348 ARCHIEP.
2096 266 2419 349 uocum.
2464 288 2761 349 OPERUM
2796 293 2982 350 PARS
3000 302 3001 307 κ
3018 292 3115 350 1n;

3552 302 3636 360 536

444 417 549 473 bu's
577 408 951 490 exstirpanda.
976 419 1101 473 Non
1120 419 1272 473 enim
1288 418 1448 474 valde
1466 420 1717 492 proderit
1734 420 2038 476 iracundia
2058 421 2105 481 Α
2121 436 2222 493 pro
2249 419 2621 494 possibilitate
2640 420 2699 474 in
2727 420 2988 491 praesenti
3016 421 3127 475 vita
3158 438 3170 474 :
3200 422 3387 478 deinde
3410 430 3462 478 et
3483 430 3642 481 osten-

447 508 723 565 cohibitus
748 507 907 563 furor
933 507 993 562 in
1022 506 1208 573 verbo,
1258 525 1359 563 nec
1389 509 1445 563 in
1477 510 1735 564 eﬁ'ectum
1764 511 2034 582 prolatus,

446 600 494 654 si
524 599 681 653 illam
709 596 929 651 areanis
955 597 1197 668 pectoris
1229 598 1407 652 nostri
1428 599 1595 665 Deus,
1628 616 1797 670 quem
1825 605 2040 654 secreta

444 686 698 742 cordium
738 702 853 741 non
888 687 1085 753 latent,
1148 686 1332 741 inesse
1377 670 1722 759 perspexerit
1751 707 1762 741 ε
1823 688 2040 743 radices

445 777 597 831 enim
640 776 898 830 vitiorum
946 776 1133 847 potius
1175 776 1351 830 excidi
1396 776 1649 849 praecipit
1677 778 2041 847 Evangelicus

446 881 651 930 sermo,
702 880 872 935 quam
915 864 1147 931 fructus,
1198 864 1293 936 qui
1320 865 1684 936 proculdubio
1723 866 1927 920 evulsis
1955 866 2040 920 fo-

447 953 678 1009 mitibus
697 969 1057 1025 nequaquam
1084 954 1321 1009 ulterius
1359 954 1717 1025 pullulabunt
1738 972 1750 1008 :
1774 961 1943 1026 atque
1962 956 2043 1008 ita

451 1059 610 1098 mens
638 1044 846 1115 poterit
864 1042 1080 1114 jugiter
1103 1042 1164 1097 in
1183 1043 1338 1098 omni
1356 1044 1633 1115 patientia
1659 1049 1717 1098 et
1746 1044 2042 1099 sanctitate

447 1134 673 1200 durare,
722 1149 851 1187 cum
904 1132 1022 1188 haec
1055 1149 1167 1187 non
1195 1132 1264 1186 de
1293 1132 1587 1204 superﬁcie
1616 1133 1958 1204 operationis
1987 1139 2046 1188 et

448 1228 696 1285 actuum,
719 1221 818 1276 sed
836 1221 906 1276 de
925 1221 1328 1292 cogitationum
1344 1221 1555 1277 fuerint
1574 1224 1766 1278 evulsa
1788 1228 2045 1294 penetra-

448 1311 614 1377 libus,
663 1317 720 1366 et
760 1310 968 1364 idcirco
1007 1327 1078 1365 ne
1121 1309 1485 1366 homicidium
1534 1318 1908 1383 perpetretur,
1959 1311 2046 1366 ira

451 1400 756 1471 odiumque
785 1399 1110 1465 succiditur,
1133 1400 1256 1453 sine
1285 1399 1488 1471 quibus
1517 1401 1804 1455 homicidii
1832 1401 2044 1455 crimen

450 1489 605 1544 nullo
634 1488 802 1543 modo
820 1487 1026 1543 valebit
1052 1488 1295 1543 admitti.
1330 1490 1439 1556 Qui
1458 1492 1731 1543 irascitur
1759 1489 1911 1543 enim
1930 1491 2049 1558 fra-

454 1581 534 1631 tri
573 1594 690 1644 suo,
735 1593 863 1632 reus
900 1581 1009 1631 erit
1034 1579 1253 1646 judicio
1285 1578 1501 1646 (Matth.
1533 1582 1590 1647 v)
1615 1598 1631 1643 ;
1674 1583 1765 1633 et:
1803 1580 1911 1646 Qui
1936 1578 2049 1632 odit

455 1669 693 1735 fratrem
721 1682 908 1733 suum,
941 1667 1219 1721 homicida
1251 1672 1325 1721 est
1357 1668 1407 1736 (Ι
1434 1670 1597 1722 Joan.
1632 1670 1730 1736 ιιι),
1766 1667 1827 1721 in
1856 1683 1922 1720 eo
1950 1666 2052 1720 sci-

2119 511 2259 565 dens
2291 511 2460 581 hujus
2488 509 2853 564 recreationis
2870 508 3080 564 bonum
3108 527 3119 562 :
3153 511 3245 565 Ubi
3262 527 3365 565 non
3377 513 3646 569 estGentilis

2121 604 2169 653 et
2194 601 2436 665 Judaeus,
2471 601 2818 653 circumcisio
2859 604 2909 652 et
2947 602 3293 669 praeputium,
3338 602 3583 656 Barbarus
3609 611 3648 658 et

2122 688 2342 755 Scytha,
2359 703 2548 742 servus
2569 692 2618 741 et
2639 689 2797 754 liber,
2825 688 2917 742 sed
2935 690 3123 742 omnia
3141 693 3188 742 et
3208 690 3268 742 in
3284 691 3513 743 omnibus
3522 691 3651 745 Chri-

2121 782 2256 831 stus.
2284 777 2361 832 At
2387 775 2503 844 ubi,
2531 776 2734 849 inquit,
2765 776 2826 831 in
2853 776 2953 830 illa
2978 776 3445 832 transformatione
3475 779 3651 834 consti-

2121 865 2377 933 tcrimus,
2401 865 2553 921 ultra
2579 882 2692 920 non
2714 865 2825 920 erit
2846 864 3120 920 discretus
3137 865 3352 920 Iudaeus
3369 866 3651 921 etGentilis.

2123 955 2270 1010 Nam
2289 953 2730 1009 circumcisionis
2747 960 2806 1009 et
2824 940 3084 1027 praeputii
3096 954 3347 1009 discretio
3364 954 3657 1027 interempta

2125 1051 2229 1112 est,
2259 1061 2326 1099 eo
2351 1044 2501 1115 quod
2528 1044 2875 1099 immortales
2894 1059 3089 1099 sumus
3108 1043 3312 1098 effecti:
3335 1043 3410 1098 ita
3433 1048 3493 1098 ut
3507 1060 3659 1115 neque

2123 1132 2396 1188 barbarus
2416 1149 2599 1204 neque
2630 1132 2793 1188 liberi
2824 1150 3007 1204 neque
3038 1132 3180 1187 servi
3212 1132 3445 1205 poterint
3460 1131 3661 1187 ulterius

2126 1222 2387 1295 perspici,
2396 1222 2620 1277 Christo
2631 1222 2689 1276 in
2705 1222 2965 1277 omnibus
2981 1221 3373 1293 apparente,ad
3384 1223 3529 1291 cujus
3539 1221 3665 1275 simi-

2125 1312 2422 1368 litudinem
2433 1311 2859 1367 immortalitate
2877 1311 3159 1383 potiemur
3177 1329 3189 1364 :
3205 1312 3326 1366 illos
3344 1326 3468 1381 ergo
3485 1310 3568 1381 qui
3578 1309 3664 1364 bu-

2122 1401 2373 1473 jusmodi
2390 1400 2576 1456 induti
2605 1405 2740 1455 sunt
2766 1401 3054 1455 hominem
3082 1406 3139 1455 et
3164 1400 3223 1455 in
3253 1399 3346 1454 illo
3371 1403 3494 1453 sunt
3519 1398 3669 1454 effecti

2129 1490 2437 1545 secundum
2465 1489 2725 1557 formam,
2750 1506 2873 1561 quae
2903 1489 3239 1544 conveniunt
3260 1489 3376 1543 vult
3397 1486 3667 1542 observare.

2134 1580 2320 1647 (Aug)
2346 1578 2406 1634 Si
2426 1595 2561 1649 ergo
2591 1579 2807 1650 Spiritu
2828 1578 3034 1634 mentis
3054 1593 3398 1642 renovamur,
3419 1581 3473 1631 et
3484 1576 3589 1646 ipse
3604 1581 3674 1629 est

2133 1685 2309 1723 novus
2337 1667 2523 1733 homo,
2550 1668 2647 1739 qui
2672 1672 2976 1722 renovatur
3000 1667 3065 1722 in
3089 1667 3370 1738 agnitione
3389 1665 3480 1720 Dei
3508 1678 3674 1719 secun-

454 1756 587 1810 licet
616 1770 727 1826 quo
746 1771 875 1809 eum
907 1755 1073 1810 corde
1103 1756 1295 1828 cupiat
1321 1756 1574 1822 interire,
1608 1757 1770 1827 cujus
1788 1772 2045 1810 cruorem
2070 1741 2118 1802 Β
2134 1757 2270 1812 dum
2300 1756 2606 1827 imaginem
2627 1758 2748 1828 ejus
2770 1756 2867 1828 qui
2877 1754 3381 1821 creaviteum,nulli
3393 1751 3679 1808 dubiumest

454 1844 681 1916 propria
708 1860 899 1910 manu,
933 1844 1020 1898 vel
1049 1845 1163 1899 telo
1203 1845 1353 1916 apud
1390 1844 1646 1900 homines
1674 1845 1909 1899 minime
1928 1844 2051 1899 fun—

455 1933 604 1988 disse
628 1933 1000 2003 cognoscitur,
1014 1934 1217 1988 affectu
1237 1934 1335 1989 ira;
1355 1933 1638 1989 homicida
1654 1935 2053 2006 pronuntiatur

458 2039 493 2078 a
525 2022 785 2089 Domino,
818 2022 951 2093 quia
974 2039 1084 2077 non
1112 2023 1297 2077 solum
1325 2040 1426 2095 pro
1456 2023 1798 2096 operationis
1829 2023 2048 2088 eﬁ‘ectu,

458 2112 557 2168 sed
584 2111 755 2166 etiam
784 2128 886 2184 pro
922 2112 1226 2167 voluntatis
1245 2129 1312 2168 ac
1339 2113 1450 2167 vo’ti
1471 2112 1774 2183 unicuique
1798 2117 1899 2167 aut
1909 2129 2052 2184 prae-

458 2202 636 2257 mium
657 2201 858 2256 reddet
882 2207 986 2256 aut
1011 2216 1255 2273 poenam.
1291 2201 1546 2273 (Albert.)
1579 2201 1722 2256 Hinc
1750 2201 1886 2256 item
1902 2202 2053 2272 Apo-

459 2291 636 2345 stolus
647 2290 785 2345 dicit
800 2289 1050 2346 scribens
1071 2290 1141 2344 ad
1172 2290 1440 2362 Ephesios
1472 2309 1484 2344 :
1515 2292 1706 2349 Omnis
1733 2292 2056 2345 amaritudo

459 2385 509 2435 et
535 2383 628 2434 ira
641 2385 691 2434 et
709 2380 1026 2447 indignatio
1051 2385 1101 2433 et
1120 2383 1333 2433 clamor
1345 2384 1394 2433 et
1423 2380 1757 2449 blasphemia
1779 2382 2057 2434 lollatura

464 2471 612 2523 vobis
640 2485 769 2523 cum
787 2471 946 2522 omni
968 2471 1193 2522 malitia
1214 2469 1427 2538 (Ephes.
1451 2471 1529 2537 v).
1564 2468 1669 2523 Hic
1696 2467 1943 2523 ostendit
1956 2483 2058 2538 pro

468 2556 671 2628 quibus
718 2557 1113 2611 constristetur
1140 2556 1382 2628 Spiritus
1410 2562 1657 2623 sanctus,
1688 2562 1747 2611 et
1779 2556 2062 2626 relinquat

463 2661 561 2700 cor
584 2645 646 2699 in
674 2661 784 2716 quo
806 2644 1099 2699 habitabat
1124 2662 1226 2715 per
1262 2645 1596 2700 charitatem
1619 2650 1677 2699 et
1704 2644 2057 2699 modestiam.

469 2733 802 2788 Amaritudo
830 2734 1117 2788 contraria
1142 2738 1231 2787 est
1249 2733 1531 2800 suavitati,
1554 2739 1614 2787 et
1636 2732 1918 2789 dulcedini
1937 2749 2063 2789 san-

467 2823 542 2878 cti
575 2822 818 2894 Spiritus
851 2840 864 2889 ;
906 2822 1067 2877 furor
1090 2838 1222 2877 vero
1250 2821 1521 2894 insipiens
1548 2822 1632 2876 ira
1661 2828 1765 2889 est,
1797 2827 1856 2877 et
1881 2821 2062 2876 ferve-

478 2928 639 2967 scens
669 2911 729 2967 in
766 2912 881 2966 ima
927 2910 1305 2983 perturbatio;
1357 2911 1668 2982 indignatio
1704 2927 1773 2965 ex
1801 2910 2065 2982 superbia

470 3001 741 3066 nascitur,
763 3017 892 3056 cum
912 3001 1157 3072 aliquem
1173 3000 1494 3072 judicamus
1514 3000 1826 3071 indignum,
1861 3005 1920 3055 et
1937 3000 2063 3054 ideo

2130 1861 2245 1901 non
2272 1845 2581 1900 secundum
2618 1861 2840 1917 corpus,
2874 1861 3057 1917 neque
3084 1844 3386 1899 secundum
3414 1839 3680 1914 quamlibet

2131 1939 2352 2007 partem
2378 1934 2573 1999 animi,
2603 1934 2700 1988 sed
2749 1934 3058 1989 secundum
3099 1932 3423 1988 rationalem
3449 1934 3678 1993 mentem,

2132 2022 2230 2078 ubi
2250 2027 2436 2094 potest
2451 2039 2574 2077 esse
2593 2022 2806 2093 agnitio
2825 2023 2947 2089 Dei,
2962 2022 3250 2077 hominem
3272 2020 3471 2075 factum
3488 2018 3554 2072 ad
3569 2017 3681 2071 ima-

2132 2112 2323 2183 ginem
2354 2112 2478 2182 ejus
2497 2111 2594 2182 qui
2613 2111 2825 2166 creavit
2845 2127 2975 2167 eum
2997 2130 3013 2176 ;
3044 2110 3351 2166 secundum
3374 2108 3509 2162 hanc
3523 2111 3682 2160 autem

2134 2200 2557 2256 renovationem
2583 2200 2864 2255 efﬁcimur
2890 2201 3064 2255 etiam
3110 2200 3215 2254 ﬁlii
3252 2198 3351 2254 Dei
3387 2213 3482 2269 per
3505 2193 3684 2266 baptis.

2137 2289 2901 2357 mumChristi,etinduentes
2915 2306 3121 2345 novum
3140 2284 3689 2353 hominem,Cbristum

2137 2379 2335 2450 utique
2363 2378 2653 2433 induimus
2682 2395 2784 2450 per
2813 2379 3002 2433 ﬁdem.
3036 2378 3177 2444 Quis
3215 2382 3301 2433 est
3343 2391 3470 2446 ergo
3507 2372 3592 2444 qui
3633 2368 3689 2424 ab

2138 2468 2245 2522 hoc
2267 2467 2548 2522 consortio
2581 2466 2818 2522 feminas
2856 2467 3087 2534 alienat,
3120 2483 3250 2523 cum
3294 2464 3404 2520 sint
3442 2460 3689 2517 nobiscum

2139 2555 2336 2626 gratiae
2363 2555 2680 2610 cohaeredes
2695 2555 2721 2609 ?
2751 2560 2809 2610 et
2836 2556 2947 2610 alio
2985 2556 3108 2611 loco
3152 2555 3302 2610 idem
3332 2549 3608 2624 Apostolus
3629 2545 3695 2600 di-

2141 2650 2233 2700 cat
2262 2646 2404 2716 (Gal.
2437 2646 2547 2712 m):
2585 2646 2782 2700 Omnes
2810 2647 2961 2699 enim
3004 2646 3117 2712 ﬁlii
3152 2646 3251 2700 Dei
3287 2645 3408 2697 estis
3433 2654 3529 2710 per
3562 2637 3693 2704 ﬁdem

2143 2737 2208 2788 in
2237 2733 2452 2789 Christo
2477 2736 2603 2788 Jesu
2640 2751 2656 2787 :
2690 2734 3010 2807 Quicunque
3039 2735 3193 2786 enim
3221 2735 3285 2787 in
3309 2731 3513 2787 Christo
3546 2724 3696 2793 bapti-

2148 2825 2264 2877 καίί
2291 2825 2415 2877 estis
2444 2822 2727 2877 Christum
2754 2823 3041 2876 induistis.
3071 2822 3199 2877 Non
3225 2825 3300 2876 est
3321 2820 3530 2874 Judzus
3554 2827 3698 2881 neque

2147 2912 2379 2976 Graecus,
2397 2927 2511 2965 non
2536 2915 2614 2965 est
2632 2926 2821 2965 servus
2850 2926 3018 2980 neque
3047 2911 3210 2976 liber,
3227 2925 3337 2964 non
3365 2911 3437 2962 est
3457 2904 3699 2960 masculus

2144 3016 2317 3070 neque
2345 3002 2786 3067 feminammnes
2804 2994 2956 3054 enim
2977 3016 3065 3053 vos
3090 3015 3277 3053 unum
3298 2999 3420 3051 estis
3446 2997 3508 3049 in
3521 2993 3701 3048 Christo

472 3105 601 3144 eum
634 3090 898 3144 nolumus
924 3090 1237 3145 sustinere:
1269 3089 1355 3144 ira
1393 3094 1585 3143 autem
1615 3093 1703 3151 est
1727 3090 1888 3160 cujus
1915 3074 2125 3144 ama-C
2145 3091 2291 3143 Jesu.
2341 3087 2743 3159 Nunquidnam
2791 3087 2968 3159 igitur
3020 3087 3219 3143 ﬁdeles
3277 3085 3492 3141 feminae
3541 3092 3706 3135 sexum

472 3179 662 3233 ritudo
687 3184 746 3233 et
768 3179 926 3233 furor
953 3186 1012 3233 et
1050 3178 1362 3249 indignatio
1407 3178 1619 3250 species
1647 3182 1797 3243 sunt,
1832 3195 1956 3249 quae
1984 3177 2067 3232 fu-

473 3284 599 3322 rore
628 3268 895 3323 restincto
923 3267 1207 3323 desiderat
1232 3266 1526 3334 ultionem,
1552 3272 1610 3321 et
1628 3283 1758 3322 eum
1783 3283 1951 3338 quem
1970 3283 2069 3321 no-

472 3357 655 3412 cuisse
683 3361 864 3428 putat,
883 3357 1004 3412 vult
1029 3356 1251 3411 laedere.
1278 3356 1439 3411 Unde
1467 3355 1628 3410 nobis
1653 3356 1837 3410 omnis
1865 3355 2069 3410 amari-

471 3446 612 3501 tudo
639 3451 698 3501 et
723 3446 881 3500 furor
907 3451 965 3500 et
991 3439 1076 3500 ira
1094 3450 1152 3499 et
1179 3444 1512 3515 indignatio,
1539 3450 1599 3499 et
1616 3444 1837 3499 clamor
1862 3444 2068 3498 tollen-

474 3536 579 3590 dus
608 3539 713 3589 est.
746 3535 882 3590 Post
925 3535 1043 3589 hec
1083 3535 1274 3589 omnia
1321 3539 1473 3589 recte
1504 3534 1717 3588 clamor
1760 3549 1984 3604 quoque
2013 3538 2072 3587 et

474 3624 826 3696 blasphemia
867 3623 1237 3695 prohibentur
1279 3623 1340 3677 in
1378 3621 1558 3689 nobis,
1606 3622 1740 3694 quia
1771 3622 1867 3693 qui
1895 3623 2071 3676 semel

472 3712 645 3768 fuerit
671 3706 859 3767 furore
889 3718 1206 3785 superatus,
1228 3728 1374 3784 sepe
1399 3711 1646 3783 erumpit
1671 3711 1743 3765 ad
1770 3711 2074 3765 clamorem

477 3808 535 3856 et
556 3801 784 3856 turbide
810 3801 1055 3856 fremens
1081 3801 1387 3855 ventilatur
1415 3800 1475 3854 in
1498 3799 1729 3855 modum
1754 3798 1892 3853 folii.
1913 3800 2071 3854 Blas-

476 3890 705 3962 phemia
721 3895 828 3957 est,
859 3906 988 3944 cum
1016 3891 1087 3943 de
1120 3890 1238 3944 Deo
1270 3889 1411 3944 falsa
1430 3890 1746 3960 ﬁnguntur,
1769 3894 1870 3942 aut
1885 3888 1945 3942 in
1964 3888 2074 3942 ﬁde

476 3979 753 4033 catholica
798 3978 1062 4032 haeretica
1099 3978 1375 4049 pravitate
1415 3978 1684 4048 deceptus
1727 3993 1919 4031 errare
1948 3977 2075 4048 quis

478 4065 768 4138 probatur.
790 4066 1104 4120 Novissime
1124 4066 1342 4120 addidit
1360 4066 1477 4119 haec
1494 4066 1633 4119 vitia
1651 4080 1779 4119 cum
1791 4068 1947 4120 omni
1958 4082 2077 4119 ma-

480 4158 607 4211 litia
629 4172 663 4209 a
680 4153 841 4209 nobis
861 4171 983 4209 esse
1008 4154 1288 4209 tollenda:
1313 4153 1532 4208 malitia
1557 4160 1643 4208 est
1667 4153 1939 4225 quidquid
1960 4154 2074 4207 vir-

477 4244 588 4298 tuti
626 4243 972 4298 contrarium
1021 4248 1126 4309 est,
1177 4258 1300 4314 qua:
1341 4241 1451 4296 alio
1481 4242 1709 4297 nomine
1733 4242 1936 4297 vitium
1963 4242 2074 4296 dici

2146 3177 2395 3249 corporis
2443 3177 2758 3232 amiserunt
2774 3177 2800 3230 ?
2838 3177 2935 3232 sed
2987 3176 3125 3248 quia
3174 3176 3251 3231 ibi
3302 3176 3620 3230 renovantur
3649 3164 3707 3220 ad

2148 3267 2453 3338 imaginem
2482 3266 2583 3321 Dei
2610 3265 2709 3321 ubi
2736 3282 2900 3321 sexus
2930 3266 3120 3321 nullus
3165 3272 3270 3333 est,
3321 3262 3399 3319 ibi
3430 3261 3597 3315 factus
3636 3258 3708 3309 est

2147 3356 2316 3410 homo
2345 3356 2417 3409 ad
2460 3355 2763 3426 imaginem
2811 3355 2912 3410 Dei
2957 3354 3056 3410 ubi
3096 3372 3268 3411 sexus
3297 3353 3480 3408 nullus
3506 3352 3601 3412 est,
3624 3343 3712 3397 hoc

2148 3450 2254 3511 est,
2288 3443 2347 3498 in
2376 3444 2590 3515 Spiritu
2616 3444 2822 3499 mentis
2850 3461 2982 3500 sum.
3007 3444 3172 3500 Sicut
3196 3443 3350 3498 enim
3379 3444 3501 3512 post
3521 3438 3709 3506 ἱερευω

2150 3533 2365 3604 peccati
2382 3534 2550 3587 homo
2578 3533 2638 3587 in
2659 3532 2946 3603 agnitione
2975 3533 3077 3587 Dei
3108 3537 3419 3588 renovatur
3445 3522 3717 3583 secundum

2152 3621 2455 3692 imaginem
2485 3622 2610 3692 ejus
2639 3622 2737 3692 qui
2776 3622 2985 3676 creavit
3021 3638 3178 3689 eum,
3207 3622 3291 3677 ita
3330 3621 3389 3675 in
3434 3618 3549 3689 ipsa
3586 3625 3718 3666 crea-

2152 3711 2307 3765 tione
2355 3716 2578 3765 creatus
2631 3715 2717 3765 est
2765 3718 3070 3781 antequam
3121 3711 3335 3766 delicto
3373 3701 3720 3762 vetere/sceret.

2153 3799 2302 3854 unde
2331 3815 2527 3854 rursus
2555 3799 2617 3853 in
2644 3799 2842 3854 eadem
2876 3799 3170 3870 agnitione
3215 3799 3603 3859 renovaretur;
3631 3789 3723 3842 ista

2154 3888 2442 3942 renovatio
2459 3887 2897 3960 reformatioque
2914 3888 3113 3943 mortis
3131 3887 3450 3944 secundum
3466 3884 3636 3939 Deum
3652 3874 3725 3930 vel

2156 3977 2465 4032 secundum
2475 3977 2783 4048 imaginem
2805 3978 2907 4032 Dei
2927 3977 3051 4032 :sed
3070 3977 3205 4033 ideo
3224 3977 3435 4032 dicitur
3451 3967 3724 4028 secundum

2156 4067 2354 4132 Deum,
2369 4082 2442 4120 ne
2464 4065 2772 4122 secundum
2799 4066 2969 4121 aliam
2999 4072 3326 4122 creaturam
3362 4062 3485 4119 ﬁeri
3503 4060 3721 4133 putetur.

2157 4154 2288 4209 Ideo
2316 4160 2505 4209 autem
2534 4155 2841 4209 secundum
2863 4155 3193 4227 imaginem,
3216 4161 3281 4211 ut
3295 4155 3355 4209 in
3372 4169 3440 4208 ea
3467 4167 3526 4205 re
3544 4142 3725 4202 intelli-

2153 4249 2324 4313 gatur
2348 4243 2471 4298 ﬁeri
2501 4244 2619 4298 haec
2646 4244 2935 4299 renovatio
2962 4243 3058 4298 ubi
3087 4250 3179 4299 est
3207 4245 3400 4314 imago
3424 4238 3543 4304 Dei,
3564 4235 3617 4290 id
3636 4236 3724 4295 est,

478 4337 681 4405 potest.
696 4332 876 4387 Nolite
898 4335 1132 4386 mntiri
1160 4334 1224 4385 in
1250 4334 1507 4386 inuicem.
1544 4330 1921 4399 (Ambr.)Non
1935 4330 2215 4405 dixithin
2245 4338 2453 4388 mente.
2486 4333 2613 4387 Non
2651 4333 2843 4404 itaque
2887 4332 2967 4387 sic
3004 4332 3414 4404 intelligamus,
3456 4323 3729 4383 secundum

2090 4379 2138 4439 D

479 4422 837 4489 alterutrum,
878 4421 977 4475 sed
1026 4424 1090 4474 in
1118 4423 1376 4486 inuicem,
1402 4419 1509 4474 hoc
1543 4420 1695 4474 enim
1722 4420 1842 4474 vult
1867 4419 2071 4485 dicere,
2090 4413 2138 4439 "
2156 4423 2462 4488 imaginem
2481 4425 2598 4491 ejus
2618 4424 2718 4490 qui
2735 4424 2941 4476 creavit
2962 4438 3109 4487 eum,
3141 4422 3311 4493 quasi
3339 4419 3454 4475 alia
3476 4416 3550 4471 sit
3566 4413 3728 4479 imago

481 4510 748 4582 quoniam
774 4526 890 4565 non
917 4515 1005 4565 est
1035 4510 1254 4581 justum
1282 4514 1352 4564 ut
1376 4523 1506 4563 cum
1534 4508 1891 4563 simulatione
1918 4507 2073 4563 vobis

477 4599 741 4665 narratis,
774 4599 872 4654 sed
898 4600 1120 4654 sincera
1145 4604 1355 4665 mente,
1404 4603 1463 4653 et
1509 4598 1775 4670 quoniam
1820 4595 2076 4653 membra

480 4686 807 4753 nominavit,
830 4692 988 4742 actus
1008 4688 1259 4759 seipsum
1288 4692 1589 4759 sequentes
1615 4686 1842 4757 adjicit:
1879 4688 2075 4755 Exspa-

481 4777 681 4829 liantes
699 4790 788 4828 vos
808 4780 1038 4829 veterem
1061 4778 1341 4831 hominem
1358 4792 1487 4830 eum
1504 4778 1719 4830 actibus
1728 4780 1862 4845 ejus.
1887 4776 1967 4830 Ex
1984 4776 2073 4829 in-

481 4867 662 4932 tegro,
696 4862 897 4934 inquit,
938 4864 1198 4919 convenit
1233 4881 1330 4920 vos
1386 4864 1686 4919 mortalem
1729 4864 2073 4935 deponentes

482 4951 769 5007 hominem
793 4951 1077 5024 deponere
1106 4953 1280 5007 etiam
1307 4959 1366 5008 et
1392 4959 1551 5009 actus
1578 4958 1983 5025 consequentes
2010 4952 2076 5006 il-

479 5040 618 5109 lum,
640 5041 707 5097 E't
720 5042 942 5096 induite
968 5057 1172 5095 novum
1195 5058 1345 5109 eum,
1369 5046 1471 5112 qui
1487 5047 1794 5100 renovatur
1820 5044 1887 5095 in
1915 5045 2075 5109 agni-

480 5133 721 5196 tionem,
734 5131 1038 5185 secundum
1066 5132 1373 5198 imaginem
1405 5135 1544 5200 ejus,
1568 5134 1669 5198 qui
1695 5133 1901 5185 creavit
1920 5147 2069 5185 eum.

479 5218 871 5275 Consentanea
896 5234 1066 5291 agere
1091 5216 1308 5273 debetis
1336 5219 1467 5274 huic
1516 5235 1658 5274 novo
1688 5236 1858 5291 quem
1888 5218 2072 5275 induti

479 5306 616 5361 estis
642 5307 893 5362 renovati
916 5313 971 5362 et
988 5307 1119 5362 facti
1139 5307 1448 5363 secundum
1476 5307 1784 5379 imaginem
1802 5309 1944 5379 ejus,
1978 5307 2073 5379 qui

479 5392 643 5448 istius
666 5393 1026 5449 mcreatibnis
1043 5394 1200 5450 vobis
1219 5400 1415 5449 auctor
1435 5395 1667 5462 exstitit,
1680 5402 1746 5451 ut
1754 5396 1905 5451 dicat
1915 5395 2073 5450 Chri-

478 5481 551 5535 sti
578 5498 589 5533 :
613 5481 805 5552 itaque
816 5482 976 5538 enim
1006 5483 1455 5539 inconvertibiles
1480 5501 1711 5539 manere
1738 5501 1832 5539 vos
1851 5484 1907 5538 in
1927 5482 2072 5538 bono

475 5585 576 5640 per
593 5570 786 5625 omnia
806 5572 1197 5631 convenit.hoc
1212 5573 1364 5627 enim
1386 5572 1541 5628 vobis
1570 5572 1629 5628 in
1648 5573 1839 5628 futuro
1861 5571 2064 5637 aderit,

2155 4508 2464 4564 secundum
2510 4525 2681 4582 quam
2720 4514 3039 4574 renovatur,
3090 4526 3209 4566 non
3258 4511 3388 4582 ipsa
3430 4522 3552 4579 quae
3585 4512 3729 4556 reno-

2154 4603 2335 4652 vatur.

2227 4688 2447 4741 lnduite
2474 4703 2601 4757 ergo
2628 4704 2718 4743 vos
2751 4692 2895 4744 sicut
2923 4691 3077 4744 electi
3122 4691 3224 4744 Dei
3255 4688 3445 4743 sancti
3481 4689 3531 4738 et
3569 4674 3734 4734 dilecti

2155 4779 2362 4831 viscera
2375 4779 2785 4846 misericordiae,
2800 4780 3216 4848 benignitatem,
3230 4777 3626 4834 humilitatem,
3638 4778 3735 4818 πω·

2155 4866 2407 4931 destiam,
2432 4868 2789 4934 patientiam.
2817 4867 3022 4938 (Hier.)
3052 4866 3122 4921 Et
3146 4866 3220 4920 de
3251 4879 3466 4937 sponsa
3481 4852 3735 4916 diciturin

2155 4954 2372 5024 psalmo
2405 4972 2418 5007 :
2452 4956 2680 5010 Adstitit
2700 4959 2896 5024 regina
2924 4972 2961 5009 a
2986 4956 3196 5009 deatris
3219 4958 3338 5009 tuis
3365 4957 3431 5007 in
3456 4949 3646 5005 vestitu
3662 4942 3738 4995 de-

2153 5048 2376 5108 aurato,
2399 5044 2745 5098 circumdata
2774 5046 3040 5098 varietate
3071 5044 3235 5109 (Psal.
3270 5045 3448 5110 κων).
3477 5034 3620 5103 Quid
3645 5031 3735 5086 hac

2154 5131 2427 5186 varietate
2452 5131 2738 5204 pulchrius
2758 5131 2787 5184 Ἰ
2811 5131 2883 5186 de
2910 5147 3022 5202 qua
3041 5136 3100 5185 et
3114 5128 3222 5185 Job
3240 5127 3597 5200 loquebatur,
3619 5120 3736 5187 θυίαν

2153 5220 2303 5274 dedit
2333 5222 2663 5274 mulieribus
2695 5224 2922 5275 tectura
2947 5222 3307 5288 sapientiam,
3339 5221 3444 5272 aut
3469 5207 3735 5269 varietati:

2152 5308 2509 5377 disciplinam
2531 5314 2556 5361 Ρ
2599 5310 2732 5378 (Job.
2781 5310 3001 5376 xxxvui)
3047 5314 3105 5362 et
3151 5306 3406 5379 pontifex
3473 5297 3642 5357 semel
3683 5294 3734 5348 in

2153 5411 2321 5461 anno,
2353 5397 2577 5467 quando
2604 5413 2705 5468 pro
2734 5396 2939 5468 populo
2968 5395 3233 5451 adolebat
3249 5394 3570 5456 incensum,
3583 5391 3639 5442 et
3661 5383 3734 5438 in~

2150 5484 2514 5554 grediebatur
2530 5485 2588 5540 in
2607 5491 2801 5540 sancta
2818 5489 3160 5550 sanctorum,
3174 5483 3352 5537 variis
3367 5478 3610 5535 vestibus
3628 5479 3736 5528 ute-

2153 5572 2336 5628 batur.
2361 5575 2526 5629 Gerte
2551 5574 2599 5628 si
2637 5572 2847 5629 divitiae
2880 5573 3206 5629 varietatem
3255 5569 3501 5626 vestium
3537 5572 3593 5620 et
3630 5575 3731 5617 non
