3868 6138
205 376 278 435 537

586 359 1159 428 ENARRATIONUM
1195 359 1272 416 IN
1311 360 1467 418 EPP.
1507 360 1723 417 PAULI
1761 361 1900 418 LIB.
1934 363 2051 418 XX.
2087 393 2150 404 —
2193 362 2270 418 IN
2308 361 2530 418 EPIST.
2571 363 2670 418 AD
2708 361 2865 418 COL.

3263 362 3366 419 538

203 450 394 556 σιπσήρι
416 491 599 546 faceret
623 486 1004 542 diversitatem
1047 485 1343 552 virtutum,
1372 485 1592 542 Pharao
1630 489 1864 549 etAtur
1890 488 1961 542 ad
1994 487 2294 561 specialem
2333 487 2774 543 consolationem
2811 486 3003 542 dicens
3049 507 3061 540 :
3107 490 3367 544 Mulieres

203 580 606 644 Nabuchodonosor
640 577 759 632 haec
797 575 1134 632 vestimenta
1177 574 1440 630 habuisse
1479 575 1690 631 scribe-

204 679 350 736 rentur,
371 675 416 724 et
437 683 536 722 non
561 665 794 737 Joseph,
807 665 903 736 qui
919 663 1024 719 sub
1043 663 1339 736 peregrino
1353 671 1412 719 et
1423 663 1690 736 pastorali

205 769 311 836 μω
324 763 466 812 vestes
489 753 781 810 discolores
812 759 870 808 et
901 753 1089 824 regias
1127 751 1336 808 habere
1371 769 1485 808 non
1528 758 1690 826 pote-

201 858 271 906 nt.
296 845 479 918 (Αιηὺν.)
503 843 606 898 Per
630 842 822 897 omnia
849 842 959 897 ista
983 841 1164 896 suasit
1190 847 1256 896 ut
1271 841 1427 897 illam
1457 858 1580 914 quae
1607 841 1690 896 in-

198 940 318 992 vicem
341 941 409 988 est
430 931 748 987 charitatem
765 931 824 985 in
842 929 1003 986 nobis
1019 929 1423 997 custodiamus,
1442 931 1688 986 charita-

197 1029 245 1081 tis
263 1024 374 1079 enim
388 1036 536 1094 Opera
559 1025 694 1075 sunt
711 1019 839 1086 ista,
863 1025 922 1074 et
931 1035 1271 1092 permanens
1289 1018 1350 1074 in
1367 1019 1567 1075 iisdem
1587 1021 1688 1075 ad-

189 1115 298 1185 jicit:
313 1111 667 1180 Supportantes
687 1111 922 1164 invicem
933 1114 982 1163 et
1003 1110 1272 1164 donantes
1299 1110 1690 1178 vobismetipsis

192 1204 325 1272 n’quis
337 1201 562 1254 adversus
585 1200 832 1268 aliquem
851 1198 1008 1252 habet
1029 1201 1328 1267 querelam,
1354 1203 1411 1252 et
1438 1198 1690 1270 exemplo

188 1288 468 1345 illissuadere
491 1287 720 1358 cupiens
748 1286 862 1341 ait:
889 1286 1048 1344 Sicut
1087 1291 1136 1340 et
1163 1288 1436 1342 Dominus
1462 1289 1688 1342 donavit

186 1381 299 1443 vobis,
316 1381 384 1432 ita
399 1381 441 1431 et
453 1392 550 1430 vos.
575 1375 792 1430 Deinde
810 1376 881 1430 ad
896 1375 1380 1431 conﬁrmationem
1409 1375 1688 1432 dictorum

182 1483 301 1539 super
322 1481 515 1520 omnem
543 1465 692 1520 hanc
715 1465 1050 1519 charitatem
1081 1464 1476 1537 compendiose
1503 1465 1689 1520 dicere

181 1557 275 1622 vult,
291 1553 542 1609 charitatis
554 1553 759 1609 habete
781 1553 1155 1624 diligentiam,
1179 1559 1238 1608 et
1257 1569 1324 1607 ex
1353 1570 1466 1624 qua
1485 1553 1688 1608 horum

177 1644 346 1699 directio
367 1643 606 1710 efﬁcitur,
638 1649 697 1698 et
721 1643 1022 1698 ostendens
1057 1642 1348 1698 charitatis
1385 1642 1690 1698 utilitatem

178 1733 340 1802 adjicit:
358 1733 494 1799 Quod
505 1738 579 1786 est
605 1734 898 1786 vinculum
919 1733 1292 1801 perfectionis.
1328 1731 1568 1798 Etenim,
1601 1731 1689 1786 in-

1771 579 2000 632 subditae
2029 583 2188 632 estote
2225 579 2363 631 viris
2385 579 2528 630 sicut
2547 582 2750 646 oportet
2778 579 2842 631 in
2863 578 3116 632 Domino.
3155 577 3368 633 Uxores

1765 665 1930 736 jubet
1957 665 2210 721 subditas
2249 682 2370 720 esse
2401 664 2638 720 maritis.
2681 666 2808 740 Viri
2827 668 3043 734 diligite
3062 682 3257 720 uxores
3277 683 3367 720 ve-

1769 760 1934 819 stras,
1965 760 2013 809 et
2051 758 2218 810 nolite
2244 759 2438 810 amari
2471 770 2576 808 esse
2611 755 2686 808 ad
2721 757 2867 810 illas.
2899 753 3064 809 Viros
3100 755 3369 811 admonet

1769 843 2005 916 diligere
2024 860 2156 899 suas
2181 861 2382 898 uxores
2409 860 2513 899 nec
2541 844 2775 899 moleste
2801 860 2936 914 erga
2963 843 3089 898 illas
3127 843 3358 898 versari.

1767 935 1906 988 Filii
1919 935 2122 988 obeditc
2135 935 2461 1002 parentibus
2472 949 2572 1002 per
2581 936 2772 988 omnia
2797 952 2808 987 :
2826 935 3082 988 hocenim
3086 935 3360 1002 placitum

1769 1028 1845 1077 est
1865 1039 1928 1077 in
1948 1023 2203 1077 Domino.
2219 1021 2431 1078 Suadet
2442 1022 2573 1076 ﬁliis
2600 1027 2665 1077 ut
2683 1020 2992 1077 obaudiant
3013 1020 3358 1093 parentibus.

1769 1113 1958 1167 Patres
1967 1113 2218 1166 nolitcad
2230 1113 2672 1180 indignationem
2682 1113 2976 1180 provocari
2991 1113 3135 1179 ﬁlios
3163 1115 3362 1164 vestros

1770 1206 1832 1255 ut
1863 1217 1972 1255 non
1996 1203 2385 1270 pusillanimes
2437 1202 2594 1268 ﬁant.
2643 1199 2902 1254 Patribus
2931 1199 3132 1255 suadet
3160 1205 3225 1254 ut
3250 1215 3362 1254 non

1770 1289 2054 1361 superﬂue
2081 1289 2312 1344 tristent
2325 1289 2469 1344 ﬁlios
2484 1305 2632 1344 suos.
2646 1289 2824 1355 Servi,
2842 1290 3044 1344 obedite
3061 1304 3162 1358 per
3171 1291 3362 1343 omnia

1770 1380 2012 1433 dominis
2031 1380 2374 1442 carnalibus,
2410 1395 2522 1433 non
2540 1380 2615 1432 ad
2643 1381 2866 1432 oculum
2893 1381 3182 1432 servientes
3203 1380 3366 1446 quasi

1771 1467 2090 1522 hominibus
2093 1471 2386 1536 placentes,
2399 1469 2490 1522 sed
2502 1470 2567 1522 in
2576 1469 2932 1536 simplicitate
2959 1468 3138 1522 cordis
3162 1469 3363 1522 timen-

1773 1557 2073 1611 teslleum:
2109 1558 2469 1626 quodcunque
2491 1558 2679 1624 facitis
2717 1572 2782 1610 ea:
2821 1559 3014 1610 animo
3051 1558 3366 1624 operamini

1769 1647 1910 1699 sicut
1935 1647 2168 1700 Domino
2183 1649 2230 1699 et
2255 1661 2365 1699 non
2381 1645 2716 1708 hominibus,
2746 1646 2990 1709 scientes,
3016 1645 3160 1713 quod
3194 1659 3231 1697 a
3257 1643 3364 1698 Do-

1772 1737 1926 1788 mino
1955 1737 2231 1803 accipietis
2279 1735 2699 1788 retributionem
2729 1733 3085 1798 hzreditat-is,
3130 1734 3366 1786 Domino

176 1821 273 1893 quit,
297 1821 346 1875 in
368 1821 543 1875 futuro
572 1821 796 1887 saeculo,
819 1837 884 1875 ac
903 1819 997 1874 ubi
1011 1819 1449 1886 constiterimus,
1469 1820 1530 1876 in
1553 1820 1690 1874 illud
1710 1804 1758 1866 Β
1773 1824 1986 1878 Christo
1999 1826 2212 1877 servile.
2229 1821 2398 1878 lubet
2427 1828 2484 1876 et
2502 1838 2690 1877 servos
2720 1821 2946 1877 obedire
2975 1821 3093 1876 suis
3122 1821 3366 1875 dominis

175 1910 278 1980 quod
293 1915 608 1981 praeceptum
629 1914 716 1973 est
727 1909 928 1975 adhuc,
946 1909 1004 1964 id
1021 1914 1108 1964 est
1121 1908 1417 1975 charitate,
1443 1908 1690 1980 colligati

170 1999 210 2054 in
235 1998 450 2066 invicem,
495 1997 972 2070 permanebimus,
1017 1998 1232 2053 nullam
1275 1998 1690 2070 separationem

167 2087 342 2142 ulterius
364 2087 698 2142 sustinentes
729 2105 741 2139 :
771 2086 1090 2142 tenebimur
1117 2103 1249 2142 vero
1285 2086 1346 2141 in
1391 2087 1690 2142 concordia

166 2175 343 2247 illaque
365 2191 490 2246 erga
512 2177 854 2231 alterutrum
873 2181 962 2230 est
980 2175 1224 2246 idipsum
1243 2175 1598 2230 alterutrum.
1621 2177 1689 2231 Et

164 2266 432 2332 puGhristi
447 2269 680 2320 exsultet
715 2268 780 2319 in
801 2266 1056 2320 cordibus
1074 2267 1286 2319 vestris.
1319 2264 1511 2319 Sciens
1539 2265 1690 2319 enim

60 2363 62 2372 '
166 2350 308 2406 bestiis
322 2353 512 2408 Paulus
529 2353 802 2425 quoniam
821 2353 1097 2410 charitate
1117 2359 1381 2408 manente
1399 2354 1592 2408 omnia
1613 2353 1692 2409 fa-

161 2440 234 2494 cile
254 2441 572 2512 diriguntur,
601 2441 710 2497 illis
741 2458 869 2497 vero
898 2458 1023 2514 quae
1049 2441 1334 2497 contraria
1348 2449 1482 2498 sunt
1498 2449 1693 2498 tenen-

161 2527 268 2583 tibus
287 2531 410 2584 nihil
441 2531 689 2586 efﬂcitur
726 2547 792 2586 ex
841 2531 955 2588 illis
998 2547 1122 2602 quae
1150 2530 1506 2596 conveniunt,
1539 2531 1692 2587 omni

159 2617 242 2673 loco
253 2618 312 2674 de
327 2619 598 2675 charitate
616 2621 862 2674 multum
897 2619 1081 2675 facere
1107 2619 1330 2674 videtur
1347 2637 1688 2688 sermonem,

161 2708 463 2764 etostendens
481 2709 895 2764 exhortationis
912 2709 1216 2764 utilitatem
1245 2709 1465 2780 adjicit:
1489 2712 1558 2765 In
1582 2726 1693 2779 qua

156 2800 348 2851 cloacali
361 2801 481 2853 estis
500 2802 572 2853 in
604 2814 719 2852 uno
754 2814 994 2867 corpore,
1017 2803 1066 2852 et
1101 2800 1257 2866 grati
1287 2803 1463 2852 estote.
1504 2798 1693 2852 Unum

155 2883 380 2954 quoddam
407 2903 617 2960 corpus
643 2903 744 2959 per
772 2885 1260 2958 regenerationem
1290 2886 1422 2941 facti
1450 2902 1645 2941 sumus
1675 2905 1687 2941 :

154 2972 329 3030 evidens
363 2981 446 3030 est
482 2981 682 3030 autem
727 2975 989 3047 quoniam
1018 2975 1077 3030 in
1105 2991 1242 3046 pace
1269 2991 1465 3031 sumus
1492 2975 1693 3043 vocati,

154 3077 199 3115 eo
212 3063 334 3134 quod
353 3081 454 3120 nec
471 3081 683 3136 corpus
699 3063 806 3120 sibi
831 3064 940 3136 ipsi
973 3080 1224 3136 unquam
1245 3063 1351 3119 scit
1377 3063 1693 3119 dissentire.

153 3148 212 3203 Ita
231 3153 468 3208 convenit
493 3170 600 3208 vos
619 3152 689 3208 ob
702 3153 846 3208 hanc
869 3153 1048 3226 ipsam
1066 3152 1415 3208 vocationem
1435 3152 1698 3224 Operibus
1715 3165 1760 3227 α

150 3245 294 3308 patos
308 3241 500 3297 habitu
519 3259 626 3296 vos
645 3241 880 3309 ostendi,
896 3241 1273 3298 custodientes
1292 3241 1448 3297 illam
1466 3258 1603 3314 erga
1621 3242 1698 3297 al-

152 3333 375 3385 terutrum
385 3331 676 3403 integram
685 3331 1054 3386 vocationem.
1079 3332 1306 3386 Verbum
1323 3331 1532 3386 Christi
1544 3333 1697 3386 habi-

149 3420 790 3475 tetinvobisabundanter.
814 3419 1101 3475 Ditissime
1115 3419 1208 3486 sit,
1227 3419 1429 3490 inquit,
1453 3420 1514 3475 in
1540 3419 1696 3475 vobis

147 3504 264 3576 larga
281 3507 483 3564 Christi
512 3509 792 3576 doctrina,
829 3509 1302 3581 quemadmodum
1333 3509 1393 3564 in
1419 3509 1575 3564 omni
1604 3526 1696 3564 sa-

142 3597 307 3660 pientia
325 3599 575 3654 docentes
612 3603 662 3653 et
697 3603 1088 3652 commonentes
1119 3601 1482 3668 vosmetipsos.
1507 3598 1598 3652 Sic
1625 3597 1696 3652 il-

143 3681 282 3738 lorum
294 3687 585 3743 assiduam
603 3685 803 3742 habete
823 3688 1153 3742 memoriam
1168 3691 1234 3742 ut
1257 3703 1480 3758 semper
1507 3686 1694 3741 videa-

139 3772 240 3828 mini
255 3776 504 3848 vosipsos
522 3776 727 3831 docere
742 3782 799 3831 et
817 3776 1119 3831 admonere
1148 3781 1584 3847 consequentem
1617 3775 1698 3830 eis

142 3858 360 3919 doctrinis
375 3865 868 3920 conversationem
897 3869 1246 3919 ostentantes
1269 3882 1282 3931 ;
1313 3863 1394 3918 sic
1417 3865 1569 3919 enim
1589 3863 1701 3918 erit

139 3947 375 4008 ditissima
410 3954 472 4008 in
505 3953 665 4009 vobis
691 3955 815 4024 ejus
841 3953 1114 4020 doctrina,
1147 3953 1196 4008 si
1225 3969 1450 4024 semper
1464 3953 1583 4008 haec
1601 3969 1698 4007 ea-

142 4035 234 4094 dem
256 4043 574 4113 cogitantes
596 4042 656 4096 in
696 4048 878 4096 vestro
917 4058 1085 4097 sensu
1130 4057 1255 4096 eam
1286 4041 1566 4096 custodire
1609 4057 1701 4096 vo-

141 4125 331 4185 lueritis.
350 4131 504 4187 Nam
523 4131 674 4203 quod
695 4131 835 4185 dixit
868 4133 933 4184 in
965 4133 1124 4186 omni
1157 4134 1452 4200 sapientia,
1485 4130 1702 4202 sapien-

141 4216 244 4272 tiam
267 4220 658 4276 vocavitillum
679 4219 1024 4274 intellectum
1047 4219 1360 4290 quideistis
1379 4224 1467 4273 est
1499 4237 1511 4272 :
1545 4221 1699 4273 Psal-

139 4309 230 4374 mis,
245 4309 495 4377 hymnis,
513 4311 746 4363 canticis
755 4309 1121 4377 spiritalibus,
1139 4310 1203 4362 in
1214 4310 1403 4376 gratia
1417 4311 1700 4362 cantantes

138 4395 180 4446 in
193 4399 435 4452 cordibus
451 4400 656 4456 vestris
672 4398 794 4452 Deo.
819 4397 1070 4468 Semper,
1103 4396 1306 4468 inquit,
1330 4395 1389 4450 in
1409 4412 1577 4450 sensu
1605 4411 1702 4450 ve-

1771 1911 2130 1982 inspicientes
2153 1911 2213 1965 in
2231 1910 2386 1966 illam
2403 1911 2677 1966 mercedis
2697 1909 3228 1976 remunerationem,
3243 1926 3365 1980 qua:

1771 2017 1807 2055 a
1829 2001 1948 2055 Deo
1983 1999 2094 2054 illis
2119 1999 2462 2054 retribuetur
2494 2015 2595 2070 pro
2625 1998 2777 2053 ﬁdeli
2808 1998 3052 2064 servitio,
3095 2004 3152 2052 et
3179 1997 3262 2052 ita
3289 1997 3366 2052 fa-

1771 2089 1879 2144 cite
1904 2089 2050 2144 sicut
2067 2095 2127 2160 et
2146 2090 2366 2160 justum
2395 2095 2482 2143 est
2509 2087 2692 2142 facere
2729 2104 2846 2153 eos,
2879 2087 2975 2158 qui
3020 2104 3056 2141 a
3100 2087 3216 2142 Deo
3259 2085 3366 2141 sibi

1771 2178 2088 2234 mercedem
2129 2177 2302 2233 tribui
2338 2183 2678 2249 exspectant.
2711 2177 2837 2231 Non
2867 2176 3012 2230 sicut
3046 2174 3368 2230 hominibus

1772 2267 2096 2332 servientes,
2137 2267 2235 2322 sed
2276 2266 2424 2321 sicut
2458 2265 2542 2320 illi
2571 2282 2606 2320 a
2633 2282 2743 2336 quo
2772 2270 2830 2319 et
2849 2263 3164 2318 mercedem
3201 2263 3367 2318 vicis-

1775 2357 1882 2412 sim
1909 2355 2012 2411 sibi
2032 2355 2204 2410 tribui
2232 2359 2556 2426 exspectant
2573 2353 2776 2426 quibus
2814 2353 3007 2425 adjicit
3040 2371 3051 2406 :
3087 2354 3195 2420 Qui
3216 2355 3368 2406 enim

1771 2448 2052 2515 injuriam
2072 2446 2226 2512 facit,
2258 2446 2478 2512 recipiet
2499 2445 2560 2497 id
2585 2445 2729 2512 quod
2751 2445 2940 2512 inique
2968 2444 3128 2510 gessit
3157 2446 3208 2495 et
3256 2456 3369 2495 non

1773 2540 1848 2589 est
1863 2548 2231 2602 personarum
2255 2534 2490 2601 acceptio
2519 2534 2671 2602 apud
2704 2533 2896 2586 Deum.
2942 2530 3221 2596 Quoniam
3263 2530 3368 2585 etsi

1773 2623 1966 2693 aliqua
1992 2621 2209 2676 ratione
2227 2621 2436 2692 injuste
2455 2637 2552 2676 eos
2571 2621 2785 2676 domini
2799 2620 3050 2691 affligere
3068 2619 3365 2686 voluerint,

1774 2729 1888 2766 non
1903 2717 2070 2766 erunt
2090 2710 2324 2778 innoxii,
2339 2711 2457 2765 Deo
2481 2709 2693 2765 scilicet
2716 2709 2924 2764 nullius
2945 2725 3242 2780 personam
3272 2713 3372 2763 aut

1775 2799 2102 2873 accipiente,
2125 2805 2224 2855 aut
2251 2803 2560 2854 reverente.

1777 3014 2038 3068 Dominos
2061 3016 2300 3068 instruit
2318 3012 2636 3082 Apostolus;
2668 3017 2717 3066 et
2755 3013 3098 3066 commendat
3140 3026 3194 3066 se
3241 3025 3370 3065 ora-

1851 3087 2094 3139 tionibus
2123 3087 2539 3149 Oolossensium,
2568 3085 2848 3138 ostendens
2897 3084 3162 3152 quomodo
3209 3098 3262 3136 se
3297 3082 3372 3134 ad

1851 3157 2096 3225 inﬁdeles
2125 3156 2320 3210 habere
2339 3157 2596 3220 debeant;
2629 3160 2679 3209 et
2692 3156 2930 3224 ponitur
2958 3155 3212 3223 Epistula:
3249 3167 3372 3207 con-

1850 3229 2022 3282 clusio
2045 3242 2148 3296 per
2173 3229 2587 3281 salutationem.

1844 3335 2093 3393 Domini,
2108 3335 2252 3402 quod
2250 3336 2471 3401 justum
2492 3337 2568 3387 est
2597 3337 2646 3386 et
2670 3347 2890 3400 aequum
2914 3333 3084 3384 servis
3097 3334 3368 3398 praestate,

1776 3425 2000 3476 scientes
2015 3423 2217 3492 quodet
2232 3438 2320 3476 vos
2339 3423 2644 3476 Dominum
2659 3421 2866 3474 habetis
2894 3422 2958 3473 in
2993 3422 3134 3473 calo.
3161 3417 3376 3490 (Amb.)

1779 3511 1849 3565 Et
1887 3510 2130 3565 dominis
2176 3509 2378 3564 suadet
2427 3515 2493 3563 ut
2525 3507 2663 3562 illud
2693 3507 2844 3578 quod
2881 3505 3149 3561 concedet
3193 3504 3372 3560 servis

1778 3598 2048 3665 tribuant,
2072 3599 2318 3654 humane
2341 3614 2477 3668 erga
2495 3613 2590 3650 eos
2610 3601 2842 3666 agentes
2867 3601 2924 3650 et
2955 3595 3014 3649 in
3032 3610 3200 3666 opere
3229 3593 3372 3648 dile-

1777 3687 2018 3742 ctionem
2045 3687 2156 3742 illis
2176 3686 2506 3758 prebentes,
2519 3690 2578 3739 et
2595 3684 2943 3755 diligentiam
2965 3684 3189 3737 illorum
3209 3682 3372 3736 adhi-

1777 3778 1992 3843 bentes,
2017 3782 2185 3848 prout
2203 3781 2407 3847 potest,
2447 3779 2506 3829 et
2522 3773 2744 3827 veniam
2770 3772 2882 3826 illis
2921 3769 3374 3842 delinquentibus

1778 3865 2051 3933 tribuant,
2074 3881 2200 3919 cum
2221 3881 2317 3918 eos
2339 3879 2571 3935 peccare
2607 3860 2892 3927 acciderit,
2929 3860 3036 3914 hoc
3065 3859 3216 3913 enim
3241 3857 3377 3913 dicit

1775 3957 1997 4027 justum
2019 3960 2078 4008 et
2093 3970 2340 4024 aequum,
2361 3957 2428 4008 ut
2453 3968 2565 4006 non
2587 3949 2832 4022 aequales
2851 3948 2956 4004 sibi
2975 3964 3072 4003 eos
3107 3963 3229 4002 esse
3265 3946 3375 4001 exi-

1780 4044 2014 4099 stiment
2035 4061 2046 4096 :
2073 4042 2196 4097 ﬁeri
2209 4041 2358 4097 enim
2381 4046 2566 4112 potest
2584 4039 2809 4110 quando
2829 4043 2894 4093 ut
2925 4037 3171 4093 serviant
3205 4035 3371 4098 servi,

1782 4139 1840 4188 et
1857 4149 1985 4187 cum
2004 4131 2226 4202 integro
2242 4129 2488 4186 serviant
2505 4129 2722 4184 effectu.
2749 4128 2930 4183 Tanta
2961 4126 3212 4198 scripsit;
3241 4141 3375 4180 sua-

1782 4221 1880 4276 det
1897 4227 2086 4276 autem
2103 4227 2160 4274 et
2179 4220 2267 4274 his
2294 4219 2411 4274 haec
2422 4217 2702 4272 custodire
2722 4217 2820 4271 illa
2838 4215 3126 4282 memoria,
3160 4215 3293 4286 quia
3319 4221 3377 4268 et

1783 4309 1890 4381 ipsi
1915 4309 2029 4364 sint
2045 4308 2149 4364 sub
2163 4307 2404 4363 Domino
2434 4307 2530 4362 illo
2551 4306 2729 4378 quiin
2766 4305 2920 4360 caelis
2939 4311 3058 4359 est:
3087 4309 3144 4358 et
3170 4303 3376 4358 iterum

1783 4399 1855 4452 ad
1883 4397 2336 4453 communionem
2361 4396 2620 4462 vertitur,
2656 4402 2713 4450 et
2739 4395 2844 4449 ait:
2871 4394 3130 4450 Orationi
3153 4395 3376 4446 instan-

137 4487 452 4556 strogratias
472 4486 629 4558 agite
655 4485 772 4541 Deo
790 4502 893 4558 pro
913 4485 1117 4556 quibus
1149 4485 1288 4540 talia
1314 4485 1577 4556 praestitit
1602 4482 1764 4542 vo-D
1785 4492 1874 4550 tes,
1907 4490 2197 4556 vigilantes
2226 4489 2288 4540 in
2315 4503 2377 4540 ea
2406 4489 2470 4540 in
2493 4487 2816 4553 gratiarum
2845 4484 3078 4536 actione.
3104 4479 3378 4551 Praecepit

135 4568 209 4625 bis.
230 4575 396 4630 Omne
407 4577 778 4646 quodcunque
793 4577 981 4642 facitis
1001 4577 1064 4629 in
1093 4576 1250 4628 verbo
1286 4579 1390 4628 aut
1427 4590 1492 4628 in
1524 4589 1694 4643 opere,

66 4641 68 4674 ⁵
135 4665 288 4717 omnia
301 4667 365 4719 in
389 4641 625 4719 nomine
641 4641 868 4718 Domini
883 4665 1010 4717 .lcsu
1038 4664 1221 4730 facite,
1242 4667 1456 4732 gratias
1484 4641 1700 4730 agentes

134 4748 206 4802 Deo
220 4753 378 4808 Patri
387 4768 500 4822 per
519 4755 722 4822 ipsum.
737 4751 807 4806 Et
817 4751 1208 4822 quodcunque,
1219 4751 1420 4822 inquit,
1434 4762 1534 4806 aut
1560 4751 1700 4806 dici-

133 4835 198 4902 tis,
209 4845 302 4894 aut
308 4841 510 4912 agitis,
519 4839 804 4896 intuentes
813 4839 872 4894 in
883 4839 1107 4894 Christo
1115 4901 1122 4906 ν
1131 4838 1378 4894 debitam
1385 4839 1701 4912 gratiarum

131 4927 373 4984 actionem
394 4931 523 4985 Deo
539 4935 598 4984 et
615 4929 770 4984 Patri
783 4927 991 4983 referre
1014 4934 1309 5000 properate
1329 4945 1428 5000 pro
1449 4928 1560 4983 illis
1579 4945 1701 5000 quae

132 5027 202 5081 per
225 5017 528 5073 Christum
552 5016 710 5072 vobis
737 5023 873 5072 sunt
899 5016 1152 5089 pmstita
1173 5035 1185 5071 :
1206 5017 1418 5072 etenim
1446 5017 1508 5072 in
1550 5017 1700 5089 psal-

127 5104 206 5157 mis
240 5115 300 5162 et
338 5106 584 5180 hymnis
619 5113 679 5162 et
713 5105 946 5161 canticis
988 5105 1335 5178 spiritalibus
1388 5106 1701 5177 gratiarum

129 5193 374 5251 lationem
437 5195 681 5263 vocavit,
734 5195 841 5250 hoc
896 5195 1108 5262 dicens,
1166 5195 1225 5250 in
1279 5194 1540 5250 cordibus
1612 5212 1702 5250 ve-

124 5283 224 5337 stris
245 5285 478 5356 gratias
509 5284 658 5356 agite
687 5285 824 5351 Deo,
853 5291 954 5340 aut
979 5284 1352 5356 quodcunque
1379 5289 1480 5339 aut
1517 5283 1702 5339 dicitis

126 5375 400 5445 i“ﬂagitis,
424 5373 516 5429 sic
534 5379 592 5429 et
608 5373 777 5429 dicite
816 5378 875 5428 et
901 5373 1053 5444 agite
1091 5373 1237 5428 sicut
1262 5373 1482 5444 justum
1509 5377 1596 5428 est
1621 5371 1702 5427 di-

121 5472 214 5515 cere
239 5462 393 5531 illos,
421 5463 528 5535 qui
553 5462 692 5517 talia
717 5461 942 5534 assequi
969 5461 1126 5532 digni
1168 5467 1304 5516 sunt
1339 5461 1537 5516 habiti.
1570 5461 1700 5516 Haec

124 5550 240 5604 uim
267 5559 362 5607 est
409 5567 555 5606 vera
588 5551 902 5622 gratiarum
941 5550 1087 5605 actio
1123 5568 1136 5603 :
1161 5549 1364 5605 deinde
1395 5555 1454 5604 et
1481 5549 1540 5604 in
1596 5549 1700 5604 hac

70 5609 72 5644 Ι
121 5645 244 5703 Plrte
261 5640 518 5697 imitans
534 5609 633 5694 ill;
649 5655 775 5712 qua
793 5638 865 5694 ad
894 5638 1161 5714 Ephesios
1198 5637 1501 5711 scripserat
1525 5638 1698 5694 verti-

1782 4574 1970 4630 sobria
1985 4580 2173 4630 mente
2191 4574 2417 4629 assidue
2432 4589 2614 4639 orare,
2644 4577 2815 4644 atque
2839 4569 3053 4640 gratias
3077 4584 3246 4639 agere
3273 4584 3376 4640 pro

1781 4664 1894 4720 illis
1911 4663 2074 4719 bonis
2091 4680 2214 4735 quae
2229 4663 2335 4718 sibi
2354 4667 2490 4718 sunt
2502 4679 2538 4716 a
2555 4661 2671 4716 Deo
2691 4659 2920 4714 tributa.
2945 4658 3176 4713 Orontes
3203 4659 3375 4712 simul

1782 4759 1830 4808 et
1853 4769 1956 4823 pro
1977 4755 2130 4807 nobis
2159 4757 2223 4806 ut
2249 4754 2390 4807 Deus
2409 4754 2623 4820 aperiat
2651 4750 2804 4803 nobis
2824 4749 3026 4801 ostium
3045 4747 3198 4801 verbi
3225 4748 3377 4816 loqui

1747 4839 1752 4844 ’
1781 4843 2050 4910 mysteria
2069 4841 2278 4896 Christi
2281 4881 2292 4899 .
2321 4845 2546 4910 propter
2564 4839 2709 4908 quod
2728 4841 2775 4891 et
2799 4839 3004 4905 ligatus
3025 4852 3169 4902 sum,
3185 4839 3249 4889 ut
3261 4851 3378 4889 ma-

1782 4932 2034 5000 nifestcm
2054 4931 2202 4984 illud
2215 4933 2357 4982 sicut
2379 4929 2629 4982 convenit
2649 4929 2802 4995 loqui
2819 4942 2922 4979 me.
2943 4925 3052 4980 Sed
3071 4929 3131 4978 et
3143 4940 3244 4994 pro
3273 4939 3375 4977 no-

1781 5018 1886 5085 bis,
1910 5017 2115 5090 inquit,
2129 5033 2291 5072 orare
2307 5022 2373 5072 ut
2393 5021 2725 5086 cooperetur
2739 5013 2902 5069 nobis
2919 5013 3194 5077 Christus,
3209 5017 3269 5066 et
3281 5011 3377 5065 do-

1782 5123 1908 5163 cere
1939 5122 2136 5162 omnes
2172 5105 2454 5177 possimus
2497 5104 2651 5158 illam
2696 5120 2820 5174 qua:
2865 5102 2925 5157 in
2975 5101 3263 5157 Christum
3290 5106 3378 5154 est

1783 5195 2098 5262 veritatem,
2115 5209 2216 5266 pro
2247 5209 2358 5264 quo
2379 5198 2437 5247 et
2461 5191 2724 5262 alligatus
2751 5207 2878 5246 sum
2909 5187 3273 5260 ad'praesens.
3306 5190 3375 5243 In

1781 5288 2056 5354 sapientia
2079 5284 2357 5338 ambulate
2373 5282 2448 5335 ad
2466 5297 2550 5335 eos
2571 5283 2670 5351 qui
2685 5281 2826 5348 foris
2835 5283 2986 5345 sunt,
3007 5283 3218 5347 tempus
3233 5278 3376 5332 redi-

1783 5377 2004 5427 mentes.
2046 5372 2186 5428 Cum
2234 5369 2554 5443 prudentia,
2601 5367 2804 5438 inquit,
2847 5365 2962 5421 illis
2999 5365 3097 5438 qui
3125 5367 3375 5422 extranei

1781 5467 1915 5516 sunt
1931 5477 1968 5516 a
1981 5461 2090 5515 ﬁde
2107 5457 2518 5532 disceptamini,
2542 5472 2787 5530 praesens
2803 5460 3027 5528 tempus
3046 5461 3215 5528 prout
3241 5471 3376 5510 con-

1781 5550 2010 5605 veniens
2043 5555 2131 5604 est
2165 5548 2320 5604 vobis
2349 5547 2664 5612 abutentes,
2689 5561 2756 5600 eo
2799 5545 2948 5616 quod
2974 5545 3070 5601 ille
3097 5544 3194 5616 qui
3221 5561 3375 5599 com-

1781 5643 1945 5709 parat
1970 5637 2205 5709 aliquid,
2222 5636 2292 5694 ad
2310 5651 2477 5692 usum
2498 5649 2730 5692 suarum
2746 5632 3056 5689 utilitatum
3068 5631 3206 5688 illud
3226 5647 3374 5685 com-
