3892 6158
507 290 610 364 599

1087 299 1153 361 Β.
1193 301 1467 364 RABAN'I
1501 301 1734 366 MAURI
1775 306 2116 370 ARCHIEP.
2155 305 2482 371 MOGUNT.
2523 303 2823 370 OPERUM
2858 303 3044 366 PARS
3081 305 3179 368 ῙΠ.

3611 321 3694 380 540

505 437 685 506 parat.
726 427 845 488 Hoc
898 426 1075 488 voluit
1118 431 1304 488 dicere
1335 451 1347 488 :
1389 435 1649 506 presenti
1712 440 1986 509 tempore,
2035 437 2521 501 inAlicitudinem
2575 451 2706 494 eum
2761 435 2969 492 habere
3029 433 3098 492 de
3133 437 3228 503 eis,
3273 437 3351 494 ita
3385 437 3450 494 ut
3485 446 3607 509 oret,
3644 452 3698 502 ut

505 535 614 594 quo
651 523 804 577 mala
838 521 1144 587 abundant,
1187 537 1288 594 pro
1333 523 1536 579 virium
1585 530 1897 580 vestrarum
1956 545 2096 599 qua-

503 611 660 666 litate
698 611 835 666 illud
879 627 1047 683 agere
1085 617 1381 683 properate
1429 602 1578 685 quod
1625 611 1779 670 vobis
1836 618 2098 688 expedire

504 696 856 778 cognoscitis,
888 705 951 755 ut
978 705 1036 754 et
1080 702 1365 756 mercedes
1403 701 1558 756 vobis
1599 703 1656 757 in
1700 703 1954 760 futurum
1993 723 2094 779 pro

503 789 608 842 hac
645 788 1064 844 conversatione
1104 789 1442 861 prOvideatis
1475 807 1575 862 pro
1623 793 1825 864 quibus
1873 794 1932 849 in
1959 811 2098 868 prae-

503 875 648 932 senti
677 877 877 932 saeculo
933 880 1378 934 commoramini.
1437 879 1626 935 Sermo
1682 888 1847 937 vester
1889 900 2098 954 semper

503 970 567 1021 in
607 967 794 1034 gratia
825 968 936 1021 sale
972 969 1042 1022 sit
1081 967 1352 1034 conditus,
1387 971 1450 1022 ut
1487 969 1673 1024 sciatis
1707 975 1972 1040 quomodo
2007 991 2095 1028 vos

501 1060 703 1126 oportet
729 1057 1031 1124 unicuique
1069 1057 1406 1124 respondere.
1425 1059 1744 1129 PrOperate,
1772 1061 1975 1133 inquit,
1999 1060 2096 1116 illa

502 1157 624 1216 quae
649 1141 960 1216 prudentia:
989 1159 1211 1217 semper
1236 1147 1402 1216 plena
1439 1154 1572 1202 sunt
1599 1149 1874 1220 proloqui,
1910 1151 2093 1206 consi-

501 1233 763 1288 derantes
795 1235 940 1306 quod
971 1239 1227 1306 oporteat
1244 1235 1546 1307 unicuique
1575 1237 1708 1290 dare
1739 1255 2087 1310 responsum,

500 1321 893 1377 convenienter
904 1322 1274 1395 disputantes,
1296 1323 1374 1378 ita
1391 1329 1454 1380 ut
1465 1325 1643 1395 magis
1657 1326 1866 1382 donum
1879 1328 2092 1400 aliquid

501 1425 567 1464 ex
587 1412 788 1466 vestris
816 1411 1165 1467 sermonibus
1197 1413 1388 1484 perfici
1418 1414 1691 1480 videatur,
1723 1415 1811 1470 his
1847 1417 2087 1488 adjecit:

575 1499 700 1567 Qua:
728 1504 876 1555 circa
909 1515 993 1555 me
1019 1507 1150 1556 sunt
1171 1505 1362 1556 omnia
1383 1504 1528 1557 vobis
1547 1509 1677 1558 nota
1711 1506 1878 1572 faciet
1905 1506 2093 1574 Tychi-

500 1603 594 1643 cus
605 1586 965 1644 charissimus
978 1589 1158 1658 frater
1172 1596 1222 1644 et
1241 1591 1417 1658 ﬁdelis
1435 1593 1692 1646 minister
1725 1598 1774 1647 et
1807 1611 2096 1650 conservus

500 1679 566 1732 in
589 1680 834 1744 Domino,
856 1696 1014 1748 quem
1036 1681 1168 1732 misi
1185 1681 1259 1733 ad
1275 1682 1449 1734 vosad
1463 1681 1561 1734 hoc
1572 1684 1775 1750 ipsum,
1817 1689 1879 1737 ut
1897 1701 2092 1752 cogno-

2179 531 2328 586 firmi
2369 533 2737 601 permaneant
2786 525 2846 580 in
2892 526 3042 580 ﬁde?
3088 526 3232 580 Dicit
3271 527 3410 582 enim
3444 531 3698 601 Apostolus

2179 618 2562 674 testimonium
2591 615 2887 688 perhibere
2917 616 2996 668 eis
3025 616 3283 685 quoniam
3325 617 3698 678 sollicitudinem

2178 710 2247 764 de
2267 707 2379 762 illis
2398 706 2648 771 haberet,
2670 717 2774 760 nec
2794 717 2907 758 non
2923 709 2980 758 et
3001 704 3059 758 in
3072 704 3180 758 illis
3190 705 3347 776 quiin
3357 706 3702 765 Lsodiciasunt

2177 802 2236 852 et
2253 797 2312 852 in
2333 796 2636 867 Hierapoli.
2658 795 2882 851 Salutat
2900 809 2992 848 vos
3021 795 3186 848 Lucas
3217 791 3442 848 medicus
3479 797 3703 851 charissi-

2177 903 2300 941 mus
2332 891 2381 940 et
2421 889 2636 940 Demas.
2671 884 2893 938 Salutat
2936 896 3031 936 eos
3077 887 3136 936 et
3179 895 3212 935 a
3239 883 3382 937 Luca
3413 885 3603 939 modico
3626 888 3702 956 qui

2179 973 2540 1046 Evangelium
2569 972 2917 1044 conscripsit,
2950 985 3054 1026 nec
3083 981 3192 1026 nan
3219 976 3274 1025 et
3303 972 3483 1026 Dama.
3529 973 3704 1028 Deinde

2177 1065 2370 1119 scribit
2397 1063 2478 1119 eis
2513 1062 2798 1118 :Salutate
2835 1063 3043 1128 fratres
3087 1063 3186 1130 qui
3229 1066 3356 1113 sunt
3407 1061 3638 1115 Laodicia
3667 1069 3706 1116 et

2177 1153 2512 1223 Nympham,
2555 1157 2605 1206 et
2622 1167 2740 1221 qua
2779 1153 2843 1204 in
2871 1151 3028 1204 domo
3051 1152 3166 1218 ejus
3193 1155 3284 1214 est,
3323 1152 3598 1203 ecclesiam.
3624 1150 3706 1204 Sa-

2173 1243 2369 1310 lutate,
2400 1241 2602 1313 inquit,
2635 1237 2758 1294 illos
2813 1239 2909 1309 qui
2949 1238 3006 1291 ln
3053 1234 3312 1292 Laodicia
3349 1243 3474 1291 sunt
3497 1244 3549 1291 et
3571 1239 3710 1309 Nym-

2175 1331 2342 1404 pham
2373 1345 2502 1385 cum
2540 1328 2799 1384 omnibus
2828 1327 2947 1382 suis
2971 1326 3068 1398 qui
3097 1326 3154 1380 in
3188 1327 3348 1380 domo
3375 1327 3487 1396 ejus
3511 1331 3638 1391 sunt,
3665 1332 3711 1381 et

2175 1420 2402 1492 adjicit:
2427 1419 2492 1474 Et
2511 1435 2635 1472 cum
2657 1422 2792 1472 lecta
2831 1418 3006 1485 fuerit
3031 1417 3273 1484 Epistola
3288 1416 3432 1483 apud
3455 1428 3553 1478 uos,
3580 1416 3714 1483 facile

2176 1515 2237 1564 ut
2255 1512 2317 1564 in
2333 1507 2748 1564 Laodicensium
2769 1507 3007 1560 Ecclesia
3023 1508 3258 1573 legatur,
3289 1510 3338 1557 et
3365 1517 3477 1557 eam
3489 1517 3593 1572 qua
3609 1505 3712 1558 Lao-

2176 1597 2483 1653 dicensium
2497 1602 2590 1664 est,
2609 1611 2697 1650 vos
2715 1599 2923 1663 legatis.
2939 1592 3138 1664 Itaque
3145 1594 3289 1648 hanc
3301 1591 3584 1664 Epistolam
3595 1596 3718 1662 post-

2177 1704 2345 1758 quam
2370 1685 2440 1741 ab
2465 1686 2577 1740 illis
2605 1685 2778 1740 fuerit
2806 1684 2970 1750 lecta,
3003 1683 3114 1752 legi
3143 1688 3200 1737 et
3239 1682 3299 1735 in
3343 1679 3716 1736 Laodicensium

500 1773 614 1821 seat
641 1784 759 1836 qua
790 1769 938 1822 circa
966 1781 1054 1822 vos
1074 1773 1224 1834 sunt,
1268 1773 1331 1822 ut
1367 1771 1674 1824 consoletur
1721 1773 1886 1826 corda
1917 1763 2156 1828 vestraB
2175 1775 2421 1832 Ecclesia
2446 1772 2718 1848 pri-ncipit.
2744 1773 2893 1828 Dicit
2907 1777 3094 1826 autem
3112 1771 3196 1826 eis
3215 1777 3281 1824 ut
3299 1776 3356 1824 et
3366 1769 3512 1823 illam
3537 1782 3644 1839 qua;
3667 1783 3718 1822 ex

503 1866 629 1910 cum
651 1857 901 1912 Onesimo
931 1857 1256 1911 charissima
1284 1862 1332 1911 et
1354 1858 1506 1925 ﬁdeli
1532 1859 1730 1926 fratre,
1761 1864 1861 1930 qui
1899 1867 1975 1916 est
2031 1881 2095 1917 ea:

486 1947 649 2000 -vobis
675 1965 690 2000 .-
721 1945 910 2000 omnia
941 1961 1058 2015 quae
1086 1943 1177 2000 hic
1223 1952 1478 2014 aguntur
1500 1953 1631 2002 nota
1679 1951 1885 2016 facient
1925 1954 2088 2006 vobis.

503 2033 805 2106 Pr0pterea
832 2051 867 2088 a
886 2047 976 2089 me
1003 2035 1250 2090 directus
1280 2041 1366 2090 est
1411 2050 1539 2090 cum
1589 2036 1855 2094 Onesimo
1896 2039 2089 2107 fratre,

503 2120 598 2194 qui
629 2133 664 2177 a
690 2119 845 2179 vobis
871 2127 1118 2190 venerat,
1137 2131 1204 2179 ut
1232 2125 1367 2179 nota
1387 2124 1542 2180 vobis
1562 2126 1770 2182 faciant
1807 2145 1931 2199 qua:
1959 2143 2092 2200 erga

499 2223 601 2267 nos
630 2217 764 2267 sunt
792 2215 847 2267 et
872 2209 1153 2268 oblectent
1175 2229 1274 2270 vos
1305 2231 1404 2286 per
1431 2229 1594 2270 suum
1623 2217 1944 2285 adventum,
1977 2233 2092 2273 om-

501 2301 597 2356 nia
625 2317 747 2373 qua:
767 2297 856 2356 hic
885 2309 1132 2374 aguntur
1157 2303 1455 2358 manifesta
1483 2302 1750 2360 facientes
1777 2303 1948 2361 vobis.
1983 2307 2088 2363 Sa-

501 2391 646 2444 lutat
673 2407 762 2446 vos
789 2391 1143 2446 Aristarchus
1199 2395 1546 2461 concaptivus
1587 2409 1740 2448 meus
1784 2399 1834 2449 et
1871 2397 2090 2451 Marcus

500 2481 860 2534 consobrinus
881 2482 1144 2535 Barnabas
1169 2483 1232 2535 (te
1253 2499 1356 2550 quo
1375 2485 1654 2550 accepistis
1697 2486 1992 2550 mandata;
2041 2491 2092 2540 si

499 2570 711 2622 venerit
729 2571 802 2621 ad
827 2585 936 2632 vos,
960 2572 1186 2638 excipite
1219 2571 1404 2625 illum.
1436 2571 1651 2626 Deinde
1679 2573 1888 2627 salutat
1907 2591 2002 2628 eos
2020 2575 2090 2628 ab

498 2651 842 2722 Aristarcho,
878 2669 1042 2728 quem
1075 2663 1133 2712 et
1159 2658 1438 2728 captivum
1459 2675 1624 2713 suum
1645 2659 1814 2716 edicit
1832 2679 1972 2728 esse,
2004 2667 2091 2718 ut-

497 2749 629 2815 pote
649 2745 981 2816 colligatum
1002 2746 1128 2814 sibi,
1151 2752 1208 2800 et
1228 2765 1262 2802 a
1277 2747 1464 2802 Marco
1485 2763 1651 2819 quem
1674 2755 1933 2820 nepotem
1954 2751 2091 2807 dicit

497 2849 619 2886 esse
649 2833 938 2900 Barnabm,
972 2836 1041 2890 de
1073 2852 1182 2906 quo
1207 2834 1378 2890 etiam
1419 2838 1748 2892 mandatum
1797 2857 1892 2894 eos
1927 2858 2087 2896 acce-

497 2921 646 2992 pisse
667 2923 855 2986 edicit,
889 2923 971 2978 ita
999 2930 1062 2979 ut
1082 2925 1400 2980 venientem
1429 2943 1554 2980 eum
1590 2927 1864 2999 recipiant
1890 2949 1901 2983 :
1953 2931 2089 2985 dicit

495 3015 686 3064 autem
711 3011 792 3065 eis
821 3013 1098 3084 accepisse
1125 3015 1456 3070 mandatum
1484 3032 1595 3070 non
1625 3017 1694 3070 ab
1720 3017 1830 3071 alio
1875 3019 2082 3090 aliquo,

2175 1865 2438 1920 Laodicia
2458 1870 2544 1919 est
2563 1863 2773 1934 legant,
2792 1877 2906 1916 non
2926 1861 3060 1932 quia
3078 1860 3148 1914 ad
3170 1859 3525 1914 Laodicenses
3543 1856 3717 1911 scribit.

2175 1953 2334 2008 Unde
2376 1953 2605 2024 quidam
2661 1952 2859 2005 falsam
2910 1950 3221 2021 Epistolam
3270 1948 3341 2002 ad
3401 1945 3722 2002 Laodicenses

2175 2057 2240 2097 ex
2261 2043 2488 2098 nomine
2533 2041 2683 2096 beati
2725 2041 2884 2094 Pauli
2915 2039 3308 2109 conﬁgendam
3339 2050 3458 2090 esse
3481 2035 3722 2090 existima-

2173 2137 2390 2194 verunt,
2415 2147 2517 2186 nec
2536 2131 2687 2185 enim
2714 2133 2837 2183 erat
2872 2143 3004 2182 vera
3030 2128 3302 2198 Epistola.
3335 2125 3724 2180 Estimaverunt

2173 2225 2362 2276 autem
2385 2219 2614 2292 quidam
2630 2219 2785 2273 illam
2801 2233 2942 2283 esse,
2964 2233 3088 2287 quae
3123 2217 3185 2270 in
3207 2217 3314 2270 hoc
3341 2216 3456 2268 loco
3483 2219 3562 2268 est
3581 2213 3726 2283 signi-

2173 2313 2358 2366 ficata.
2380 2309 2680 2380 Apostolus
2700 2320 2831 2361 vero
2855 2323 2967 2361 non
2997 2305 3372 2360 Laodicenses
3390 2303 3535 2368 dicit,
3568 2301 3653 2356 sed
3674 2315 3728 2353 ex

2172 2397 2436 2453 Laodicia
2469 2413 2637 2469 quam
2688 2395 2769 2450 illi
2825 2395 3174 2466 scripserunt
3219 2393 3293 2447 ad
3332 2391 3657 2464 Apostolum,
3682 2387 3760 2442 in-

2173 2499 2341 2559 quam
2397 2487 2588 2559 aliqua
2633 2484 3088 2558 reprehensionis
3145 2483 3322 2553 digna
3367 2479 3727 2542 inferebantur,

2173 2589 2340 2648 quam
2373 2574 2543 2631 etiam
2564 2576 2670 2630 hac
2683 2575 2754 2629 de
2772 2588 2941 2628 causa
2953 2573 3123 2644 jussit
3140 2572 3295 2643 apud
3307 2586 3402 2625 eos
3418 2569 3542 2640 legi.
3561 2567 3630 2623 Ut
3644 2564 3730 2637 ipsi

2171 2665 2587 2738 reprehendant
2633 2665 2845 2736 seipsos
2895 2663 3179 2716 discentes
3227 2674 3353 2731 qua
3381 2659 3450 2713 de
3489 2657 3591 2712 illis
3623 2659 3732 2709 sunt

2170 2756 2405 2827 scripta;
2423 2759 2479 2808 et
2499 2759 2728 2826 propter
2745 2754 2868 2820 hoc,
2881 2757 2946 2806 ut
2957 2749 3401 2820 daturintelligi,
3434 2761 3606 2818 neque
3619 2744 3734 2800 scri-

2169 2843 2299 2898 bere
2311 2841 2392 2899 eis
2407 2844 2641 2914 dignum
2664 2841 3004 2896 existimavit
3027 2857 3037 2894 :
3068 2841 3170 2894 sed
3185 2840 3345 2894 illam
3365 2851 3486 2909 qum
3496 2836 3561 2890 ad
3577 2835 3734 2890 Colos-

2167 2947 2358 2988 senses
2377 2927 2733 3003 scriptaerat,
2750 2931 2860 3001 legi
2879 2935 2938 2984 et
2969 2929 3119 3000 apud
3139 2929 3270 2983 illos
3286 2925 3550 3000 preeepit
3571 2929 3632 2980 ut
3652 2921 3736 2976 bo-

2167 3035 2369 3076 norum
2399 3019 2612 3093 pariter
2637 3019 2946 3090 suscipiant
2973 3017 3349 3072 monitionem
3374 3022 3432 3071 et
3464 3016 3520 3068 in
3565 3011 3736 3066 melius

493 3113 676 3170 neque
705 3117 739 3154 a
757 3115 838 3168 se,
869 3101 965 3156 sed
996 3098 1066 3156 ab
1109 3099 1204 3158 illo
1243 3103 1339 3174 qui
1366 3103 1764 3176 praedicaverat
1791 3107 1872 3161 eis
1902 3107 2085 3163 Evan-
2105 3109 2150 3169 C
2169 3115 2584 3168 convertantur.
2617 3121 2684 3164 eo
2714 3109 2861 3180 quod
2889 3109 2970 3162 sic
3003 3107 3338 3179 reprehensi
3369 3110 3500 3160 sunt
3525 3119 3558 3157 a
3590 3098 3740 3156 Paulo

491 3187 720 3258 gelium,
738 3206 922 3261 neque
937 3209 1065 3258 ase,
1085 3193 1232 3262 quod
1256 3191 1377 3248 ﬁeri
1398 3193 1624 3264 quidem
1635 3212 1747 3249 non
1771 3201 1991 3267 poterat
2020 3215 2086 3252 eo

493 3273 642 3346 quod
661 3277 900 3333 necdum
921 3279 1140 3335 viderat
1157 3297 1270 3334 eos.
1299 3279 1364 3336 Et
1381 3283 1535 3336 Jesus
1547 3287 1647 3351 qui
1657 3285 1868 3338 dicitur
1872 3289 2080 3353 justus,

494 3365 595 3433 qui
601 3371 1250 3434 suntexcircumcisione,
1293 3369 1354 3422 hi
1379 3372 1484 3424 soli
1509 3377 1641 3424 sunt
1668 3373 1948 3440 adjutores
1978 3379 2087 3428 inci

493 3457 557 3508 in
580 3467 747 3522 regno
775 3451 891 3523 Dei,
923 3453 1023 3526 qui
1042 3459 1188 3510 mihi
1215 3457 1450 3526 fuerunt
1477 3461 1690 3514 solatio.
1733 3461 1955 3516 Salutat
1989 3479 2084 3517 eos

493 3547 550 3596 et
579 3542 650 3597 ab
675 3541 810 3600 Jcsu
839 3546 933 3616 qui
965 3545 1396 3616 cognominatur
1410 3545 1618 3618 justus,
1642 3548 1744 3602 hos
1772 3551 1920 3604 solos
1949 3549 2086 3605 dicit

486 3631 554 3685 de
585 3629 697 3686 illis
723 3633 818 3704 qui
841 3651 905 3688 ex
936 3632 1358 3690 circumcisione
1399 3635 1780 3702 crediderunt,
1814 3656 2083 3712 coopera-

490 3721 604 3776 rios
623 3717 728 3776 sibi
749 3739 870 3777 esse
886 3723 945 3778 in
962 3723 1280 3796 Evangelio,
1303 3741 1442 3797 quos
1465 3731 1522 3780 et
1541 3727 1803 3782 solatium
1824 3728 1929 3782 sibi
1946 3745 2083 3800 prae-

489 3807 676 3864 buisse
715 3804 854 3866 dixit
877 3830 888 3865 :
913 3811 1136 3868 Salutat
1166 3831 1254 3868 vos
1283 3813 1566 3884 Epaphras
1594 3818 1694 3884 qui
1721 3833 1784 3870 es
1813 3819 1959 3872 vobis
2006 3825 2082 3872 est

487 3909 673 3952 serv-us
703 3897 926 3966 Christi,
949 3914 1159 3971 semper
1183 3903 1452 3958 sollicitus
1489 3915 1592 3972 pro
1619 3907 1765 3960 vobis
1785 3906 1851 3960 in
1880 3909 2081 3962 oratio-

489 3980 671 4050 nibus,
708 3992 770 4040 ut
798 3989 947 4042 stetis
971 3989 1203 4058 perfecti
1227 3997 1275 4045 et
1305 3995 1498 4059 repleti
1523 3991 1586 4046 in
1615 3995 1774 4048 omni
1799 3998 2080 4051 voluntate

487 4075 604 4138 Dei,
638 4078 1014 4131 testimonium
1047 4083 1199 4133 enim
1226 4079 1578 4148 itliperhibeo
1598 4083 1742 4150 quod
1762 4081 1918 4137 habet
1935 4089 2080 4146 mul-

491 4163 609 4215 tum
668 4165 906 4219 laborem
955 4182 1060 4234 pro
1116 4165 1262 4220 vobis
1303 4173 1352 4221 et
1395 4183 1498 4236 pro
1541 4169 1627 4222 his
1657 4173 1757 4238 qui
1789 4179 1922 4226 sunt
1952 4174 2082 4228 Lao-

486 4249 644 4306 dicia
676 4253 726 4306 et
777 4253 877 4322 qui
928 4249 1232 4323 Hierapoli.
1295 4253 1509 4310 Deinde
1573 4257 1784 4314 salutat
1845 4277 1939 4315 eos
2009 4262 2079 4317 ab

486 4331 746 4412 Epaphra
799 4355 895 4413 qui
935 4341 1256 4415 praedicavit
1303 4343 1403 4411 eis,
1440 4345 1630 4401 dicens
1685 4347 1922 4404 multam
1972 4350 2078 4406 sol-

2169 3201 2227 3254 et
2239 3211 2420 3272 neque
2433 3195 2644 3270 scripta
2663 3197 2733 3252 ab
2755 3213 2821 3252 eo
2840 3197 3126 3268 percipere
3143 3196 3310 3266 digni
3327 3195 3564 3248 ﬁlissent
3581 3188 3741 3244 existi-

2169 3288 2324 3344 mati.
2347 3287 2561 3344 Deinde
2588 3287 2723 3342 dicit
2734 3287 2805 3341 ad
2821 3300 2936 3340 eos.
2963 3286 3031 3340 Et
3050 3287 3220 3339 dicite
3249 3285 3519 3353 Archippo
3564 3299 3578 3334 :
3633 3277 3738 3331 Vide-

2167 3380 2547 3432 ministerium
2575 3378 2719 3446 quod
2747 3377 3001 3443 accepisti
3028 3377 3092 3428 in
3123 3375 3369 3428 Domino
3396 3377 3459 3425 ut
3487 3371 3626 3424 illud
3651 3369 3738 3419 im-

2160 3465 2552 3536 pleas.Deinde
2562 3463 2698 3520 dicit
2707 3465 2806 3532 eis,
2823 3463 2993 3518 dicite
3004 3461 3298 3534 Archippo
3311 3466 3382 3515 ut
3391 3455 3740 3514 ministerium

2165 3555 2314 3627 quod
2327 3553 2802 3626 accepitimpleat.
2833 3553 2908 3608 Ut
2938 3557 3130 3606 autem
3167 3551 3253 3606 eis
3275 3567 3344 3604 ex
3367 3549 3572 3604 litteris
3585 3543 3747 3601 existi-

2165 3655 2322 3698 mare
2343 3643 2491 3714 apud
2512 3642 2900 3706 Laodicenses,
2919 3641 2977 3694 id
3007 3646 3110 3704 est,
3135 3640 3358 3710 degens
3395 3634 3744 3692 ministerium

2162 3731 2429 3787 doctrinae
2441 3730 3020 3787 commissumhabere
3046 3728 3372 3795 videbatur,
3405 3727 3497 3782 his
3526 3723 3743 3795 adjicit:

2160 3819 2438 3878 Salutatio
2449 3833 2569 3875 mea
2581 3830 2754 3874 manu
2775 3821 2939 3874 Pauli
2945 3817 3250 3883 .Quoniam
3266 3833 3374 3872 sua
3382 3829 3554 3871 manu
3564 3813 3747 3868 saluta-

2160 3907 2374 3966 tionem
2403 3910 2627 3982 scripsit
2654 3909 2844 3964 dicens
2871 3928 2884 3962 :
2919 3910 3180 3963 Memores
3204 3913 3372 3961 estote
3415 3906 3748 3960 uinculorum

2161 4013 2430 4054 meorum.
2463 3997 2581 4053 Hoc
2601 4003 2707 4065 est,
2731 3997 2800 4052 ad
2832 4009 3016 4052 meam
3046 3995 3438 4050 imitationem
3459 3993 3624 4048 etiam
3661 4002 3746 4060 pro

2161 4089 2395 4143 veritate
2424 4087 2541 4160 pati
2571 4087 2746 4142 nolite
2775 4087 2983 4158 pigere.
3007 4085 3236 4155 Adjecit
3274 4089 3607 4139 consuetam
3640 4091 3750 4134 con-

2163 4177 2496 4232 clusionem:
2519 4177 2711 4232 Gratia
2743 4178 3034 4240 vobiscum,
3057 4189 3246 4228 amen.
3274 4176 3344 4229 In
3371 4172 3481 4228 hac
3510 4170 3748 4239 designa-

2159 4266 2314 4320 tione
2343 4265 2604 4337 Epistolae
2633 4263 3176 4319 consummationem
3207 4263 3418 4318 fecisse
3451 4261 3683 4315 videtur.

486 4457 3726 4492 w

997 4552 1529 4685 LIBER
1625 4561 2604 4761 VIC_E_S_I_1\_IUS
2693 4563 3228 4692 UNUS.

681 4781 1242 4872 EXPOSITIO
1325 4795 1446 4872 IN
1529 4799 2138 4879 EPISTOLAM
2219 4797 2372 4930 Δρ
2457 4795 3582 4878 THESSALONICENSES.

1865 4913 2288 4930 Ψ

1017 4965 1544 5031 ARGUMENTUM.

556 5049 762 5111 Beatus
783 5049 1085 5130 Apostolus
1119 5061 1326 5116 Paulus
1356 5061 1693 5136 peragrabat
1719 5065 1968 5122 diversas
1997 5069 2078 5124 ci-

483 5144 682 5200 vitates
703 5145 1011 5216 praedicans
1031 5147 1200 5202 ﬁdem
1225 5163 1346 5221 quae
1367 5153 1424 5206 in
1445 5152 1668 5209 Christo
1698 5161 1785 5210 est
1829 5173 1840 5210 :
1892 5157 2079 5214 divina

485 5243 615 5286 vero
635 5235 883 5290 monitus
894 5235 1233 5292 revelatione
1252 5239 1405 5294 venit
1424 5243 1495 5296 ad
1529 5242 1782 5299 civitates
1817 5244 2076 5301 Macedo-

483 5319 622 5374 niae:
649 5322 847 5376 exinde
879 5337 1010 5379 vero
1049 5325 1202 5380 venit
1230 5333 1286 5382 et
1310 5323 1786 5398 Thessalonicam,
1821 5334 1966 5390 sicut
1993 5341 2079 5390 est

479 5403 799 5465 cautissime
827 5404 1041 5468 discere
1081 5428 1146 5469 ex
1197 5407 1340 5470 libro
1387 5413 1627 5476 Actuum
1673 5417 2072 5495 apostolorum.

479 5497 800 5567 praedicavit
815 5513 948 5572 ergo
967 5500 1117 5558 inter
1126 5509 1356 5560 caeteras
1379 5504 1551 5563 etiam
1567 5506 2075 5567 Thessalonicensi-

473 5580 578 5640 bus
613 5580 838 5658 pietatis
863 5589 1194 5649 doctrinam.
1218 5593 1570 5653 Adversarii's
1601 5609 1732 5654 vero
1761 5613 1932 5673 super
1964 5595 2074 5658 hoc

2095 4970 2145 5029 D
2163 4977 2604 5051 indignantibus,
2638 4979 2824 5034 evenit
2867 4984 2933 5034 ut
2975 4977 3157 5033 multa
3206 4982 3541 5048 pateretur,
3587 4972 3643 5026 id
3669 4974 3764 5023 est.

2159 5069 2475 5142 Apostolus,
2517 5069 2576 5124 in
2615 5071 2810 5124 eadem
2834 5069 3055 5122 civitate
3077 5063 3685 5121 Thessalonicensium
3717 5058 3771 5111 in

2162 5157 2426 5230 quaetilli
2440 5159 2534 5230 qui
2547 5155 2906 5214 crediderunt
2919 5155 3144 5212 Christo
3165 5155 3358 5208 multa
3381 5151 3770 5208 sustinuerunt

2160 5248 2310 5302 mala
2334 5265 2370 5302 a
2399 5245 2802 5304 contribulibus
2829 5245 2965 5312 suis,
2989 5247 3068 5300 ita
3095 5250 3160 5298 ut
3199 5248 3526 5315 cogeretur
3582 5240 3772 5294 beatus

2159 5336 2458 5408 Apostolus
2480 5355 2514 5392 a
2531 5337 2927 5392 Thessalonica
2971 5333 3264 5390 discedens
3316 5334 3588 5387 Athenas
3615 5325 3772 5400 proli-

2159 5424 2288 5480 cisci
2347 5439 2360 5480 :
2423 5425 2820 5497 pertimescens
2849 5439 2980 5479 vero
3005 5424 3075 5478 de
3105 5423 3214 5476 illis
3243 5422 3352 5492 qui
3386 5417 3768 5476 crediderant.

2158 5529 2228 5569 ne
2248 5515 2392 5569 forte
2407 5513 2700 5570 atrocitate
2721 5512 3168 5569 adversariorum
3203 5510 3458 5583 impulsi
3489 5526 3527 5564 a
3555 5523 3661 5563 suo
3689 5505 3776 5559 de-

2156 5600 2380 5660 viarent
2393 5603 2700 5680 pr0posito,
2719 5609 2940 5660 coactus
2965 5591 3331 5658 Timotheum
3382 5597 3554 5655 misit
3582 5594 3656 5652 ad
3673 5607 3768 5648 eos
