3892 6158
519 298 620 356 ὂ43

1097 299 1160 354 Β.
1203 298 1474 354 ΒΑΒΑΝἹ
1513 297 1745 356 MAURI
1794 286 2131 357 ARCHIEP.
2173 301 2499 358 MOGUNT.
2541 299 2840 356 OPERUM
2877 297 3058 354 PARS
3095 299 3188 354 III.

3633 312 3710 366 544

519 427 626 478 lem
655 427 954 478 introitum
981 423 1280 478 habuimus
1307 427 1382 480 ad
1410 443 1520 493 vos,
1552 433 1612 482 et
1642 427 2120 498 quemadmodum
2136 428 2388 491 Aditum
2419 427 2640 482 cautela
2672 432 2731 480 et
2765 425 3060 493 munditia,
3105 428 3246 498 quod
3289 435 3342 482 et
3369 431 3639 500 probabitis
3673 445 3718 492 et

519 513 725 567 nostris
739 513 957 582 placitis
986 513 1613 579 doctrinis,discessistis
1632 517 1859 588 quidem
1889 535 1924 572 a
1949 517 2119 572 simu-

514 601 795 656 lacrorum
837 601 1076 664 cultura,
1111 605 1511 674 recognovistis
1543 621 1674 660 vero
1715 611 1965 660 vestrum
2012 607 2119 660 Do-

516 689 752 756 minum,
779 689 872 761 qui
893 696 950 744 et
969 707 1099 745 vere
1126 691 1262 746 vivit
1287 698 1344 747 et
1363 699 1450 748 est
1461 695 1612 748 Deus
1628 699 1788 749 vetus
1813 711 1825 747 :
1845 694 2116 750 credidis-

516 779 593 839 tis
618 785 810 834 autem
839 785 897 834 et
925 780 1036 834 illis
1065 797 1188 850 quae
1209 781 1280 836 de
1305 783 1335 836 J
1340 799 1437 837 esu
1453 783 1604 838 dicta
1625 788 1758 838 sunt
1777 783 1950 850 vobis,
1976 801 2116 854 quo-

519 868 670 922 niam
717 869 1026 924 resurrexit
1051 886 1088 923 a
1115 871 1370 936 mortuis,
1425 878 1490 926 ut
1529 889 1724 928 omnes
1769 889 1871 927 nos
1919 873 2014 945 qui
2057 873 2116 928 in

518 973 646 1012 eum
673 957 952 1012 credimus
978 957 1048 1012 ab
1087 965 1408 1031 exspectata
1435 960 1638 1016 liberet
1677 978 1861 1033 paena,
1895 968 1951 1017 et
1981 978 2116 1034 quo-

517 1046 670 1100 niam
699 1047 769 1101 de
797 1047 936 1102 caelo
954 1047 1142 1102 veniet
1167 1048 1430 1104 omnibus
1467 1049 1628 1105 nobis
1661 1050 1932 1106 beneficia
1970 1068 2114 1123 prm-

517 1141 694 1192 stans.
723 1136 874 1190 Bene
901 1142 1091 1192 autem
1120 1138 1365 1208 primum
1395 1138 1536 1194 dixit
1562 1140 1866 1195 adventum
1896 1141 2019 1211 ejus
2046 1141 2115 1195 de

518 1225 674 1290 caalo,
689 1225 891 1280 deinde
916 1227 1406 1294 resurrectionem,
1431 1233 1488 1282 et
1507 1227 1734 1300 quidem
1759 1245 1888 1284 cum
1917 1230 2115 1284 ordine

518 1313 576 1368 id
603 1313 910 1368 secundum
934 1331 1056 1368 esse
1091 1314 1394 1382 videretur,
1427 1333 1493 1370 eo
1540 1317 1689 1388 quod
1718 1317 1790 1372 ad
1827 1318 1958 1373 fidei
1987 1335 2115 1373 con-

519 1403 896 1458 firmationem
924 1403 1064 1457 illud
1091 1404 1177 1458 vel
1206 1404 1446 1459 maxime
1467 1410 1589 1459 erat
1607 1405 2018 1478 dignum,quod
2045 1409 2115 1462 de

517 1492 656 1546 caelo
675 1491 750 1546 sit
763 1492 821 1546 in
849 1492 961 1562 fine
979 1492 1168 1547 saeculi
1189 1494 1549 1564 appariturus
1575 1494 1774 1564 gloria.
1788 1496 2114 1551 Notandum

517 1585 605 1635 est
633 1585 822 1635 autem
871 1581 1139 1652 quoniam
1178 1581 1238 1636 in
1287 1582 1716 1638 simulacrorum
1762 1583 2112 1640 abdicatione

516 1669 699 1724 Deum
725 1669 913 1724 vivum
941 1675 997 1724 et
1014 1687 1208 1725 verum
1239 1687 1360 1726 esse
1380 1673 1640 1738 asseruit,
1672 1678 1738 1727 ut
1766 1689 1797 1727 e
1824 1675 2113 1730 contrario

2200 517 2359 572 nobis
2389 517 2666 570 creditum
2689 532 2810 570 esse
2833 515 3067 581 videtur,
3086 517 3229 570 unde
3255 523 3308 571 et
3323 518 3420 588 ipsi
3445 521 3718 590 probatione

2199 610 2608 676 consequenter
2635 603 3266 677 perstetimus,agentes,
3285 605 3457 676 sicque
3477 608 3598 663 illud
3621 628 3720 667 cum

2199 695 2406 750 ﬁducia
2431 694 2699 760 dicentes,
2733 692 2896 748 sicuti
2948 692 3303 748 conveniebat
3327 711 3414 748 eos
3439 695 3613 762 facere,
3647 703 3721 770 qui

2199 800 2313 839 non
2343 783 2662 838 hominibus
2682 783 2903 854 placere
2917 781 3261 848 student,sed
3279 783 3497 854 Deo,qui
3522 793 3721 842 mentem

2198 873 2521 927 cautissime
2550 871 2835 942 cognoscit
2867 889 2878 923 :
2912 871 3030 925 haec
3059 887 3186 924 vero
3217 871 3463 926 universa
3486 875 3724 943 conjunxit

2198 965 2264 1016 ut
2272 961 2531 1016 ostendat
2549 960 2814 1031 quoniam
2825 961 2982 1030 justa
2999 959 3216 1013 ratione
3229 959 3424 1013 ﬁducia
3441 965 3518 1014 est
3527 961 3718 1017 abusus:

2199 1049 2500 1122 persistens
2520 1065 2652 1104 vero
2690 1049 2899 1103 referre
2935 1048 3032 1103 illa
3074 1064 3196 1118 quae
3231 1049 3517 1102 secundum
3539 1067 3590 1103 se
3622 1060 3724 1106 sunt

2197 1139 2268 1193 ad
2289 1138 2599 1193 edocendos
2628 1154 2722 1192 eos
2754 1137 2924 1192 edicit
2955 1155 2966 1191 :

2267 1228 2320 1282 Ν
2319 1244 2374 1281 ec
2383 1230 2533 1281 enim
2544 1228 2848 1296 aliquando
2863 1229 2924 1280 in
2941 1227 3099 1279 verba
3111 1227 3444 1280 adulationis
3455 1228 3642 1294 fuimus
3651 1230 3728 1281 sic-

2195 1321 2259 1370 ut
2287 1319 2394 1384 ipsi
2419 1319 2590 1369 scitis.
2606 1315 2934 1370 Econtrario
2961 1314 3171 1369 etenim
3191 1313 3650 1385 dicebamus,un
3666 1315 3728 1368 illi

2197 1405 2292 1476 qui
2322 1404 2412 1476 pie
2453 1405 2632 1458 vivere
2660 1403 2896 1475 cupiunt
2921 1403 3310 1458 tribulationes
3340 1403 3604 1475 praesentis
3631 1403 3730 1457 vita

2195 1498 2328 1547 sunt
2347 1493 2586 1564 passuri.
2620 1493 2772 1547 Bene
2793 1498 2986 1548 autem
3023 1491 3249 1563 adjecit,
3278 1495 3412 1545 sicut
3456 1494 3606 1556 scitis,
3637 1490 3732 1544 illos

2193 1583 2344 1654 ipsos
2371 1587 2545 1636 testes
2572 1598 2804 1636 suorum
2831 1581 3131 1636 verborum
3160 1581 3456 1652 producere
3495 1585 3729 1651 properat.

2194 1671 2374 1740 Neque
2393 1674 2454 1725 in
2482 1673 2755 1725 occasione
2771 1673 3222 1738 auaritiagteque
3243 1671 3314 1723 ad
3333 1673 3580 1738 quantum
3597 1684 3732 1736 respe-

516 1758 776 1813 ostendat
801 1759 1104 1814 simulacra
1131 1776 1312 1832 neque
1339 1761 1611 1829 vivorum,
1637 1778 1822 1834 neque
1849 1779 2110 1818 verorum
2132 1734 2177 1798 Β
2193 1763 2380 1814 (cimus
2401 1778 2416 1824 ;
2451 1764 2508 1813 et
2530 1759 2635 1813 hoc
2663 1759 2854 1814 dicens
2883 1775 2995 1813 non
3020 1758 3228 1829 adjecit
3256 1758 3420 1819 ultra,
3442 1757 3573 1810 sicut
3595 1755 3732 1818 scitis,

517 1863 638 1902 esse
657 1847 910 1915 deorum,
943 1849 1042 1903 sed
1071 1853 1294 1904 tantum
1323 1849 1458 1920 quia
1473 1849 1613 1905 falso
1634 1851 1862 1906 nomine
1889 1851 1947 1906 id
1970 1851 2115 1906 dica-

516 1941 629 1992 tur.
663 1935 841 2007 Igitur
868 1936 1186 2009 ubicunque
1214 1955 1404 1993 vocem
1436 1939 1580 1993 hanc
1597 1939 1942 2007 inveneritis,
1972 1941 2114 1996 scire

515 2041 614 2080 vos
627 2025 1180 2098 convanit,quoniam
1193 2043 1377 2098 neque
1391 2027 1462 2082 de
1485 2028 1652 2082 Patre
1676 2028 1746 2082 ad
1761 2028 2116 2100 interceptio-

517 2129 647 2169 nem
658 2113 767 2168 dici
786 2115 964 2186 possit
975 2115 1310 2186 Filii,neque
1330 2115 1400 2170 de
1415 2116 1554 2192 Filio
1569 2116 1640 2170 ad
1651 2117 2116 2189 interceptionem

518 2201 628 2257 dici
658 2203 836 2274 possit
863 2203 1047 2258 Patris
1081 2223 1094 2258 :
1130 2205 1392 2259 similiter
1437 2212 1495 2260 et
1532 2205 1780 2272 Patrem,
1813 2211 1870 2260 et
1910 2207 2116 2262 Filium

518 2291 700 2346 Deum
729 2291 878 2363 apud
905 2309 1100 2347 omnes
1130 2293 1253 2364 pios
1293 2310 1414 2348 esse
1456 2294 1752 2349 creditum.
1787 2294 1990 2350 Dicens
2019 2312 2117 2350 au-

517 2385 635 2436 tem
656 2381 766 2436 ista
796 2381 866 2436 ad
895 2381 1340 2437 exhortationem
1368 2399 1563 2438 eorum
1598 2388 1949 2438 memoratur
1967 2384 2118 2438 ultra

518 2475 577 2523 et
589 2469 687 2523 illa
711 2487 834 2540 quae
857 2470 1166 2524 secundum
1184 2488 1244 2526 se
1259 2477 1410 2538 sunt,
1439 2471 1538 2525 illa
1555 2473 1643 2525 vel
1663 2471 1905 2526 maxime
1925 2472 2117 2528 dicens

521 2574 647 2628 que
673 2557 756 2612 illi
786 2558 894 2629 ipsi
931 2559 1080 2630 apud
1109 2576 1169 2613 se
1197 2559 1346 2614 facta
1374 2576 1496 2614 esse
1537 2559 1807 2626 sciebant,
1834 2565 1892 2614 et
1921 2567 1986 2616 ut
2021 2562 2120 2616 illa

520 2661 644 2716 quas
663 2646 732 2700 de
760 2662 822 2700 se
859 2653 1022 2700 erant
1055 2664 1183 2701 cum
1215 2647 1325 2702 illis
1353 2664 1820 2716 commemorans,
1853 2650 2120 2706 suaderet

521 2733 632 2789 illis
655 2749 769 2789 non
797 2735 994 2790 cedere
1021 2735 1283 2792 tristitie.

1155 2861 1388 2916 CAPUT
1404 2862 1476 2917 ΙΙ.

2195 1847 2293 1903 sed
2323 1848 2474 1903 Deus
2500 1848 2662 1902 testis
2681 1855 2785 1914 est,
2798 1849 2957 1919 justa
2982 1847 3203 1901 ratione
3230 1847 3352 1901 vita:
3371 1861 3480 1900 suae
3504 1851 3630 1899 teste
3648 1843 3736 1898 Deo

2196 1943 2284 1992 est
2305 1953 2442 1992 usus
2463 1937 2624 2008 quasi
2645 1937 2772 2007 plus
2787 1936 3198 2004 idoneo;Neque
3217 1940 3502 2003 quarentes
3525 1951 3581 1986 ea:
3600 1934 3738 1985 homi-

2197 2028 2363 2081 nibus
2389 2029 2651 2093 gloriam,
2683 2042 2854 2095 neque
2883 2041 2919 2078 a
2949 2026 3120 2094 vobis,
3141 2041 3312 2092 neque
3328 2025 3395 2076 ab
3410 2025 3548 2076 aliis.
3567 2021 3740 2076 Sednev

2198 2131 2308 2186 que
2373 2114 2721 2186 respeximus
2784 2113 3086 2184 aliquando
3145 2112 3387 2184 qualiter
3439 2110 3738 2180 acquiramus

2197 2203 2548 2269 laudem,aut
2565 2219 2600 2257 a
2619 2202 2774 2256 vobis
2795 2209 2895 2257 aut
2908 2201 2978 2256 ab
2995 2201 3124 2256 aliis
3147 2200 3443 2272 aliquibus.
3461 2197 3742 2254 Cautissime

2199 2293 2350 2347 enim
2377 2291 2565 2364 posuit
2591 2308 2704 2347 non
2729 2295 3044 2360 quarentes,
3068 2291 3176 2345 hoc
3207 2295 3311 2356 est,
3335 2305 3444 2343 non
3467 2287 3564 2342 hoc
3589 2285 3740 2355 auspi-

2197 2387 2524 2436 cantes.nec
2552 2380 2699 2435 hanc
2727 2379 2998 2434 habentes
3012 2385 3178 2434 actus
3200 2378 3377 2434 nostri
3396 2375 3742 2439 intentionem;

2197 2470 2303 2524 hoc
2329 2470 2479 2524 enim
2506 2475 2610 2536 est,
2645 2469 2789 2540 quod
2813 2485 2848 2522 a
2864 2467 3026 2523 nobis
3047 2468 3176 2523 ﬁeri
3204 2467 3477 2532 convenit,
3506 2471 3566 2518 ut
3591 2479 3650 2517 ne
3672 2462 3742 2516 in-

2197 2559 2349 2613 tuitu
2371 2559 2564 2630 gloriae
2593 2559 2856 2613 humanae
2882 2557 3095 2629 aliquid
3124 2555 3570 2612 faciamus.Nam
3587 2567 3673 2606 nec
3695 2549 3747 2604 ad

2199 2654 2455 2702 nostrum
2477 2647 2690 2701 crimen
2712 2646 2921 2718 poterit
2939 2646 3237 2718 pervenire
3257 2661 3385 2700 cum
3395 2645 3490 2698 illa
3504 2641 3747 2702 faciamus,

2199 2753 2322 2808 quae
2349 2736 2684 2790 conveniant
2715 2752 2842 2790 cum
2882 2735 3007 2805 lege
3049 2735 3262 2801 divina,
3303 2733 3351 2787 si
3392 2748 3490 2786 nos
3515 2729 3578 2785 ab
3604 2726 3751 2782 homi«

2199 2823 2367 2880 nibus
2387 2825 2570 2895 gloria
2596 2824 2768 2879 fuerit
2814 2823 3133 2892 subsecuta,
3169 2825 3311 2882 Cum
3345 2824 3601 2892 possimus
3628 2818 3754 2870 oneri

2199 2929 2319 2978 esse,
2345 2916 2486 2968 sicut
2512 2913 2719 2969 Christi
2737 2913 3113 2982 apostoli.Hoc
3134 2912 3209 2966 ad
3229 2911 3369 2966 illud
3384 2902 3753 2976 reddidit,quod

589 2984 916 3070 consolatur
933 3001 1058 3039 suos
1089 2987 1426 3071 innaduersis
1446 3001 1548 3071 per
1567 2987 2014 3071 conformitatem
2046 2989 2114 3041 ad

2199 3001 2432 3068 dixerat,
2447 3019 2618 3071 neque
2630 3004 2693 3055 in
2705 3004 2981 3056 occasione
2993 3005 3162 3055 avari
3165 3003 3256 3056 tia
3272 3020 3288 3055 :
3303 2998 3480 3070 magis
3495 2996 3632 3052 enim
3641 2998 3751 3053 erata

646 3058 829 3125 ipsum
857 3061 1018 3124 atque
1046 3058 1120 3110 ad
1145 3057 1442 3112 Ecclesium
1465 3059 1996 3125 Hierosolymorum.

587 3180 704 3248 Ipsi
711 3181 862 3233 enim
877 3183 1044 3234 nostis
1051 3181 1258 3248 fratres
1288 3183 1589 3236 introitum
1619 3186 1874 3235 nostrum
1891 3183 1992 3250 qui
1999 3182 2114 3249 fuit

517 3269 590 3321 ad
617 3271 999 3337 vos,quoniam
1015 3285 1127 3323 non
1147 3272 1340 3323 inanis
1359 3271 1590 3337 fuit,sed
1609 3275 1737 3324 ante
1751 3272 1906 3339 passi
1923 3275 1972 3324 et
1991 3286 2115 3324 con-

517 3359 762 3410 tumeliis
787 3359 980 3424 affecti,
1006 3360 1147 3411 sicut
1167 3360 1353 3424 nostis,
1376 3361 1440 3412 in
1459 3359 1752 3426 Philippis,
1777 3359 2114 3426 ﬁducialiter

515 3446 726 3512 egimus
755 3448 818 3499 in
844 3447 948 3500 Deo
985 3451 1189 3512 nostro,
1217 3449 1369 3516 loqui
1399 3449 1474 3500 ad
1497 3463 1586 3500 vos
1614 3447 1982 3513 Evangelium
2016 3448 2115 3501 Dei

515 3535 580 3586 in
599 3536 780 3588 multa
797 3537 1190 3589 sollicitudine.
1201 3534 1412 3604 (Ambr)
1423 3534 2112 3606 .Scitis,inquit,quoniam

514 3636 627 3676 non
647 3621 918 3689 absolute,
950 3639 1052 3678 nec
1080 3623 1312 3678 fortuito
1342 3623 1413 3678 ad
1444 3640 1540 3678 vos
1570 3623 1846 3689 venimus,
1859 3623 1960 3678 sed
1989 3623 2118 3678 licet

515 3710 695 3765 multa
713 3711 873 3765 mala
901 3711 1176 3784 Philippis
1195 3711 1344 3783 passi
1367 3712 1660 3778 fuerimus,
1673 3717 1866 3766 tamen
1884 3728 1996 3767 non
2024 3713 2118 3766 de-

513 3797 723 3854 fuimus
747 3799 819 3854 ad
838 3817 934 3855 vos
947 3799 1232 3856 venientes
1256 3817 1383 3856 cum
1407 3800 1614 3855 ﬁducia
1632 3801 1934 3873 praedicare
1963 3800 2118 3856 vobis

513 3887 802 3960 pietatem,
835 3895 894 3942 et
911 3889 1138 3960 quidem
1161 3906 1296 3950 cum
1325 3890 1504 3944 multa
1529 3889 1689 3944 nobis
1726 3906 1762 3944 a
1793 3890 2003 3944 dextris
2034 3889 2118 3944 in-

514 3975 804 4030 cumberet
821 3977 1151 4032 necessitas:
1187 3977 1330 4032 bene
1351 3984 1541 4032 autem
1573 3978 1732 4043 dixit,
1747 3979 1882 4050 quia
1911 3978 1970 4032 in
2000 3979 2116 4033 Deo

516 4062 854 4117 ﬁducialiter
879 4065 1175 4133 gessimus,
1208 4082 1280 4119 ne
1309 4065 1416 4119 sibi
1451 4065 1738 4120 videretur
1764 4065 1944 4136 ipsam
1977 4066 2116 4120 ﬁdu-

513 4150 658 4204 ciam
681 4150 978 4216 ascribere,
995 4151 1232 4224 ideoque
1251 4169 1378 4207 eam
1405 4153 1787 4224 c00perationi
1807 4153 2008 4209 divinae
2029 4171 2114 4208 as-

513 4239 725 4310 cripsit.
755 4239 1158 4295 Demirandum
1189 4246 1274 4296 est
1299 4247 1490 4295 autem
1518 4247 1576 4296 et
1600 4241 1758 4308 illud,
1797 4242 1944 4313 quod
1975 4242 2116 4296 dixit

2135 3063 2178 3123 C
2195 3096 2260 3145 ut
2288 3096 2345 3145 et
2375 3063 2646 3144 habentes
2675 3095 3014 3162 potestatem
3052 3089 3219 3161 quasi
3261 3063 3516 3160 apostoli,
3549 3083 3634 3138 illa
3657 3097 3754 3152 qua:

2195 3179 2266 3233 ad
2296 3196 2463 3234 usum
2491 3195 2717 3234 necesse
2743 3178 3044 3246 habebant,
3079 3177 3192 3232 sibi
3223 3177 3554 3248 acciperent,
3575 3188 3664 3226 nec
3678 3169 3758 3222 hoc

2193 3269 2502 3322 voluissent
2529 3268 2799 3339 accipere.
2817 3267 2921 3322 Sed
2938 3269 3080 3336 facti
3097 3284 3302 3321 sumus
3330 3267 3502 3334 quieti
3527 3266 3584 3316 in
3611 3259 3756 3312 medio

2195 3363 2456 3411 vestrum.
2494 3357 2706 3429 (Greg.)
2739 3357 2858 3411 Hoc
2884 3363 2988 3423 est,
3025 3356 3186 3410 omni
3218 3353 3597 3410 mediocritate
3613 3354 3663 3403 et
3684 3347 3760 3399 bu-

2195 3446 2432 3500 militate
2455 3462 2650 3500 sumus
2671 3445 2778 3508 usi,
2803 3445 3058 3501 nolentes
3083 3461 3292 3515 graves
3315 3440 3589 3513 aliquibus
3602 3433 3758 3490 videri.

2195 3535 2318 3589 Dux
2349 3540 2538 3588 autem
2565 3539 2651 3587 est
2665 3534 2874 3604 impius
2889 3533 2983 3606 qui
3014 3551 3049 3586 a
3067 3533 3304 3588 tramite
3321 3529 3568 3586 veritatis
3585 3521 3766 3581 exorbi-

2197 3629 2301 3689 tat,
2317 3629 2374 3677 et
2396 3622 2530 3676 dum
2559 3622 2754 3694 ipsein
2783 3639 3030 3694 praeceps
3057 3623 3197 3690 ruit,
3221 3623 3295 3676 ad
3314 3621 3554 3690 abrupta
3567 3627 3766 3685 sequen-

2196 3718 2283 3766 tes
2308 3711 2510 3766 invitat
2530 3731 2542 3764 :
2562 3711 2673 3766 dux
2703 3718 2790 3766 est
2815 3711 3024 3782 impius
3053 3711 3150 3782 qui
3173 3729 3280 3784 per
3303 3707 3540 3766 tumoris
3557 3699 3770 3772 exempla

2196 3801 2343 3855 viam
2389 3801 2638 3856 ostendit
2690 3801 2918 3854 erroris.
2980 3801 3194 3855 Paulus
3269 3800 3383 3854 dux
3431 3797 3628 3868 impius
3674 3804 3770 3844 esse

2197 3889 2502 3958 metuebat,
2556 3907 2684 3944 cum
2740 3889 3034 3961 potestatis
3093 3905 3214 3944 suae
3283 3885 3664 3944 celsitudinem
3708 3894 3774 3932 res

2197 3978 2476 4050 primebat
2505 3978 2714 4045 dicens,
2761 3995 2864 4032 nec
2894 3983 3216 4048 quaerentes
3245 3977 3320 4032 ab
3348 3973 3659 4032 hominibus
3683 3968 3774 4038 glo-

2197 4067 2360 4134 riam,
2417 4083 2599 4138 neque
2642 4083 2677 4120 a
2719 4066 2874 4120 vobis
2919 4083 3101 4138 neque
3141 4067 3216 4121 ab
3259 4067 3409 4130 aliis,
3451 4079 3575 4118 cum
3610 4071 3773 4132 possu-

2194 4172 2320 4209 mus
2348 4155 2505 4210 oneri
2527 4171 2650 4210 esse
2685 4159 2756 4209 ut
2797 4155 3006 4209 Christi
3053 4156 3324 4226 apostoli,
3378 4157 3474 4208 sed
3513 4151 3637 4223 quia
3666 4144 3778 4214 facii

2193 4261 2385 4298 sumus
2411 4247 2641 4312 parvuli
2667 4247 2729 4298 in
2760 4245 2938 4298 medio
2954 4250 3225 4298 vestrum.
3243 4243 3526 4298 Parvulus
3547 4240 3602 4293 in
3615 4231 3769 4291 medio

513 4328 832 4400 Apostolus,
845 4329 1112 4400 quoniam
1130 4346 1243 4384 non
1273 4329 1381 4384 fuit
1409 4330 1592 4385 inanis
1619 4330 1884 4385 introitus
1899 4336 2107 4397 noster,
2130 4383 2176 4403 η
2194 4349 2388 4386 eorum
2415 4332 2593 4386 factus
2621 4331 2964 4403 fuerat,quia
2994 4331 3240 4387 timebat
3270 4349 3344 4386 ne
3385 4332 3435 4386 si
3463 4331 3608 4385 inter
3631 4321 3772 4378 disci-

514 4433 581 4472 eo
609 4417 756 4489 quod
787 4405 968 4472 multa
996 4423 1119 4474 erat
1145 4424 1276 4472 ante
1316 4435 1533 4490 passus,
1568 4419 1727 4490 quasi
1767 4436 1900 4490 ergo
1928 4420 2023 4490 qui
2052 4419 2109 4474 in

514 4505 865 4578 passionibus
885 4507 1022 4579 ipsis
1043 4507 1262 4562 lucrum
1283 4507 1388 4562 sibi
1416 4509 1665 4574 collocet,
1689 4509 1824 4562 dum
1847 4507 1987 4562 nihil
2005 4508 2113 4562 exi-

513 4595 708 4649 stimat
721 4612 783 4650 se
795 4595 962 4650 inane
982 4596 1184 4660 facere,
1215 4597 1440 4668 quando
1461 4603 1520 4652 et
1533 4597 1651 4668 pati
1662 4613 1793 4650 eum
1813 4596 2112 4667 contigerit

513 4681 584 4737 ob
611 4683 910 4754 pietatem:
937 4690 994 4738 et
1019 4686 1284 4756 quoniam
1309 4685 1452 4739 dixit
1467 4685 1918 4756 passiones,dicit
1937 4685 2111 4739 etiam

513 4778 571 4826 et
598 4771 865 4826 doctrina:
894 4773 1150 4828 modum:
1186 4775 1494 4828 Consolatio
1515 4777 1667 4828 enim
1688 4778 1878 4827 nostra
1911 4789 2023 4828 non
2049 4791 2114 4827 ea

513 4875 895 4929 errore,neque
921 4877 986 4914 eo:
1014 4858 1580 4930 immunditia,n‘bquc
1608 4879 1672 4914 ex
1706 4863 1942 4928 dolo,sed
1970 4864 2112 4916 sicut

508 4950 732 5019 probati
758 4965 952 5003 sumus
964 4965 999 5002 α
1013 4951 1117 5004 Deo
1132 4955 1194 5003 ut
1211 4951 1528 5004 crederetur
1555 4952 1702 5003 vobis
1723 4950 2106 5017 Evangelium,

511 5041 590 5093 sic
619 5040 906 5108 loquimur
926 5053 1038 5092 non
1071 5043 1341 5106 tanquam
1371 5040 1690 5092 hominibus
1711 5041 2003 5106 placentes,
2019 5039 2110 5092 sed

509 5129 636 5193 Deo,
669 5129 770 5196 qui
783 5127 980 5196 probat
1009 5127 1174 5179 corda
1204 5131 1412 5180 nostra.
1439 5125 1892 5180 Consolationem
1913 5127 1998 5180 vel
2020 5142 2110 5180 ex-

510 5214 887 5270 hortationem
916 5213 1022 5268 hoc
1047 5213 1107 5268 in
1133 5213 1254 5268 loco
1281 5221 1442 5268 vocat
1473 5214 1809 5278 doctrinam,
1838 5214 1918 5268 sic
1956 5214 2109 5269 enim

512 5317 628 5368 vos,
656 5301 860 5374 inquit,
891 5302 1186 5358 docuimus
1210 5317 1324 5356 non
1370 5303 1518 5357 sicut
1544 5303 1627 5356 illi
1673 5303 1855 5357 solent
1885 5303 2104 5370 docere,

513 5391 610 5462 qui
631 5390 896 5445 seducere
939 5391 1134 5445 volunt
1174 5389 1298 5444 illos
1344 5407 1484 5462 quos
1525 5391 1742 5456 docent,
1769 5397 1868 5446 aut
1887 5391 2113 5462 aliquid

513 5477 624 5532 illis
647 5477 856 5533 referre
904 5495 1018 5534 non
1048 5494 1262 5544 verum,
1296 5479 1391 5550 qui
1420 5484 1476 5533 et
1507 5479 1635 5534 dolo
1680 5496 1827 5551 saepe
1864 5479 1962 5534 illa
1990 5497 2114 5550 quae

516 5566 711 5623 dicunt
733 5567 1034 5633 occultant,
1067 5567 1164 5623 sed
1194 5566 1400 5638 dogma
1426 5583 1620 5622 verum
1641 5573 1700 5622 et
1719 5568 1964 5638 plurima
1978 5584 2114 5639 prae.

2193 4420 2356 4490 pulos
2383 4421 2654 4474 honorem
2673 4437 2786 4474 suae
2814 4420 3166 4474 celsitudinis
3189 4421 3528 4484 vindicaret,
3553 4410 3774 4481 exempla

2195 4509 2452 4564 elationis
2472 4509 2794 4563 ostenderet
2815 4528 2826 4562 :
2847 4509 3084 4563 timebat
3113 4509 3418 4577 nimirum,
3433 4526 3505 4563 ne
3527 4507 3655 4561 dum
3679 4502 3777 4570 ipsc

2193 4597 2298 4652 sibi
2328 4603 2664 4669 potestatem
2696 4599 2994 4669 pastoralis
3037 4599 3314 4668 potentiae
3349 4599 3639 4670 quaereret,
3665 4601 3779 4660 grex

2193 4685 2448 4741 subditus
2467 4703 2569 4758 per
2593 4687 2833 4758 abrupta
2857 4692 3208 4756 sequeretur,
3255 4693 3317 4742 et
3353 4687 3428 4742 ad
3465 4683 3782 4756 impietatem

2194 4781 2492 4846 sequentes
2511 4775 2743 4830 duceret
2771 4775 2866 4846 qui
2887 4774 3114 4845 pietatis
3154 4776 3416 4831 ofﬁcium
3455 4769 3780 4841 suscepisset.

2194 4863 2352 4918 Unde
2372 4880 2598 4918 necesse
2615 4871 2718 4930 est,
2733 4870 2796 4918 ut
2814 4863 2862 4917 is
2877 4863 2974 4934 qui
3004 4871 3228 4934 praeest,
3253 4882 3385 4937 quae
3405 4859 3658 4932 exempla
3673 4853 3786 4910 sub-

2191 4952 2326 5007 ditis
2353 4952 2601 5024 plmbeat
2633 4953 2868 5008 solerter
2893 4952 3170 5014 attendat,
3188 4959 3250 5007 et
3270 4953 3456 5008 tantis
3485 4969 3546 5006 se
3573 4948 3704 5003 sciat
3727 4943 3790 4992 νὶο

2190 5055 2338 5106 vere,
2361 5041 2587 5115 quantis
2611 5056 2851 5111 praeesse
2880 5039 3180 5110 vigilanter
3201 5041 3499 5112 inspiciat,
3534 5055 3604 5094 ne
3649 5034 3702 5088 in
3734 5046 3788 5083 εει

2191 5127 2338 5199 quod
2351 5127 2615 5198 praelatus
2627 5134 2712 5182 est
2721 5127 3182 5197 intumescat,nej
3191 5143 3303 5181 ura
3314 5127 3515 5182 debita
3523 5117 3790 5196 potestatis

2191 5215 2614 5270 immoderatius
2635 5215 2837 5286 exigat,
2871 5231 2974 5269 nec
3003 5213 3324 5286 disciplin-ee
3353 5216 3438 5270 vis
3477 5217 3720 5269 mutetur
3743 5206 3790 5258 id

2191 5305 2436 5375 rigorem
2462 5304 2757 5374 superbiae,
2791 5310 2849 5360 et
2873 5303 3022 5358 unde
3067 5320 3103 5356 a
3143 5305 3534 5375 perversitate
3561 5297 3793 5356 subditos

2195 5393 2534 5464 restringere
2548 5398 2785 5464 poterat,
2799 5392 2930 5447 inde
2946 5392 3296 5446 intuentium
3311 5393 3492 5446 corda
3511 5391 3792 5463 pervertat.

2195 5498 2266 5536 ne
2287 5487 2350 5536 ut
2373 5483 2585 5537 dictum
2605 5489 2692 5536 est
2717 5482 3027 5569 impietatis
3056 5481 3166 5569 dux
3203 5497 3314 5569 per
3345 5480 3602 5537 officium
3634 5477 3796 5548 pieta-

2195 5569 2268 5623 tis
2291 5568 2512 5624 existat.
2528 5569 2655 5624 Non
2681 5565 2872 5624 autem
2891 5567 3061 5621 debet
3074 5565 3380 5622 hominum
3407 5569 3678 5623 ducatum
3697 5575 3799 5615 sus-
