3868 6138
159 206 244 305 ι545
553 242 1130 299 ENARRATIONUM
1164 243 1252 298 IN'
1282 243 1436 299 EPP.
1477 243 1692 300 PAULI
1730 245 1868 300 LIB.
1909 245 2057 301 XXI.
2079 275 2143 287 —
2165 247 2246 302 IN
2283 247 2508 303 EPIST.
2681 245 2927 304 THESS.
3285 249 3390 308 546

159 371 326 440 cipem,
355 366 442 437 qui
471 364 640 419 nescit
665 364 925 420 homines
953 365 1094 420 bene
1123 364 1357 421 vivendo
1389 366 1607 438 praeire,
1627 384 1697 422 ne
1714 372 1842 430 Aut
1887 371 2108 441 pondus
2143 371 2575 428 tribulationum
2613 373 2864 444 graviter
2903 371 3173 441 feramus,
3217 380 3282 430 ut
3331 376 3390 432 in

159 458 235 530 qui
248 457 306 512 ad
319 456 410 510 hoc
425 454 649 525 eligitur
667 460 731 508 ut
745 453 984 508 aliorum
1004 455 1228 525 culpam
1242 455 1527 534 corripiat,
1549 457 1698 528 quod
1779 457 1892 513 illis
1915 459 2078 514 malis
2097 478 2226 515 cum
2247 463 2424 516 multo
2447 461 2724 516 desiderio
2749 478 2846 516 vos
2873 461 3076 518 docere
3099 463 3392 520 festinare-

160 545 352 600 resecari
378 543 578 604 debuit,
611 542 730 614 ipse
767 543 1100 597 committat.
1135 543 1298 605 Hinc,
1325 544 1455 598 inde
1476 563 1536 600 se
1565 562 1698 617 ergo
1781 563 1926 614 mus,
1957 547 2198 604 libenter
2235 567 2336 621 pro
2373 549 2526 604 vobis
2560 555 2939 622 supponentes
2971 551 3144 606 etiam
3170 553 3389 608 animas

159 635 232 706 qui
253 637 472 706 praesunt
503 631 975 702 circumspiciunt,
1009 637 1074 686 ut
1111 631 1217 686 sibi
1257 639 1315 687 et
1343 633 1583 688 subditis
1624 634 1699 688 vi-
1781 642 2022 700 nostras,
2042 654 2108 692 eo
2133 639 2280 710 quod
2310 639 2532 693 fortiter
2551 655 2647 693 vos
2675 639 3066 709 diligebamus,
3095 647 3154 696 et
3181 641 3387 698 affectu

157 729 273 786 rant,
300 729 355 775 ut
377 720 578 774 bonum
621 721 769 791 quod
792 720 1020 786 faciant,
1053 726 1112 774 et
1139 720 1290 776 intra
1320 722 1508 776 sinum
1537 739 1697 777 men-
1780 724 2002 797 integro
2038 743 2175 798 erga
2200 744 2296 782 vos
2325 727 2660 782 tenebamur
2687 747 2699 795 ;
2732 727 3104 788 demiratione
3138 746 3270 784 vero
3297 730 3386 786 di-

157 812 210 865 tis
232 810 560 875 abscondant,
605 813 664 863 et
703 815 892 863 tamen
921 825 988 864 ex
1029 825 1095 863 eo
1133 809 1205 864 ad
1251 816 1574 881 provectum
1605 829 1695 866 se-
1777 830 1892 884 gna
1909 815 2050 869 illud
2073 815 2220 886 quod
2247 815 2467 870 volebat
2496 815 2881 888 comprobavit
2905 817 3113 888 prolati
3141 819 3386 891 exempli

155 899 392 970 quentium
432 899 685 968 exempla
725 903 890 952 rectae
935 898 1277 970 operationis
1324 899 1688 971 impertiant;
1777 903 2048 974 qualitate
2082 921 2092 956 :
2142 920 2276 958 nam
2322 909 2380 958 et
2435 903 2712 959 matribus
2769 906 3114 961 consuetudo
3165 913 3268 973 est,
3315 911 3381 963 ut

154 995 199 1042 ut
222 986 542 1042 subditorum
573 987 797 1059 culpam
835 987 1344 1042 animadvertentes
1385 989 1690 1060 corrigant,
1774 991 1891 1046 suis
1917 991 2046 1046 ﬁliis
2069 1008 2237 1046 suum
2265 993 2352 1046 lac
2377 1009 2505 1047 cum
2543 993 2724 1048 multa
2750 993 3038 1049 celeritate
3068 995 3371 1066 praebeant,

151 1095 228 1132 nec
257 1083 426 1131 tamen
462 1093 567 1148 per
601 1075 713 1130 vim
751 1077 873 1147 ejus
911 1077 1409 1132 animadversionis
1444 1077 1692 1132 intume-
1774 1079 2157 1135 existimantes
2177 1097 2237 1135 se
2261 1081 2548 1152 adjuvare,
2570 1098 2696 1136 cum
2719 1081 2862 1137 ﬁlios
2893 1100 3024 1139 suos
3054 1083 3262 1140 lactare
3281 1100 3378 1156 po-

151 1171 296 1232 scant;
319 1171 378 1219 ut
393 1165 651 1236 quaedam
683 1165 886 1220 leniter
904 1170 1163 1237 correpta
1187 1166 1449 1233 tolerent,
1483 1183 1586 1222 nec
1610 1171 1694 1221 ta-
1773 1168 2004 1223 tuerint.
2035 1169 2326 1224 Nutricem
2359 1186 2491 1225 vero
2519 1171 2625 1225 hoc
2667 1169 2726 1225 in
2778 1171 2898 1226 loco
2937 1177 3177 1228 matrem
3214 1173 3373 1237 dixit,

149 1272 246 1310 men
272 1254 564 1326 disciplina;
597 1255 820 1309 vincula
857 1255 1054 1309 eadem
1096 1255 1328 1310 lenitate
1356 1255 1688 1323 dissolvent;
1775 1273 1898 1328 quae
1922 1257 2065 1312 filios
2093 1274 2225 1313 suos
2252 1258 2452 1325 nutrit,
2479 1263 2536 1313 et
2555 1259 2661 1313 hoc
2683 1259 2970 1314 evidenter
2997 1261 3246 1316 ostendit
3275 1278 3376 1334 per

150 1351 197 1397 ut
224 1344 451 1414 quedam
492 1343 790 1398 tolerando
836 1343 1208 1411 dissimulent,
1251 1361 1354 1398 nec
1392 1351 1588 1400 tamen
1626 1362 1693 1400 ea
1773 1345 1946 1410 illam,
1980 1363 2103 1418 quae
2144 1346 2352 1418 adjecit
2389 1347 2598 1414 dicens,
2641 1350 2786 1402 sicut
2835 1350 3011 1416 foveat
3045 1353 3187 1418 ﬁlios
3227 1367 3370 1405 suos.

150 1450 348 1488 crescere
389 1432 796 1486 dissimulando
835 1432 1182 1504 permittant.
1223 1433 1526 1488 Laboriosa
1563 1440 1695 1488 sunt
1774 1433 1984 1489 Deinde
2007 1441 2064 1490 et
2092 1436 2239 1506 quod
2261 1435 2441 1506 magis
2473 1453 2680 1507 augere
2711 1437 2832 1506 ejus
2865 1443 3085 1508 poterat
3108 1438 3376 1494 intentio-

149 1523 245 1582 ista,
273 1527 321 1575 et
351 1521 454 1576 nisi
482 1521 680 1576 divina
706 1522 891 1592 gratia
931 1522 1126 1577 fulciat
1160 1522 1230 1576 ad
1263 1523 1693 1577 custodiendum
1774 1540 1926 1590 nem,
1945 1539 2010 1578 eo
2035 1524 2181 1594 quod
2213 1525 2353 1578 nihil
2383 1524 2454 1579 ab
2485 1525 2596 1580 illis
2623 1525 2876 1596 accipere
2904 1527 3161 1581 voluerit.
3187 1527 3374 1595 (Aug)

145 1609 359 1664 difﬁcilia.
385 1609 558 1666 Recte
584 1626 714 1664 vero
745 1610 814 1664 de
845 1611 1088 1665 adventu
1111 1610 1348 1666 districti
1368 1611 1574 1681 judicis
1595 1627 1694 1682 per
1776 1611 1907 1667 Ideo
1936 1629 2049 1666 non
2069 1612 2212 1666 dixit
2231 1619 2414 1668 mater
2432 1614 2566 1685 quia
2585 1613 2887 1686 aliquando
2910 1620 3120 1670 matres
3137 1617 3224 1670 vel
3244 1616 3380 1671 deli-

148 1698 398 1769 Sapientiaz
415 1697 630 1752 librum
660 1698 882 1764 dicitur,
897 1699 1166 1754 horrende
1183 1705 1231 1754 et
1255 1702 1360 1754 cito
1389 1701 1692 1768 apparebit,
1711 1686 1758 1746 Β
1779 1700 2018 1755 catiores
2044 1707 2197 1768 sunt,
2214 1703 2300 1756 vel
2321 1703 2508 1757 minus
2530 1708 2788 1758 amantes
2816 1702 2962 1757 ﬁlios
2985 1720 3117 1760 suos
3138 1721 3265 1760 cum
3289 1721 3381 1776 pe-

148 1789 362 1856 quoniam
376 1789 667 1855 judicium
688 1789 1058 1842 durissimum
1083 1789 1170 1842 his
1195 1791 1295 1858 qui
1308 1793 1558 1856 praesunt
1585 1791 1691 1856 ﬁet.
1777 1790 2026 1860 pererint
2045 1790 2278 1844 tradunt
2305 1791 2430 1845 aliis
2459 1792 2810 1846 nutriendos.
2845 1793 3092 1848 Rursum
3123 1793 3171 1848 si
3198 1794 3380 1849 solum

149 1875 351 1944 (Sapwx).
375 1875 519 1940 Quia
546 1893 682 1946 ergo
708 1876 1037 1954 plerumque
1063 1893 1164 1948 per
1189 1881 1522 1949 potestatem
1547 1877 1695 1948 regi-
1776 1877 2006 1934 dixisset
2031 1883 2302 1950 tanquam
2333 1879 2521 1934 nutrix
2551 1879 2740 1936 fovens
2767 1887 2826 1936 et
2845 1897 2958 1936 non
2987 1881 3298 1937 addidisset
3315 1883 3380 1937 ﬁ-

144 1963 276 2018 minis
299 1965 364 2018 ad
387 1965 617 2036 culpam
645 1965 1032 2037 prorumpitur
1051 1965 1328 2032 elationis,
1353 1971 1524 2037 atque
1546 1966 1695 2038 apud
1775 1967 1880 2022 lios
1901 1973 2334 2039 suos,_tanquam
2350 1968 2463 2023 alia
2482 1969 2735 2040 pariente
2755 1969 3083 2024 nutriendos
3100 1971 3378 2043 accepisse

145 2054 406 2108 districtum
429 2054 706 2124 judicem,
730 2053 853 2126 ipsa
874 2054 1042 2108 elatio
1076 2053 1335 2126 impietas
1363 2055 1692 2121 aestimatur,
1778 2056 2078 2124 videretur,
2106 2062 2164 2111 et
2192 2056 2470 2111 nutricem
2498 2075 2559 2112 se
2587 2058 2728 2112 dixit
2755 2058 2889 2128 quia
2923 2057 3126 2124 alebat,
3153 2065 3211 2114 et
3235 2047 3399 2114 ﬁlios’

141 2141 250 2197 bene
270 2143 330 2196 de
349 2143 592 2198 Domino
610 2160 712 2214 per
732 2143 856 2198 Eliu
875 2143 1100 2207 dicitur,
1126 2145 1234 2212 Qui
1247 2151 1401 2198 vocat
1415 2146 1574 2198 duces
1593 2147 1698 2198 im-
1777 2161 1908 2200 suos
1935 2145 2070 2216 quia
2083 2145 2201 2218 ipse
2211 2151 2507 2218 pepererat
2525 2147 2716 2201 dicens
2740 2163 2756 2198 :
2778 2149 2968 2202 Fitioli
2985 2150 3109 2214 mei,
3133 2164 3266 2216 quos
3284 2151 3380 2220 ite-

139 2235 251 2299 pios:
263 2232 450 2303 deipso
463 2231 680 2304 quippe
702 2231 909 2286 ducatu
929 2233 1064 2286 dum
1078 2231 1430 2304 superbiunt,
1445 2233 1697 2304 exemplo
1781 2249 1912 2288 rum
1927 2237 2208 2302 parturio,
2228 2237 2580 2304 quoadusque
2595 2235 2845 2290 Christus
2857 2236 3192 2302 reformatur
3211 2238 3275 2290 in
3291 2251 3378 2290 υο-

141 2319 544 2375 suosubditosad
559 2321 908 2392 impietatem
927 2321 1346 2376 trahunt.Unde
1359 2337 1699 2393 magnopere
1783 2325 1864 2376 bis
1887 2322 2026 2388 (Gal.
2059 2326 2151 2391 ιν).
2185 2322 2342 2377 Parit
2367 2328 2559 2378 autem
2588 2323 2734 2378 sicut
2767 2323 2914 2395 parit
2942 2323 3187 2379 Ecclesia
3216 2329 3378 2378 utero

140 2411 398 2464 curandum
417 2416 526 2474 est,
559 2415 623 2464 ut
642 2409 739 2480 qui
759 2410 1018 2480 regendis
1036 2409 1356 2464 hominibus
1381 2410 1696 2482 praefertur,
1783 2427 1884 2466 suo
1911 2427 2026 2465 non
2056 2411 2273 2465 semine
2299 2425 2423 2466 suo.

139 2497 254 2567 apud
277 2515 328 2552 se
353 2499 504 2553 intra
537 2499 909 2552 secretarium
938 2499 1145 2552 mentis
1171 2497 1230 2552 in
1262 2499 1529 2553 cathedra
1557 2515 1700 2570 prae-
1854 2501 2115 2554 Memores
2145 2503 2295 2554 enim
2325 2503 2452 2554 estis
2477 2499 2684 2566 fratres
2707 2500 2912 2553 laboris
2941 2502 3121 2554 nostri
3147 2505 3197 2554 et
3227 2504 3381 2556 lassi-

137 2586 280 2640 sideat
299 2586 926 2657 humilitatis.Cumque
945 2586 1222 2656 judicanti
1243 2587 1295 2641 ei
1326 2587 1544 2642 caeteris
1570 2587 1703 2641 foris
1787 2590 2020 2654 tudinis,
2057 2593 2210 2643 nocte
2247 2592 2399 2643 enim
2436 2593 2486 2643 et
2524 2589 2614 2642 die
2651 2593 2938 2656 operantes
2976 2589 3052 2642 ad
3087 2589 3184 2644 hoc
3213 2595 3277 2644 ut
3315 2605 3382 2645 ne

138 2675 386 2743 assistitnr,
423 2675 691 2748 vigilanti
743 2676 903 2730 oculo
950 2675 1298 2730 incessanter
1327 2675 1580 2748 aspiciat,
1614 2675 1703 2730 cui
1783 2692 2144 2745 gravaremus
2157 2691 2490 2747 quemquam
2503 2678 3382 2746 vestrum,przdicavimusEvan—

139 2765 422 2836 quandoque
437 2765 626 2836 judici
656 2765 776 2835 ipse
795 2765 864 2819 de
893 2765 982 2819 his
997 2765 1616 2836 judicandus'assistat;
1639 2769 1706 2818 ut
1783 2767 1992 2834 gelium
2010 2765 2124 2819 Dei.
2151 2763 2390 2833 (Ambr.)
2413 2763 2580 2820 Scitis
2599 2769 2658 2818 et
2676 2764 2782 2835 ipsi
2803 2769 3083 2835 quantum
3113 2765 3383 2821 sustinui-

139 2860 306 2923 quanto
316 2871 460 2910 nunc
471 2859 614 2910 ante
637 2870 767 2908 eum
791 2869 958 2924 quem
980 2870 1094 2908 non
1113 2853 1266 2908 videt
1289 2853 1586 2908 sollicitius
1598 2858 1708 2908 tre-
1787 2869 1912 2908 mus
1931 2852 2201 2920 laborem,
2223 2859 2288 2908 ut
2307 2869 2377 2908 ne
2405 2869 2604 2925 graves
2628 2851 2785 2906 vobis
2813 2869 2935 2907 esse
2963 2853 3256 2910 videamur
3278 2871 3381 2927 pro

137 2941 273 3012 pidat,
289 2949 440 2998 tanto
459 2960 598 2999 eum
618 2959 746 2996 cum
770 2942 976 2996 viderit
1001 2943 1252 2997 securior
1265 2949 1478 2998 cernat.
1503 2943 1764 3030 Pensetc
1787 2948 1980 2997 nostra
2009 2941 2366 2998 necessitate.
2393 2940 2839 2996 Persistebamus
2868 2941 3038 3008 enim,
3063 2948 3122 2998 et
3147 2959 3261 2998 non
3287 2960 3382 2998 so-

138 3046 240 3101 ergo
263 3033 384 3102 quia
410 3033 482 3087 ad
532 3031 991 3086 satisfaciendum
1022 3031 1278 3086 districto
1301 3031 1477 3103 judici
1505 3031 1575 3086 de
1602 3048 1708 3086 sua
1785 3033 1904 3086 lum
1932 3032 1991 3086 in
2011 3031 2100 3086 die
2121 3048 2257 3102 erga
2275 3037 2523 3086 vestram
2543 3030 2857 3084 doctrinam
2877 3031 3135 3102 occupari
3161 3031 3383 3088 videba-

138 3123 479 3176 tantummodo
509 3122 710 3176 anima
733 3120 970 3175 fortasse
997 3121 1085 3174 vix
1106 3120 1331 3187 sufficit,
1353 3127 1418 3176 ut
1445 3120 1594 3192 quod
1622 3137 1706 3176 re-
1786 3137 1933 3186 mur,
1955 3136 2058 3174 nec
2084 3125 2408 3191 poteramus
2428 3136 2530 3192 per
2545 3124 2730 3174 totum
2749 3119 2900 3174 diem
2921 3120 3077 3191 operi
3099 3120 3376 3186 insistere,

136 3210 294 3278 gendis
309 3210 557 3265 subditis
587 3216 790 3282 praesto
821 3215 926 3277 est,
959 3209 1256 3264 reddendae
1285 3209 1434 3280 apud
1461 3226 1592 3264 eum
1619 3225 1708 3264 ra-
1785 3209 1867 3262 ita
1893 3213 1959 3263 ut
1986 3209 2244 3264 sufﬁcere
2281 3208 2441 3264 nobis
2479 3209 2874 3280 potuissemus,
2907 3214 2966 3263 et
2992 3226 3093 3280 pro
3121 3210 3383 3266 omnibus

136 3296 269 3352 tionis
285 3305 562 3371 tempore,
587 3305 653 3354 ut
680 3299 762 3353 ita
789 3299 973 3354 dicam
991 3303 1078 3353 tot
1103 3298 1255 3352 solus
1273 3298 1491 3352 animas
1508 3297 1697 3365 habet,
1781 3297 1871 3352 his
1889 3299 2116 3354 illorum
2143 3298 2396 3370 ipsorum
2425 3297 2607 3352 utitur
2633 3297 2956 3354 testimonio
2985 3297 3086 3352 Dei
3120 3317 3136 3352 :
3177 3300 3286 3366 Vos,
3299 3299 3383 3354 in-

135 3388 500 3456 quanimirum
525 3388 814 3459 cogitatio,
828 3388 876 3442 si
891 3387 1114 3442 assidue
1137 3392 1385 3442 mentem
1409 3393 1697 3459 excoquet,
1784 3386 1928 3458 quit,
1953 3391 2102 3441 testes
2133 3390 2257 3441 estis
2287 3393 2336 3441 et
2363 3387 2524 3452 Deus,
2557 3403 2726 3454 quam
2752 3391 2936 3440 sancte
2965 3392 3017 3440 et
3033 3390 3200 3456 juste,
3224 3393 3274 3442 et
3303 3391 3381 3442 si-
3431 3390 3438 3396 ’

134 3490 318 3530 omnem
344 3483 642 3531 tumorem
671 3475 948 3548 superbiae
975 3475 1200 3546 premit.
1227 3481 1285 3530 et
1309 3481 1494 3530 rector
1513 3475 1699 3546 provi-
1785 3493 1850 3530 ne
1867 3479 2086 3544 querela
2099 3477 2243 3529 vobis
2257 3477 2358 3544 qui
2370 3475 2981 3541 credidistisadfuimus
2999 3478 3172 3529 :sicut
3189 3479 3377 3542 nostis,

131 3563 212 3618 dus
228 3569 373 3621 tanto
389 3567 518 3636 jam
542 3581 726 3637 neque
742 3582 836 3620 rex
856 3570 1132 3638 apostata,
1155 3581 1338 3636 neque
1363 3565 1476 3620 dux
1495 3564 1702 3636 impius
1783 3565 2048 3635 quomodo
2061 3553 2511 3632 unumquemque
2531 3567 2775 3616 vestrum
2795 3567 3066 3630 tanquam
3071 3568 3233 3632 pater
3241 3567 3382 3631 ﬁlios

131 3652 394 3720 iocabitur,
437 3659 660 3726 quanto
689 3654 740 3708 ei
777 3655 1116 3725 cogitatione
1143 3653 1388 3708 sollicita
1425 3658 1697 3725 potestas,
1783 3670 1906 3707 suos
1935 3653 2270 3706 obsecrantes
2298 3667 2386 3705 vos
2407 3656 2456 3705 et
2473 3654 2830 3706 consolantes.
2863 3649 3056 3706 Utitur
3073 3651 3300 3722 quidem
3319 3652 3384 3706 il-

131 3757 227 3810 qne
258 3751 485 3816 accepta
538 3748 642 3810 est,
683 3759 796 3798 non
825 3743 1005 3798 honor
1043 3743 1142 3798 sed
1188 3759 1331 3797 onus
1367 3742 1698 3798 aestimatur.
1785 3741 1968 3796 lorum
1997 3741 2246 3817 ipsorum
2294 3737 2638 3806 testimonio,
2693 3755 2759 3793 eo
2797 3738 2947 3810 quod
2988 3737 3096 3810 ipsi
3133 3738 3385 3795 sciebant

132 3828 246 3884 Nam
280 3833 366 3887 cui
391 3850 524 3888 esse
555 3849 704 3886 nunc
725 3831 975 3902 judicem
1003 3831 1158 3898 libet,
1192 3831 1325 3886 huic
1352 3831 1540 3886 videre
1570 3837 1705 3886 tunc
1787 3829 2030 3902 qualiter
2047 3845 2143 3883 eos
2171 3829 2242 3882 ad
2262 3828 2443 3882 instar
2455 3827 2634 3899 patris
2654 3827 2936 3900 patienter
2954 3826 3301 3894 obsecrabat,
3328 3834 3386 3883 et

125 3917 338 3985 judicem
366 3939 485 3976 non
519 3919 688 3975 libet:
711 3921 996 3974 numerari
1016 3921 1169 3976 enim
1196 3921 1372 3992 culpze
1393 3925 1698 3992 nequeunt,
1785 3917 2182 3974 consolabatur
2217 3933 2388 3990 super
2413 3915 2806 3971 accedentibus
2835 3915 2948 3970 illis
2984 3916 3254 3980 tristitiis,
3283 3916 3385 3972 de-

132 4022 229 4075 quae
251 4009 526 4065 habendae
564 4009 858 4082 potestatis
886 4026 1078 4064 amore
1118 4014 1534 4082 perpetrantur,
1566 4014 1704 4064 tuuc
1783 4024 2020 4080 precans
2049 4023 2144 4062 eos
2171 4023 2285 4062 non
2323 4005 2611 4060 discedere
2639 4022 2673 4060 a
2703 4005 2813 4060 ﬁde
2854 4023 2866 4059 :
2911 4011 3256 4062 memoratus
3301 4011 3386 4062 est

131 4096 280 4152 solum
308 4116 440 4154 vero
461 4104 722 4171 potestas
740 4097 881 4153 bene
899 4099 1136 4170 geritur,
1151 4115 1281 4154 cum
1306 4114 1420 4153 non
1439 4098 1700 4165 amando,
1785 4101 1976 4152 autem
2001 4101 2060 4152 et
2084 4095 2205 4163 Dei,
2229 4095 2362 4168 quia
2391 4094 2550 4161 dixit,
2583 4099 2766 4150 sancte
2789 4100 2840 4150 et
2865 4099 3012 4165 juste
3038 4099 3088 4149 et
3113 4098 3232 4150 sine
3254 4112 3384 4166 que-

130 4185 208 4238 sed
230 4188 478 4255 timendo
499 4189 800 4254 retinetur,
831 4205 954 4259 quae
982 4193 1048 4243 ut
1076 4187 1400 4242 ministrare
1425 4193 1576 4242 recte
1606 4203 1702 4242 va-
1784 4190 1903 4242 rcta
1933 4187 2078 4241 vobis
2098 4188 2199 4255 qui
2213 4185 2542 4250 credidistis,
2563 4183 2713 4256 apud
2735 4201 2904 4256 quem
2925 4185 3168 4238 maxime
3197 4185 3267 4239 de
3297 4185 3386 4238 his

129 4270 237 4341 leat,
256 4283 480 4348 oportet
499 4277 747 4348 primum
768 4281 832 4331 ut
860 4277 1004 4331 hanc
1025 4293 1136 4332 non
1166 4276 1460 4348 cupiditas,
1483 4277 1582 4331 sed
1611 4293 1704 4331 ne—
1723 4279 1952 4350 “cauta
1977 4274 2222 4346 cognitio
2265 4273 2472 4328 habere
2519 4272 2832 4350 videbatur,
2887 4278 2945 4328 et
2986 4275 3262 4341 testiﬁcati
3288 4290 3386 4328 su-

348 4333 640 4436 impo‘nat:
665 4371 930 4437 percepta
947 4371 1138 4420 autem
1161 4333 1264 4420 nec
1285 4382 1385 4436 pro
1405 4333 1706 4420 formidine
1723 4333 1773 4392 Β
1787 4381 1931 4432 mus,
1947 4368 2008 4418 ut
2018 4333 2311 4418 ambulem
2325 4365 2492 4431 digne
2503 4347 2736 4430 Deo,qui
2747 4333 2957 4416 vacavit
2970 4377 3060 4414 vos
3073 4333 3136 4414 i
3151 4376 3386 4428 regnum

130 4447 270 4506 debet
292 4453 501 4521 deseri,
525 4471 629 4508 nec
656 4471 722 4509 ex
751 4453 981 4509 libidine
1009 4453 1288 4526 amplecti,
1321 4471 1391 4509 ne
1419 4460 1518 4509 aut
1547 4455 1706 4526 pejus
1786 4468 1970 4518 suum,
1989 4458 2038 4507 et
2067 4455 2326 4520 gloriam.
2346 4451 2497 4506 Bene
2525 4449 2730 4521 quippe
2751 4449 2956 4520 posuit,
2993 4448 3272 4516 testiﬁcati
3288 4465 3385 4504 su-

131 4538 230 4606 quis
247 4542 404 4612 quasi
421 4560 494 4598 ex
523 4543 844 4598 humilitate
863 4543 1171 4614 superbiat,
1188 4542 1234 4598 si
1259 4543 1458 4598 divinae
1479 4542 1706 4614 dispen-
1787 4559 1931 4609 mus,
1964 4541 2046 4595 ita
2062 4546 2128 4596 ut
2146 4540 2407 4595 ostendat
2433 4537 2700 4610 quoniam
2727 4537 2788 4591 in
2817 4535 3092 4607 principio
3119 4535 3236 4590 haec
3265 4535 3390 4608 ipsa

130 4628 333 4685 sationis
355 4632 623 4687 ordinem
639 4633 908 4704 fugiendo
936 4638 1278 4700 contemnat,
1297 4638 1398 4688 aut
1414 4649 1480 4687 eo
1505 4633 1706 4704 jugum
1788 4631 1898 4686 illis
1928 4628 2282 4700 loquebatur,
2309 4627 2458 4699 quod
2488 4625 2786 4680 conveniat
2814 4640 2910 4679 eos
2938 4624 3139 4696 dignos
3179 4623 3387 4680 habere

132 4721 330 4788 superni
374 4721 616 4776 rectoris
655 4721 902 4792 abjiciat,
943 4737 1052 4792 quo
1091 4738 1222 4776 eum
1269 4738 1440 4792 super
1475 4727 1706 4776 caeteros
1789 4725 1946 4774 actus
1979 4717 2182 4789 quibus
2211 4717 2430 4788 placere
2461 4713 2679 4786 possint
2714 4713 2796 4767 illi
2829 4712 2924 4785 qui
2965 4730 3060 4768 eos
3086 4713 3303 4769 vocavit
3327 4714 3387 4769 in

133 4805 382 4872 privatum
403 4811 666 4881 regimen
695 4811 953 4865 delectat.
976 4811 1232 4865 Potestas
1263 4827 1396 4880 ergo
1428 4827 1556 4865 cum
1585 4827 1706 4881 per-
1788 4823 1949 4863 suam
1976 4805 2354 4877 cognitionem
2395 4819 2524 4858 cum
2551 4817 2759 4873 magna
2798 4801 3117 4859 futurorum
3145 4803 3388 4875 promis-

135 4893 306 4964 cipitur
333 4915 454 4954 non
481 4898 714 4954 libidine
743 4899 986 4954 amanda
1014 4905 1116 4965 est,
1149 4899 1248 4953 sed
1277 4899 1704 4970 longanimitate
1789 4897 1944 4951 sione
1969 4913 1982 4963 ;
2003 4911 2106 4967 pro
2135 4893 2289 4948 omni
2311 4890 2700 4963 magnitudine
2723 4891 2895 4946 etiam
2923 4892 3085 4964 paria
3105 4909 3200 4947 eos
3220 4909 3388 4964 agere

135 4983 397 5041 toleranda
439 5007 453 5040 :
517 4995 583 5042 ut
619 4988 749 5042 inde
788 4994 925 5044 tunc
971 4988 1042 5042 ad
1084 4987 1364 5058 judicium
1409 4987 1709 5042 salubriter
1788 4983 2063 5049 convenit,
2098 4988 2156 5038 et
2189 4982 2380 5038 dicens
2411 4997 2534 5046 sua,
2567 4979 2776 5034 iterum
2815 4981 2886 5036 ad
2925 4980 3154 5036 illorum
3197 4986 3386 5036 trans-

135 5068 244 5127 levis
259 5076 350 5141 sit,
373 5077 532 5132 unde
559 5094 709 5133 nunc
729 5078 801 5132 ad
827 5077 1205 5132 ministerium
1223 5076 1504 5149 patienter
1520 5075 1707 5148 gravis
1789 5074 1834 5128 it
1861 5089 2177 5146 personam,
2219 5069 2442 5143 quando
2491 5068 2716 5140 quidem
2751 5069 2850 5124 illa
2898 5086 3020 5140 qua
3059 5074 3117 5124 et
3153 5085 3290 5140 erga
3325 5086 3385 5125 se

136 5157 424 5219 innotescit.
469 5163 650 5220 Sicuti
694 5169 744 5220 si
789 5170 991 5220 nutris:
1031 5167 1210 5234 foveat
1255 5182 1379 5220 suos
1416 5167 1591 5234 ﬁlios;
1629 5167 1709 5219 sic
1789 5169 1941 5226 sunt,
1977 5163 2049 5216 ad
2076 5162 2181 5216 hoc
2209 5164 2630 5224 commemorat,
2667 5163 2732 5214 ut
2761 5174 2858 5213 eos
2886 5157 2958 5212 ad
2987 5157 3384 5216 revelationem

137 5247 477 5308 desiderantes
500 5271 605 5320 vos,
625 5258 1025 5324 complacemus
1051 5257 1394 5324 participare
1415 5255 1564 5322 nobis
1593 5269 1706 5309 non
1790 5251 2048 5317 adducat,
2081 5249 2304 5322 quando
2335 5265 2465 5304 vero
2480 5249 2552 5304 ad
2572 5247 2796 5304 laudem
2821 5261 3015 5319 eorum
3045 5262 3106 5301 se
3144 5252 3306 5320 aptat
3320 5253 3387 5305 ut

138 5338 289 5392 solum
304 5341 672 5411 Evangetium
701 5343 928 5409 Christi,
951 5345 1042 5397 sed
1071 5348 1288 5397 nostras
1309 5345 1556 5412 ipsorum
1585 5345 1710 5396 ani-
1791 5355 1987 5395 eorum
2015 5338 2365 5394 alacritatem
2384 5337 2485 5392 tali
2505 5335 2692 5392 studio
2713 5334 2894 5406 magis
2913 5335 3188 5392 suscitare
3203 5335 3387 5392 videa-

143 5439 255 5491 mas,
285 5433 559 5500 quoniam
587 5433 910 5486 charissimi
945 5433 1098 5487 nobis
1126 5433 1264 5500 facti
1290 5433 1435 5486 estis.
1472 5429 1706 5500 (Ambr.)
1790 5434 1886 5484 tur
1911 5428 2022 5483 ’IEt
2044 5431 2268 5498 propter
2305 5427 2402 5481 hoc
2437 5431 2488 5481 et
2509 5442 2604 5481 nos
2629 5427 2845 5494 gratias
2877 5426 3098 5493 agimus
3124 5427 3229 5481 Deo
3263 5427 3382 5480 sine

143 5508 252 5568 vult
275 5519 540 5591 equidem
567 5519 770 5586 dicere,
796 5519 1061 5592 quoniam
1080 5524 1302 5576 tantum
1319 5519 1486 5590 longe
1513 5535 1708 5576 sumus
1792 5518 2202 5572 intermissione
2214 5529 2231 5566 :
2243 5517 2512 5584 quoniam
2531 5530 2658 5569 cum
2672 5515 3035 5582 suscepissetis
3049 5530 3085 5568 a
3100 5515 3255 5569 nobis
3271 5527 3386 5567 ver-
