3868 6138
480 308 586 368 ατ
941 344 948 351 .
1074 306 1141 364 3.
1178 304 1453 362 mm
1488 300 1722 362 mum
1756 300 2093 364 suam.
2131 302 2475 361 uocum-
2496 302 2802 361 opsum
2836 304 3022 362 PARS
3055 307 3156 365 m.
3611 317 3696 377 54¢

482 437 618 492 bum
634 435 865 491 auditus
877 433 994 497 Dei,
1015 433 1322 501 suscepistis
1348 445 1463 486 non
1489 431 1632 484 sicut
1653 429 1881 484 uerbum
1898 428 2080 482 homi-
2094 430 2144 492 Α
2160 428 2402 501 cupierit
2424 446 2524 487 eos
2540 429 2750 486 iterum
2765 430 2957 487 videre
2974 449 3141 506 super
3158 437 3366 506 omnia;
3390 440 3524 510 quod
3543 457 3699 514 segre-

478 540 644 590 num,
663 523 755 577 sed
777 523 921 576 sicut
938 525 1015 575 est
1030 536 1153 575 uere
1172 520 1397 574 uerbum
1414 520 1530 585 Dei,
1558 520 1659 587 qui
1675 521 1999 587 etoperatur
2016 520 2081 572 in
2158 523 2356 588 gutum
2384 535 2447 574 se
2463 519 2536 573 ad
2557 518 2738 574 instar
2756 521 3137 593 orphanorum
3156 523 3308 591 dixit,
3324 528 3546 583 multum
3558 547 3697 587 suum

481 613 630 667 uobis
662 613 765 681 qui
795 611 1126 664 credidistis.
1162 609 1232 667 Et
1258 607 1499 663 aliorum
1529 606 1755 678 quidem
1786 610 1947 661 erant
1976 622 2080 660 no-
2161 606 2423 663 aﬂectum
2451 608 2718 675 ostendit,
2752 615 2811 663 et
2848 610 3075 680 quidem
3104 611 3164 666 in
3191 615 3549 686 superioribus
3572 618 3700 674 dixe-

480 705 601 755 ιω
628 715 645 751 :
675 714 791 754 non
820 698 1056 753 deerant
1082 702 1273 753 autem
1296 701 1358 752 et
1394 696 1493 751 illa
1521 712 1649 768 quae
1678 713 1714 751 a
1741 694 1897 750 vobis
1923 700 2076 750 sunt.
2164 702 2254 750 rat
2280 695 2548 766 quoniam
2575 697 2725 752 sicut
2750 704 2915 769 pater
2926 714 3375 774 unumquemque
3391 713 3613 763 vestrum
3629 708 3704 764 ob-

481 787 641 844 Unde
668 793 729 843 et
753 786 969 858 gratias
998 803 1167 857 agere
1183 787 1301 841 Dee
1324 801 1426 857 pro
1456 782 1612 839 vobis
1640 800 1753 839 non
1773 799 2079 845 cessamus.
2163 783 2470 847 secrabam,
2494 786 2593 840 sed
2621 785 2700 840 ibi
2722 787 2955 858 quidem
2975 796 3212 859 paterna
3230 790 3410 863 imago
3421 800 3704 866 aptataesse

480 875 752 949 quoniam
769 875 1140 947 suscipientes
1159 873 1370 931 anubis
1391 873 1493 928 Dei
1520 873 1838 928 doctrinm
1851 887 1966 927 non
1981 871 2085 926 sic-
2163 871 2478 938 videbatur,
2512 873 2572 928 in
2599 874 2821 931 absenti
2849 892 2982 932 vero
3018 878 3382 950 exquisitione
3422 881 3549 937 illud
3585 886 3706 955 quod

481 971 549 1020 ut
571 963 894 1025 hominibus
920 963 1077 1019 vobis
1105 961 1461 1035 loquentibus
1486 961 1831 1032 suscepistis,
1857 960 1956 1015 sed
1974 960 2083 1015 sic-
2166 960 2385 1017 dixerat
2408 967 2737 1034 separatum
2764 981 2826 1020 se
2855 965 2928 1021 ad
2976 965 3156 1021 instar
3186 969 3563 1040 orphanorum.
3590 972 3706 1027 Nam

482 1067 550 1117 ut
575 1060 912 1117 conveniens
940 1066 1066 1114 erat
1092 1059 1378 1131 suscipere
1402 1074 1500 1112 eos
1528 1057 1627 1129 qui
1646 1056 1897 1111 divinam
1914 1056 2087 1111 susci-
2165 1049 2489 1121 hujusmodi
2510 1052 2596 1106 vel
2616 1052 2860 1108 maxime
2880 1053 3138 1110 absentia
3165 1057 3336 1113 etiam
3360 1059 3427 1113 ad
3456 1059 3617 1131 ipsam
3635 1078 3708 1116 ne

479 1149 710 1222 piabant
756 1149 1092 1216 doctrinam,
1148 1164 1273 1220 quas
1309 1147 1482 1202 etiam
1530 1152 1590 1202 et
1626 1145 1764 1217 ipsis
1818 1144 2083 1217 operibus
2164 1138 2484 1195 6688in
2512 1148 2853 1209 coarctatur,
2888 1149 2955 1198 ut
2984 1150 3206 1216 patrem
3233 1146 3332 1201 lilii
3359 1149 3636 1219 requirant.
3653 1150 3710 1205 Et

481 1238 802 1294 ostenditur
814 1254 938 1293 esse
952 1237 1103 1309 apud
1120 1253 1235 1303 vos,
1250 1242 1310 1291 et
1323 1235 1797 1308 quemadmodum
1820 1233 1879 1289 in
1900 1233 2083 1305 operi-
2164 1243 2288 1299 quae
2306 1234 2394 1284 est
2403 1228 2501 1300 huj
2508 1246 2575 1284 us
2584 1233 3049 1302 concupiscentiis
3065 1232 3354 1305 probatio?
3368 1243 3578 1309 propter
3588 1239 3709 1310 quod

481 1325 588 1384 bus
615 1327 949 1382 ostendatur
974 1325 1115 1380 dicit
1145 1343 1158 1378 :
2160 1319 2437 1372 soluimus
2454 1321 2644 1373 venire
2662 1322 2736 1375 ad
2756 1337 2862 1374 vos.
2890 1321 2961 1376 Et
2976 1321 3109 1394 quia
3127 1322 3270 1378 dixit
3286 1328 3545 1381 voluimus
3559 1327 3710 1398 plura-

564 1417 674 1484 Vos,
690 1415 892 1488 inquit,
914 1417 1220 1469 imitatores
1239 1414 1377 1481 facti
1404 1415 1550 1475 estis,
1573 1413 1796 1479 fratres.
1823 1411 2085 1469 Ecclesia-
2164 1404 2312 1472 liter,
2344 1406 2417 1460 de
2443 1423 2504 1461 se
2530 1407 2724 1463 dicens
2751 1408 2965 1480 adjicit,
3000 1411 3109 1481 Ego
3127 1415 3347 1481 quidem
3374 1415 3565 1469 Paulus
3587 1421 3631 1469 et
3650 1432 3711 1471 ss.

482 1519 617 1558 rum
636 1506 749 1569 Dei,
774 1519 894 1573 qua!
917 1508 1049 1557 sunt
1076 1504 1137 1555 in
1169 1503 1362 1557 Judaa
1394 1500 1609 1556 Christo
1634 1501 1783 1565 Jesu,
1815 1501 2083 1570 quoniam
2166 1497 2272 1548 met
2291 1499 2341 1549 ct
2356 1496 2455 1559 bis,
2470 1500 2530 1550 et
2548 1496 2685 1567 quid
2706 1496 2962 1553 obstitit?
2981 1502 3072 1554 sed
3089 1503 3371 1570 impedivit
3387 1519 3476 1557 nos
3491 1503 3705 1569 Satanas,

480 1593 666 1648 eadem
674 1594 827 1661 passi
850 1594 976 1645 estis
995 1596 1044 1644 et
1071 1592 1467 1658 oosapropriis
1490 1590 1917 1655 contribulibus,
1939 1591 2085 1655 sicut
2166 1598 2233 1637 eo
2261 1583 2411 1654 quod
2440 1590 2605 1639 erant
2633 1585 2940 1656 adjuvandi
2969 1588 3484 1645 Thessalonicenses
3525 1607 3584 1645 ex
3613 1592 3710 1662 ejus

481 1686 533 1735 et
559 1682 668 1750 ipsi
687 1695 723 1733 a
741 1681 963 1734 Judsn's.
999 1677 1239 1743 Similia,
1264 1677 1466 1749 inquit,
1507 1675 1656 1748 passi
1688 1676 1828 1731 estis
1856 1676 2083 1731 illorum
2101 1747 2140 1753 _
2166 1671 2498 1743 praesentia;
2531 1690 2666 1744 ergo
2687 1676 3003 1731 necessarie
3032 1694 3260 1753 omnem
3291 1679 3712 1751 nocjvitateis-

483 1747 595 1839 qui
607 1767 667 1822 in
697 1767 892 1823 Iudaea
906 1765 1276 1822 crediderunt
1300 1747 1558 1833 Christo;
1592 1765 1737 1821 sicut
1768 1765 1923 1820 enim
1948 1764 2030 1819 illi
2048 1781 2085 1819 a
2101 1747 2148 1809 Β
2164 1765 2311 1815 tuna:
2349 1762 2627 1832 ascripsit,
2656 1767 2715 1817 et
2741 1765 3009 1835 quoniam
3041 1747 3156 1821 non
3186 1784 3326 1822 vane
3350 1747 3409 1823 in
3436 1785 3610 1823 eorum
3630 1768 3710 1825 hs-

481 1855 690 1912 ludasis
718 1855 899 1911 multa
925 1861 1060 1911 sunt
1086 1854 1337 1928 perpessi
1364 1854 1532 1921 mala,
1556 1853 1636 1908 sic
1664 1859 1723 1908 et
1754 1870 1851 1908 vos
1885 1871 1921 1908 a
1950 1870 2082 1925 pro-
2165 1847 2394 1903 beretur
2429 1850 2632 1906 allecti:
2662 1851 2928 1907 ostendit.
2964 1855 3092 1922 Quae
3120 1861 3197 1909 est
3223 1858 3375 1910 enim
3407 1873 3516 1927 spes
3540 1862 3710 1924 nostra,

483 1943 622 2017 priis
652 1944 1059 2001 contribulibus
1094 1950 1162 2000 ut
1194 1943 1347 1998 dicat
1376 1942 1658 2015 gentibus.
1707 1943 1858 1998 Bene
1891 1948 2084 1998 autem
2164 1942 2265 1995 aut
2290 1939 2586 2007 gaudium,
2604 1945 2706 1995 aut
2732 1957 2936 1999 corona
2965 1942 3256 2010 gloriandi
3277 1963 3294 1998 :
3312 1960 3487 2000 nonne
3513 1961 3590 2000 vos
3613 1951 3714 2001 ante

482 2049 578 2090 eos
598 2039 688 2091 ost
712 2035 1047 2090 adhortatus
1074 2048 1523 2088 commemorans
1542 2032 1671 2087 illos
1693 2032 1788 2104 qui
1810 2031 1869 2086 in
1890 2031 2086 2087 Iudma
2166 2025 2469 2081 Dmninum
2504 2032 2757 2081 nostrum
2785 2030 2972 2083 Jesum
3000 2030 3285 2085 Christum
3307 2035 3429 2091 estis
3448 2035 3507 2087 in
3519 2035 3713 2087 adwntu

480 2122 842 2178 crediderunt
863 2129 932 2178 ut
961 2121 1279 2179 sustineant
1312 2126 1372 2176 et
1398 2120 1506 2193 ipsi
1540 2119 1980 2192 magnanimiter
2006 2120 2086 2174 la-
2166 2117 2281 2182 ejus
2303 2119 2328 2167 Ρ
2352 2130 2442 2169 vos
2470 2117 2624 2170 enim
2652 2119 2778 2173 estis
2812 2120 2997 2186 gloria
3045 2124 3237 2174 nostra
3278 2126 3329 2176 et
3363 2122 3631 2188 gaudium.
3662 2121 3714 2176 Et
3824 2176 3825 2179 η

481 2211 695 2279 berem,
732 2211 1010 2284 siquidem
1044 2227 1157 2265 non
1194 2209 1303 2264 soli
1345 2208 1818 2281 contemplatione
1856 2209 2085 2280 pietatis
2165 2217 2333 2256 omne
2346 2202 2620 2274 quidquid
2638 2202 2846 2261 boniin
2864 2205 3058 2262 futura
3074 2209 3573 2281 exspectamusdie.
3590 2215 3710 2273 mne.

482 2300 793 2372 patiuntur.
816 2301 963 2355 Nam
984 2304 1043 2355 et
1070 2299 1328 2354 Ecclesiae
1350 2298 1602 2368 integrae,
1624 2314 1749 2370 quae
1778 2314 1880 2368 per
1904 2302 2085 2352 totam
2165 2291 2391 2361 quando
2423 2291 2683 2347 adveniet
2707 2293 2981 2350 Dominus
3006 2303 3205 2352 noster
3232 2299 3640 2357 lesusChristus
3660 2298 3715 2352 ad

481 2395 617 2444 sunt
642 2389 916 2456 Judmam,
954 2388 1189 2445 diversis
1227 2386 1648 2442 ﬂuctuabantur
1676 2386 2083 2458 persecutioni-
2164 2379 2537 2435 examinanda
2562 2382 2844 2450 universa,
2865 2389 3001 2439 tunc
3026 2384 3099 2440 ob
3122 2387 3251 2442 illos
3271 2386 3483 2442 labores
3500 2402 3623 2459 quos
3637 2402 3716 2458 pro

485 2477 605 2533 bus.
640 2478 802 2534 Unde
833 2483 889 2533 et
918 2477 1088 2531 latius
1118 2476 1440 2532 Iudaeorum
1472 2474 1754 2546 explicans
1784 2474 2080 2539 malitiam,
2164 2467 2321 2523 vobis
2350 2469 2715 2538 sustinemus,
2739 2472 3059 2531 mercedem
3076 2474 3244 2533 nobis
3271 2475 3343 2530 ab
3362 2477 3546 2531 eodem
3564 2475 3716 2529 venire

485 2566 734 2622 ostendit
762 2566 894 2620 hinc
921 2571 1135 2637 quanta
1159 2570 1218 2619 et
1247 2564 1437 2636 qualia
1464 2561 1826 2635 patiebantur
1860 2562 1932 2617 ab
1972 2562 2085 2618 illis
2166 2564 2572 2629 exspectamus.
2597 2559 2804 2631 Magna
2827 2561 3011 2632 gloria
3037 2568 3127 2618 est
3152 2565 3457 2620 sacerdotis
3480 2564 3712 2619 rectitudo

486 2655 587 2726 qui
612 2655 765 2709 inter
789 2654 916 2709 illos
947 2652 1294 2708 habitabant.
1322 2655 1430 2720 Qui
1456 2657 1507 2706 et
1534 2653 1844 2716 dominum,
1877 2650 2081 2722 inquit,
2165 2644 2539 2702 subditorum.
2567 2647 2767 2718 «ϐπ-ορ.)
2789 2649 2950 2709 Unde
2976 2650 3122 2707 bene
3158 2653 3419 2725 egregius
3436 2653 3717 2726 praedicator

496 2744 815 2799 occiderunt
836 2745 1024 2799 Iesum
1059 2747 1107 2796 et
1145 2758 1252 2806 vos,
1282 2741 1570 2810 prophetas
1604 2745 1656 2794 et
1688 2756 1784 2794 nos
1817 2743 2087 2810 persecuti
2164 2734 2453 2807 discipulis
2480 2735 2637 2803 dicit,
2658 2754 2782 2807 qua
2798 2744 2877 2793 est
2906 2746 3097 2795 nostra
3115 2758 3237 2811 spes
3255 2749 3356 2799 aut
3373 2744 3716 2810 gaudiumsut

482 2836 638 2886 sunt.
676 2831 827 2886 Bene
862 2830 923 2886 in
971 2829 1157 2885 medio
1194 2826 1380 2901 posuit
1418 2829 1726 2898 prophetas,
1764 2844 1836 2883 ex
1882 2828 2084 2900 quibus
2165 2839 2368 2878 corona
2393 2828 2603 2893 glorise,
2636 2841 2821 2881 nonne
2850 2844 2941 2885 ros
2969 2835 3098 2884 ante
3132 2831 3472 2887 Dominum?
3496 2831 3592 2887 Sed
3615 2845 3716 2885 cum

479 2918 880 2992 comprobatur
906 2919 1056 2991 quod
1112 2924 1172 2974 et
1208 2917 1512 2973 Dominum
1555 2917 1675 2972 sola
1723 2917 1942 2972 malitia
1992 2918 2082 2973 ln-
2164 2912 2482 2969 sacerdotes
2508 2913 2683 2969 vitam
2709 2914 3115 2988 discipulorum
3141 2919 3716 2991 negligunt,etnullum

476 3008 746 3063 terimere
783 3014 1215 3081 usurpaverant,
1254 3012 1313 3061 et
1338 3005 1620 3078 apostolos
1660 3023 1672 3058 :
1714 3006 1993 3077 siquidem
2024 3012 2084 3062 et
2102 3068 2140 3081 ﬂ
2162 3000 2235 3056 de
2254 3017 2452 3057 eorum
2470 3002 2810 3075 profectibus
2827 3010 2958 3060 ante
2972 3006 3283 3063 Dominum
3303 3007 3715 3073 ﬁuctumferunt,

479 3113 760 3167 ergasuos
779 3068 1084 3169 prophetas
1263 3068 1542 3150 exstitisse
1556 3068 1836 3159 videntur,
1856 3101 1915 3149 et
1931 3095 2081 3166 quod
2097 3068 2142 3130 Ο
2161 3089 2297 3162 quid
2317 3068 2659 3164 aliud-quam
2677 3093 2905 3164 inglorii
2927 3095 3236 3163 ducuntur,
3271 3099 3368 3170 qui
3396 3103 3521 3153 ante
3558 3068 3718 3151 distri;

476 3185 566 3242 his
592 3187 778 3257 majus
806 3191 917 3241 est:
952 3186 1019 3240 Et
1050 3201 1161 3240 non
1193 3186 1300 3240 Deo
1336 3187 1581 3254 placent,
1614 3188 1663 3238 et
1703 3185 1962 3239 omnibus
1990 3185 2083 3239 ho-
2158 3184 2314 3234 ctum
2328 3180 2579 3250 judicem
2600 3181 2869 3238 nimirum
2893 3184 3135 3254 gloriam
3158 3192 3296 3242 tunc
3316 3203 3425 3242 non
3452 3185 3714 3242 invenient.

481 3276 729 3330 minibus
755 3276 1142 3338 adversantur,
1166 3273 1512 3343 prohibentes
1533 3288 1630 3327 nos
1655 3273 1907 3341 gentibus
1929 3275 2083 3342 loqui
2163 3283 2335 3339 quam
2352 3269 2522 3324 modo
2548 3270 2610 3324 in
2636 3270 2989 3327 subditorum
3018 3289 3256 3330 suorum
3284 3275 3525 3331 moribus
3550 3273 3718 3346 predi-
3826 3342 3827 3347 η

476 3369 543 3417 ut
584 3367 746 3419 salvs:
781 3366 943 3432 ﬂant.
999 3364 1064 3418 Ut
1109 3365 1383 3431 impleant
1425 3365 1645 3430 peccata
1689 3376 1794 3416 sua
1835 3378 2077 3431 semper;
2162 3356 2400 3412 nationis
2418 3358 2607 3414 studio
2625 3375 2740 3414 non
2767 3361 3106 3432 exquirunt?
3135 3364 3291 3419 Bene
3320 3370 3504 3420 autem
3527 3362 3716 3425 dicitur,

476 3455 726 3521 pervenit
744 3455 893 3507 enim
928 3454 1019 3506 ira
1039 3453 1139 3505 Dei
1154 3465 1319 3520 super
1338 3453 1463 3504 illos
1487 3466 1651 3519 usque
1676 3451 1739 3504 in
1766 3451 1952 3517 ﬁnem.
1986 3451 2082 3507 Ni-
2166 3463 2193 3496 α
2217 3451 2273 3500 et
2292 3446 2593 3518 optimates
2610 3449 2955 3520 supplantat,
2976 3470 3000 3503 ι)
3015 3451 3541 3522 quiacummentem
3558 3466 3719 3522 regun-

478 3539 579 3606 hil,
617 3539 821 3612 inquit,
853 3539 1061 3594 mirum
1089 3539 1482 3611 quodcumque
1510 3537 1692 3593 facere
1719 3538 2074 3606 adnituntur,
2159 3533 2303 3590 tium
2319 3536 2475 3606 justo
2489 3536 2702 3607 judicio
2721 3537 2950 3604 deserit,
2974 3539 3090 3595 hac
3114 3541 3405 3598 internum
3435 3539 3718 3597 retributio-

477 3628 560 3684 ita
577 3633 643 3684 ut
662 3628 803 3684 nihil
823 3628 933 3683 illis
952 3628 1149 3684 deesse
1170 3627 1427 3682 videatur
1445 3625 1600 3691 mali,
1616 3626 1922 3698 perfectam
1951 3644 2079 3683 vero
2160 3622 2248 3678 nis
2274 3624 2569 3704 praemium
2590 3642 2702 3681 non
2719 3627 2976 3698 requirit,
2994 3629 3127 3685 etin
3149 3647 3218 3686 eo
3238 3633 3616 3704 supplantatur
3630 3643 3717 3700 quo

477 3734 580 3790 pro
599 3717 802 3789 quibus
816 3722 996 3789 agunt
1014 3733 1240 3789 penam
1255 3714 1327 3771 ab
1346 3721 1556 3770 aeterno
1570 3715 1762 3786 judice
1781 3715 2075 3788 accipiant.
2160 3710 2392 3779 fallitur,
2415 3720 2478 3771 ut
2493 3698 2596 3786 pro
2614 3721 2826 3771 mterna
2836 3717 3021 3786 gloria
3035 3719 3105 3773 de
3125 3698 3446 3793 principatu
3462 3698 3717 3791 temporali

478 3806 609 3862 Hec
627 3811 819 3862 autem
834 3805 1029 3861 omnia
1045 3803 1337 3877 conjunxit
1355 3804 1414 3859 in
1431 3816 1730 3875 personam
1755 3804 2078 3860 Judaorum
2157 3802 2476 3872 gratuletur
2504 3821 2516 3856 :
2548 3805 2877 3876 supplantat
2904 3806 3078 3878 igitur
3105 3810 3430 3881 Optimates,
3461 3808 3583 3881 quia
3606 3807 3717 3861 dum

474 3895 829 3967 maximeque
857 3911 954 3949 eos
978 3895 1137 3966 justo.
1164 3892 1381 3948 ratione
1417 3909 1712 3962 accusans;
1761 3895 2076 3950 necessario
2156 3890 2350 3946 futura
2375 3891 2616 3948 cmlestis
2644 3894 2842 3965 patria;
2867 3895 3174 3967 praedicare
3212 3899 3505 3972 negligunt
3542 3897 3597 3951 in
3622 3893 3717 3949 suis

472 3998 607 4038 vero
630 3983 692 4038 in
720 3981 984 4053 presenti
1003 3981 1337 4037 memoriam
1358 3997 1556 4036 eorum
1580 3980 1790 4037 faciens
1809 3982 1998 4050 simul,
2020 3988 2079 4039 et
2158 3979 2252 4035 hic
2277 3980 2656 4039 voluntatibus
2682 3983 2908 4038 cadunt.

475 4074 543 4125 ut
568 4070 830 4124 ostendat
858 4075 1072 4141 quanta
1096 4069 1391 4141 patiuntur
1408 4068 1620 4136 fideles,
1635 4069 1732 4142 qui
1753 4071 1965 4126 suntin
1982 4072 2077 4126 Ju~

474 4157 614 4223 dies,
645 4156 744 4228 qui
771 4157 831 4212 in
865 4126 1176 4212 certamine
1223 4157 1385 4228 quasi
1432 4126 1619 4215 medio
1650 4126 2073 4231 bonversantes,
2766 4126 3000 4185 CAPUT
3036 4128 3141 4184 ΙΠ-

474 4243 702 4310 sollicet,
732 4250 799 4299 ut
820 4243 1082 4299 ostendat
1100 4244 1626 4303 Thessalonicenses
1655 4246 1798 4303 nihil
1816 4252 1937 4302 tam
1964 4248 2074 4304 du-
2153 4248 2436 4316 Apostolus
2464 4252 2640 4304 mittit
2659 4251 3000 4307 Timotheum
3019 4254 3094 4307 ad
3110 4255 3509 4310 cumulandum
3534 4252 3714 4309 Them-

474 4348 602 4388 mm
631 4350 668 4388 α
693 4331 956 4405 gentibus
982 4332 1333 4399 εηεεηηίεεθ,
1373 4333 1421 4388 εί
1449 4339 1641 4389 tamen
1678 4334 1776 4390 ίιια
1815 4351 1942 4407 qua
1978 4353 2136 4408 pa,“
2225 4321 2521 4408 lonicenses
2550 4340 2569 4376 :
2592 4324 2830 4392 ponitur
2862 4325 3084 4381 utilitas
3125 4329 3456 4383 reversionis
3487 4324 3713 4396 eiusdem.

472 4390 851 4481 ﬁunturvcum
869 4421 983 4477 illis
1004 4437 1128 4494 quia
1155 4421 1216 4478 in
1233 4390 1429 4478 Judaea
1449 4428 1729 4494 geruntur
1745 4390 2073 4497 comparare
2088 4390 2138 4451 Β
2229 4396 2336 4449 (ηδ’

470 4511 769 4571 voluerint.
828 4510 962 4566 H80
1007 4510 1185 4582 igitur
1238 4511 1431 4569 omnia
1490 4512 1561 4566 ad
1626 4513 2074 4571 exhortationem
2224 4516 2452 4584 Propter
2508 4518 2654 4586 quod
2706 4533 2825 4583 non
2868 4521 3198 4575 sustinentes
3235 4524 3498 4591 amplius,
3529 4517 3713 4589 ρισαιίι

469 4599 1052 4657 Monicensium
1071 4599 1298 4673 posuit:
1331 4600 1599 4672 quoniam
1626 4618 1758 4657 vero
1789 4603 1941 4658 inter
1963 4619 2072 4660 οω-
2153 4605 2303 4657 enim
2322 4604 2478 4658 nobis
2491 4592 2778 4660 remanere
2792 4607 3020 4662 Athenis
3038 4610 3186 4675 solis,
3212 4615 3263 4664 et
3286 4612 3534 4664 misimus
3563 4607 3712 4663 Timo-

470 4690 595 4742 tsra
620 4687 844 4744 dixerat
866 4688 938 4743 de
964 4704 1070 4743 suo
1099 4688 1172 4744 ad
1200 4705 1298 4744 eos
1325 4689 1589 4757 adventu,
1610 4690 1743 4746 hinc
1760 4691 1957 4764 incipit
1974 4693 2074 4748 illa
2153 4693 2341 4765 theam
2353 4693 2592 4761 fratrem
2602 4699 2861 4749 nostrum
2871 4701 2921 4750 et
2932 4699 3369 4753 ministrude
3380 4701 3441 4753 in
3452 4693 3712 4763 Evangelii!

470 4781 738 4848 qumpost
756 4776 1156 4847 profectionem
1176 4783 1312 4833 sunt
1326 4778 1532 4848 dicere,
1547 4779 1837 4851 publicane
1855 4781 2073 4854 pariter
2153 4781 2378 4836 Christi.
2414 4780 2622 4852 (Amb.)
2654 4783 2772 4838 Hoc
2802 4784 2874 4838 ad
2916 4784 3057 4840 illud
3096 4786 3362 4855 reddidit,
3394 4785 3536 4859 quod
3573 4779 3709 4838 addie-

470 4863 530 4918 in
556 4862 646 4918 lus
674 4862 846 4921 etiam
870 4880 1037 4920 suum
1065 4866 1345 4930 amotum,
1369 4884 1540 4940 quem
1559 4868 1732 4924 habet
1754 4886 1892 4942 erga
1920 4869 2064 4925 illos.
2149 4876 2326 4936 serat,
2356 4873 2513 4928 colui
2540 4873 2726 4927 venire
2748 4875 2823 4928 ad
2849 4890 2957 4940 vos,
2986 4875 3256 4946 quoniam
3283 4892 3417 4948 ergo
3456 4872 3584 4929 illud
3618 4869 3708 4924 imo

468 4951 596 5021 Nos,
624 4954 848 5022 fratres,
876 4955 1107 5011 desolati
1131 4971 1168 5009 a
1198 4958 1347 5011 vobis
1373 4958 1447 5015 ad
1466 4959 1652 5012 instar
1686 4959 2064 5028 orphanorum
2147 4958 2303 5030 plere
2330 4958 2565 5015 minime
2590 4961 2768 5032 potui,
2807 4963 2950 5034 elegi
2970 4963 3215 5036 relinqui
3242 4964 3365 5036 ipse
3390 4964 3536 5020 solus
3564 4959 3709 5016 Athe

467 5042 767 5112 adtsmpus
785 5042 930 5097 horis
949 5044 1108 5112 faeie,
1136 5059 1250 5100 non
1269 5046 1445 5114 corde,
1471 5047 1852 5102 abundantius
1873 5051 2068 5103 accele-
2146 5047 2254 5115 nis,
2282 5055 2342 5103 et
2371 5048 2598 5104 mittere
2623 5049 2983 5107 Timotheum
3010 5053 3083 5107 ad
3124 5070 3220 5108 vos
3252 5073 3264 5108 :
3299 5070 3411 5126 qua
3436 5068 3501 5107 ex
3524 5043 3708 5106 musa?

467 5133 720 5187 favimus
745 5131 946 5199 faciem
974 5136 1211 5186 vestram
1239 5134 1421 5188 videre
1454 5136 1520 5188 in
1556 5137 1732 5190 multo
1772 5136 2061 5205 desiderio,
2145 5138 2231 5193 Ad
2246 5140 2655 5207 conﬁrmandos
2670 5156 2758 5194 vos
2777 5145 2824 5194 et
2845 5144 3198 5197 consolandos
3212 5159 3318 5213 pro
3335 5144 3630 5212 ﬁdeissim,
3652 5139 3705 5188 ut

467 5223 734 5288 quoniam
748 5222 1032 5274 voluimus
1049 5222 1324 5275 ueniread
1342 5238 1446 5287 vos,
1463 5224 2065 5292 egoquidemPauluset
2148 5241 2308 5280 nemo
2337 5231 2620 5283 moveatur
2658 5230 2723 5283 in
2750 5231 3209 5285 tribulationibus
3240 5235 3361 5286 istis
3392 5250 3410 5286 :
3440 5231 3517 5285 ita
3544 5236 3601 5282 ut
3626 5239 3705 5277 vos

463 5310 628 5361 semel
655 5312 707 5362 et
738 5309 1063 5378 iterum,scd
1079 5309 1366 5377 impedivit
1390 5325 1489 5366 nos
1514 5309 1772 5369 Satanas.
1796 5312 1946 5368 Bene
1964 5330 2066 5386 per
2144 5315 2441 5370 conﬁrmet
2456 5316 2844 5373 exhortatione
2861 5334 3091 5374 suorum
3112 5316 3705 5388 verborum,etanima-

465 5393 659 5448 omnia
681 5394 903 5450 auxisse
930 5395 1083 5453 visus
1104 5397 1194 5450 est
1210 5412 1378 5452 suum
1398 5415 1535 5471 erga
1552 5398 1679 5455 illos
1700 5400 1980 5470 allectum,
2003 5402 2063 5457 in
2144 5403 2371 5476 quiores
2399 5421 2507 5460 sua
2532 5406 2833 5477 praesentia
2844 5406 3032 5475 faciat,
3058 5414 3124 5464 ut
3141 5425 3252 5464 non
3272 5409 3480 5464 cedatis
3499 5402 3702 5461 tribuli-

465 5496 535 5536 eo
561 5482 711 5552 quod
747 5482 906 5551 dixit,
939 5501 1055 5540 non
1071 5483 1241 5541 corde
1285 5502 1323 5540 a
1356 5486 1512 5544 vobis
1547 5488 1927 5559 discessimus,
1962 5491 2063 5547 sed
2142 5491 2391 5549 tionibus
2408 5493 2559 5560 victi,
2576 5495 2914 5550 commoveri
2943 5497 3097 5552 enim
3114 5497 3251 5553 dicit
3275 5497 3397 5553 cedi
3419 5516 3430 5552 :
3451 5502 3509 5552 et
3531 5499 3700 5549 osten-

464 5568 626 5639 facie,
654 5576 717 5628 et
741 5571 893 5646 quod
920 5573 993 5629 ad
1018 5578 1246 5648 tempus
1269 5572 1343 5630 ab
1367 5574 1480 5633 illis
1506 5582 1854 5652 segregans,
1864 5580 2064 5636 statim
2140 5580 2282 5638 deus
2298 5582 2568 5656 quoniam
2578 5578 3012 5660 justasuntquai
3024 5585 3163 5645 dicit
3184 5605 3196 5643 :
3215 5579 3696 5660 lpsisnim,iuquib
