3892 6158
210 256 292 311 449

206 382 324 434 scitis
344 380 583 447 quoniam
610 378 673 430 in
685 376 781 430 hoc
797 378 961 444 positi
986 392 1197 429 sumus.
1240 377 1311 430 Et
1336 376 1485 430 unde
1510 377 1732 432 sciunt?
1750 379 1804 438 Α

206 470 317 525 Nam
356 468 555 535 quando
591 481 811 519 eramus
840 466 993 534 apud
1014 481 1102 519 vos
1121 467 1559 533 pradicabamus
1588 468 1734 520 vobis

202 572 407 627 passuros
457 571 547 609 nos
594 556 1030 609 tribulationem.
1064 553 1219 608 Sicut
1244 560 1290 608 et
1318 556 1532 622 factum
1559 561 1651 621 est,
1685 561 1735 609 et

205 649 332 700 scitis.
352 644 418 698 Ex
452 643 648 715 quibus
677 649 734 698 et
770 644 997 715 praedixi
1025 643 1199 709 vobis,
1225 645 1448 715 quando
1488 645 1735 714 negotio-

206 752 299 789 rum
322 733 696 804 impedimenta
726 734 946 787 Satanae
984 750 1105 786 esse
1147 733 1548 804 impedimenta
1593 734 1735 788 dixit

202 825 390 887 illorum,
417 827 471 876 et
493 822 717 893 quidem
738 827 794 876 et
820 839 961 894 opus
992 822 1352 877 subsecutum
1377 825 1480 877 est.

252 915 435 983 Propter
478 912 571 964 hoc
603 917 652 964 et
694 928 786 979 ego
808 916 932 980 jam
982 915 1218 966 ulterius
1264 929 1378 965 non
1432 915 1727 966 sustinens.

197 1003 362 1056 lterum
378 1000 605 1055 assumit
622 1000 774 1054 illam
786 1017 1015 1055 causam
1043 1001 1233 1055 dicens
1254 1001 1324 1055 ob
1354 1017 1522 1073 quam
1550 1001 1731 1055 Timo-

198 1090 348 1144 theum
363 1089 599 1143 miserat.
617 1091 749 1143 Misi
767 1091 841 1143 ad
856 1092 1277 1158 cognoscendam
1294 1092 1457 1158 ﬁdem
1472 1095 1727 1156 vestram,

197 1195 246 1232 ne
265 1180 381 1247 forte
399 1170 681 1232 tentaverit
693 1195 783 1231 vos
804 1183 851 1232 is
880 1182 979 1248 qui
995 1184 1185 1245 tentat,
1200 1186 1249 1233 et
1261 1182 1455 1234 inanis
1467 1183 1562 1247 ﬁat
1578 1181 1733 1234 labor

196 1274 336 1321 uester.
362 1268 494 1332 Quid
522 1284 657 1340 ergo
695 1268 1028 1339 cognovistis
1058 1285 1124 1322 eo
1178 1269 1533 1323 revertente?
1570 1269 1731 1323 Nunc

195 1362 331 1408 autem
359 1359 589 1410 ueniente
624 1358 896 1411 Timotheo
929 1359 1001 1410 ad
1029 1374 1124 1411 nos
1145 1373 1180 1410 a
1220 1360 1366 1412 vobis
1420 1363 1467 1411 et
1505 1374 1731 1411 annun-

194 1448 323 1497 tiante
347 1447 484 1498 nobis
512 1447 679 1511 ﬁdem
699 1451 745 1498 et
768 1447 1091 1500 charitatem
1105 1452 1357 1511 vestram,
1384 1452 1432 1500 et
1461 1450 1729 1514 quoniam

191 1534 346 1585 habetis
356 1534 673 1587 memoriam
694 1540 945 1588 nostram
971 1538 1170 1589 bonam
1189 1551 1398 1603 semper
1416 1537 1730 1589 desideran-

190 1627 241 1675 tes
259 1638 335 1675 nos
357 1625 545 1687 videre,
582 1626 784 1677 sicutet
808 1640 903 1676 nos
936 1640 1024 1677 ros
1047 1625 1193 1677 :ideo
1221 1627 1483 1677 consolati
1510 1640 1722 1687 sumus,

188 1711 360 1776 fratres,
372 1714 427 1764 in
443 1713 591 1764 vobis
613 1715 678 1765 in
697 1715 854 1765 omni
864 1714 1223 1766 tribulatione
1236 1719 1284 1766 et
1296 1715 1604 1766 necessitate
1636 1729 1729 1765 no-
1744 1698 1792 1757 Β

185 1803 271 1851 stre
280 1815 366 1866 per
381 1805 617 1852 vestram
638 1802 819 1866 ﬁdem.
845 1800 1119 1864 Quoniam
1138 1806 1326 1855 autem
1348 1801 1574 1855 veniens
1589 1817 1728 1855 nun-

187 1885 306 1939 tiavit
325 1886 469 1941 nobis
486 1888 823 1943 ﬁrmitatem
853 1906 1020 1959 quam
1070 1907 1205 1961 erga
1236 1907 1338 1944 nos
1391 1890 1627 1957 habetis,
1671 1896 1727 1943 et

185 1975 395 2045 quoniam
422 1993 705 2031 memores
735 1979 870 2032 estis
895 1979 1075 2033 nostri
1093 1996 1317 2050 semper
1343 1979 1726 2033 desiderantes

184 2080 257 2117 nos
278 2065 403 2119 sicut
431 2072 486 2120 et
508 2083 618 2121 nos
640 2084 758 2133 vos,
783 2068 1154 2122 sufﬁcientem
1176 2069 1357 2123 omnis
1402 2068 1723 2123 tribulatio-

181 2153 435 2209 nisnostm
456 2155 741 2213 habemus
784 2158 1222 2212 consolationem
1259 2157 1521 2212 nuntium
1566 2158 1724 2211 illum

179 2258 303 2311 quem
320 2243 383 2297 de
406 2244 561 2298 vobis
607 2246 1013 2316 cognoscimus,
1041 2252 1097 2301 et
1134 2247 1606 2317 quemadmodum
1633 2246 1727 2299 ob-

177 2330 402 2386 lectabant
426 2350 557 2388 eum
592 2334 693 2388 illa
714 2335 859 2389 bona
870 2352 991 2406 quae
1018 2336 1087 2389 de
1105 2336 1215 2389 illis
1241 2341 1374 2389 sunt
1391 2351 1724 2405 cognoscere

586 249 1161 305 ENARRATIONUM
1198 250 1277 306 IN
1315 250 1469 305 EPP.
1510 249 1727 306 PAULI
1770 250 1907 306 LIB.
1947 250 2067 306 xx.
2099 279 2164 293 --
2206 236 2287 305 IN
2323 248 2546 305 EPIST.
2584 251 2684 307 AD
2716 253 2968 310 THESS.

3321 248 3425 319 550

2398 432 2407 441 ,
2438 378 2673 432 CAPUT
2710 379 2804 433 IV.

1814 468 2203 535 Increpatsuos
2223 469 2288 520 de
2314 470 2447 521 vitio
2474 469 2889 534 fornicationis,
2920 471 3259 538 cupiditatis,
3293 476 3424 528 otio-

1992 558 2174 610 sitatis
2204 562 2255 610 et
2283 558 2640 611 immoderati
2668 560 2847 611 luctus
2868 563 3240 616 mortuorum.

1888 646 1960 700 De
1987 650 2191 708 cetero,
2219 647 2446 712 fratres,
2484 662 2746 713 rogamus
2766 662 2856 700 vos
2890 652 2939 700 et
2987 649 3328 705 obsecramus
3357 656 3421 708 in

1816 734 2048 787 Domino
2061 737 2188 787 Jesu
2224 736 2371 787 sicut
2400 737 2682 803 accepistis
2709 752 2745 787 a
2774 736 2928 789 nobis
2952 740 3419 803 quemadmodum

1815 826 2101 877 conveniat
2130 840 2216 876 vos
2246 825 2553 885 ambulare,
2586 828 2633 877 et
2658 827 2873 891 placere
2887 826 2992 879 Deo
3047 831 3107 879 ut
3126 828 3416 885 abundetis

1814 914 1992 978 magis
2021 910 2256 978 (Ambr.)
2309 911 2562 965 Diximus
2613 917 2670 966 et
2703 913 2762 965 in
2803 920 3139 984 argumento
3178 916 3411 985 dudum,

1814 1000 2080 1070 quoniam
2106 1000 2433 1055 Timotheus
2460 1018 2496 1054 a
2526 1001 2920 1055 Thessalonica
2965 1020 3220 1059 reversus
3265 1021 3413 1061 nun-

1812 1089 1986 1143 tiarat
2002 1089 2105 1142 sibi
2137 1089 2463 1144 ﬁrmitatem
2492 1090 2621 1143 ﬁdei
2650 1107 2845 1144 eorum
2877 1108 3046 1162 quam
3065 1092 3124 1147 in
3150 1110 3411 1165 persecu—

1811 1178 1982 1233 tionis
2010 1178 2341 1233 necessitate
2394 1179 2745 1235 incurrentes
2796 1180 3121 1236 inviolatam
3158 1199 3414 1240 servave-

1812 1273 1963 1332 runt,
1999 1284 2233 1322 necnon
2260 1274 2319 1321 et
2338 1269 2486 1337 quod
2539 1267 2651 1321 sint
2699 1268 2889 1340 aliqua
2916 1270 3067 1341 apud
3119 1270 3245 1326 illos
3290 1289 3412 1344 qua

1810 1357 2154 1411 correctione
2195 1357 2486 1426 indigeant
2518 1375 2528 1408 :
2565 1357 2759 1411 scribit
2785 1375 2918 1428 ergo
2949 1359 3079 1412 hinc
3107 1360 3413 1431 Epistolam

1809 1446 2109 1515 Apostolus
2134 1445 2313 1498 adilla
2339 1462 2462 1515 quae
2482 1444 2587 1497 sibi
2610 1445 2868 1499 nuntiata
2885 1447 3111 1501 fuerant
3144 1465 3179 1501 a
3222 1448 3413 1504 Timo-

1807 1534 1961 1601 theo,
2000 1534 2098 1588 illa
2142 1551 2268 1605 qua:
2316 1534 2723 1588 conveniebant
2758 1535 2948 1589 dicens
2975 1536 3047 1589 ad
3077 1537 3300 1592 laudem
3325 1555 3414 1592 eo-

1808 1640 1957 1687 rum,
1988 1640 2089 1693 pro
2111 1623 2313 1694 quibus
2341 1623 2400 1676 in
2430 1623 2676 1677 adversis
2706 1624 2854 1676 ﬁrmi
2898 1625 3269 1695 perstiterunt
3298 1645 3309 1679 :
3343 1627 3414 1683 si-

1812 1712 1930 1765 mul
1948 1718 2006 1765 et
2028 1713 2327 1766 exhortans
2359 1729 2455 1765 eos
2480 1712 2537 1764 in
2573 1712 2769 1766 eadem
2808 1729 3166 1783 perseverare
3184 1720 3415 1772 senten-

1806 1800 1907 1866 tia,
1929 1817 2052 1872 quae
2073 1806 2130 1853 et
2153 1801 2210 1854 in
2239 1801 2350 1854 illis
2370 1817 2493 1871 qua:
2524 1806 2656 1855 ante
2687 1801 2836 1854 dicta
2864 1808 3050 1857 sunta
3078 1802 3241 1859 nobis
3286 1821 3413 1860 con-

1807 1905 2119 1943 summasse
2148 1888 2300 1942 visus
2326 1893 2413 1941 est
2435 1888 2694 1943 oratione
2713 1906 2877 1943 suum
2902 1891 3237 1947 concludens
3290 1909 3414 1949 ser-

1808 1995 2052 2032 monem.
2098 1977 2237 2031 Hinc
2266 1994 2394 2031 vero
2423 1977 2623 2049 incipit
2640 1978 2709 2031 de
2732 1977 2840 2031 illis
2868 1978 3157 2050 disputare
3188 1996 3311 2053 quae
3328 1982 3411 2036 in-

1806 2067 2202 2122 convenienter
2219 2066 2288 2120 ab
2313 2066 2425 2119 illis
2460 2066 2552 2136 agi
2591 2066 2881 2120 didicerat.
2915 2068 3033 2122 Hoc
3057 2060 3205 2138 ergo
3222 2069 3363 2125 dixit
3392 2088 3405 2123 :

1807 2155 2164 2209 obsecramus
2184 2172 2279 2210 vos
2308 2160 2372 2209 ut
2389 2160 2820 2225 consequentem
2852 2156 3021 2209 vitam
3042 2162 3284 2212 vestram
3312 2174 3408 2214 ex-

1807 2244 2047 2299 hibeatis
2071 2245 2223 2298 illius
2252 2244 2519 2298 doctrinae
2547 2260 2717 2315 quam
2737 2244 2975 2297 assecuti
3005 2244 3139 2298 estis
3172 2262 3207 2300 a
3226 2245 3405 2311 nobis,

1802 2333 2135 2387 festinantes
2157 2334 2378 2403 placere
2398 2334 2513 2386 Deo
2540 2339 2598 2385 et
2616 2349 2940 2403 promovere
2980 2333 3053 2387 ad
3102 2334 3242 2402 legis
3286 2335 3408 2405 eius

176 2422 417 2475 ostendens
429 2423 660 2493 adjicit:
685 2426 959 2491 Quoniam
986 2427 1412 2487 nuncm'cimus,
1435 2427 1485 2475 si
1511 2440 1598 2477 vos
1617 2428 1725 2476 sta-
1804 2422 2190 2475 directionem.
2224 2421 2449 2492 Optime
2479 2426 2669 2474 autem
2695 2420 2979 2474 inchoavit
3020 2422 3091 2476 ab
3118 2422 3215 2478 illo
3256 2422 3407 2479 dicto

178 2511 225 2560 tis
244 2512 291 2562 in
334 2512 750 2566 Domino.Nunc
762 2512 945 2566 vivere
965 2529 1066 2566 nos
1103 2512 1505 2577 existimamus,
1551 2512 1598 2567 si
1627 2528 1723 2565 vos
1805 2510 1954 2580 quod
1973 2509 2130 2573 dixit,
2166 2513 2238 2563 De
2267 2516 2453 2562 caetero
2482 2527 2606 2577 ergo
2628 2512 2853 2576 fratres,
2887 2515 3183 2581 postquam
3210 2512 3406 2566 laudes

173 2597 214 2649 in
233 2598 325 2652 ﬁde
348 2601 730 2670 perstiteritis,
764 2601 932 2655 vitam
956 2607 1209 2655 nostram
1240 2606 1297 2655 et
1324 2618 1537 2672 augens
1556 2602 1717 2656 illud.
1802 2598 2229 2661 consummavit,
2261 2614 2400 2669 quas
2429 2614 2599 2668 super
2619 2598 2751 2652 ﬁdei
2781 2614 2977 2653 eorum
2996 2598 3215 2655 dixerat
3233 2601 3409 2657 ﬁrmi-

173 2686 536 2760 (luam.inquit,
564 2695 890 2757 gratiarum
921 2693 1191 2744 actionem
1207 2707 1495 2759 possumus
1518 2692 1618 2745 Deo
1640 2707 1722 2744 re-
1798 2694 1937 2751 tate,
1970 2689 2074 2741 hoc
2107 2689 2223 2741 vult
2243 2688 2455 2742 dicere:
2483 2687 2749 2757 quoniam
2808 2687 2908 2741 illa
2934 2703 3104 2757 quam
3149 2689 3408 2747 convenit

173 2777 362 2830 tribuere
383 2794 484 2847 pro
515 2780 670 2832 vobis
703 2795 867 2847 super
890 2782 1046 2833 omni
1060 2781 1263 2847 gaudio
1295 2797 1399 2848 quo
1417 2782 1721 2847 gaudemus
1804 2777 2010 2831 habere
2036 2777 2374 2831 sententiam
2400 2774 2871 2846 contemplatione
2899 2776 3126 2847 pietatis
3140 2776 3277 2848 ipsis
3304 2794 3405 2835 ne-

166 2869 340 2931 propter
373 2882 457 2919 vos
486 2883 683 2921 coram
716 2869 819 2921 Deo
847 2873 1040 2921 vestro.
1071 2867 1130 2922 Si
1150 2868 1299 2921 enim
1317 2868 1511 2921 nostra
1537 2868 1723 2922 existi-
1802 2865 1974 2935 gotiis
2004 2865 2422 2928 demonstratis,
2447 2864 2598 2935 agite
2644 2864 2822 2934 igitur
2846 2869 2905 2918 et
2929 2865 3000 2920 de
3028 2871 3231 2921 σείει-ο
3281 2866 3404 2925 vitae

168 2966 340 3008 ruamus
365 2953 461 3008 illa
487 2954 645 3009 bona
665 2973 788 3027 qua:
815 2962 1001 3010 vestra
1020 2962 1172 3022 sunt,
1184 2957 1395 3027 utquia
1409 2956 1549 3010 talia
1568 2957 1724 3010 audi-
1741 3017 1778 3027 Α
1804 2959 2001 3008 vestrae
2015 2954 2365 3023 diligentiam
2382 2953 2767 3019 adhibeamus,
2788 2959 2855 3008 ut
2869 2953 3007 3009 nihil
3017 2954 3173 3009 vobis
3206 2956 3403 3011 deesse

169 3039 304 3095 vimus
318 3043 381 3097 de
396 3044 555 3099 vobis
586 3017 882 3100 Timotheo
902 3017 1198 3110 referente,
1235 3017 1501 3116 magnum
1541 3017 1780 3116 quod-0
1803 3042 2059 3096 videatur
2079 3017 2148 3096 ei;
2174 3043 2285 3097 illis
2315 3059 2437 3114 quae
2466 3042 2536 3095 ad
2568 3017 2967 3113 perfectionem
3010 3042 3166 3098 vobis
3217 3044 3404 3099 viden-

168 3126 264 3182 dam
286 3130 344 3185 de
365 3132 517 3187 vobis
565 3134 841 3205 gaudium
891 3134 1181 3199 habemus,
1205 3130 1271 3189 ut
1314 3151 1416 3189 nec
1444 3135 1718 3205 condigne
1800 3138 1893 3185 tur
1920 3149 2043 3186 esse
2064 3132 2243 3197 utilia,
2268 3132 2584 3187 necessaria
2612 3149 2742 3186 vero
2761 3138 2820 3186 et
2848 3133 2953 3213 hoc
2966 3133 3047 3187 -in
3077 3134 3198 3187 loco
3253 3133 3405 3204 adje-

166 3232 240 3285 pro
259 3218 330 3273 his
350 3222 560 3290 gratias
596 3238 764 3293 agere
792 3224 907 3277 Deo
934 3230 1128 3278 nostro
1139 3240 1302 3294 posse
1313 3223 1714 3290 existimemus,

166 3311 298 3376 utque
323 3309 577 3365 videatur
606 3310 717 3365 ista
745 3312 937 3366 dicens
966 3312 1172 3367 dixisse
1201 3312 1271 3366 ab
1300 3312 1397 3366 illo
1440 3312 1718 3367 desiderio

165 3409 245 3461 quo
260 3396 602 3454 desiderabat
627 3401 698 3453 ad
724 3417 818 3455 eos
846 3401 1054 3467 venire,
1086 3402 1265 3468 Nocte,
1302 3402 1502 3473 inquit,
1535 3407 1584 3456 et
1632 3404 1719 3455 die

164 3488 662 3551 superabundantius
674 3491 1035 3558 deprecantes,
1045 3496 1103 3543 ut
1119 3493 1404 3544 videamus
1415 3494 1612 3557 faciem
1629 3507 1717 3544 ce-

162 3576 312 3637 :tram,
339 3581 382 3628 et
409 3580 769 3645 suppleamus
826 3595 887 3632 ea
918 3588 1035 3648 qua:
1081 3581 1276 3632 desunt
1335 3582 1463 3646 ﬁdei
1507 3585 1713 3634 vestrae.

165 3656 483 3731 Peisistimus,
516 3666 726 3736 inquit,
760 3674 985 3722 orantes
1015 3674 1078 3721 ut
1102 3672 1158 3721 et
1194 3667 1480 3722 videamus
1508 3685 1623 3731 vos,
1660 3674 1718 3722 et

161 3752 467 3821 snppleamus
498 3755 677 3809 etiam
699 3756 744 3809 si
775 3761 833 3809 et
853 3756 1047 3810 deesse
1069 3756 1223 3810 vobis
1234 3757 1447 3827 aliquid
1456 3756 1708 3810 videtur:

162 3843 202 3888 et
222 3838 536 3898 desiderium
558 3843 843 3914 explicans
884 3861 1050 3899 suum
1080 3844 1275 3915 adjicit
1308 3864 1319 3897 ε
1362 3848 1471 3912 Ipse
1528 3851 1715 3898 autem

160 3926 263 3980 Deus
279 3936 319 3982 et
348 3933 506 3986 Pater
544 3938 749 4000 noster,
765 3938 813 3987 et
834 3935 1102 3987 Dominus
1116 3939 1298 3987 noster
1325 3936 1477 3987 Jesus
1502 3935 1715 4000 dirigat

157 4017 271 4069 tiam
294 4027 533 4074 nostram
561 4022 639 4074 ad
666 4022 906 4075 vos.Hoc
930 4023 1020 4075 vel
1046 4022 1288 4077 maxime
1318 4022 1617 4087 desiderat,
1652 4028 1717 4076 ut

159 4107 434 4163 etoratione
453 4110 776 4182 postularet
804 4110 863 4164 id
895 4111 1038 4176 ﬁeri;
1069 4110 1148 4165 sic
1176 4116 1233 4165 et
1252 4111 1322 4164 ad
1353 4110 1714 4165 tolerantiam

160 4190 538 4253 durissimarum
558 4198 995 4254 tribulationum
1007 4200 1312 4254 adhortans
1326 4216 1438 4267 eos,
1459 4200 1713 4254 oratione

158 4277 271 4336 dicta
292 4301 387 4339 sua
412 4289 731 4341 continuat.
774 4290 860 4342 Vos
883 4294 1070 4342 autem
1100 4291 1369 4343 Dominus
1382 4292 1712 4357 multiptieet

160 4372 193 4419 ιι
214 4373 474 4430 abundare
491 4378 670 4444 faciat
689 4378 957 4431 charitate
979 4380 1045 4431 in
1063 4380 1318 4443 invicem,
1349 4382 1396 4431 et
1420 4380 1484 4432 in
1503 4394 1703 4442 omnes,

160 4464 574 4523 quemadmodum
608 4470 655 4519 et
679 4482 775 4519 nos
786 4469 849 4520 in
863 4467 1028 4532 vobis,
1052 4467 1126 4520 ad
1151 4468 1535 4534 conﬁrmanda
1545 4468 1711 4521 corda

160 4552 299 4601 rutra
311 4554 422 4606 sine
440 4558 669 4623 querela
682 4558 1043 4609 insanctitate
1055 4561 1182 4609 ante
1218 4557 1392 4610 Deum
1418 4561 1469 4609 et
1492 4561 1711 4623 patrem

164 4640 364 4692 nostrum
388 4644 447 4695 in
476 4644 719 4696 adventu
749 4645 976 4697 Domini
996 4646 1179 4698 nostri
1202 4646 1327 4698 Jesu
1358 4644 1565 4698 Christi
1583 4661 1711 4698 eum

163 4729 367 4782 omnibus
394 4735 605 4785 sanctis
619 4736 752 4801 ejus.
775 4732 1038 4801 Adjiciat,
1056 4733 1258 4805 inquit,
1275 4732 1430 4787 vobis
1451 4734 1594 4787 etin
1620 4733 1710 4787 in-

164 4809 294 4867 ﬁcem
319 4823 372 4871 et
393 4835 529 4890 erga
542 4837 738 4875 omnes
755 4821 1270 4876 charitatem‘talem
1286 4822 1442 4876 illam
1469 4822 1529 4876 in
1559 4821 1711 4876 vobis

164 4899 377 4973 Pﬁciens,
409 4909 593 4978 qualis
623 4915 680 4963 et
703 4909 762 4964 in
793 4910 952 4964 nobis
980 4911 1050 4965 de
1076 4910 1232 4965 vobis
1261 4917 1363 4977 est,
1395 4917 1452 4965 et
1503 4912 1710 4965 conﬁr-

166 4992 308 5047 metin
333 4996 436 5050 ﬁde
449 5004 702 5052 mentem
720 5006 982 5065 vestram,
999 5000 1079 5053 ita
1105 5005 1167 5054 ut
1196 5000 1573 5071 permaneatis
1588 4999 1708 5054 sine

163 5077 366 5149 crimine,
381 5085 450 5139 ab
472 5087 627 5141 omni
647 5104 742 5141 vos
769 5088 1093 5143 cohibentes
1111 5089 1522 5143 inconvenienti
1540 5094 1699 5143 actu:

164 5160 241 5251 βοε
263 5171 396 5226 enim
414 5174 551 5229 dicit
598 5179 658 5230 in
686 5181 991 5243 sanctitate,
1023 5194 1127 5251 per
1170 5195 1339 5249 quam
1368 5177 1623 5249 poteritis
1648 5177 1708 5230 in

166 5249 312 5312 futuro
336 5259 422 5316 die
449 5263 715 5318 ﬁduciam
746 5266 816 5319 ad
857 5249 1037 5321 Deum
1078 5267 1302 5338 assequi
1330 5283 1457 5321 cum
1495 5265 1709 5321 caeteris

167 5346 379 5403 omnibus
405 5352 501 5421 qui
520 5354 725 5423 placito
745 5362 1147 5411 conversantur
1165 5356 1223 5410 in
1251 5356 1475 5410 virtute.

1801 3220 1894 3284 cit,
1930 3224 2070 3275 sicut
2089 3224 2367 3289 accepistis
2395 3238 2431 3274 a
2465 3222 2635 3286 nobis,
2689 3220 3095 3275 demonstravit
3131 3221 3281 3277 enim
3336 3239 3403 3277 eo

1801 3310 1951 3380 quod
1971 3326 2082 3364 non
2110 3327 2258 3364 nunc
2287 3309 2564 3387 imprimis
2608 3309 2725 3364 haec
2745 3310 2949 3364 audire
2997 3327 3032 3365 a
3074 3328 3134 3365 se
3173 3311 3402 3367 videtin»

1798 3402 1914 3461 tur,
1947 3399 2044 3452 sed
2087 3404 2146 3453 et
2162 3399 2377 3453 dudum
2395 3398 2464 3451 de
2496 3397 2583 3464 his
2611 3398 2822 3453 fuerint
2838 3398 3116 3453 instructi.
3142 3399 3301 3455 Unde
3345 3406 3404 3454 et

1799 3504 2012 3558 augens
2030 3488 2167 3541 illud
2177 3486 2698 3557 ,scitis,inquit,qua;
2708 3487 2978 3540 mandata
2991 3488 3239 3541 dederim
3256 3490 3402 3542 vobis

1796 3592 1895 3644 per
1912 3578 2214 3630 Dominum
2233 3577 2534 3629 Christum.
2551 3574 2719 3628 Omni
2734 3573 2925 3628 inloco
2944 3575 3248 3631 ostendens
3266 3591 3401 3645 quo-

1794 3664 1954 3718 niam
1968 3664 2109 3717 nihil
2122 3663 2247 3717 novi
2260 3662 2369 3717 illis
2378 3663 2545 3716 hodie
2560 3662 2770 3716 scribit.
2792 3663 2910 3715 Han-
2930 3667 3006 3716 est
3027 3667 3181 3717 enim
3202 3667 3399 3717 uolun-

1799 3757 1883 3806 tas
1911 3754 2009 3805 Dci
2025 3753 2387 3817 sanctiﬁcatio
2414 3755 2612 3804 vestra.
2648 3749 2976 3804 Necessario
3005 3748 3164 3814 dixit,
3187 3750 3295 3804 hac
3321 3756 3395 3805 est

1797 3844 1947 3895 enim
1968 3845 2220 3895 voluntas
2254 3842 2352 3893 Dei
2384 3855 2598 3909 :.agere
2639 3839 2790 3893 enim
2818 3838 3080 3893 convenit
3128 3837 3226 3896 illa
3271 3855 3395 3910 qua;

1798 3931 1946 3984 Deus
1976 3929 2094 3982 vult
2123 3928 2264 3993 ﬁeri,
2296 3944 2363 3981 eo
2390 3928 2539 3998 quod
2568 3926 2934 3989 sanctiﬁcatio
2960 3927 3032 3982 ad
3061 3926 3289 3998 plenum
3313 3928 3395 3983 di-

1794 4019 1943 4072 citur
1971 4018 2221 4072 omnium
2233 4015 2742 4071 inconvenientium
2771 4015 3066 4082 abdicatio,
3083 4015 3395 4075 evidentius

1794 4124 1925 4161 vero
1938 4106 2297 4177 explicansde
2312 4104 2514 4176 quibus
2524 4104 2691 4159 sitilli
2704 4105 2774 4158 ad
2797 4121 3041 4175 praesens
3073 4121 3261 4161 sermo
3288 4105 3392 4161 ad-

1790 4196 1933 4267 jicit.
1966 4197 2257 4265 (Caesiam)
2274 4195 2342 4249 Et
2351 4211 2422 4248 ne
2436 4194 2581 4248 forte
2595 4193 2827 4248 dubium
2842 4192 3005 4249 nobis
3024 4194 3387 4264 relinqueret,

1795 4286 1880 4339 vel
1894 4285 2217 4350 obscurum,
2234 4284 2505 4355 quidnam
2524 4284 3025 4338 sanctiﬁcationem
3042 4283 3279 4339 voluerit
3296 4299 3394 4353 ap-

1794 4375 2022 4446 pellare,
2052 4379 2244 4429 utrum
2269 4373 2659 4443 justitiam,an
2682 4372 3035 4436 charitatem,
3059 4388 3131 4426 an
3160 4370 3392 4426 humili—

1790 4468 1987 4530 tatem,
2007 4480 2079 4517 an
2110 4462 2461 4535 patientiam,
2490 4462 2550 4515 in
2571 4460 2832 4515 omnibus
2852 4460 3004 4515 enim
3034 4458 3160 4515 istis
3174 4458 3393 4515 virtutiw

1791 4552 1894 4607 bus
1925 4552 2173 4606 creditur
2198 4551 2412 4622 acquiri
2449 4549 2834 4612 sanctiﬁcatio,
2861 4548 3049 4613 infert,
3073 4553 3134 4602 et
3162 4546 3392 4605 manife-

1792 4647 1876 4696 ste
1898 4642 2175 4711 designat,
2210 4639 2343 4711 quid
2363 4638 2587 4709 proprie
2614 4636 3114 4692 sanctiﬁcationem
3150 4635 3394 4693 voluerit

1792 4731 2094 4802 appellare,
2111 4731 2219 4783 haec
2232 4731 2571 4782 estuotuntas
2588 4727 2692 4779 Dei
2708 4728 3071 4793 sanctiﬁcatio
3096 4731 3292 4792 vestra,
3324 4729 3388 4780 ut

1793 4821 2111 4874 abstineatis
2137 4834 2243 4881 eos,
2278 4816 2482 4887 inquit,
2506 4832 2542 4869 a
2559 4817 2944 4882 fornicatione,
2978 4820 3041 4869 ut
3060 4818 3195 4871 sciat
3217 4804 3390 4871 unus-

1792 4912 2020 4978 quisque
2046 4911 2288 4960 metrum
2302 4922 2394 4958 vas
2414 4921 2582 4958 suum
2590 4905 2861 4973 possidere
2882 4907 2944 4959 in
2967 4905 3168 4959 honore
3186 4908 3236 4958 et
3258 4918 3389 4960 san-

1791 4999 2116 5064 ctificatione
2138 5011 2249 5049 non
2285 4997 2345 5047 in
2367 4997 2613 5061 passione
2640 4994 2900 5047 desiderii
2926 4995 3067 5048 sicut
3104 4997 3155 5046 et
3199 4992 3388 5048 Gentes

1788 5102 1906 5155 qua:
1922 5088 2189 5153 ignorant
2209 5085 2400 5137 Deum.
2426 5081 2565 5135 Vide
2596 5080 2797 5151 quibus
2826 5098 2950 5136 eam
2970 5079 3228 5136 laudibus
3254 5096 3389 5151 pro—

1789 5180 2076 5245 sequatur,
2102 5173 2373 5227 honorem
2404 5170 2567 5236 vasis,
2589 5169 2645 5223 id
2685 5176 2773 5224 est
2807 5169 3056 5241 corporis
3100 5168 3297 5234 nostri,
3324 5174 3389 5224 et

1789 5262 2291 5319 sanctiﬁcationem
2306 5260 2595 5330 appellem
2604 5275 2750 5325 eam,
2767 5259 2946 5328 igitur
2957 5258 3269 5313 econtrario
3289 5255 3387 5327 qui

1793 5353 1852 5407 in
1882 5352 2139 5424 passione
2173 5348 2437 5403 desiderii
2457 5353 2545 5402 est
2572 5353 2630 5401 et
2657 5346 2967 5417 ignominia
2993 5352 3050 5402 et
3081 5345 3387 5401 immundi-

1793 5442 1874 5496 tia
1896 5440 2159 5496 consistit
2182 5444 2243 5494 et
2279 5437 2498 5493 alienus
2549 5454 2587 5491 α
2630 5435 3071 5493 sanctiﬁcatione
3110 5440 3383 5492 versatur.

1790 5530 1980 5586 Tertio
1988 5534 2353 5602 quequepost
2368 5525 2929 5601 pauoainfertmrsus
2942 5524 3387 5585 suum
