3866 6158
507 233 604 288 551

1098 229 1160 282 Β.
1203 226 1476 282 RABANI
1515 227 1747 284 MAURI
1783 229 2122 286 ARCHIEP.
2161 225 2487 283 MOGUNT.
2527 225 2826 282 OPERUM
2859 225 3046 282 PARS
3083 227 3178 283 III.

3503 193 3512 206 ο
3603 239 3686 295 δειῖ

505 355 660 410 niam
677 351 1064 426 pronuntians,
1080 365 1191 404 non
1202 352 1353 404 enim
1370 352 1576 404 vocavit
1593 366 1688 404 nos
1707 351 1847 405 Deus
1861 353 1924 406 in
1945 353 2098 419 igno-
2115 347 2480 420 Aaggeravit,
2513 347 2562 404 si
2587 354 2646 403 et
2662 364 2792 403 cum
2823 365 2996 404 uxore
3023 348 3170 406 illius
3185 353 3276 424 qui
3301 370 3394 426 per
3427 356 3576 413 ﬁdem
3596 358 3688 414 fra-

506 445 767 506 miniam,
787 443 876 495 sed
897 443 959 494 in
994 441 1444 493 sanctimoniam.
1479 440 1666 508 Itaque
1685 441 1785 507 qui
1818 440 1927 494 hac
1953 455 2098 508 sper-

509 531 1007 586 nitnonhominem
1023 529 1250 596 spernit,
1273 528 1365 581 sed
1390 529 1584 594 Deum,
1620 530 1720 597 qui
1737 531 1905 582 etiam
1948 529 2097 582 dedit

503 619 782 690 Spiritum
800 622 1054 670 sanctum
1074 632 1240 670 suum
1257 618 1316 669 in
1339 618 1492 670 nobis
1517 635 1529 682 ;
1553 616 1946 670 auctoritatem
1961 633 2098 688 prie-

506 713 666 779 cepto
683 722 786 760 suo
806 703 1180 759 inviolabilem
1215 703 1405 774 junxit
1439 703 1648 770 dicens,
1669 704 1764 776 qui
1794 705 1910 760 haec
1939 721 2099 776 sper-

502 795 606 860 nit,
636 795 694 849 id
724 800 828 860 est,
861 811 984 865 quae
1004 793 1072 848 de
1093 791 1460 847 sanctimonia
1499 792 1762 864 praefatus
1805 809 1951 859 sum,
1985 809 2098 848 non

505 884 790 940 hominem
801 881 1034 954 spernit,
1055 881 1159 936 hoc
1187 887 1290 940 est.
1308 897 1419 935 non
1439 898 1548 946 me,
1584 881 1680 953 qui
1705 882 1822 936 haec
1839 881 2098 954 praecipio

503 973 811 1038 sedDeum,
829 971 924 1042 qui
950 971 1009 1025 in
1037 987 1127 1024 me
1155 970 1421 1041 loquitur,
1447 971 1542 1042 qui
1566 971 1736 1024 etiam
1767 971 1981 1042 Spiritu
1996 987 2100 1025 suo

505 1067 698 1118 sancto
729 1078 826 1116 cor
855 1066 1109 1115 nostrum
1157 1059 1540 1115 habitaculum
1570 1059 1875 1132 deputavit.
1901 1060 2098 1114 Cernis

505 1150 850 1224 simplicibus
876 1148 1078 1214 verbis,
1109 1165 1174 1203 ac
1202 1149 1376 1220 puris,
1408 1148 1609 1220 quibus
1647 1165 1772 1204 eam
1809 1149 2102 1220 praeconiis

506 1239 843 1312 quantisque
872 1237 1136 1294 extulerit
1162 1237 1442 1304 laudibus,
1474 1237 1720 1310 primum
1749 1238 1943 1294 virtuti
1971 1239 2102 1293 huic

505 1329 1004 1384 sanctiﬁcationem
1025 1327 1248 1400 proprie
1265 1326 1564 1381 tribuendo
1580 1347 1592 1392 ;
1608 1327 1809 1382 deinde
1830 1345 1932 1398 per
1959 1327 2104 1381 hanc

505 1435 760 1474 asserens
786 1435 882 1472 vas
897 1416 1076 1471 nostri
1085 1415 1334 1488 corporis
1344 1415 1703 1470 immunditia
1713 1415 2066 1470 liberandum
2083 1435 2097 1484 ;

503 1507 675 1562 tertio
703 1507 851 1578 quod
887 1505 1106 1576 abjecta
1133 1504 1442 1575 ignominia
1461 1509 1518 1558 et
1546 1504 1887 1559 contumelia
1911 1504 1970 1559 in
2001 1504 2103 1558 ho-

505 1613 643 1650 nore
679 1595 772 1660 sit,
823 1601 882 1649 et
933 1593 1374 1648 sanctificatione
1418 1609 1770 1648 mansurum.
1812 1594 2104 1648 Postremo

2176 443 2265 493 ter
2283 443 2369 493 est
2394 437 2818 509 permisceatur,
2851 455 3020 510 quem
3057 444 3114 494 et
3131 439 3348 497 fratrem
3377 448 3692 518 nuncupavit,

2176 532 2242 581 ut
2261 527 2443 597 majus
2465 526 2789 582 ostenderet
2823 527 3198 598 usurpationis
3241 530 3402 602 ipsius
3425 534 3626 602 crimen,
3645 553 3697 590 eo

2178 615 2326 687 quod
2355 621 2414 670 et
2441 615 2592 687 apud
2616 631 2811 671 omnes
2838 615 2897 670 in
2949 615 3266 674 confusione
3313 620 3584 677 deductum
3614 629 3699 690 est,

2176 705 2259 759 ita
2276 711 2342 760 ut
2370 705 2551 759 necde
2561 711 2912 760 mortuorum
2925 705 3159 761 fratrum
3174 725 3392 763 uxorem
3418 726 3702 782 quemquam

2179 792 2412 847 alterius
2439 791 2690 864 accipere
2718 793 2900 848 liceat.
2961 793 3170 849 Deinde
3197 801 3253 850 et
3276 795 3332 850 in
3357 796 3540 851 timore
3584 797 3705 852 redi-

2177 898 2313 953 gere
2342 897 2437 936 eos
2458 881 2688 952 cupiens
2715 882 2911 953 adjicit
2939 901 2951 936 :
2989 883 3061 937 Eo
3090 887 3229 952 quod
3249 887 3436 938 vindex
3465 888 3529 939 sit
3555 887 3706 940 Domi-

2182 986 2289 1024 nus
2316 975 2363 1024 et
2409 971 2472 1024 de
2509 972 2764 1024 omnibus
2807 973 2947 1026 istis.
2988 971 3137 1026 Bene
3162 973 3224 1026 de
3249 975 3488 1026 omnibus
3520 973 3706 1044 adjecit,

2181 1058 2264 1112 ita
2290 1063 2355 1113 ut
2380 1064 2438 1113 et
2455 1058 2653 1130 primis
2678 1058 2816 1113 illud
2872 1065 3096 1131 aptasse
3143 1061 3408 1121 videatur,
3441 1066 3493 1114 et
3544 1061 3712 1116 iterum

2183 1147 2344 1220 quasi
2365 1153 2704 1214 contestans,
2740 1149 3006 1219 quoniam
3053 1155 3108 1204 et
3147 1149 3356 1204 dudum
3398 1149 3506 1204 haec
3551 1150 3714 1204 eadem

2183 1236 2400 1292 dixerat
2445 1233 2573 1304 illis,
2607 1237 2814 1309 adjecit
2843 1257 2855 1292 :
2889 1237 3046 1294 Sicut
3065 1243 3113 1292 et
3137 1240 3489 1308 praediximus
3513 1240 3650 1303 vobis,
3677 1244 3715 1292 et

2183 1328 2467 1380 contestati
2493 1343 2703 1392 sumus,
2737 1331 2796 1382 et
2813 1327 3114 1382 ostendens
3142 1327 3400 1398 quoniam
3426 1325 3720 1382 necessarius

2190 1415 2266 1469 sit
2308 1415 2420 1468 illis
2467 1421 2526 1470 et
2566 1415 2636 1470 de
2681 1415 2769 1470 his
2808 1432 3012 1471 sermo.
3072 1416 3197 1488 Ngn
3248 1418 3395 1470 enim
3429 1418 3615 1470 uomuit
3648 1431 3722 1468 nos

2184 1505 2325 1558 Deus
2346 1507 2409 1558 in
2425 1506 2872 1570 immunditiam,
2891 1507 2982 1558 sed
3008 1507 3072 1559 in
3124 1507 3609 1573 sanctificationem.
3633 1504 3723 1558 Ita-

2187 1608 2295 1663 que
2323 1592 2370 1647 si
2385 1591 2461 1650 ab
2479 1591 2568 1647 his
2595 1608 2696 1647 nos
2725 1592 3096 1659 continemus,
3135 1599 3270 1648 tunc
3287 1592 3383 1647 illa
3399 1591 3615 1663 egimus,
3631 1607 3728 1662 quae

506 1701 630 1756 quae
651 1700 874 1738 summa
899 1683 976 1738 sit
1003 1683 1267 1754 perfectio
1295 1683 1510 1754 praemii
1539 1699 1604 1736 ac
1623 1681 1992 1737 beatitudinis
2008 1699 2099 1737 re—
2119 1673 2166 1733 Β
2185 1687 2435 1736 nostram
2464 1697 2634 1752 agere
2659 1681 2992 1737 conveniens
3040 1687 3130 1737 est
3175 1681 3528 1748 vocationem,
3557 1679 3731 1734 vocavit

505 1778 841 1837 muneratro,
878 1789 979 1844 per
1014 1773 1158 1826 hanc
1195 1771 1599 1826 habitationem
1631 1771 1870 1843 pectoris
1923 1771 2105 1826 nostri

503 1869 760 1917 sanctum
789 1861 907 1916 fore
935 1861 1194 1933 spiritum
1217 1861 1548 1932 designavit.
1575 1860 1870 1926 Abstinete,
1898 1859 2100 1932 inquit,

505 1967 594 2006 vos
602 1953 670 2006 ab
681 1954 838 2006 omni
850 1953 1219 2020 fornicatione
1235 1950 1296 2016 (A
1306 1950 1470 2017 mbr.)
1483 1947 1776 2004 Nuntiavit
1785 1949 1937 2004 enim
1951 1948 2002 2003 ei
2015 1948 2106 2004 Ti-

503 2037 1422 2110 motheusintercaetera,quoniam
1434 2037 1816 2092 indiil'erentes
1827 2043 1960 2092 sunt
1969 2054 2106 2108 erga

507 2129 948 2199 permistionem,
979 2127 1182 2182 lascive
1230 2126 1494 2190 viventes,
1518 2126 1600 2180 ita
1643 2132 1708 2181 ut
1737 2126 1966 2198 quidam
2005 2143 2103 2181 eo-

503 2234 630 2272 rum
658 2217 829 2272 etiam
859 2233 1060 2272 uxores
1085 2215 1376 2280 habentes,
1406 2232 1518 2270 non
1545 2215 1662 2270 sint
1709 2216 1959 2270 contenti
1987 2216 2104 2271 suis

503 2306 796 2374 uxoribus;
830 2307 1101 2378 quosdam
1129 2322 1259 2360 vero
1279 2321 1476 2360 eorum
1505 2305 1677 2359 etiam
1705 2304 1904 2360 alienis
1920 2304 2105 2360 uxori-

503 2393 608 2450 bus
645 2393 982 2468 permiscere
1030 2394 1326 2460 nuntiavit,
1356 2393 1426 2448 de
1477 2393 1680 2466 quibus
1715 2393 1911 2448 scribit
1956 2411 2104 2449 nunc

503 2484 574 2538 ad
605 2501 700 2538 eos
728 2484 1071 2538 correctione
1101 2483 1306 2554 optime
1353 2483 1792 2537 conversationis
1828 2483 1933 2536 hoc
1952 2483 2103 2554 prin-

501 2571 710 2644 cipium
726 2589 973 2627 sumens.
987 2573 1132 2626 Nam
1145 2572 1281 2627 dum
1293 2571 1430 2625 dicit
1455 2573 1524 2625 ab
1537 2574 1693 2626 omni
1707 2571 2100 2638 fornicatione,

502 2659 824 2716 differentes
868 2660 1250 2715 fornicationis
1295 2659 1510 2731 species
1555 2659 1868 2714 evidentius
1917 2665 2102 2714 osten-

503 2749 636 2804 dere
663 2749 856 2804 voluit.
889 2750 1006 2804 Nec
1023 2749 1175 2804 enim
1205 2753 1327 2804 erat
1349 2748 1514 2803 aliter
1538 2747 1800 2820 possibile
1833 2748 2102 2818 adjuvare

503 2854 599 2892 eos
626 2838 722 2910 qui
743 2837 1124 2909 deliquebant,
1162 2837 1210 2892 si
1242 2853 1355 2892 non
1385 2836 1704 2909 specialiter
1751 2837 1983 2892 dixisset
2030 2837 2102 2892 de

505 2926 618 2981 illis
637 2943 760 2998 quae
796 2926 1001 2998 corrigi
1029 2926 1450 2981 conveniebant.
1483 2924 1636 2980 Scire
1657 2941 2103 2995 unumquemque

2185 1769 2337 1824 enim
2365 1787 2468 1825 nos
2503 1770 2575 1824 ad
2632 1770 3133 1826 sanctiﬁcationem
3160 1769 3537 1843 possessionis,
3562 1769 3615 1824 in
3646 1785 3732 1840 qua

2185 1864 2240 1914 et
2267 1859 2505 1914 existere
2535 1859 2593 1914 in
2621 1859 2810 1914 futuro
2827 1877 3120 1932 speramus
3151 1860 3375 1926 saeculo,
3404 1857 3608 1930 quando
3658 1873 3734 1911 ex-

2184 1954 2478 2018 surgentes
2497 1955 2554 2002 et
2567 1949 2878 2020 incorrupti
2907 1948 3086 2004 elfecti
3097 1965 3283 2020 neque
3297 1963 3518 2020 peccare
3537 1945 3732 2000 ulterius

2183 2037 2511 2108 poterimus,
2536 2053 2705 2110 quam
2729 2044 2787 2092 et
2813 2037 3026 2092 imitari
3046 2055 3151 2094 nos
3179 2037 3488 2093 secundum
3511 2032 3722 2108 possibili

2183 2131 2359 2180 tatem
2386 2126 2445 2181 in
2464 2127 2728 2198 praesenti
2755 2126 2869 2181 vita
2885 2127 3165 2182 convenit.
3184 2126 3398 2182 Deinde
3416 2123 3595 2196 adjicit
3617 2141 3630 2176 :
3657 2123 3730 2177 Ita

2184 2232 2286 2284 que
2305 2219 2404 2284 qui
2422 2217 2770 2284 Iwcspernit,
2788 2232 2898 2270 non
2922 2217 3206 2271 hominem
3227 2217 3459 2286 spernit,
3484 2214 3568 2268 sed
3584 2213 3726 2267 Deum

2184 2307 2284 2372 qui
2296 2309 2344 2358 et
2371 2305 2520 2358 dedit
2540 2304 2818 2374 Spiritum
2833 2321 3000 2359 suum
3027 2311 3290 2360 sanctum
3306 2307 3371 2359 in
3391 2304 3556 2356 nobis.
3585 2301 3746 2371 Itaque

2185 2391 2281 2464 qui
2302 2392 2420 2447 haec
2441 2392 2561 2463 agit
2589 2411 2604 2459 ;
2638 2393 2824 2464 ipsum
2861 2393 3080 2464 spernit
3098 2394 3305 2459 Deum,
3335 2391 3470 2447 dum
3509 2389 3574 2445 ad
3605 2388 3750 2442 altera

2183 2485 2410 2536 vocatus
2439 2482 2619 2536 altera
2635 2481 2754 2552 agit
2767 2521 2781 2548 ,
2806 2481 3126 2545 necessaria
3136 2488 3333 2537 autem
3355 2479 3524 2535 hocin
3549 2479 3654 2532 loco
3675 2473 3745 2529 ad-

2177 2569 2350 2640 jectio
2370 2577 2474 2636 est,
2500 2587 2670 2642 quam
2702 2570 2910 2641 adjecit
2937 2571 3006 2626 de
3019 2570 3241 2642 Spiritu
3271 2571 3425 2637 dato,
3457 2585 3521 2623 eo
3548 2565 3679 2640 quod
3697 2562 3751 2618 ab

2181 2657 2280 2713 illo
2307 2658 2466 2714 nobis
2475 2659 2668 2714 futura
2684 2658 3019 2714 tribuuntur
3032 2659 3204 2715 bona.
3227 2658 3568 2722 Seminatur,
3582 2652 3748 2724 inquit.

2181 2763 2378 2816 corpus
2395 2750 2662 2815 animale,
2684 2751 2866 2816 surgit
2895 2765 3090 2818 corpus
3118 2751 3401 2819 spiritale.
3445 2743 3753 2816 Accipientes

2183 2851 2317 2906 ergo
2350 2836 2496 2890 hanc
2515 2837 2742 2890 arrham
2764 2836 3104 2904 futurorum,
3145 2837 3206 2892 id
3238 2843 3346 2904 est,
3379 2833 3642 2908 primitias
3658 2828 3754 2900 Spi-

2184 2924 2345 2991 ritus,
2377 2924 2425 2980 si
2452 2924 2750 2980 fecerimus
2777 2925 2887 2979 alia
2926 2931 3134 2997 praeter
3165 2925 3269 2980 illa
3289 2925 3349 2980 in
3403 2937 3630 2996 quorum
3676 2933 3755 2990 spe

501 3033 668 3070 suum
707 3032 799 3070 vas
815 3017 1086 3085 possidere
1116 3020 1180 3072 in
1234 3018 1524 3070 sanctitate
1562 3020 1611 3068 et
1651 3015 1853 3069 honore
1887 3031 2000 3068 non
2036 3012 2158 3072 inC
2180 3030 2374 3069 sumus
2401 3013 2598 3081 vocati,
2632 3014 2914 3086 despectio
2939 3020 3026 3070 est
3071 3014 3310 3070 evidens
3333 3013 3456 3078 Dei,
3487 3010 3578 3084 qui
3625 3005 3756 3064 nobis

499 3107 749 3173 passione
785 3107 1249 3174 concupiscent-ia.
1275 3105 1392 3159 Hoc
1429 3103 1657 3175 quidem
1703 3103 1772 3157 de
1800 3102 1911 3157 illis
1938 3103 2092 3170 dicit,

503 3193 601 3264 qui
619 3209 818 3248 uxores
867 3193 1139 3248 habentes
1165 3210 1280 3248 non
1324 3198 1486 3247 erant
1519 3192 1630 3246 illis
1658 3191 1925 3258 contenti,
1961 3191 2101 3246 dixit

501 3297 666 3337 suum
695 3299 809 3349 vas,
835 3281 1120 3355 propriam
1139 3283 1261 3354 ejus
1288 3297 1520 3336 uxorem
1561 3281 1642 3337 sic
1690 3280 2008 3348 nominans,
2037 3281 2097 3335 in

501 3371 798 3426 sanctitate
818 3371 1121 3443 possidere,
1153 3371 1290 3426 illud
1318 3370 1526 3438 dicens,
1567 3376 1703 3425 tunc
1732 3369 1955 3441 quando
1983 3385 2097 3424 non

501 3458 760 3513 adultera
773 3459 1111 3525 sordidatur,
1131 3459 1189 3514 in
1219 3459 1432 3514 honore
1455 3463 1646 3513 autem
1667 3457 1826 3523 dixit,
1840 3473 1906 3512 eo
1947 3457 2097 3528 quod

499 3563 612 3602 non
641 3547 904 3620 despecta
929 3565 1034 3603 sua
1077 3564 1249 3604 uxore
1269 3548 1341 3602 ad
1371 3547 1610 3602 alteram
1629 3546 1862 3601 alterius
1879 3546 2098 3600 intuea-

499 3641 612 3703 tur,
644 3637 894 3708 apertius
931 3654 1060 3692 vero
1090 3637 1248 3704 dixit,
1291 3654 1404 3692 non
1435 3640 1500 3691 in
1546 3639 1799 3706 passione
1845 3637 2098 3704 concupi-

498 3727 731 3792 scentia,
769 3743 836 3780 eo
869 3726 1018 3798 quod
1072 3725 1183 3782 ista
1211 3742 1384 3797 agens
1423 3741 1537 3780 non
1589 3723 1750 3796 quasi
1775 3723 1936 3779 uxori
1981 3739 2096 3778 suae

492 3813 725 3884 junctus
752 3831 874 3870 esse
902 3815 1142 3882 videtur,
1173 3815 1270 3869 sed
1294 3819 1523 3886 propter
1555 3812 1985 3886 permixtionem
2003 3828 2096 3866 so-

497 3900 612 3954 lam
639 3901 698 3956 id
716 3901 836 3972 agit
855 3901 1129 3968 absolute,
1153 3917 1323 3973 quam
1367 3901 1684 3972 passionem
1711 3899 2099 3972 concupiscen-

497 3988 592 4044 tiae
637 3990 997 4061 nuncupavit.
1065 3990 1527 4062 Concupiscentia
1557 3989 1710 4044 enim
1746 3989 1809 4044 in
1861 3988 2097 4044 crimine

497 4076 682 4130 vocari
701 4093 816 4132 non
836 4083 1038 4150 potest,
1073 4095 1140 4132 eo
1169 4078 1318 4150 quod
1347 4084 1562 4133 naturae
1590 4083 1809 4132 motum
1836 4075 1897 4130 in
1933 4093 2096 4132 suam

499 4165 722 4236 explere
749 4165 970 4221 videtur
993 4183 1241 4222 uxorem.
1299 4165 1624 4221 Passionem
1658 4181 1788 4220 vero
1828 4165 2092 4238 concupi-

497 4253 726 4308 scentiae
769 4253 928 4323 dixit,
971 4255 1120 4326 quod
1163 4254 1287 4309 aliis
1343 4254 1566 4310 feminis
1613 4253 1875 4327 permixti
1917 4254 2090 4310 etiam

2176 3103 2403 3158 arrham
2431 3102 2649 3158 dedisse
2692 3103 2932 3158 videtur.
2982 3103 3114 3159 Haec
3163 3104 3237 3158 de
3283 3099 3626 3160 naturalibus
3657 3111 3758 3169 per-

2177 3190 2534 3246 mistionibus
2563 3191 2877 3264 disputans,
2919 3193 3128 3248 transit
3157 3192 3234 3247 ad
3257 3191 3437 3247 aliud.

2245 3282 2319 3336 De
2337 3281 2606 3335 charitate
2625 3287 2811 3336 autem
2840 3283 3228 3349 fraternitatis
3251 3297 3370 3336 non
3397 3293 3594 3334 necesse
3627 3273 3746 3328 habe-

2176 3385 2299 3424 mus
2311 3371 2546 3424 scribere
2591 3371 2758 3434 vobis;
2795 3371 2903 3439 ipsi
2929 3371 3078 3424 enim
3138 3386 3176 3424 a
3207 3372 3320 3425 Deo
3348 3370 3496 3424 docti
3544 3367 3678 3426 estis,
3710 3366 3758 3413 ut

2174 3458 2424 3526 diligatis
2445 3461 2680 3513 invicem
2694 3477 2710 3513 :
2723 3460 3123 3526 eteni‘mfacitis
3141 3460 3298 3513 illud
3310 3461 3376 3513 in
3395 3455 3760 3523 omnesfratres

2175 3548 2274 3616 qui
2302 3549 2368 3601 in
2398 3551 2510 3602 tota
2534 3551 2667 3602 sunt
2696 3547 3032 3602 Macedonia.
3075 3547 3450 3602 Obsecramus
3469 3549 3647 3600 autem
3671 3555 3760 3603 τοι,

2172 3635 2398 3702 fratres,
2431 3636 2717 3690 abundare
2769 3637 2966 3704 magis,
2995 3639 3045 3689 et
3073 3637 3341 3690 studium
3365 3635 3562 3690 habere
3584 3631 3764 3700 quietos

2173 3739 2299 3789 esse,
2321 3729 2370 3778 et
2395 3739 2556 3792 agere
2580 3729 2824 3778 uestrum
2852 3726 3156 3792 negotium,
3187 3729 3242 3779 et
3264 3725 3498 3794 operari
3536 3717 3764 3775 manibus

2174 3815 2386 3878 uestris,
2408 3815 2550 3867 sicut
2569 3818 2620 3867 et
2659 3815 3018 3882 praecepimus
3049 3813 3224 3880 vobis,
3279 3817 3348 3866 ut
3385 3809 3670 3867 ambuletis
3693 3805 3766 3857 ho-

2174 3905 2320 3956 neste
2346 3903 2422 3956 ad
2448 3917 2532 3956 eos
2558 3903 2658 3970 qui
2682 3902 2824 3969 foris
2843 3905 2996 3967 sunt,
3035 3905 3084 3955 et
3109 3904 3345 3956 nullius
3375 3915 3579 3956 necesse
3604 3895 3766 3951 habea-

2176 3992 2265 4044 tis.
2297 3989 2569 4061 Cognovit
2597 3989 2872 4061 quosdam
2899 4005 3021 4044 esse
3040 3994 3099 4044 et
3116 3989 3282 4062 apud
3328 3990 3462 4044 illos
3489 3987 3585 4060 qui
3634 3980 3769 4037 valde

2172 4077 2507 4133 videbantur
2535 4094 2656 4133 esse
2683 4077 3104 4150 indisciplinati,
3139 4078 3246 4150 qui
3301 4078 3454 4134 nihil
3499 4077 3770 4149 operantes

2173 4184 2239 4222 ex
2257 4167 2369 4222 illis
2389 4183 2512 4239 quae
2538 4167 2611 4222 ad
2630 4167 2872 4222 aliorum
2917 4165 3292 4239 pertinebant
3335 4167 3659 4228 utilitatem,
3698 4160 3772 4213 in-

2173 4273 2344 4328 super
2369 4256 2547 4311 otiose
2571 4255 2818 4312 viventes
2847 4255 3086 4310 aliorum
3113 4255 3514 4312 discutiebant
3539 4253 3703 4308 vitam
3727 4253 3776 4302 et

497 4358 629 4397 suas
655 4359 858 4398 uxores
883 4345 954 4399 ad
984 4343 1412 4399 similitudinem
1439 4360 1635 4400 earum
1678 4342 1836 4398 abuti
1878 4342 2053 4398 velint
2075 4362 2087 4397 :
2106 4343 2366 4405 Dturbas
2422 4343 2694 4416 quasdam
2748 4360 2814 4398 ex
2857 4343 2958 4398 tali
3026 4344 3482 4400 commovebant
3557 4341 3772 4397 ratione.

497 4429 698 4487 deinde
723 4433 1142 4505 comparatione
1169 4431 1514 4488 contrarium
1543 4449 1682 4504 opus
1709 4432 1895 4504 ipsum
1931 4431 2090 4486 sufﬁ-

495 4520 708 4576 cienter
736 4522 1043 4594 derogavit,
1078 4541 1105 4576 ‹‹
1135 4523 1281 4578 sicut
1321 4528 1380 4577 et
1411 4527 1609 4593 gentes
1656 4539 1778 4594 quae
1831 4520 2092 4576 nesciunt

496 4609 696 4664 Deum.
733 4631 758 4662 »
782 4611 912 4667 Haec
940 4613 1130 4668 dicens
1158 4613 1228 4668 de
1256 4612 1366 4668 illis
1385 4611 1525 4666 dixit
1535 4609 1631 4682 qui
1651 4626 1851 4666 uxores
1874 4609 2088 4664 haben-

495 4700 582 4750 tes
607 4697 733 4751 aliis
760 4700 1089 4756 mulieribus
1112 4699 1597 4772 permiscebantur
1627 4719 1644 4754 :
1673 4699 1732 4754 in
1751 4698 2092 4770 subsequen-

495 4782 646 4840 tibus
675 4801 806 4841 vero
833 4787 1082 4860 disputat
1107 4794 1166 4844 et
1185 4789 1256 4844 de
1283 4789 1393 4844 illis
1445 4787 1543 4860 qui
1571 4786 1920 4858 usurpabant
1961 4803 2091 4859 per-

495 4871 729 4928 miscere
740 4873 852 4930 illis
870 4876 1198 4932 mulieribus
1226 4895 1349 4949 quie
1376 4877 1626 4948 legitime
1655 4875 1900 4930 maritali
1929 4879 2092 4930 erant

488 4961 697 5032 juncta
724 4964 945 5020 affectu.
980 4967 1041 5021 Ut
1071 4983 1184 5021 non
1209 4967 1665 5035 supergrediatur
1689 4969 1740 5018 et
1765 4965 1990 5032 fraudat
2025 4967 2089 5018 in

491 5055 704 5120 negotio
737 5055 978 5122 fratrem
1003 5071 1188 5109 suum.
1213 5053 1576 5110 Pudicissime
1605 5052 1834 5125 quidem
1863 5052 2005 5108 dixit
2029 5052 2087 5108 in

491 5141 736 5211 negotio,
765 5159 868 5216 per
891 5143 1083 5198 omnia
1105 5159 1236 5198 vero
1272 5142 1630 5215 iniquitatem
1656 5141 1840 5215 operis
1888 5141 2082 5198 enixus

491 5232 580 5282 est
603 5245 858 5301 arguere.
889 5233 1037 5288 Nam
1072 5231 1206 5288 dum
1235 5231 1368 5288 dicit
1397 5247 1515 5288 non
1538 5231 1885 5304 supergredi,
1919 5229 2083 5303 quasi

489 5316 761 5374 terminos
785 5320 1057 5392 quosdam
1095 5319 1306 5392 positos
1355 5319 1714 5376 invadentem
1757 5318 1948 5392 arguit
1977 5335 2082 5386 ;eo

487 5404 640 5475 quod
669 5406 824 5474 dixit,
856 5410 1136 5474 fraudare,
1161 5407 1322 5480 quasi
1352 5407 1449 5480 qui
1463 5408 1705 5464 alienam
1720 5407 1941 5464 auferat
1956 5423 2082 5480 pos-

487 5491 797 5551 sessionem
824 5515 838 5565 ;
869 5504 928 5553 et
959 5497 1107 5569 quod
1151 5496 1310 5569 dixit,
1343 5495 1598 5565 fratrem,
1631 5497 1816 5568 majus
1866 5495 2081 5552 crimen

2172 4433 2362 4497 (Rau)
2383 4433 2465 4490 De
2493 4431 2694 4504 quibus
2718 4437 2776 4487 et
2793 4431 3044 4504 apertius
3070 4431 3130 4488 in
3175 4434 3447 4490 secunda
3493 4424 3779 4504 disputavit

2173 4520 2437 4594 Epistola,
2469 4526 2528 4575 et
2555 4520 2660 4576 hoc
2687 4520 2746 4575 in
2765 4520 2885 4576 loco
2913 4521 2983 4576 de
3000 4520 3114 4576 illis
3141 4522 3376 4591 scribit,
3413 4539 3482 4578 eo
3512 4519 3658 4594 quod
3675 4517 3781 4589 ipsa

2170 4609 2424 4664 otiositas
2449 4615 2508 4664 et
2531 4625 2764 4682 operum
2806 4610 3078 4665 securitas
3104 4609 3366 4668 faciebat
3410 4628 3511 4666 eos
3547 4610 3607 4664 in
3654 4601 3782 4661 nihil

2171 4698 2310 4753 utile
2336 4698 2520 4771 ipsam
2547 4697 2704 4753 abuti
2732 4697 3096 4753 otiositatem.
3137 4699 3383 4756 Etenim
3414 4701 3557 4756 dum
3580 4694 3786 4752 bonitas

2171 4787 2412 4842 aliorum
2439 4787 2558 4842 sine
2574 4785 2890 4842 discusione
2904 4787 3120 4842 cunctis
3145 4787 3563 4860 indigentibus
3601 4781 3786 4840 solatia

2169 4874 2473 4948 praebebat,
2503 4880 2726 4930 tantum
2751 4875 2799 4930 si
2821 4875 3074 4946 ejusdem
3093 4875 3233 4931 fidei
3264 4894 3400 4934 esse
3417 4876 3791 4934 existimaren-

2173 4969 2265 5020 tur
2286 4981 2298 5016 :
2330 4963 2524 5018 laudat
2532 4963 2757 5036 quidem
2774 4963 3038 5036 primitus
3056 4964 3206 5031 illos,
3245 4967 3355 5038 qui
3377 4964 3708 5040 prebebant
3725 4955 3792 5015 ob

2168 5053 2281 5108 tale
2307 5052 2674 5126 propositum,
2693 5059 2751 5107 et
2763 5053 2911 5125 quod
2947 5053 3273 5110 necessario
3301 5055 3456 5112 illud
3475 5051 3788 5128 explebant.

2164 5140 2332 5196 simul
2360 5141 2532 5197 etiam
2573 5146 2631 5197 et
2657 5141 2938 5197 collaudat
2962 5157 3077 5210 eos,
3111 5143 3405 5216 quoniam
3465 5160 3584 5200 non
3619 5141 3788 5196 solum

2164 5245 2300 5302 erga
2316 5245 2448 5285 suos
2473 5229 2572 5286 sed
2591 5234 2650 5285 et
2674 5229 2815 5285 alios
2828 5228 3039 5296 ﬁdeles,
3073 5229 3170 5304 qui
3201 5230 3271 5287 in
3305 5232 3448 5290 aliis
3475 5231 3622 5290 locis
3646 5243 3790 5288 com-

2164 5335 2384 5374 morare
2410 5317 2743 5374 videbantur
2785 5317 2900 5374 tale
2936 5318 3258 5375 accelerare
3299 5322 3577 5378 studium
3624 5319 3792 5376 adim-

2161 5406 2334 5479 plere.
2365 5406 2637 5480 Priecepit
2661 5423 2796 5478 ergo
2822 5405 3039 5462 steteris
3061 5413 3126 5462 ut
3159 5423 3286 5463 non
3322 5407 3656 5467 abutantur
3681 5405 3791 5463 illo-

2162 5511 2290 5550 rum
2315 5494 2575 5551 libertate
2600 5493 2674 5550 ad
2711 5494 2809 5550 illa
2835 5511 2959 5567 qua:
2978 5511 3091 5551 non
3136 5499 3537 5567 conveniunt,
3569 5498 3668 5571 qui
3695 5511 3788 5554 ne-
