3866 6158
209 317 283 373 553

511 311 1089 368 ENARRATIONUM
1126 311 1206 366 IN
1243 311 1397 366 EPP.
1433 295 1654 367 PAULI
1692 311 1828 367 LIB.
1872 311 2016 366 XXI.
2051 339 2117 352 --
2157 311 2234 366 IN
2273 287 2496 368 EISIST.
2539 316 2584 370 Ι.
2615 315 2712 370 ΑΙ)
2745 315 2994 372 THESS.

3285 324 3388 378 554

207 457 284 514 que
304 440 444 494 ullum
462 454 593 509 opus
620 439 801 492 facere
825 435 1087 492 volebant
1103 441 1160 491 et
1178 437 1462 492 otiositate
1491 437 1612 509 ipsa
1639 437 1711 492 ad
1727 437 1930 496 Atiam
1945 453 2186 508 quoque,
2199 443 2247 492 et
2265 442 2571 508 operamini
2589 443 2850 496 manibus
2877 444 3088 508 vestris,
3101 446 3244 500 sicut
3251 461 3390 514 pra.

204 530 272 584 illa
291 545 386 598 qua
421 543 520 581 non
560 525 962 580 conveniebant
1007 542 1128 579 sese
1162 542 1419 580 exercere
1448 542 1711 597 propera-

205 619 312 672 bant.
335 615 462 670 Sicut
501 615 650 668 enim
686 615 982 669 laudamus
1021 614 1145 668 illos
1194 614 1290 686 qui
1328 613 1709 684 indigentibus

205 705 448 759 ministrant
477 709 534 756 et
566 704 678 758 tale
714 702 1064 775 propositum
1102 719 1237 773 erga
1285 702 1479 757 ﬁdeles
1507 703 1709 758 fratres

205 810 294 848 suos
312 791 594 857 ostendunt,
621 792 700 846 sic
729 798 788 846 et
827 796 1056 846 caeteros
1101 791 1359 845 volumus
1387 791 1610 862 assequi
1628 792 1712 846 in-

201 887 469 936 crementum
511 886 576 934 ut
623 880 798 952 quieti
836 879 969 946 sint,
1014 885 1073 934 et
1115 879 1215 933 illa
1261 895 1386 950 quae
1431 896 1535 934 sua
1581 885 1714 935 sunt

200 977 335 1042 agant,
381 975 660 1040 operantes
703 968 962 1025 manibus
1008 967 1144 1033 suis,
1189 984 1254 1022 ex
1295 968 1498 1040 quibus
1541 969 1714 1040 possi-

200 1057 275 1112 bile
287 1058 347 1112 sit
371 1074 452 1112 eos
483 1075 596 1112 non
643 1057 896 1128 indigere
929 1056 1162 1112 alterius
1195 1057 1415 1123 solatio,
1468 1062 1526 1112 et
1563 1059 1712 1130 apud

198 1152 358 1200 exteros
371 1145 586 1200 minime
605 1145 869 1201 confundi
888 1163 989 1218 pro
1011 1162 1178 1218 opere
1198 1145 1491 1200 indecente
1507 1164 1519 1213 ;
1537 1151 1596 1200 et
1608 1147 1714 1200 hoc

196 1235 342 1289 inloco
363 1233 607 1289 similiter
633 1235 855 1306 adjicit:
881 1233 1038 1290 Sicut
1050 1237 1404 1304 praecipimus
1431 1237 1710 1302 vobis,etc.

196 1323 374 1392 (Ατηῡτ.)
409 1323 717 1378 Ostendens
769 1323 1034 1395 quoniam
1072 1340 1175 1378 nec
1221 1323 1328 1377 hoc
1367 1339 1574 1378 novum
1603 1323 1716 1378 illis

195 1428 301 1466 nunc
320 1411 524 1480 indicit;
549 1413 754 1467 transit
781 1429 911 1466 vero
937 1411 1176 1466 ulterius
1205 1412 1275 1466 ad
1313 1411 1410 1466 illa
1447 1429 1570 1484 quae
1605 1413 1714 1468 dici

194 1499 543 1566 conveniebant,
569 1501 830 1566 suadens,
862 1507 928 1555 ut
954 1517 1068 1555 non
1112 1501 1407 1556 inhoneste
1437 1501 1620 1556 ferant
1646 1502 1715 1556 de

193 1588 253 1642 his
281 1588 358 1659 qui
389 1588 452 1642 ab
481 1590 590 1644 hac
635 1589 752 1644 vita
799 1589 1098 1653 excedunt,
1142 1589 1508 1660 quamobrem
1547 1595 1604 1644 et
1645 1591 1717 1645 de

190 1676 328 1730 futuro
349 1683 486 1732 statu
517 1678 634 1732 illic
656 1677 910 1750 disputat
931 1684 988 1732 et
1003 1678 1243 1748 gloriam
1259 1678 1414 1732 illam
1442 1695 1565 1750 quae
1583 1695 1720 1750 erga

1789 529 2030 595 cepimus
2039 529 2204 580 vobis.
2224 527 2518 590 Quartam.
2541 535 2590 584 et
2610 535 2672 582 ut
2688 531 2900 584 honeste
2917 531 3212 586 ambuletis
3222 536 3298 588 ad
3304 553 3388 590 eos

1790 617 1890 683 qui
1910 617 2052 682 foris
2079 621 2230 669 sunt.
2254 616 2541 683 Quintam,
2557 624 2622 672 ut
2643 621 2860 672 nutlius
2878 621 3102 687 aliquid
3127 623 3390 678 desidere-

1793 705 1880 757 tis.
1924 703 2060 758 Ecce
2098 703 2198 758 illa
2237 705 2518 760 cunctatio
2553 722 2722 778 quam
2751 706 2926 760 tantis
2966 707 3218 778 proferre
3245 728 3390 784 prae-

1791 790 1977 845 missis
2015 791 2326 858 differebat,
2353 793 2488 866 quid
2530 795 2586 848 in
2629 795 2752 865 ejus
2798 801 3022 866 pectore
3061 800 3388 869 parturiret,

1793 880 2132 950 agnoscitur,
2151 901 2174 934 ι
2200 888 2258 936 et
2278 899 2508 953 operam
2524 883 2688 948 detis,
2705 889 2769 938 ut
2799 885 2976 956 quieti
3004 885 3181 954 sitis,»
3207 888 3263 943 id
3284 895 3389 957 est,

1795 967 1854 1022 in
1868 969 2068 1023 vestris
2088 970 2304 1024 cellulis
2325 977 2755 1039 commorantes,
2771 988 2874 1027 nec
2893 973 3126 1030 diversis
3147 978 3391 1032 rumori-

1793 1055 1918 1124 bus,
1941 1058 2036 1128 qui
2055 1059 2237 1113 solent
2255 1059 2563 1114 otiosorum
2589 1059 2740 1115 vitiis
2768 1061 3071 1135 [At.,votis]
3085 1065 3170 1120 vel
3189 1065 3393 1122 fabulis

1793 1146 2052 1217 generari
2063 1147 2300 1218 inquieti
2311 1147 2644 1214 eﬂ‘ecti,aliis
2655 1166 2879 1222 quoque
2886 1149 3302 1222 inquietudines
3311 1155 3396 1211 in-

1795 1233 2008 1299 feratis,
2027 1254 2049 1285 ι
2070 1240 2128 1289 et
2155 1239 2221 1289 ut
2245 1241 2431 1290 vestra
2459 1237 2687 1307 negotia
2715 1238 2915 1309 agatis,
2934 1256 3049 1294 non
3067 1242 3394 1298 curiositate

1795 1327 1982 1378 vestra
2009 1329 2166 1378 actus
2195 1325 2389 1378 mundi
2419 1324 2600 1379 velitis
2620 1325 2922 1396 inquirere,
2954 1345 3020 1382 ac
3047 1329 3394 1387 diversorum

1796 1412 2244 1466 conversationes
2255 1413 2608 1485 explorantes
2621 1431 2850 1486 operam
2870 1422 3112 1472 vestram
3127 1435 3241 1475 non
3262 1436 3398 1492 erga

1797 1501 2198 1556 correctionem
2217 1507 2460 1557 vestram
2479 1503 2578 1558 sed
2593 1503 2867 1559 virtutum
2883 1505 3193 1573 studia,sed
3213 1509 3284 1563 ad
3305 1508 3400 1564 de-

1797 1589 2100 1644 tractiones
2137 1589 2328 1644 fratris
2373 1590 2558 1645 velitis
2609 1591 2962 1663 impendere;
3005 1599 3054 1648 et
3095 1599 3404 1664 operamini

1799 1680 2058 1732 manibus
2078 1681 2286 1744 vestris,
2319 1681 2462 1733 sicut
2482 1683 2836 1748 pracipimus
2856 1683 3020 1748 vobis,
3051 1699 3152 1739 cur
3170 1684 3270 1739 illa
3286 1684 3402 1740 fue-

191 1771 357 1820 sanctos
395 1773 526 1821 tunc
569 1767 678 1821 erit
717 1767 973 1838 explicat,
1020 1772 1079 1821 et
1105 1765 1175 1821 ob
1203 1767 1596 1822 necessitatem
1625 1767 1722 1822 do-
1739 1751 1786 1812 Β
1803 1765 1920 1820 rint
1947 1783 2071 1837 quae
2096 1773 2396 1822 monuerat
2421 1767 2680 1839 superius
2709 1785 2780 1823 ne
2819 1775 3072 1840 agerent,
3105 1772 3163 1827 id
3208 1778 3295 1829 est
3330 1791 3402 1830 ne

189 1854 335 1909 ctrina
357 1855 446 1909 illa
465 1873 592 1928 qua:
611 1862 930 1926 competere
957 1855 1064 1910 sibi
1092 1854 1450 1910 existimabat
1483 1856 1555 1910 ad
1586 1873 1725 1927 prae-

193 1958 286 1996 sens
308 1951 686 2014 argumentum
711 1950 957 2000 enarrat.
970 1945 1118 1999 Nam
1138 1945 1198 1998 in
1214 1949 1487 2016 quantum
1517 1960 1725 2016 magna

191 2037 316 2086 erunt
340 2031 425 2086 illa
445 2050 572 2104 qua:
599 2032 1084 2105 exspectabantur,
1113 2033 1174 2087 in
1200 2038 1425 2088 tantum
1445 2033 1723 2088 consolari

191 2121 325 2190 magis
349 2126 600 2192 poterant
637 2122 717 2186 hi,
751 2123 847 2194 qui
877 2121 1154 2194 profundo
1181 2122 1336 2177 luctu
1363 2121 1718 2177 tenebantur.

187 2207 328 2278 (ϐων.)
347 2209 496 2265 Hunc
524 2209 788 2265 morbum
817 2211 910 2281 qui
939 2210 1010 2265 de
1028 2210 1236 2265 acediae
1255 2209 1456 2281 spiritu
1474 2210 1725 2265 nascitur

185 2294 334 2352 beatus
353 2299 554 2354 Paulus
571 2305 638 2354 ut
653 2316 819 2354 verus
845 2316 911 2353 ac
925 2299 1198 2371 spiritalis
1220 2298 1470 2354 medicus
1490 2299 1576 2353 vel
1591 2304 1725 2354 tunc

178 2384 266 2453 jam
279 2387 601 2459 conspiciens
621 2404 866 2460 serpere,
881 2388 968 2442 vel
987 2387 1583 2458 emersurum,Spiritu
1599 2404 1725 2442 san-

180 2479 244 2527 cto
264 2476 540 2543 revelante,
560 2477 927 2548 prospiciens,
945 2475 1284 2532 salutaribus
1315 2482 1725 2548 praeceptorum

181 2577 361 2618 suorum
372 2565 796 2620 medicamentis
807 2565 1111 2638 praevenire
1123 2564 1728 2620 festinat.Thessaloni-

183 2651 387 2708 ensibus
417 2655 572 2709 enim
608 2653 879 2720 scribens,
920 2660 979 2708 et
1013 2653 1195 2725 primo
1240 2658 1306 2708 ut
1349 2653 1726 2725 peritissimus

182 2739 360 2808 quidam
393 2743 790 2814 perfectusque
830 2742 1080 2798 medicus
1107 2741 1498 2797 inﬁrmitatem
1535 2759 1724 2797 susce-

177 2832 354 2896 ptorum
370 2830 581 2886 blanda
593 2829 825 2902 lenique
842 2829 996 2885 verbi
1015 2831 1303 2886 curatione
1317 2830 1724 2897 fomentans,ac

175 2915 226 2968 de
246 2917 491 2975 chaﬁtate
507 2919 1022 2991 incipiens,eosque
1044 2919 1102 2974 in
1117 2936 1185 2974 ea
1199 2925 1359 2990 parte
1375 2919 1719 2985 collaudans,

176 3019 414 3077 quousque
441 3009 658 3062 lethale
676 3008 880 3062 vulnus
906 2997 1108 3062 leniori
1128 3008 1379 3063 remedio
1399 3008 1718 3076 delinitum,

175 3065 376 3164 deposita
401 3097 646 3152 turnoris
676 3096 1084 3168 indignatione,
1107 3097 1323 3152 facilius
1351 3065 1727 3152 medicamina
1744 3065 1790 3126 ϐ

172 3183 432 3239 austeridra
465 3185 771 3253 sustineat,
793 3185 876 3240 ita
894 3185 999 3240 ait:
1021 3187 1094 3240 De
1107 3186 1377 3240 charitate
1396 3191 1581 3240 autem
1599 3187 1723 3254 fra-

1804 1854 2042 1926 inquieti
2061 1860 2266 1920 essent,
2299 1856 2384 1909 vel
2412 1855 2597 1911 aliena
2637 1863 2902 1912 curarent
2931 1860 3174 1930 negotia,
3207 1862 3292 1917 vel
3313 1862 3401 1918 in-

1804 1942 2038 1998 honeste
2065 1943 2421 2000 ambularent
2450 1945 2522 1999 ad
2547 1961 2643 2000 eos
2673 1946 2766 2017 qui
2795 1946 2931 2001 foris
2959 1954 3112 2015 sunt,
3145 1950 3230 2004 vel
3260 1951 3403 2006 alte-

1805 2031 1924 2086 rius
1951 2031 2164 2102 aliquid
2209 2031 2612 2100 desiderarent,
2645 2049 2794 2088 nunc
2828 2034 3040 2102 intulit,
3084 2036 3276 2092 dicens
3311 2057 3324 2090 :
3354 2045 3403 2093 et

1803 2123 2110 2188 operamini
2127 2122 2388 2175 manibus
2406 2124 2602 2175 vestris
2615 2125 2766 2176 sicut
2781 2127 3139 2192 praecepimus
3157 2127 3406 2182 vobis.Ut

1805 2208 1958 2263 enim
1971 2208 2174 2263 ﬁerent
2183 2208 2280 2262 illa
2295 2225 2421 2280 quae
2432 2208 2690 2280 superius
2703 2210 3266 2282 reprehendit,otium
3279 2229 3406 2269 cau-

1805 2313 1926 2352 sam
1948 2313 2069 2352 esse
2089 2297 2377 2352 evidenter
2393 2297 2682 2368 expressit.
2700 2299 2902 2353 Nullus
2931 2299 3081 2354 enim
3109 2307 3296 2372 potest
3325 2303 3408 2358 vel

1805 2385 2090 2457 inquietus
2121 2397 2262 2451 esse,
2290 2385 2377 2439 vel
2418 2385 2604 2440 aliena
2634 2402 2832 2442 curare
2879 2388 3124 2458 negotia,
3157 2389 3268 2444 nisi
3308 2391 3406 2462 qui

1806 2473 1960 2545 operi
2016 2489 2285 2528 manuum
2339 2489 2572 2528 suarum
2609 2490 2723 2530 non
2773 2475 3077 2546 acquiescit
3121 2477 3403 2534 insistere.

1809 2562 2088 2628 Quartum
2117 2578 2339 2634 quoque
2369 2561 2564 2617 intulit
2590 2562 2868 2628 morbum,
2905 2563 3002 2635 qui
3044 2581 3110 2620 ex
3149 2567 3256 2622 hoc
3283 2567 3404 2639 ipso

1808 2651 1923 2706 otio
1952 2651 2219 2716 nascitur,
2233 2650 2290 2705 id
2321 2655 2424 2718 est,
2458 2656 2524 2706 ut
2550 2651 2844 2706 inhoneste
2865 2669 2978 2707 non
3005 2653 3404 2722 ambulent,di-

1807 2756 1956 2804 cens,
1981 2745 2031 2794 et
2059 2745 2120 2794 ut
2141 2741 2360 2806 honeste
2385 2741 2678 2794 ambuletis
2715 2743 2790 2795 ad
2823 2757 2906 2795 eos
2935 2745 3036 2810 qui
3059 2744 3202 2810 foris
3249 2751 3401 2800 sunt.

1804 2829 2106 2900 Nunquam
2136 2833 2322 2899 potest
2337 2844 2408 2883 ne
2435 2828 2584 2900 apud
2599 2845 2696 2884 eos
2715 2829 2944 2901 quidem
2967 2831 3063 2902 qui
3085 2832 3270 2888 saeculi
3299 2834 3402 2889 ho-

1803 2917 1986 2972 mines
2005 2921 2139 2971 sunt
2175 2917 2408 2972 honeste
2437 2916 2712 2983 incedere,
2738 2917 2834 2990 qui
2864 2935 3223 2992 nequaquam
3248 2922 3403 2978 clau-

1805 3005 1936 3061 stris
1964 3006 2116 3061 cellae
2134 3011 2193 3060 et
2221 3006 2376 3078 operi
2407 3022 2676 3061 manuum
2707 3023 2939 3062 suarum
2970 3008 3246 3064 inhaerere
3275 3027 3402 3067 con-

1805 3096 1996 3150 tentus
2031 3100 2150 3149 est:
2189 3094 2286 3149 sed
2315 3110 2540 3149 necesse
2579 3101 2664 3150 est
2702 3112 2831 3150 eum
2874 3095 3236 3154 inhonestum
3280 3117 3403 3156 esse

1805 3183 1940 3238 dum
1985 3183 2304 3238 necessaria
2349 3183 2528 3237 victus
2557 3184 2814 3254 requirit,
2847 3185 3158 3242 adulationi
3181 3205 3404 3260 quoque

174 3273 406 3327 ternitatis
427 3291 541 3331 non
597 3291 800 3329 necesse
843 3274 1103 3329 habemus
1130 3276 1364 3329 scribere
1396 3276 1560 3340 vobis,
1617 3277 1726 3343 ipsi
1806 3288 2035 3343 operam
2063 3271 2216 3339 dare,
2238 3271 2516 3326 novitates
2531 3271 2702 3326 etiam
2723 3273 3021 3328 domorum
3040 3275 3402 3343 sectari,cau-

171 3360 286 3412 enim
309 3376 340 3414 a
357 3363 458 3418 Deo
476 3366 630 3418 docti
657 3366 786 3417 estis
820 3367 884 3416 ut
927 3365 1180 3430 diligatis
1208 3364 1445 3418 invicem
1475 3381 1492 3416 :
1521 3365 1724 3418 etenim
1805 3377 1997 3416 sarum
2017 3360 2448 3432 fabularumque
2461 3361 3248 3436 occasionesconquirere,per
3264 3383 3405 3438 quas

170 3445 313 3510 facitis
337 3453 476 3506 illud
504 3455 575 3506 in
596 3468 781 3506 omnes
799 3453 1008 3519 fratres
1027 3454 1090 3505 in
1103 3455 1362 3506 universa
1384 3453 1718 3506 Macedonia.
1805 3449 2138 3521 sibimetipsi
2169 3449 2386 3504 aditum
2397 3454 2561 3520 paret
2577 3466 2642 3504 ac
2669 3449 3132 3524 facultatem,qua
3155 3453 3406 3511 diverso-

170 3531 393 3593 Pnemisit
420 3540 611 3596 laudis
637 3539 890 3595 fomenta
907 3539 1075 3606 lenia,
1089 3539 1222 3594 fecit
1243 3556 1439 3594 eorum
1459 3557 1624 3594 aures
1653 3540 1726 3595 ad
1806 3555 1932 3593 rum
1962 3539 2158 3593 domos
2178 3537 2360 3593 valeat
2377 3543 2694 3610 penetrare.
2713 3557 2736 3590 ι
2763 3539 2832 3592 Et
2845 3539 3054 3594 nullius
3074 3541 3286 3612 aliquid
3311 3545 3406 3598 de-

167 3636 320 3680 cumm
339 3628 608 3684 salutaris
633 3627 789 3682 verbi
808 3627 1074 3700 placidas,
1105 3633 1164 3682 et
1197 3633 1444 3699 paratas.
1477 3629 1720 3683 Rursum
1803 3627 2088 3682 sideretis:
2113 3645 2136 3678 ι
2161 3643 2274 3681 non
2295 3631 2605 3698 potestnon
2615 3626 2815 3681 alienis
2833 3627 2995 3682 donis
3005 3633 3062 3682 et
3075 3630 3403 3688 muneribus

167 3709 301 3767 infert
325 3733 336 3766 :
359 3718 635 3786 Rogamus
649 3722 836 3772 autem
853 3733 960 3783 vos,
975 3718 1200 3785 fratres,
1219 3722 1280 3771 ut
1298 3718 1588 3771 abundetis
1601 3733 1722 3771 ma-
1804 3714 2044 3780 inhiare,
2078 3714 2173 3785 qui
2219 3730 2333 3768 non
2381 3713 2694 3768 delectatur
2733 3713 2827 3786 pio
2869 3715 3171 3788 quietoque
3212 3717 3404 3775 labore

164 3804 252 3866 gis;
280 3805 452 3860 adhuc
472 3806 692 3861 blanda
709 3822 806 3860 eos
831 3804 1130 3860 verborum
1157 3805 1388 3860 lenitate
1420 3805 1719 3872 demulcet,
1805 3803 1990 3876 operis
2017 3802 2124 3869 sui,
2145 3801 2456 3874 quotidiani
2484 3801 2661 3856 victus
2683 3819 2884 3874 parare
2904 3802 3403 3866 substantiam.Vi-

166 3902 218 3941 ne
245 3890 371 3948 forte
405 3896 656 3952 necdum
693 3901 856 3966 aptos
891 3894 962 3949 ad
1001 3893 1417 3966 perceptionem
1467 3893 1725 3966 perfectae
1806 3891 1952 3946 detis
1977 3897 2064 3945 tot
2091 3907 2306 3958 causas,
2328 3896 2447 3946 tam
2486 3907 2705 3962 graves,
2739 3896 2858 3947 tam
2894 3899 3107 3964 turpes,
3140 3911 3254 3951 una
3299 3897 3400 3954 otii

162 3981 422 4037 curationis
447 3984 725 4050 inveniat,
759 3983 894 4055 quid
921 3987 1009 4038 est
1036 3983 1186 4055 quod
1215 3999 1398 4054 rogas,
1435 3984 1720 4055 Apostole,
1806 3979 1931 4035 labe
1958 3979 2238 4050 generari.

165 4071 212 4118 ut
226 4067 491 4128 abundent
519 4069 743 4144 magis?
770 4071 984 4127 scilicet
1009 4071 1068 4126 in
1089 4071 1381 4140 charitate,
1407 4073 1477 4127 de
1496 4087 1608 4144 qua
1635 4089 1728 4126 sua
1875 4069 2148 4124 Nolumus
2169 4073 2356 4123 autem
2375 4085 2465 4124 vos
2483 4072 3064 4139 ignorare,/‘ratres,de
3081 4076 3406 4134 dormienti-

163 4157 314 4223 perius
337 4159 590 4217 dixeras:
616 4162 690 4216 De
700 4162 973 4216 charitate
991 4165 1178 4215 autem
1203 4162 1582 4228 fraternitatis
1611 4177 1724 4216 non
1806 4159 1922 4225 bus,
1941 4163 2004 4212 ut
2019 4174 2132 4212 non
2151 4159 2274 4212 sitis
2294 4161 2474 4212 tristes
2487 4161 2630 4212 sicut
2649 4164 2698 4213 et
2708 4163 2889 4214 caeteri
2895 4163 2997 4230 qui
3005 4178 3152 4232 spem
3175 4180 3286 4220 non
3299 4167 3402 4222 ha-

166 4257 328 4301 necesse
353 4248 625 4304 habemus
660 4251 896 4304 scribere
923 4251 1089 4315 vobis,
1120 4254 1180 4303 et
1225 4249 1358 4320 quid
1386 4265 1610 4304 necesse
1639 4254 1726 4304 est
1807 4246 2364 4317 bent.(Ambr.)Bene
2375 4246 2508 4318 quia
2522 4264 2633 4324 non
2652 4247 2943 4303 tristitiam
2958 4250 3406 4317 ademit,sedim-

165 4335 210 4384 ut
229 4333 383 4399 diuis,
411 4358 438 4390 ε(
461 4355 736 4410 rogamus
754 4355 870 4404 vos,
903 4342 969 4392 ut
997 4337 1295 4392 abundetis
1331 4337 1530 4408 magis,
1567 4358 1593 4389 υ
1629 4338 1724 4410 qui
1740 4381 1788 4410 η
1806 4351 2062 4390 mensam
2081 4352 2206 4390 eam
2219 4351 2341 4390 esse
2357 4334 2660 4406 prohibuit,
2679 4336 3268 4407 comparationem,vel
3287 4361 3405 4400 ma-

164 4435 300 4491 δαρει-
319 4426 419 4480 hac
446 4445 531 4493 re,
547 4444 624 4482 ne
637 4427 806 4482 scribi
837 4427 1065 4498 quidem
1085 4425 1192 4482 sibi
1207 4426 1420 4498 aliquid
1448 4425 1720 4498 indigent,
1741 4423 1788 4440 "
1805 4424 1953 4479 xime
1975 4423 2418 4479 adversariorum
2435 4423 2508 4478 ad
2524 4424 2918 4479 verecundiam
2931 4441 3024 4480 eos
3045 4426 3405 4498 devotans,eo

165 4523 264 4566 cum
289 4515 598 4584 pmsertim
617 4521 675 4571 et
699 4515 908 4571 inferas
935 4531 1164 4570 causam
1183 4514 1252 4571 ob
1283 4531 1452 4587 quam
1469 4515 1575 4570 hoc
1602 4515 1726 4588 ipso

164 4611 252 4652 non
267 4611 477 4672 egeant,
491 4606 708 4672 dicens,
722 4607 830 4674 ipsi
847 4607 1000 4659 enim
1028 4621 1119 4659 vos
1145 4621 1182 4659 a
1209 4607 1313 4660 Deo
1341 4606 1486 4658 docti
1513 4607 1727 4670 estis,ut

166 4683 373 4754 diligatis
403 4696 684 4748 invicem?
721 4692 975 4748 Tertium
1013 4709 1236 4765 quoque
1280 4693 1466 4763 majus
1495 4692 1726 4763 adjicias

166 4777 282 4840 (11³οά
306 4796 414 4836 non
434 4783 626 4837 solum
649 4798 687 4836 a
715 4781 953 4836 Domino
979 4783 1126 4837 docti
1154 4781 1286 4848 sint,
1331 4797 1525 4836 verum
1553 4781 1726 4836 etiam

168 4867 440 4937 compleant
456 4887 652 4943 Opere,
665 4886 788 4942 qua
805 4870 1112 4926 docentur?
1127 4870 1335 4925 etenim
1353 4872 1540 4938 facitis
1557 4871 1721 4937 illud,

166 4949 328 5022 inquit,
357 4974 472 5014 non
496 4960 564 5014 in
583 4975 696 5014 uno
726 4959 812 5014 vel
829 4957 1066 5026 duobus,
1080 4959 1178 5013 sed
1209 4962 1274 5013 in
1291 4975 1478 5014 omnes
1493 4960 1719 5027 fratres,

166 5042 308 5097 necin
341 5053 562 5102 vestros
587 5047 982 5103 tantummodo
1011 5047 1176 5114 cives,
1199 5047 1286 5102 vel
1314 5053 1496 5114 notos,
1531 5047 1630 5102 sed
1658 5051 1723 5102 in

164 5133 383 5190 uniuersa
395 5138 739 5192 Macedonia.
753 5135 856 5192 Dic
877 5136 1052 5208 igitur
1066 5135 1296 5192 tandem
1318 5135 1450 5208 quid
1475 5142 1562 5192 est
1575 5137 1720 5208 quod

165 5220 416 5293 lalitopere
440 5225 554 5280 hoc
587 5225 928 5298 pmmittis?
964 5224 1172 5282 iterum
1212 5224 1419 5281 infert:
1454 5225 1724 5293 Rogamus

163 5311 312 5363 Cutem
324 5329 434 5380 eos,
450 5315 682 5382 fratres,
695 5320 760 5368 ut
776 5315 1071 5370 abundetis
1084 5314 1358 5382 magis.Et
1366 5314 1456 5368 vix
1465 5313 1723 5384 aliquan-

165 5389 220 5446 do
243 5395 295 5452 in
315 5399 372 5454 id
399 5402 558 5474 quod
585 5403 718 5458 olim
747 5401 1088 5458 moliebatur
1113 5401 1378 5474 erumpit,
1409 5407 1460 5456 et
1503 5418 1724 5472 operam

167 5480 288 5554 detis,
315 5495 376 5544 ut
405 5494 589 5560 quieti
607 5495 746 5546 sitis.
783 5491 936 5547 Dixit
961 5492 1207 5564 primam
1245 5507 1494 5559 causam,
1523 5489 1727 5546 deinde

171 5567 307 5632 “ut
328 5579 656 5648 secundum,
689 5586 755 5636 et.
776 5585 840 5636 ut
877 5585 1059 5637 uestra
1087 5583 1308 5649 negotia
1349 5582 1547 5648 agatis.
1596 5579 1727 5634 Ter-

373 5679 644 5744 Ριποι.
660 5678 860 5766 ⁹(ΞΧΙΙ.

1809 4513 1957 4584 quod
1977 4513 2060 4567 illi
2072 4529 2186 4568 non
2203 4511 2414 4566 habent
2433 4528 2590 4583 spem
2609 4530 2620 4564 :
2643 4511 2852 4566 etenim
2872 4518 2996 4575 erat
3006 4513 3402 4577 inconveniens

1807 4607 1874 4656 ut
1886 4601 1966 4656 illi
1990 4600 2085 4673 qui
2100 4606 2228 4672 post
2246 4605 2485 4654 mortem
2500 4599 2736 4654 meliora
2747 4601 3009 4671 praesenti
3021 4605 3195 4660 statui
3213 4623 3406 4682 exspe-

1807 4695 1980 4758 ctant,
2014 4690 2085 4744 ad
2114 4689 2540 4744 similitudinem
2571 4688 2796 4743 illorum
2825 4689 3123 4746 tristentur
3149 4695 3245 4766 qui
3263 4699 3405 4756 nihil

1807 4779 2050 4850 amplius
2061 4782 2436 4850 postmortem
2455 4776 3006 4848 exspectant,deinde
3017 4786 3074 4835 et
3089 4782 3160 4837 de
3179 4783 3291 4841 illis
3311 4789 3405 4861 qui

1807 4867 1867 4923 in
1901 4884 2000 4939 spe
2036 4873 2171 4922 sunt
2211 4865 2343 4921 dicit
2378 4883 2389 4918 :
2443 4867 2508 4922 Si
2545 4867 2820 4920 credimus
2867 4869 3011 4937 quod
3053 4873 3207 4927 Jesus
3249 4893 3402 4932 mor-

1809 4962 1938 5011 tuus
1965 4960 2063 5018 est,
2095 4960 2144 5010 et
2180 4957 2505 5020 resurrexit,
2535 4956 2615 5009 sic
2642 4959 2690 5008 et
2729 4956 2869 5010 Deus
2911 4960 3012 5028 qui
3047 4960 3399 5020 dormierunt

1799 5047 2094 5115 perJesum
2109 5045 2340 5098 adducet
2361 5059 2488 5098 cum
2506 5059 2581 5097 eo.
2593 5043 2802 5114 (Greg.)
2825 5043 2973 5108 Quid
2989 5051 3076 5100 est
3092 5050 3240 5119 quod
3253 5069 3398 5124 ριιω-

1805 5133 2023 5198 dicatur
2049 5132 2309 5204 egregius
2319 5136 2559 5186 mortem
2580 5131 2804 5188 Domini
2815 5139 3055 5188 mortem
3065 5143 3399 5206 vocat,mor.

1805 5228 1921 5278 tem
1931 5238 2220 5278 servorum
2229 5219 2451 5276 Domini
2461 5236 2575 5276 non
2585 5226 2824 5276 mortem
2839 5221 2936 5277 sed
2946 5238 3207 5281 somnum
3223 5233 3401 5289 nomi.

1805 5318 1936 5369 nat:
1972 5311 2082 5366 nisi
2111 5310 2246 5384 quia
2263 5309 2489 5364 inﬁrma
2513 5309 2684 5364 corda
2701 5309 3053 5366 audientium
3073 5317 3397 5392 respiciens,

1807 5401 2282 5456 medicamentum
2301 5397 2713 5470 praedicationis
2731 5415 2845 5454 suae
2873 5399 3020 5454 mira
3037 5407 3161 5458 arte
3180 5422 3402 5482 compo-

1807 5489 1912 5558 nit,
1936 5494 1995 5545 et
2009 5488 2171 5544 illum
2198 5504 2367 5560 quem
2377 5487 2502 5558 jam
2517 5487 2887 5543 resurrexisse
2905 5498 3138 5546 noverat
3161 5495 3244 5554 eis
3256 5515 3402 5560 mor.

1808 5585 1972 5635 tuum
1999 5577 2288 5638 insinuare
2312 5591 2428 5630 non
2451 5575 2676 5632 dubitat
2701 5595 2716 5630 :
2750 5582 2846 5632 eds
2873 5593 3005 5633 vero
3033 5581 3134 5655 qui
3159 5589 3400 5648 necdum

3085 5684 3164 5743 18
