3866 6158
469 300 574 364 555
1054 298 1122 359 B.
1158 281 1432 355 RABANI
1468 289 1702 353 MAURI
1745 291 2088 352 ARCHIEP.

2125 291 2452 354 MOGUNT.
2493 293 2794 354 OPERUM
2828 293 3012 356 PARS
3047 289 3147 358 III.
3565 307 3652 368 556

465 427 902 488 resurrexerant,
932 427 997 479 ut
1023 438 1180 493 spem
1209 417 1634 474 resurrectionis
1662 417 1928 485 insinuet,
1943 435 2054 472 non
2073 420 2122 478 A
2137 418 2238 473 dos
2256 420 2680 490 praeclarissime
2701 421 3022 489 ostendunt,
3045 421 3138 478 sed
3165 424 3325 494 queri
3343 426 3469 482 solet
3489 434 3654 488 utrum

467 521 736 580 mortuos,
755 511 852 566 sed
880 511 1222 566 dormientes
1240 514 1418 589 vocat.
1442 509 1568 562 Non
1596 507 1747 562 enim
1768 507 2064 564 verebatur

466 601 650 658 dicere
676 605 984 668 mortuum,
1014 616 1182 670 quem
1221 599 1506 654 auditores
1528 598 1650 668 jam
1689 597 2062 661 resurrexisse

463 694 856 762 cognoverant,
889 696 948 746 et
973 689 1272 744 verebatur
1299 687 1486 746 dicere
1513 691 1782 752 mortuos,
1811 703 1950 757 quos
1976 703 2062 739 re-

462 795 692 850 surgere
726 779 814 838 vix
847 777 1167 834 credebant.
1197 778 1438 846 (Ambr.)
1477 775 1536 832 Si
1575 775 1788 832 etenim
1816 793 2062 830 resurre-

462 866 706 928 ctionem
734 867 867 926 Jesu
903 866 1201 934 credimus,
1250 865 1566 927 necessario
1593 863 1862 920 debemus
1898 869 1956 920 et
1991 863 2062 918 de

459 955 868 1017 dormientibus
908 956 1157 1024 credere,
1199 955 1468 1027 quoniam
1502 958 1561 1008 et
1601 953 1728 1010 illos
1769 951 2064 1011 suscitabit

458 1061 562 1118 per
587 1047 798 1114 Jesum,
822 1045 904 1104 ita
936 1051 1000 1100 ut
1029 1049 1086 1102 et
1119 1044 1234 1102 sint
1263 1061 1393 1102 cum
1435 1059 1531 1110 eo;
1582 1042 1688 1100 hoc
1730 1042 1882 1100 enim
1907 1041 2088 1118 dicit,

459 1135 691 1194 adducet
720 1150 849 1190 cum
875 1151 949 1200 eo,
965 1149 1099 1192 nam
1130 1133 1280 1204 quod
1307 1131 1447 1190 dixit
1469 1147 1570 1200 per
1596 1133 1803 1198 Jesum,
1828 1147 2064 1201 sequen-

457 1221 610 1282 tibus
637 1227 723 1282 est
740 1221 1108 1290 reddendum,
1125 1220 1222 1276 ubi
1239 1220 1399 1288 dixit,
1427 1239 1452 1274 (‹
1477 1220 1718 1276 adducet
1745 1236 1876 1276 cum
1906 1237 1992 1274 eo.
2030 1239 2056 1274 υ

463 1311 540 1371 Ut
553 1311 630 1370 sit
648 1311 831 1368 simile
849 1311 932 1368 illi
953 1311 1123 1377 dicto,
1138 1326 1204 1366 eo
1227 1309 1378 1380 quod
1400 1325 1503 1380 per
1521 1309 1808 1366 hominem
1831 1325 1982 1364 mors
2003 1315 2060 1367 et

459 1417 562 1474 per
578 1400 867 1460 hominem
885 1397 1224 1456 resurrectio
1243 1404 1614 1462 mortuorum,
1622 1403 1680 1451 et
1697 1395 1937 1467 intelligi
1957 1397 2057 1452 de-

460 1487 555 1548 bet
569 1489 836 1562 quoniam
845 1488 984 1559 perJ
991 1502 1150 1544 esum
1169 1485 1444 1557 prostabit
1451 1491 1509 1540 et
1519 1484 1678 1539 nobis
1690 1485 2057 1542 resurrectio-

459 1594 609 1644 nem,
633 1582 830 1648 utpote
844 1577 1046 1634 horum
1069 1575 1230 1632 nobis
1249 1591 1420 1630 causa
1440 1573 1734 1631 existente.
1761 1575 2061 1632 Intenden-

461 1667 597 1724 dum
618 1683 750 1722 vero
768 1671 854 1722 est
873 1665 955 1722 illi
977 1664 1080 1731 rei,
1114 1663 1379 1734 quoniam
1408 1663 1479 1718 de
1507 1663 1536 1717 ,Ι
1543 1679 1642 1718 esu
1669 1663 1880 1729 dicens,
1912 1679 2060 1718 mor-

2144 507 2244 573 illi,
2272 525 2412 580 quos
2437 509 2527 562 hic
2563 509 2812 564 viventes
2832 510 3156 580 inventurus
3183 517 3262 568 est
3281 513 3523 582 Christus,
3543 533 3659 588 quo-

2143 613 2270 652 rum
2290 614 2588 666 personam
2619 599 2680 652 in
2708 615 2768 654 se
2797 605 2965 670 atque
2994 599 3116 656 illos
3149 601 3238 671 qui
3257 606 3380 656 tunc
3405 619 3568 660 secum
3595 606 3664 662 vi-

2140 685 2364 752 vebant,
2393 688 2838 758 transﬁgurabat
2853 690 3172 760 Apostolus,
3188 707 3456 762 nunquam
3479 694 3670 752 omnino

2143 775 2402 830 morituri
2431 775 2564 844 sint,
2599 793 2674 832 an
2710 777 2830 848 ipso
2853 778 3118 850 temporis
3135 786 3328 850 puncto
3351 796 3452 850 quo
3470 798 3582 837 cum
3602 799 3669 838 re-

2143 863 2504 934 surgentibus
2527 865 2822 936 rapientur
2841 866 2900 921 in
2932 866 3168 924 nubibus
3186 867 3393 926 obviam
3413 869 3607 926 Christo
3625 869 3674 927 in

2141 968 2293 1019 aera,
2334 953 2405 1008 ad
2455 953 2941 1011 immortalitatem
2981 973 3082 1028 per
3110 961 3338 1013 mortem
3362 957 3494 1015 mira
3519 958 3676 1016 celeri-

2141 1046 2260 1100 tate
2303 1042 2644 1100 transibunt.
2687 1045 2883 1116 Neque
2927 1045 3078 1102 enim
3131 1045 3418 1103 dicendum
3467 1053 3545 1104 est
3578 1047 3679 1104 fieri

2143 1147 2256 1189 non
2287 1148 2469 1202 posse,
2505 1139 2570 1190 ut
2594 1133 2730 1190 dum
2759 1151 2864 1206 per
2889 1151 3024 1191 aera
3061 1134 3121 1190 in
3149 1134 3377 1192 sublime
3403 1141 3675 1206 portantur,

2140 1217 2199 1272 in
2243 1218 2340 1274 illo
2387 1221 2569 1290 spatio
2617 1227 2675 1276 et
2718 1222 3034 1278 moriantur
3072 1229 3130 1279 et
3163 1223 3517 1280 reviviscent:
3559 1223 3682 1294 quod

2139 1306 2290 1365 enim
2312 1309 2412 1377 ait,
2443 1315 2492 1364 et
2513 1313 2595 1366 ita
2617 1326 2826 1380 semper
2857 1328 2988 1366 cum
3019 1313 3249 1370 Domino
3263 1314 3477 1375 erimus,
3499 1327 3600 1369 non
3619 1312 3684 1367 sic

2139 1395 2526 1467 accipiendum
2563 1404 2667 1464 est,
2695 1405 2968 1470 tanquam
3001 1399 3062 1456 in
3081 1416 3213 1456 aere
3245 1399 3439 1456 dixerit
3456 1415 3547 1456 nos
3563 1415 3684 1454 samo

2139 1501 2241 1555 per
2268 1503 2398 1542 cum
2425 1487 2666 1542 Domino
2705 1505 2826 1546 esse
2857 1505 3172 1555 mansuros,
3197 1489 3328 1560 quia
3355 1505 3453 1544 nec
3475 1489 3582 1559 ipse
3596 1488 3689 1544 uti-

2141 1590 2250 1645 que
2287 1574 2365 1630 ibi
2399 1575 2669 1644 manebit,
2699 1577 2832 1650 quia
2858 1578 3089 1636 veniens
3117 1577 3452 1634 transiturus
3477 1582 3588 1643 est;
3615 1593 3686 1632 ve-

2140 1663 2318 1718 nienti
2351 1665 2558 1736 quippe
2601 1665 2716 1722 itur
2759 1666 2996 1734 obviam,
3041 1683 3156 1725 non
3200 1667 3484 1723 manenti:
3521 1665 3607 1722 sed
3630 1665 3695 1721 ita

457 1761 622 1812 tuum
640 1754 794 1821 dicit,
821 1770 888 1812 eo
911 1753 1060 1824 quod
1081 1752 1157 1808 ibi
1178 1752 1404 1822 quidem
1424 1751 1606 1806 adhuc
1618 1768 1769 1806 mors
1783 1757 1923 1816 erat,
1957 1741 2123 1811 necB
2139 1767 2268 1808 cum
2299 1753 2539 1808 Domino
2584 1754 2814 1820 erimus,
2849 1755 2905 1810 id
2951 1761 3055 1820 est,
3107 1756 3189 1812 sic
3218 1756 3420 1812 erimus
3461 1753 3692 1810 habentes

463 1843 616 1902 enim
634 1843 822 1900 fuerat
840 1843 1044 1898 soluta.
1060 1842 1180 1899 Hoc
1197 1857 1328 1896 vero
1345 1841 1406 1896 in
1419 1841 1540 1897 loco
1559 1839 1954 1897 dormitionem
1979 1840 2061 1897 div

463 1932 562 2001 xit,
579 1949 646 1990 eo
663 1931 814 2003 quod
829 1931 1085 2002 jamipsa
1095 1946 1248 1986 mors
1269 1935 1393 1984 erat
1401 1929 1603 1996 soluta,
1619 1927 1734 1988 sive
1748 1929 2058 1988 secundum

461 2020 912 2094 promissionem,
936 2019 1051 2074 sive
1084 2018 1393 2076 secundum
1431 2033 1588 2089 Opus,
1615 2019 1836 2088 quando
1863 2024 2056 2076 tamen

463 2111 591 2182 quis
609 2109 750 2170 illud
770 2108 1080 2166 secundum
1098 2107 1390 2179 Christum
1401 2107 1722 2166 examinare
1739 2107 1978 2162 voluerit
1991 2123 2058 2164 ex

459 2199 702 2259 mortuis
715 2201 1105 2268 resurgentem
1127 2215 1140 2263 ;
1163 2202 1222 2252 et
1239 2196 1433 2267 admaj
1441 2212 1604 2252 orum
1625 2195 1903 2252 dictorum
1923 2212 2057 2250 con-

461 2287 838 2349 ﬁrmationem
855 2285 1045 2358 posuit
1054 2302 1215 2342 voces
1239 2285 1346 2350 :Si,
1366 2283 1572 2356 inquit,
1598 2291 1854 2343 mortuus
1874 2285 2060 2340 Chris~

459 2384 553 2438 tus
571 2377 834 2444 surrexit,
861 2381 919 2432 et
947 2375 1090 2433 nihil
1115 2375 1167 2430 ei
1191 2374 1414 2430 obsistit
1459 2375 1530 2428 ad
1565 2374 2056 2442 resurrectionem,

461 2466 710 2538 quiahoc
718 2465 897 2522 voluit
909 2465 1077 2529 Deus,
1095 2470 1153 2518 et
1166 2463 1394 2535 quidem
1408 2463 1670 2534 primitus
1680 2463 1920 2518 necdum
1938 2469 2062 2520 erat

460 2555 648 2611 soluta
675 2571 846 2620 more,
878 2553 1055 2610 multo
1085 2551 1267 2621 magis
1311 2551 1369 2606 in
1395 2551 1558 2607 nobis
1587 2551 1726 2606 illud
1767 2569 1888 2610 esse
1929 2558 2062 2623 post

459 2642 797 2702 solutionem
821 2642 980 2712 justa
1002 2639 1284 2696 credimus
1325 2639 1562 2694 ratione.
1597 2641 1780 2695 Etiam
1819 2647 1876 2697 et
1920 2641 2059 2697 illud

459 2731 868 2792 intendendum
895 2735 998 2796 est,
1027 2729 1296 2799 quoniam
1325 2729 1394 2784 de
1433 2729 1842 2784 resurrectione
1863 2730 2057 2800 dispu-

456 2826 586 2879 tans
595 2818 823 2885 Christi,
837 2817 1236 2874 dormitionem
1251 2817 1720 2874 resurrectionem
1734 2817 2058 2889 relinquens

459 2909 664 2976 dicere,
682 2908 752 2966 de
771 2906 1156 2978 assumptione
1173 2906 1426 2976 disputat
1449 2923 1461 2960 :
1483 2905 1709 2961 evidens
1729 2907 1957 2977 quidem
1973 2912 2060 2966 est

459 2998 728 3071 quoniam
757 2995 1132 3066 assumptioni
1183 2995 1355 3050 etiam
1383 2995 1809 3051 resurrectionis
1839 2995 2055 3054 confes-

2141 1857 2376 1910 corpora
2403 1848 2768 1913 sempiterna,
2801 1843 3140 1916 ubicumque
3163 1861 3295 1900 cum
3321 1843 3414 1900 illo
3441 1842 3697 1902 fuerimus.

2139 1929 2225 1986 Ad
2262 1929 2412 1986 hunc
2449 1937 2638 1986 autem
2688 1949 2938 2000 sensum,
2985 1951 3098 2005 quo
3140 1933 3513 1990 existimemus
3549 1931 3693 1986 etiam

2137 2017 2265 2076 illos
2285 2035 2424 2090 quos
2461 2021 2553 2076 hic
2591 2021 2744 2078 vivos
2759 2022 3095 2080 inventurus
3121 2028 3212 2078 est
3239 2021 3505 2080 Dominus
3528 2019 3584 2074 in
3597 2019 3698 2090 ipso

2140 2123 2310 2178 parvo
2332 2109 2515 2178 spatio
2536 2115 2597 2165 et
2622 2126 2890 2180 passuros
2915 2116 3160 2167 mortem
3188 2116 3246 2166 et
3277 2115 3586 2180 accepturos
3609 2107 3699 2162 imo

2140 2195 2560 2262 mortalitatem,
2603 2197 2723 2268 ipse
2754 2199 3056 2270 Apostolus
3087 2215 3205 2256 non
3233 2198 3451 2254 videtur
3477 2210 3700 2269 agilem.

2139 2282 2236 2340 ubi
2255 2283 2421 2340 dicit:
2459 2289 2528 2342 In
2551 2287 2765 2342 Christo
2786 2303 2972 2344 omnes
2993 2290 3452 2356 viviﬁcabuntur,
3467 2301 3590 2340 cum
3613 2283 3705 2340 alio

2137 2372 2260 2428 loco
2287 2373 2357 2428 de
2379 2373 2503 2444 ipsa
2524 2374 2759 2445 loquens
2785 2377 3206 2434 resurrectione
3231 2389 3527 2448 corporum
3551 2372 3704 2429 dicat:

2146 2463 2225 2516 Tu
2254 2465 2399 2530 quod
2424 2467 2665 2520 semina:
2689 2482 2802 2522 non
2828 2468 3174 2533 vioiﬁeatur,
3207 2468 3326 2520 nisi
3349 2468 3508 2534 prius
3533 2463 3712 2516 moria-

2143 2555 2257 2604 tur.
2293 2550 2532 2620 (Ambr.)
2569 2553 2821 2608 Mortuos
2849 2553 2906 2610 in
2943 2555 3176 2611 Christo
3219 2554 3350 2610 illos
3386 2552 3518 2610 dicit
3557 2550 3644 2620 qui
3665 2554 3714 2605 et

2140 2639 2500 2696 crediderunt
2533 2641 2592 2696 in
2621 2642 2863 2709 Christo,
2889 2648 2948 2698 et
2975 2660 3080 2717 pro
3101 2643 3336 2716 Christo
3361 2641 3562 2698 mortui
3587 2643 3714 2704 sunt,

2141 2744 2281 2798 quos
2303 2745 2596 2800 resurgere
2617 2731 2758 2786 dixit
2777 2731 2990 2802 primos
3009 2733 3183 2788 sicuti
3196 2739 3258 2789 et
3276 2729 3578 2788 Corinthiis
3600 2726 3718 2784 serio

2142 2815 2280 2874 hens
2307 2817 2450 2873 dixit
2479 2821 2530 2886 (I
2556 2820 2678 2874 θον.
2722 2820 2822 2890 xv)
2857 2839 2868 2874 :
2917 2823 3202 2878 Primitiae
3252 2822 3522 2884 Christus,
3555 2816 3724 2874 deinde

2140 2905 2202 2960 hi
2225 2909 2328 2974 qui
2353 2911 2486 2962 sunt
2505 2909 2736 2974 Christi,
2765 2911 2867 2977 qui
2891 2911 3204 2966 adventum
3233 2914 3356 2979 eius
3375 2908 3721 2969 crediderunt.

2137 2995 2332 3050 deinde
2350 2998 2500 3062 ﬁnis.
2515 2996 2882 3054 Velocitan
2902 3014 3030 3052 vero
3048 2997 3498 3056 resurrectionis
3511 2991 3730 3050 ostendit

459 3087 544 3146 sio
573 3085 648 3142 sit
671 3087 989 3156 conjuncta.
1028 3085 1172 3140 Nam
1213 3083 1284 3140 de
1315 3083 1426 3138 illis
1467 3100 1591 3154 quas
1635 3085 2054 3155 supereminere
2073 3085 2117 3145 Ο
2136 3083 2599 3140 evidenteri'nilla
2618 3086 2870 3158 Epistola
2881 3087 3099 3144 dicens.
3115 3091 3189 3146 In
3211 3091 3511 3154 momento,
3539 3089 3599 3140 in
3625 3086 3724 3138 ictu

455 3174 790 3236 videbantur
803 3173 984 3244 magis
994 3173 1165 3230 eosin
1180 3172 1442 3244 praesenti
1459 3173 1684 3242 negotio
1695 3174 1934 3231 suadere
1953 3174 2052 3230 de—

455 3269 739 3338 properat,
771 3263 920 3334 quod
945 3269 1003 3322 et
1028 3261 1198 3322 latius
1219 3261 1502 3333 explicans
1530 3261 1850 3319 futurorum
1870 3268 2054 3320 osten~

453 3353 538 3414 dit
563 3352 1048 3424 magnitudinem:
1075 3353 1182 3410 Hoc
1205 3355 1354 3408 enim
1369 3353 1608 3408 dicimus
1637 3353 1784 3408 vobis
1813 3354 1876 3404 in
1894 3353 2052 3408 verba

455 3446 700 3502 Domini.
731 3442 883 3502 Bene
911 3440 1101 3512 posuit
1127 3443 1192 3498 in
1222 3441 1382 3497 verbo
1411 3441 1658 3506 Domini,
1688 3441 1795 3496 hoc
1823 3447 1926 3505 est,
1957 3457 2051 3496 se-

727 3530 1126 3590 revelationem
1157 3545 1280 3600 quae
1309 3529 1369 3586 in
1417 3529 1742 3604 operatione
1771 3529 1962 3586 divina
1989 3531 2048 3590 in

453 3622 616 3682 nobis
635 3621 788 3682 facta
813 3637 938 3679 esse
974 3619 1216 3684 videtur,
1245 3633 1349 3677 nec
1377 3617 1529 3675 enim
1579 3625 1702 3677 erat
1725 3619 1794 3676 de
1842 3618 2052 3679 futuris

451 3711 660 3772 dicenti
689 3710 741 3770 ei
768 3709 997 3769 credere
1024 3708 1072 3764 si
1111 3724 1227 3766 non
1259 3706 1391 3765 inde
1438 3706 1638 3766 fuisset
1684 3714 1742 3765 et
1781 3707 1994 3766 dictum
2027 3727 2039 3768 :

453 3802 728 3869 Quoniam
743 3816 840 3858 nos
853 3802 953 3867 qui
964 3799 1223 3863 vivimus,
1244 3797 1344 3865 qui
1369 3797 1856 3865 subrelinquimur
1875 3799 2050 3856 inad-

448 3895 616 3948 υεηιιι
643 3890 890 3947 Domini.
925 3886 1087 3950 Quod
1112 3884 1256 3942 dixit
1283 3901 1400 3950 nos,
1432 3900 1546 3940 non
1575 3885 1646 3943 de
1672 3903 1753 3952 se,
1774 3903 1956 3957 neque
1975 3887 2048 3945 de

446 3977 575 4043 illis,
609 3977 705 4047 qui
735 3976 794 4029 in
823 3975 1084 4046 pmsenti
1095 3974 1211 4028 vita
1229 3979 1365 4027 tunc
1389 3973 1745 4030 habebantur
1762 3975 1918 4041 dicit,
1945 3977 2044 4033 sed

447 4067 518 4122 de
545 4065 658 4122 illis
691 4063 967 4131 ﬁdelibus,
1003 4063 1100 4134 qui
1119 4068 1256 4120 tunc
1281 4063 1482 4119 victuri
1509 4068 1662 4129 sunt,
1695 4065 1920 4134 quando
1947 4082 2039 4120 re-

448 4158 723 4214 surrectio
769 4157 857 4210 est
883 4152 1110 4218 futura;
1145 4167 1239 4206 nos
1267 4151 1426 4218 dixit,
1459 4151 1564 4205 hoc
1593 4157 1698 4218 est,
1731 4153 1945 4220 ﬁdeles,
1973 4171 2040 4208 eo

450 4243 599 4316 quod
625 4248 684 4300 et
709 4242 830 4312 ipse
861 4240 990 4298 talis
1017 4245 1158 4305 erat,
1192 4245 1250 4294 et
1279 4239 1352 4295 ad
1378 4240 1522 4296 tales
1549 4239 1844 4296 scribebat.
1881 4242 2042 4298 Unde

2135 3175 2302 3239 oculi,
2321 3175 2384 3227 in
2401 3178 2702 3230 novissima
2733 3177 2882 3242 tuba,
2907 3181 3064 3234 canet
3090 3181 3255 3235 enim
3279 3179 3432 3242 tuba,
3467 3181 3516 3230 et
3543 3171 3731 3228 mortui

2134 3267 2422 3331 resurgant
2442 3266 2778 3332 incorrupti,
2795 3271 2844 3321 et
2864 3283 2958 3320 nos
2980 3268 3456 3323 immutabimur.
3479 3265 3597 3321 Hoc
3611 3275 3729 3330 emo

2131 3355 2190 3406 et
2217 3349 2276 3404 in
2305 3351 2409 3405 hoc
2430 3351 2552 3410 loco
2587 3351 2744 3418 dicit,
2783 3353 3048 3428 quoniam
3075 3355 3400 3414 descendet
3429 3351 3652 3426 quidem
3673 3348 3734 3405 de

2131 3439 2271 3497 coelo
2308 3440 2567 3498 Christus
2603 3457 2734 3498 cum
2774 3441 2912 3499 tuba
2938 3443 3214 3510 terribili,
3249 3450 3313 3500 et
3348 3460 3486 3500 voce
3513 3440 3735 3513 quadam

2130 3543 2338 3598 ωαεηα
2385 3533 2520 3588 tunc
2567 3537 2976 3602 perstrepente,
3015 3533 3352 3590 secundum
3387 3531 3636 3589 divinam
3659 3527 3735 3584 in~

2128 3617 2603 3687 operationem;ut
2611 3619 2785 3676 moris
2799 3620 3108 3688 est,tubam
3121 3629 3438 3694 nuncupat
3455 3620 3738 3687 archange-

2128 3705 2245 3760 lum
2260 3707 2668 3776 prmcedentem
2678 3713 2736 3764 et
2747 3709 3179 3780 praecipientem
3191 3710 3487 3767 omnibus:
3510 3707 3736 3775 Surgite.

2127 3795 2354 3852 Jussum
2381 3812 2512 3853 vero
2529 3803 2690 3854 vocat
2706 3814 2900 3855 vocem
2917 3799 3190 3870 ejusdem
3219 3798 3582 3870 archangeli.
3620 3793 3740 3866 qui“

2105 3881 2291 3952 ‘dioet,
2324 3883 2566 3954 Surgite.
2617 3885 2721 3944 His
2747 3893 2942 3944 autem
2967 3887 3050 3944 ita
3093 3889 3332 3948 aifectis
3361 3888 3564 3946 omnia
3589 3887 3742 3942 amnt

2124 3974 2539 4044 compendiosa,
2584 3975 2664 4030 ita
2694 3982 2760 4030 ut
2785 3976 2868 4034 illi
2915 3977 3015 4048 qui
3041 3993 3154 4048 pro
3199 3979 3324 4036 ﬁde
3365 3976 3584 4036 mortui
3629 3976 3748 4031 sunt

2122 4061 2338 4132 priores
2371 4065 2585 4122 casteria
2629 4071 2946 4136 resurgant,
2989 4071 3048 4122 et
3081 4083 3230 4124 cum
3290 4067 3416 4125 illis
3477 4063 3746 4125 ﬁdelibus

2121 4150 2218 4220 qui
2241 4156 2377 4208 tunc
2404 4153 2466 4208 in
2492 4155 2606 4208 vita
2634 4155 2737 4210 hac
2771 4154 3146 4211 inveniuntur
3159 4173 3355 4228 super
3382 4156 3569 4214 nubes
3601 4149 3751 4226 quini

2121 4239 2457 4310 quibusdam
2485 4243 2752 4300 vehiculis
2786 4243 2934 4315 rapti
2973 4243 3303 4312 ducantur,
3321 4247 3388 4303 in
3411 4261 3628 4309 aerem,
3657 4239 3750 4296 ob-

447 4339 506 4388 et
535 4331 760 4403 adimit,
791 4333 892 4400 qui
917 4331 1402 4396 subreiinquimur
1430 4331 1495 4383 in
1521 4331 1760 4384 adventu
1792 4331 2037 4400 Domini,
2055 4328 2269 4426 Dviam
2291 4331 2550 4398 Domino,
2576 4331 2657 4386 ita
2675 4337 2741 4386 ut
2763 4333 2878 4388 sint
2905 4349 3138 4403 semper
3159 4352 3310 4393 cum
3346 4333 3620 4394 Domino.
3651 4330 3753 4385 Va—

445 4422 746 4483 oetendena
793 4419 1061 4492 quoniam
1105 4433 1220 4474 non
1255 4417 1326 4472 de
1353 4417 1467 4473 illis
1497 4417 1593 4489 qui
1619 4419 1668 4488 ej
1677 4435 1741 4473 us
1787 4424 2042 4491 tempore

442 4511 703 4573 vivebant
739 4508 892 4574 dicit,
941 4507 1039 4563 sed
1068 4507 1140 4563 de
1175 4506 1287 4563 illis
1332 4507 1428 4577 qui
1467 4506 1531 4562 in
1555 4509 2040 4568 consummatione

443 4607 578 4658 sunt
601 4600 822 4658 victuri.
855 4599 980 4655 Non
999 4599 1398 4667 prmniemus
1425 4597 1778 4664 domnientas,
1805 4599 1926 4654 vult
1952 4599 2042 4654 di-

441 4705 592 4756 cere,
625 4689 894 4760 quoniam
936 4683 1190 4758 tempore
1235 4685 1638 4756 assumptionls
1667 4685 1793 4742 illos
1823 4688 2038 4755 ﬁdeles,

444 4776 542 4848 qui
565 4777 686 4848 iam
713 4780 848 4831 mut
873 4764 1100 4842 mortui,
1133 4775 1216 4830 illi
1243 4774 1342 4846 qui
1361 4780 1499 4829 tunc
1526 4773 1589 4829 in
1612 4773 1726 4830 vita
1750 4774 2040 4832 inveniam

439 4871 536 4922 tur
559 4881 674 4922 non
702 4863 1061 4936 pmvenient,
1105 4865 1253 4936 quod
1293 4863 1606 4920 evidentius
1643 4863 1900 4920 indicem
1935 4865 2039 4921 ad-

433 4955 585 5026 jicit:
619 4955 894 5023 Quoniam
918 4955 1032 5023 ipse
1067 4955 1338 5008 Dominus
1365 4956 1430 5007 in
1465 4957 1653 5022 jussu,
1685 4957 1750 5008 in
1779 4970 1898 5009 voco
1925 4956 2037 5009 Ar-

438 5046 709 5120 cthi,
739 5048 792 5100 et
819 5045 882 5097 in
905 5044 1036 5097 tuba
1055 5043 1154 5102 Dei
1169 5043 1446 5097 descendet
1471 5043 1534 5096 de
1553 5045 1698 5109 cisio,
1723 5047 1774 5096 et
1801 5045 2032 5112 mortui,

439 5137 538 5206 qui
565 5136 632 5193 in
659 5133 873 5190 Christo
896 5136 1046 5196 sunt,
1079 5135 1382 5199 resurgunt
1406 5133 1680 5200 primum,
1711 5132 1906 5186 deinde
1935 5148 2034 5186 nos

437 5225 536 5291 qui
552 5224 814 5288 uiuimus,
833 5222 934 5290 qui
949 5221 1453 5288 subrelinquimur,
1466 5221 1638 5274 simul
1649 5235 1778 5274 cum
1796 5223 1914 5275 illis
1937 5236 2034 5275 ra.

434 5313 660 5380 piemur
683 5313 750 5365 in
777 5311 1018 5365 nubibus
1049 5309 1265 5363 obuiam
1289 5309 1524 5362 Domino
1549 5311 1613 5362 in
1639 5324 1844 5374 «πονε-ηπ,
1875 5314 1928 5363 et
1953 5313 2036 5366 sic

437 5413 646 5468 ωηψον
659 5413 788 5454 cum
813 5400 1053 5454 Domino.
1068 5399 1300 5451 erimus.
1331 5393 1517 5468 (Aug.)
1550 5397 1680 5452 Hac
1697 5396 1869 5451 verba
1893 5413 2030 5470 apo-

435 5486 634 5548 stolica
651 5479 1120 5543 resurrectionem
1139 5490 1496 5541 mortuorum
1513 5485 1783 5554 futuram,
1807 5487 2034 5559 quando

436 5573 2036 5649 «summumne-minem

2121 4417 2296 4472 lidam
2341 4426 2532 4476 autem
2577 4425 2635 4477 et
2663 4421 2900 4476 nimiam
2944 4422 3185 4480 illorum
3223 4441 3364 4480 esse
3411 4423 3755 4479 velocitatem

2121 4507 2423 4565 insinuavit
2449 4526 2574 4579 quae
2601 4515 2737 4567 tunc
2774 4516 2960 4577 erunt,
2989 4511 3302 4582 siquidem
3327 4512 3584 4571 Domino
3603 4507 3757 4566 Chri-

2121 4600 2207 4651 sto
2237 4603 2543 4668 apparente
2563 4599 2633 4653 de
2660 4599 2819 4664 coelo,
2861 4605 2919 4654 et
2964 4599 3105 4654 tuba
3146 4609 3438 4667 sonante,
3465 4607 3528 4660 et
3569 4597 3759 4668 angelo

2121 4685 2420 4752 clamante,
2458 4687 2693 4755 Surgite,
2732 4687 2812 4744 sic
2838 4687 3032 4745 omnia
3061 4691 3477 4760 expediantur
3513 4700 3765 4761 compen-

2120 4773 2296 4841 diose,
2325 4780 2390 4831 ut
2418 4775 2632 4845 pariter
2671 4782 2730 4832 et
2761 4779 2971 4834 mortui
3000 4787 3358 4850 resurgant,
3395 4787 3462 4837 et
3498 4779 3607 4834 vivi
3643 4790 3766 4832 om

2119 4861 2230 4918 illis
2249 4863 2754 4936 rapiantur,neque
2770 4865 3080 4936 pmvenire
3088 4867 3236 4926 illos
3263 4869 3439 4926 ultra
3453 4869 3728 4942 poterunt
3749 4881 3762 4917 ε

2119 4951 2198 5006 sic
2240 4952 2504 5010 omnibus
2545 4953 2714 5010 simul
2751 4954 2812 5011 in
2859 4954 3106 5027 idipsum
3143 4957 3434 5017 divinam
3463 4957 3770 5031 quamda-

2119 5046 2176 5098 et
2216 5041 2524 5100 terribilem
2575 5041 3024 5115 inaperationem
3069 5045 3338 5104 eﬂ‘ectis.
3395 5047 3654 5107 Evidena
3687 5045 3776 5100 est

2115 5135 2309 5188 autem
2333 5137 2393 5186 et
2413 5131 2574 5199 illud,
2608 5133 2878 5204 quoniam
2921 5134 3154 5208 quando
3195 5136 3382 5206 dicit,
3407 5157 3438 5193 α
3467 5135 3690 5196 mortui
3715 5133 3774 5188 in

2117 5219 2340 5275 Christo
2367 5226 2666 5292 resurgant
2699 5221 2967 5293 primum,
3003 5243 3028 5277 ι
3059 5239 3189 5282 non
3215 5226 3302 5282 ad
3328 5222 3776 5298 interceptam

2115 5325 2246 5366 nem
2271 5309 2498 5366 illorum
2515 5309 2656 5366 dicit
2665 5311 2951 5381 justorum
2973 5311 3070 5383 qui
3101 5319 3261 5369 ante
3283 5316 3528 5373 Christi
3567 5315 3776 5372 adven-

2112 5403 2236 5454 tum
2282 5405 2572 5465 venerunt,
2607 5400 2732 5456 ﬁeri
2767 5401 2922 5456 enim
2956 5406 3148 5473 potest
3183 5409 3264 5460 ut
3308 5405 3368 5461 ia
3401 5406 3512 5478 qui
3545 5403 3774 5461 eviden-

2113 5492 2203 5542 ter
2228 5487 2299 5544 de
2331 5488 2442 5546 illis
2482 5488 2732 5546 Hebreis
2767 5490 3064 5546 scribendo
3089 5491 3352 5550 dixerat
3371 5515 3392 5552 :
3415 5497 3496 5554 Et
3533 5498 3636 5552 isti
3667 5508 3784 5550 oae-

2115 5581 2618 5637 nuin
2656 5581 3782 5658 mummium
