3868 6138
228 329 314 387 ιω

592 307 1170 380 manusuam
1205 321 1286 380 IN
1321 321 1478 382 app.
1519 319 1736 380 PAULI
1771 320 1910 380 LIB.
1950 318 2180 381 ιιι..-
2204 319 2285 380 IN
2320 317 2546 382 EPIST.
2583 309 2634 382 ιζ
2664 321 2762 382 AD
2797 319 3044 384 Tusss.

3347 325 3452 388 558

219 449 595 519 promissionem
619 447 804 510 (Hebr.
830 448 928 514 ιι),
959 445 1076 516 Deo
1119 445 1337 502 scilicet
1377 447 1446 501 de
1473 445 1635 500 nobis
1661 461 1784 498 me-
1798 449 2014 516 AXXVI)
2049 464 2062 499 :
2087 444 2245 502 Sicut
2274 448 2337 500 in
2365 447 2553 502 diebus
2567 446 2677 502 Noe
2691 447 2964 502 ducebant
2981 463 3179 506 uxores
3203 453 3257 508 et
3283 449 3458 508 imbe-

217 539 308 597 lius
331 535 454 607 quid
483 533 846 596 deliberante.
877 539 939 590 ut
961 551 1032 590 ne
1076 534 1196 590 sine
1225 535 1386 590 nobis
1425 551 1780 590 consumma-

218 633 401 686 rentur,
432 639 494 678 ex
521 622 720 694 quibus
770 628 928 694 patet
972 624 1242 694 quoniam
1291 642 1420 680 cum
1451 625 1561 678 illis
1589 629 1648 678 et
1673 623 1778 694 ipsi

221 714 397 770 habent
421 712 821 766 consummari:
857 713 954 765 sed
983 713 1251 782 quoniam
1284 719 1410 784 post
1437 713 1647 768 Christi
1675 711 1777 768 ad—

220 808 412 858 ventum
439 801 546 856 ista
571 799 868 868 scribebat,
893 801 965 856 ad
985 801 1408 858 distinctionem
1437 803 1660 858 illorum
1681 801 1778 871 qui

217 908 308 948 non
332 889 677 948 crediderunt
703 890 1010 957 Christum,
1042 890 1157 946 ista
1183 890 1344 959 dixit,
1370 908 1437 948 eo
1465 891 1614 962 quod
1637 889 1778 961 justi

216 979 294 1050 qui
317 985 440 1035 ante
470 978 774 1036 adventum
807 980 932 1048 ejus
972 979 1223 1045 fuerunt,
1255 984 1531 1050 quantum
1577 977 1781 1034 attinet

213 1068 271 1124 ad
293 1084 398 1132 eos,
419 1067 727 1126 secundum
762 1067 1062 1138 .pr0prium
1115 1073 1340 1139 tempus
1384 1067 1782 1124 laboraverunt

211 1163 260 1214 et
279 1162 490 1228 propter
515 1156 624 1212 hoc
635 1157 796 1226 justa
811 1156 1028 1214 ratione
1044 1174 1176 1212 cum
1193 1157 1306 1214 illis
1325 1155 1776 1228 disputabantur.

211 1246 456 1312 (Ηιὶτιιη.)
485 1245 650 1310 Quod
677 1251 871 1304 autem
919 1246 1148 1316 quidam
1177 1245 1530 1316 interrogant
1557 1245 1627 1300 de
1650 1245 1775 1311 hoc,

207 1334 333 1406 quod
359 1333 490 1392 dicit
515 1334 804 1405 Apostolis
847 1335 906 1390 in
933 1334 1178 1392 adventu
1209 1335 1434 1392 Domini
1476 1333 1779 1390 Salvatoris

207 1423 308 1494 rapi
337 1423 608 1494 quosdam
657 1423 904 1480 viventes
951 1423 1171 1480 obviam
1217 1423 1278 1478 in
1311 1422 1573 1491 nubibus,
1607 1423 1688 1478 ita
1717 1428 1780 1480 ut

207 1529 298 1568 non
315 1512 725 1582 pmvmiantur
739 1512 810 1568 ab
830 1513 918 1568 his
945 1513 1043 1584 qui
1072 1513 1131 1568 in
1161 1513 1384 1568 Christo
1402 1513 1775 1577 dormierunt,

204 1602 473 1672 volantque
503 1617 674 1658 nosse
706 1608 898 1658 utrum
931 1601 1010 1658 sic
1041 1608 1340 1658 occurrant
1366 1602 1425 1660 in
1452 1601 1780 1674 corporibus

204 1697 252 1746 et
285 1706 390 1748 non
437 1696 580 1748 ante
624 1691 961 1758 moriantur,
1026 1707 1156 1748 cum
1185 1697 1244 1748 et
1271 1691 1544 1748 Dominus
1587 1697 1782 1748 noster

1859 537 2013 600 bant,
2046 540 2094 587 et
2132 540 2348 603 repente
2390 538 2537 590 venit
2580 537 2862 590 diluvium
2896 540 2944 590 et
2986 540 3119 592 tulit
3146 554 3352 605 omnes,
3379 542 3460 598 sic

1858 627 1967 680 emt
1985 626 2252 678 adventus
2281 625 2417 678 Filii
2445 625 2707 689 hominis,
2741 623 2943 699 quibus
2971 625 3325 686 sermonibus
3353 644 3459 704 ap-

1859 711 2130 782 probatur
2157 713 2217 768 in
2244 713 2354 768 ﬁne
2400 712 2596 768 mundi
2641 713 2850 770 multos
2887 714 3037 774 vivos
3081 721 3140 772 et
3181 715 3365 774 adhuc
3398 715 3460 774 in

1859 800 2195 872 corporibus
2222 801 2606 875 reperiendus.
2628 802 2900 874 Sequitur
2924 821 2935 856 :
2973 808 3034 860 in
3051 808 3239 876 jussu,
3256 808 3321 862 in
3340 822 3460 864 voce

1860 891 2184 962 archangeli
2199 896 2250 944 et
2279 894 2492 946 mortui
2511 897 2801 962 resurgant
2821 895 3017 964 primi,
3033 899 3088 950 et
3111 892 3216 954 hoc
3231 910 3461 954 rursum

1861 979 2118 1038 Salvator
2144 979 2394 1053 loquitur
2419 979 2481 1038 in
2503 979 2842 1054 Evangelia:
2873 981 3054 1038 Media
3085 987 3273 1038 autem
3309 989 3460 1042 nocte

1861 1085 2088 1138 sponsus
2109 1071 2257 1123 venit
2285 1069 2495 1138 (lbid.),
2528 1069 2624 1140 qui
2650 1068 2848 1142 utique
2866 1069 3114 1126 viventes
3141 1071 3201 1130 in
3227 1088 3461 1150 corpore

1861 1157 2264 1228 deprehendet,
2298 1157 2523 1230 quando
2552 1163 2720 1215 erunt
2747 1159 2858 1213 duo
2894 1161 2959 1212 in
2987 1161 3118 1216 lecto
3153 1175 3286 1228 uno,
3309 1177 3459 1220 unus

1861 1252 2196 1310 assumetur,
2235 1251 2284 1304 et
2323 1249 2476 1304 alius
2523 1249 2876 1320 relinquetur
2907 1266 2922 1300 :
2953 1253 3003 1304 et
3031 1249 3154 1308 dua
3179 1253 3456 1320 metentes,

1863 1351 1980 1390 una
2003 1341 2322 1390 assumetur
2333 1341 2384 1390 et
2411 1338 2530 1392 alia
2551 1339 2902 1408 relinquetur
2924 1337 3135 1403 (Matth.
3151 1339 3462 1416 xxxv),qui-

1861 1423 1967 1481 bus
1993 1423 2162 1480 dictis
2192 1424 2509 1481 ostenditur
2534 1424 2723 1483 medio
2751 1424 2931 1481 noctis
2955 1427 3170 1486 securis
3199 1428 3462 1486 omnibus

1861 1513 2407 1570 consummationem
2433 1513 2635 1570 mundi
2661 1531 2784 1570 esse
2813 1519 3132 1585 venturam,
3156 1522 3221 1572 ut
3235 1517 3316 1574 ait
3341 1517 3464 1578 Ori-

1857 1618 2031 1673 genes
2043 1601 2102 1658 in
2122 1601 2290 1660 tertio
2309 1603 2594 1660 volumine
2617 1604 2950 1660 suo.Deinde
2962 1620 3061 1660 nos
3079 1607 3182 1676 qui
3200 1607 3459 1672 vivimus,

1861 1695 1960 1760 qui
1985 1694 2193 1761 reliqui
2216 1708 2430 1758 sumus,
2460 1695 2634 1747 simul
2653 1709 2778 1748 cum
2807 1695 2924 1746 illis
2953 1707 3243 1764 rapiemur
3267 1696 3330 1750 in
3359 1711 3466 1752 nu-

205 1784 429 1836 mortuus
458 1779 559 1846 sit,
581 1785 656 1835 et~
681 1779 868 1836 Enoch
895 1786 1066 1851 atque
1099 1779 1251 1836 Elias
1289 1779 1603 1836 secundum
1630 1781 1783 1851 Apo—
1802 1780 2018 1844 Bbibus
2050 1782 2266 1836 obviam
2304 1783 2538 1836 Domino
2577 1784 2641 1836 in
2687 1797 2832 1848 aere,
2865 1787 2915 1836 et
2956 1784 3038 1836 ita
3081 1798 3292 1852 semper
3335 1799 3464 1840 cum

203 1867 424 1941 alypsin
452 1868 694 1924 Joannis
730 1869 991 1924 morituri
1019 1887 1142 1925 esse
1170 1870 1450 1934 dicantur,
1471 1886 1541 1926 ne
1572 1869 1784 1924 scilicet

203 1956 325 2014 ullus
351 1957 427 2012 sit
449 1957 560 2028 qui
588 1974 701 2012 non
727 1959 1041 2029 gustaverit
1066 1965 1328 2026 mortem,
1361 1959 1467 2014 hoc
1497 1975 1562 2016 ex
1605 1957 1783 2030 ipsius

201 2045 526 2104 continentia
555 2046 661 2104 loci
690 2046 820 2104 sciri
846 2051 1050 2120 potest.
1085 2047 1249 2112 Quod
1276 2047 1458 2104 sancti
1487 2047 1586 2118 qui
1615 2047 1672 2104 in
1685 2047 1784 2104 ad-

200 2140 342 2192 ventu
367 2135 684 2192 Salvatoris
712 2135 775 2194 in
816 2152 1050 2208 corpore
1093 2136 1306 2196 fuerint
1333 2136 1690 2208 deprehensi,
1722 2137 1782 2192 in

197 2222 371 2280 iisdem
398 2223 734 2296 corporibus
761 2231 1062 2284 coemant
1090 2225 1162 2294 ei,
1189 2225 1272 2284 ita
1298 2231 1490 2284 tarnen
1520 2225 1783 2296 utinglo-

197 2311 320 2369 rium
345 2318 402 2370 et
423 2320 768 2384 corruptum
811 2319 872 2371 et
915 2315 1176 2381 mortale,
1209 2315 1394 2386 gloria
1421 2321 1480 2372 et
1523 2315 1780 2370 incorru-

197 2401 359 2472 ptione
383 2408 444 2460 et
469 2403 912 2462 immortalitate
938 2409 1212 2471 mutetur,
1235 2409 1295 2460 et
1323 2403 1514 2474 qualia
1542 2420 1782 2476 corpora

197 2497 494 2548 sumctun
530 2491 665 2556 sint,
700 2492 758 2548 in
785 2492 956 2550 talem
1001 2492 1378 2550 substantiam
1426 2493 1598 2548 etiam
1628 2492 1778 2548 vivo-

195 2594 300 2634 rum
327 2597 576 2652 corpora
600 2580 1091 2638 ts‘ansformantur.
1107 2582 1266 2638 Unde
1283 2581 1421 2638 dicit
1446 2581 1506 2638 in
1525 2581 1638 2640 alio
1659 2583 1780 2638 loco

193 2669 500 2740 Apostolus:
543 2672 773 2740 Propter
800 2673 948 2740 quod
993 2675 1256 2730 nolumus
1285 2674 1541 2740 spoliari,
1573 2673 1664 2728 sed
1691 2687 1782 2726 su-

192 2761 476 2824 mmatim;
517 2763 586 2815 ut
611 2761 968 2816 absorbeatur
989 2764 1219 2816 mortale
1241 2761 1343 2816 hoc
1359 2776 1396 2815 a
1416 2763 1531 2818 vita
1561 2761 1644 2824 (II
1653 2761 1776 2818 Cor.

196 2850 260 2913 ν),
277 2862 346 2902 ne
371 2847 601 2906 scilicet
613 2863 817 2918 corpus
835 2847 909 2906 ab
925 2848 1117 2906 anitna
1144 2849 1459 2916 deseratur,
1472 2849 1572 2906 sed
1589 2849 1783 2908 anima

191 2934 456 2992 habitam
483 2937 558 2992 in
586 2953 838 3008 corpore,
859 2939 962 2993 ﬁat
977 2937 1270 3010 inclytum,
1299 2938 1449 3010 quod
1461 2945 1595 2996 ante
1607 2938 1782 3008 inglo-

189 3023 316 3080 rium
341 3025 464 3082 fuit.
497 3026 590 3082 De
609 3026 800 3082 Enoch
823 3033 1018 3084 ωωω
1064 3033 1124 3084 et
1168 3027 1291 3086 Elia
1325 3044 1467 3098 quos
1516 3032 1779 3085 venturos

1863 1869 2097 1924 Domino
2120 1871 2352 1924 erimus.
2377 1870 2458 1926 De
2479 1886 2588 1941 quo
2610 1869 2864 1942 quamvis
2894 1869 3152 1944 superior
3175 1871 3367 1928 Acacii
3383 1871 3468 1930 di-

1863 1957 2112 2028 spmatio
2133 1957 2354 2028 plenius
2373 1958 2674 2026 ventilarit,
2692 1963 2885 2014 tamen
2913 1958 3213 2016 dicendum
3233 1966 3320 2018 est
3329 1961 3466 2034 quid

1863 2045 2121 2102 videatur
2173 2046 2318 2114 aliis,
2376 2045 2667 2104 Theodoro
2713 2045 2990 2114 videlicet,
3028 2049 3378 2122 Appollinari
3407 2055 3466 2108 et

1863 2133 2128 2202 Diodoro,
2162 2135 2260 2207 qui
2291 2152 2462 2192 unam
2489 2141 2808 2208 sequuntur
2827 2135 3191 2205 sententiam,
3222 2155 3465 2212 quorum

1861 2223 2139 2282 Diodorus
2161 2225 2281 2282 hanc
2299 2225 2550 2297 scripsit:
2570 2224 2842 2282 Residuos
2861 2229 3032 2298 atque
3045 2225 3293 2283 viventes
3311 2227 3462 2284 Pau-

1859 2313 1951 2368 lus
1979 2313 2266 2384 apostolus
2293 2319 2469 2381 vocat,
2499 2330 2613 2370 non
2639 2313 2790 2386 quod
2820 2313 2955 2368 velit
2979 2313 3218 2384 intelligi
3242 2321 3301 2371 et
3323 2333 3386 2374 se
3405 2321 3465 2372 et

1860 2401 2003 2456 alios
2029 2401 2457 2460 resurrectionis
2485 2401 2546 2460 in
2573 2419 2805 2478 corpore
2825 2402 3203 2478 reperiendos,
3229 2404 3332 2460 sed
3359 2421 3462 2462 nos

1859 2491 2020 2558 dixit,
2047 2507 2153 2564 pro
2179 2508 2266 2560 eo,
2283 2491 2434 2564 quod
2451 2497 2538 2546 est
2559 2492 2764 2562 justos,
2781 2491 2851 2548 de
2867 2508 3108 2565 quorum
3137 2498 3196 2547 et
3213 2509 3316 2564 ego
3334 2509 3464 2550 sum

1861 2595 2099 2636 numero
2118 2599 2131 2636 :
2156 2580 2264 2653 ipsi
2285 2580 2436 2636 enim
2463 2580 2755 2651 rapientur
2771 2579 2990 2638 obviam
3011 2581 3255 2649 Christo,
3273 2586 3331 2638 et
3348 2597 3463 2639 non

1861 2674 2201 2740 peccatores.
2231 2669 2494 2726 Viventes
2530 2674 2722 2726 autem
2747 2685 2860 2726 non
2897 2669 3064 2741 juxta
3089 2669 3464 2744 tropologiam

1863 2763 2086 2814 sanctos
2111 2758 2438 2830 accipimus,
2453 2758 2549 2830 qui
2565 2763 2796 2830 peccato
2817 2775 2931 2814 non
2958 2758 3168 2817 mortui
3197 2759 3464 2830 sunt,sed

1861 2863 2060 2904 omnes
2089 2863 2231 2918 quos
2271 2847 2329 2904 in
2359 2864 2592 2920 corpore
2619 2847 2922 2906 adveniens
2949 2847 3207 2906 Christus
3227 2847 3464 2908 invene-

1861 2935 1974 3004 rit;
2004 2936 2224 3008 quodve
2249 2935 2526 3008 sequitur,
2558 2953 2668 2994 non
2690 2940 3090 3008 preueniemus
3105 2953 3192 2992 eos
3220 2939 3321 3010 qui
3337 2939 3463 2998 dor-

1863 3031 2135 3090 mierunt,
2175 3041 2537 3097 nequaquam
2566 3025 2636 3084 ad
2683 3029 3022 3098 peccatores,
3055 3025 3153 3082 sed
3179 3026 3254 3086 ad
3273 3027 3462 3100 justos

187 3114 542 3186 Apocalypsis
565 3115 758 3180 refert,
787 3121 849 3172 et
869 3132 994 3173 esse
1013 3116 1338 3182 maritume,
1360 3133 1473 3172 non
1503 3122 1590 3174 est
1616 3116 1779 3174 istius
1791 3140 1839 3200 ρ
1857 3113 2070 3170 inferre
2099 3113 2390 3182 debemus,
2418 3131 2601 3187 neque
2617 3115 2768 3172 enim
2789 3120 3108 3186 peccatores
3137 3131 3268 3173 cum
3287 3115 3462 3190 justis

189 3203 433 3274 temporis
457 3203 798 3274 disputatio.
811 3221 940 3264 cum
955 3205 1143 3262 omnis
1161 3205 1258 3261 ille
1277 3205 1422 3262 liber
1437 3211 1540 3260 aut
1555 3205 1778 3277 spirita-

183 3290 295 3347 liter
333 3292 747 3362 intelligendus
791 3293 886 3358 sit,
929 3299 996 3350 ut
1045 3310 1152 3350 nos
1193 3295 1562 3362 aestimamus,
1594 3299 1694 3350 aut
1725 3293 1775 3353 si

183 3381 441 3439 malum
459 3381 765 3452 sequimur
789 3382 1595 3454 iuterpretationem,ludaicis
1614 3383 1776 3444 fabu-

183 3466 240 3523 lis
259 3470 734 3542 acquie3cendum
760 3471 855 3537 sit,
883 3477 954 3532 ut
978 3489 1207 3530 rursum
1234 3473 1543 3530 aediﬁcetur
1571 3473 1776 3532 Hieru-

182 3558 336 3614 salem
381 3566 442 3615 et
495 3559 699 3616 bouis:
745 3561 1058 3616 offerantur
1099 3561 1160 3616 in
1187 3562 1418 3632 templo,
1451 3567 1509 3618 et
1537 3561 1776 3632 spiritali

183 3647 318 3703 cultu
357 3648 676 3704 imminuto
739 3650 993 3706 carnales
1056 3649 1352 3706 obtineant
1393 3651 1772 3708 caeremonias.

187 3735 764 3806 (Hier.;Quamcbrem
785 3737 922 3794 illud
942 3739 1092 3808 quod
1109 3739 1182 3794 de
1197 3739 1606 3796 resurrectione
1629 3740 1777 3798 Pau-

181 3822 258 3879 lus
279 3825 348 3882 ad
373 3826 712 3884 Corinthios
739 3827 990 3897 loquitur
1017 3827 1100 3885 ita
1113 3827 1415 3899 legendum
1443 3833 1558 3884 est:
1580 3830 1775 3884 Omnes

181 3915 386 3980 quidem
413 3917 789 3981 domiemus,
820 3931 934 3974 non
980 3933 1167 3972 omnes
1219 3923 1406 3974 autem
1454 3919 1776 3972 immutabi-

183 4017 318 4068 κατ’,
345 4003 398 4060 si
453 4004 620 4062 enim
674 4020 871 4062 omnes
915 4005 976 4064 in
1029 4006 1210 4064 Adam
1251 4005 1588 4073 moriuntur,
1628 4011 1688 4062 et
1713 4006 1774 4062 in

181 4099 346 4148 morte
388 4092 670 4151 dormitio
716 4099 821 4160 est,
853 4109 1050 4154 omnes
1093 4111 1232 4165 ergo
1275 4095 1624 4152 dormiemus
1657 4095 1775 4152 sive

183 4179 504 4240 moriemur.
550 4171 767 4240 Dormit
813 4187 1007 4240 autem
1026 4184 1193 4254 juxta
1219 4182 1428 4240 idioma
1455 4184 1775 4255 Scriptura-

181 4283 312 4334 rum.
338 4271 438 4342 qui
485 4277 749 4326 mortuus
785 4277 892 4337 est,
939 4285 1041 4343 spe
1081 4272 1508 4330 resurrectionis
1549 4271 1773 4339 futurae,

179 4359 462 4430 omnisque
493 4359 592 4430 qui
619 4359 850 4424 dormit,
884 4360 1082 4432 utique
1125 4361 1582 4432 exspergiscitur,
1618 4361 1668 4418 si
1696 4367 1779 4418 tae

1855 3202 1916 3262 in
1941 3203 2040 3258 illa
2067 3203 2478 3262 resurrectione
2495 3201 2782 3260 habebunt
2799 3203 3297 3277 portionem.Nam
3327 3205 3460 3280 Epi-

1855 3292 2014 3357 stolas
2034 3293 2196 3350 Pauli
2215 3293 2286 3348 ad
2297 3293 2820 3350 Thessalonicenses
2840 3293 3038 3366 primae
3057 3293 3463 3376 expositionem

1857 3381 2086 3447 faciens,
2111 3388 2242 3454 post
2264 3382 2445 3438 multa
2468 3399 2591 3454 quae
2614 3381 2768 3439 vario
2797 3381 3173 3456 prudentique
3199 3399 3461 3442 sermone

1856 3470 2145 3536 disseruit,
2175 3471 2294 3526 haec
2323 3470 2532 3537 intulit,
2555 3470 2625 3526 de
2653 3470 2856 3542 quibus
2881 3471 3024 3528 nulli
3045 3471 3280 3530 dubium
3301 3478 3388 3530 est
3404 3479 3464 3532 et

1857 3559 2158 3616 Achatium
2213 3561 2482 3632 pleraque
2535 3559 2739 3618 libasse
2770 3579 2783 3616 :
2817 3559 2954 3633 quid
2993 3566 3082 3616 est
3127 3577 3260 3634 ergo
3309 3562 3461 3636 quod

1859 3647 2114 3704 scribunt
2141 3647 2731 3706 Thessalonicensibus
2758 3648 2818 3704 in
2843 3647 3012 3704 verbo
3036 3648 3140 3704 Dei
3165 3649 3375 3706 Paulus
3403 3655 3462 3706 et

1857 3737 2119 3795 Silvanus
2141 3744 2200 3792 et
2226 3737 2573 3802 Timotheus,
2603 3753 2698 3792 nos
2728 3741 2827 3807 qui
2852 3740 3112 3806 vivimus,
3127 3741 3228 3806 qui
3248 3740 3462 3796 residui

1855 3842 2052 3883 sumus
2071 3829 2136 3882 in
2163 3828 2405 3882 adventu
2432 3827 2661 3880 Domini
2691 3841 2801 3880 non
2826 3829 3220 3895 prmniemus
3247 3841 3332 3882 eos
3359 3827 3462 3898 qui

1859 3917 2236 3981 dormierunt,
2270 3913 2370 3985 qui
2385 3919 2523 3970 sunt
2545 3913 2640 3971 isti
2680 3913 2776 3986 qui
2795 3911 3044 3974 viventes
3070 3913 3210 3969 talia
3224 3912 3462 3990 loquun-

1861 4003 1992 4060 tur?
2029 4003 2234 4074 Utique
2263 4003 2472 4063 Paulus
2501 4019 2612 4058 non
2641 4001 2712 4060 ab
2743 4001 3066 4062 hominibus
3105 4019 3209 4060 nec
3232 4020 3334 4081 per
3355 4004 3460 4062 ho-

1857 4092 2057 4159 mines,
2087 4091 2409 4164 Apostolus,
2439 4097 2498 4150 et
2521 4091 2884 4150 charissimus
2911 4093 3064 4152 ﬁlius
3107 4093 3232 4166 ejus
3259 4093 3320 4150 in
3347 4093 3460 4152 ﬁde

1857 4181 2204 4249 Timotheus,
2233 4187 2294 4238 et
2315 4181 2574 4238 Silvanus
2603 4181 2700 4252 qui
2727 4180 2838 4238 illis
2867 4187 3063 4240 eratet
3088 4183 3382 4240 atl‘ectione
3401 4187 3465 4242 et

1858 4269 2159 4326 virtutibus
2213 4271 2527 4344 copulatus,
2573 4277 2632 4328 et
2679 4271 2786 4326 hoc
2830 4288 2945 4330 non
2982 4273 3166 4330 solum
3211 4272 3326 4344 illi;
3359 4272 3462 4330 sed

1860 4359 2179 4430 quicunque
2210 4361 2370 4418 Pauli
2401 4366 2460 4418 et
2485 4359 2723 4416 scientia
2749 4366 2808 4418 et
2850 4361 3272 4418 conversatione
3297 4361 3463 4420 simi-

179 4462 296 4502 men
329 4465 445 4505 non
474 4447 669 4504 subita
688 4463 825 4504 eum
847 4449 932 4506 vis
952 4451 1151 4506 mortis
1172 4451 1515 4522 Oppresserit
1543 4455 1601 4506 et
1627 4466 1780 4506 mors
1799 4449 1931 4516 Dlis
1960 4455 2065 4516 est,
2096 4449 2284 4508 dicere
2320 4455 2523 4521 potest,
2539 4451 2754 4520 nosqui
2781 4451 3042 4513 vivimus,
3075 4465 3314 4522 quorum
3333 4466 3458 4508 cor-

178 4549 363 4592 somno
389 4537 574 4592 ﬁxerit
597 4537 888 4608 copulate;
919 4555 1164 4610 cumque
1194 4556 1387 4596 omnes
1414 4540 1495 4595 ita
1529 4539 1776 4596 dormie-

177 4622 280 4678 rint
305 4626 434 4696 lege
463 4631 708 4692 nam,
735 4627 844 4682 soli
863 4628 1043 4684 sancti
1077 4635 1135 4686 et
1149 4628 1344 4686 anima
1367 4634 1428 4685 et
1455 4646 1688 4701 corpore
1715 4628 1776 4682 in

177 4712 362 4769 melius
387 4713 770 4772 mutabuntur
799 4735 813 4770 :
848 4716 932 4772 ita
949 4723 1014 4774 ut
1040 4717 1386 4788 incorruptio
1414 4718 1670 4776 omnium
1690 4734 1777 4776 re-

177 4803 526 4872 surgentium
541 4803 638 4870 sit,
651 4804 838 4875 gloria
855 4810 1027 4877 atqiie
1048 4806 1288 4864 mutatio
1313 4807 1538 4879 proprie
1556 4813 1776 4864 sancto-

177 4904 308 4946 rum.
331 4893 618 4963 Quodque
642 4894 904 4965 sequitur
913 4895 1081 4965 juxta
1113 4896 1353 4962 Graecos,
1379 4896 1442 4952 in
1472 4901 1682 4963 atomo,
1715 4897 1774 4952 in

177 4977 278 5034 ictu
300 4981 479 5048 oculi,
510 4987 820 5055 utrumque
847 4984 1002 5041 enim
1027 4985 1254 5056 legitur,
1287 4991 1347 5042 et
1388 4986 1566 5041 nostri
1593 4986 1774 5042 inter-

179 5071 368 5135 rotati
393 5075 540 5126 sunt
579 5071 642 5128 in
687 5079 976 5130 momento
1005 5079 1061 5132 et
1105 5074 1166 5130 in
1211 5074 1344 5142 ictu,
1376 5074 1490 5130 sive
1525 5074 1585 5132 in
1615 5079 1773 5130 motu

177 5157 414 5216 oculiita
437 5160 782 5231 explanavit,
808 5163 1011 5233 juncta
1033 5163 1206 5220 simul
1235 5163 1488 5220 omnium
1516 5179 1770 5222 resurre-

179 5245 349 5304 ctione
375 5248 676 5320 rapientur
693 5249 915 5307 obviam
937 5252 1178 5318 Christo,
1197 5252 1296 5308 sed
1323 5268 1420 5308 eos
1450 5268 1592 5323 quos
1620 5267 1772 5308 mors

177 5332 504 5394 dissolverit.
527 5338 742 5395 Verum
773 5340 907 5412 quid
934 5341 1046 5398 ista
1072 5341 1338 5415 perquiro
1368 5348 1426 5398 et
1451 5341 1772 5412 apostolicis

177 5421 328 5480 dictis
381 5427 733 5484 calumniam
780 5429 926 5486 facio
973 5448 1106 5488 cum
1157 5431 1279 5503 ipse
1318 5430 1772 5488 manifestissime

171 5512 399 5580 aibat,
436 5520 532 5584 qui
563 5520 777 5574 residui
803 5536 996 5575 sumus
1023 5525 1089 5575 in
1112 5522 1354 5576 adventu
1383 5522 1642 5583 Domini;
1675 5519 1774 5590 qui

173 5599 282 5658 lim
303 5609 506 5664 ante.
527 5605 752 5668 “ﬁni
767 5607 952 5667 verbis
969 5608 1210 5669 dicimus
1224 5609 1534 5672 Selvstoris
1555 5608 1771 5678 ωωή.

1857 4554 1963 4610 pus
1993 4545 2281 4596 mortuum
2303 4544 2408 4605 est,
2423 4544 2654 4611 propter
2667 4541 2982 4609 peccatum,
3011 4535 3242 4608 spiritus
3265 4544 3460 4594 autem

1858 4627 1973 4684 vita
1996 4634 2226 4699 propter
2249 4627 2552 4698 justitiam,
2587 4632 2646 4681 et
2684 4641 2926 4698 quorum
2959 4623 3301 4682 mortiﬁcata
3325 4632 3462 4686 sunt

1855 4715 2112 4772 membra
2130 4733 2300 4788 super
2322 4723 2554 4781 terram,
2587 4715 2669 4772 ita
2697 4720 2761 4772 ut
2805 4729 3166 4786 nequaquam
3204 4716 3460 4790 concupi-

1857 4811 1979 4862 scet
2000 4810 2197 4862 contra
2220 4805 2484 4876 spiritum
2511 4820 2662 4870 caro,
2694 4803 2744 4860 si
2783 4802 2942 4862 enim
2965 4803 3152 4862 adhuc
3178 4804 3464 4864 desiderat

1853 4909 1986 4950 caro
2013 4894 2165 4961 vivit,
2197 4899 2255 4950 et
2277 4893 2412 4964 quia
2439 4892 2573 4950 vivit
2599 4892 2904 4962 desiderat,
2925 4899 2986 4950 et
3011 4910 3126 4952 non
3153 4900 3288 4954 sunt
3305 4911 3460 4954 mor-

1854 4981 2067 5040 tiiicata
2088 4981 2345 5040 membra
2365 4982 2518 5040 illius
2537 4997 2711 5054 super
2731 4987 2978 5052 terram;
3011 4983 3162 5055 quod
3183 4983 3236 5038 si
3265 4983 3460 5042 morti-

1855 5072 2199 5138 fwatasunt,
2243 5087 2602 5144 nequaquam
2653 5077 2853 5130 contra
2900 5071 3166 5146 spiritum
3191 5071 3458 5146 concupi-

1851 5166 2038 5227 scunt,
2059 5177 2184 5232 quae
2207 5160 2641 5218 mortiﬁcatione
2653 5160 2746 5218 sui
2759 5160 3088 5233 hujusmodi
3112 5159 3457 5218 desiderium

1855 5249 2238 5321 perdiderunt.
2261 5249 2418 5305 Sicut
2435 5249 2626 5321 igitur,
2641 5250 2740 5322 qui
2769 5250 2886 5306 vita
2909 5264 3143 5306 caruere
3167 5248 3455 5322 presenti,

1854 5345 1913 5392 et
1940 5339 2010 5392 ad
2035 5338 2273 5393 meliora
2297 5339 2556 5394 translati
2585 5345 2736 5406 sunt,
2769 5338 2950 5408 magis
2986 5337 3182 5392 vivunt
3202 5339 3460 5412 deposito

1857 5427 2054 5482 mortis
2079 5444 2330 5499 corpore,
2365 5434 2423 5482 et
2444 5427 2711 5484 vitiorum
2740 5415 2994 5482 omnium
3021 5427 3344 5496 incentivis;
3378 5428 3460 5483 sic

1859 5518 1955 5588 qui
1983 5517 2472 5572 mortiﬁcationem
2503 5517 2635 5572 Jesu
2673 5517 2732 5570 in
2771 5532 3004 5588 corpore
3033 5534 3135 5572 suo
3163 5517 3459 5572 circumfe-

1858 5613 1996 5664 runt
2024 5613 2083 5664 et
2107 5622 2466 5681 nequaquam
2492 5605 2686 5664 vivunt
2707 5607 2874 5678 juxta
2895 5622 3147 5676 carnem,
3176 5605 3278 5662 sed
3293 5607 3461 5678 juxta
