3866 6158
1380 135 1399 165 \

422 298 525 356 559
612 248 619 260 ⁸

425 511 682 568 Christus
710 510 780 563 de
809 502 920 580 quo
960 508 1230 580 scriptum
1279 515 1382 573 est,
1416 510 1601 562 vivens
1623 523 1802 561 sermo
1844 509 1944 562 Dei
1970 512 2021 563 et

423 602 635 669 efﬁcax,
667 597 765 670 qui
795 602 882 652 est
919 597 1020 652 Dei
1048 597 1226 652 virtus
1250 597 1466 668 Deique
1489 596 1786 668 sapientia.
1817 596 2029 651 Vivunt

421 689 572 744 enim
611 687 671 741 in
700 684 902 758 quibus
926 670 1062 739 vivit
1086 685 1264 741 virtus
1287 686 1389 740 Dei
1436 684 1591 740 omni
1636 686 1887 740 humana
1910 685 2026 739 fra-

417 775 638 849 gilitate
663 774 938 846 deposita,
967 779 1026 829 et
1050 774 1109 829 in
1153 774 1356 846 quibus
1408 774 1543 829 vivit
1568 774 1867 846 sapientia,
1898 790 2025 845 quae

419 863 747 921 abscondita
773 869 862 918 est
905 881 942 918 a
984 864 1121 930 Deo,
1155 869 1215 918 et
1251 863 1310 918 in
1339 862 1545 936 quibus
1579 863 1712 918 vivit
1737 867 1796 918 et
1828 863 2025 934 inope-

418 960 582 1011 ratur
601 952 844 1026 justitia.
886 952 1145 1008 Christus
1176 952 1330 1008 enim
1370 952 1552 1008 factus
1593 958 1683 1007 est
1711 951 1874 1007 nobis
1909 967 2025 1007 non

420 1044 603 1099 solum
627 1041 855 1114 justitia
890 1057 958 1097 ex
1005 1041 1141 1108 Deo,
1170 1041 1268 1096 sed
1316 1047 1375 1096 et
1401 1040 1696 1113 sapientia,
1729 1045 1789 1096 et
1833 1056 2020 1107 omne,

421 1131 573 1205 quod
592 1131 771 1189 virtus
799 1136 904 1186 est.
936 1130 1055 1186 Etsi
1085 1130 1315 1202 quidem
1342 1130 1401 1185 in
1429 1129 1693 1202 praesenti
1734 1129 1856 1184 loco
1893 1145 1954 1185 se
1990 1145 2028 1184 a

420 1218 834 1277 dormientibus
861 1225 921 1274 et
962 1219 1023 1274 in
1053 1218 1278 1274 Christo
1304 1218 1547 1275 mortuis
1574 1218 1672 1290 qui
1709 1219 1857 1273 hanc
1884 1217 2025 1276 scri-

420 1309 567 1366 bunt
593 1307 903 1381 Epistolam
946 1312 1230 1380 separent,
1263 1307 1559 1363 videbatur
1602 1308 1892 1380 superﬂua
1928 1323 2026 1362 an-

421 1398 657 1463 notatio,
673 1402 732 1453 et
755 1414 822 1452 ex
842 1408 955 1452 uno
981 1398 1103 1453 loco
1127 1396 1519 1453 testimonium
1546 1402 1901 1469 assumptum
1912 1412 2026 1451 non

418 1489 666 1545 valeret:
700 1503 852 1542 nunc
896 1503 1028 1542 vero
1084 1486 1281 1542 eodem
1338 1503 1528 1553 sensu,
1562 1486 1697 1558 quia
1741 1485 1939 1540 eodem
1968 1491 2028 1540 et

417 1577 644 1650 spiritu,
669 1581 728 1631 et
752 1575 812 1630 in
838 1575 1023 1648 prima
1055 1575 1129 1630 ad
1173 1574 1496 1631 Corinthios
1541 1575 1793 1647 loquitur
1823 1576 1876 1643 (Ι
1899 1575 2022 1630 Cor.

422 1670 514 1737 xv)
548 1684 561 1720 :
593 1667 718 1722 Non
746 1681 932 1720 omnes
960 1666 1318 1731 dormiemus,
1359 1681 1545 1719 omnes
1590 1669 1780 1719 autem
1821 1666 2028 1718 immu-

1015 298 1079 351 B.
1120 294 1392 351 RABANI
1430 292 1663 350 MAURI
1699 293 2034 350 ARCHIEP.
2077 292 2401 350 MOGUNT.
2443 292 2740 350 OPERUM
2777 290 2962 348 PARS
2998 292 3096 349 ῙΠ.

421 423 686 496 spiritum
708 421 900 475 vivunt
923 419 983 474 in
1012 436 1078 474 eo
1123 419 1219 490 qui
1262 417 1378 474 vita
1406 424 1492 474 est
1523 437 1534 472 :
1569 423 1626 474 et
1666 418 1803 474 vivit
1838 418 1899 473 in
1935 418 2018 473 eis
2032 437 2085 496 Α

3540 299 3628 355 560

2728 418 2962 474 CAPUT
2989 416 3057 470 V.

2106 527 2375 580 Admonet
2397 542 2524 580 suos
2548 528 2613 580 de
2644 528 2732 580 die
2776 527 2974 580 mortis
3007 525 3210 592 futura:
3226 528 3273 577 et
3291 525 3484 592 judicii
3506 543 3638 591 gene-

2182 600 2369 682 ralis:
2399 599 2722 667 inducitque
2749 602 2812 652 ut
2851 598 2978 651 bene
3005 612 3058 649 se
3080 595 3303 649 habeant
3326 596 3394 649 ad
3424 597 3578 650 Deum
3596 602 3637 651 et

2174 683 2516 737 pronmum.

2176 775 2250 829 De
2277 775 2610 844 temporibus
2638 780 2687 829 et
2708 776 3008 828 momentis
3034 789 3175 839 vero,
3201 775 3408 840 fratres,
3439 788 3539 826 non
3571 789 3645 827 ne-

2106 880 2240 918 cesse
2257 864 2710 919 habetisscribere
2738 864 2919 917 vobis:
2938 864 3048 931 ipsi
3057 864 3205 916 enim
3225 862 3514 915 cautissimi
3521 863 3647 915 scitis

2104 955 2373 1021 quoniam
2392 953 2506 1007 dies
2524 953 2754 1007 Domini
2768 955 2914 1006 sicut
2939 952 3270 1018 furinnocte
3291 952 3430 1004 venit
3444 947 3645 1011 (Amba)

2105 1040 2362 1095 Alterum
2388 1041 2595 1095 iterum
2636 1039 2728 1095 hic
2764 1038 2962 1112 incipit
2988 1038 3290 1111 capitulum
3320 1056 3333 1092 :
3363 1036 3650 1108 requireba-

2104 1134 2202 1184 tur
2226 1129 2377 1184 enim
2406 1128 2477 1184 ab
2504 1129 2616 1184 illis
2664 1129 2888 1200 quando
2934 1129 3046 1184 erit
3093 1128 3262 1199 hujus
3295 1126 3473 1181 saeculi
3510 1126 3654 1180 ﬁnis?

2104 1219 2257 1274 Bene
2284 1235 2418 1290 ergo
2447 1218 2560 1273 illis
2587 1218 2782 1274 scribit
2806 1223 2873 1274 ut
2891 1234 3005 1273 non
3024 1217 3330 1289 requirant,
3360 1231 3530 1286 neque
3552 1214 3654 1268 exi-

2105 1307 2339 1363 stiment
2367 1324 2426 1362 se
2452 1325 2619 1380 posse
2645 1308 2850 1374 dicere,
2883 1306 2980 1379 qui
3022 1305 3195 1361 semel
3231 1304 3516 1360 audierunt
3546 1319 3658 1374 quo-

2105 1396 2263 1452 niam
2290 1397 2569 1452 incertum
2596 1402 2683 1452 est
2724 1401 2949 1468 tempus
2991 1396 3263 1451 adventus
3306 1392 3532 1448 Domini.
3562 1392 3661 1446 Hoc

2107 1486 2258 1540 enim
2287 1486 2426 1542 dicit
2445 1492 2715 1556 tanquam
2737 1489 2838 1554 fur
2852 1489 2926 1546 ,in
2946 1490 3114 1551 nocte,
3142 1500 3209 1538 eo
3232 1482 3377 1555 quod
3395 1487 3451 1536 et
3472 1480 3556 1536 fur
3569 1495 3663 1534 non

2106 1575 2414 1647 praedicens
2433 1575 2621 1641 venit;
2658 1580 2718 1630 et
2750 1574 2886 1646 quia
2928 1572 3239 1628 irrldebant
3272 1569 3555 1626 adversarii
3578 1569 3667 1622 hoc

2107 1664 2296 1736 ipsum
2325 1664 2475 1736 quod
2503 1663 2575 1718 ab
2601 1663 2712 1718 illis
2740 1662 3048 1730 dicebatur,
3060 1660 3329 1726 dicentes,
3350 1673 3667 1731 nequaquam

422 1756 690 1821 labimur,
722 1757 787 1810 in
830 1757 1124 1821 momento,
1156 1755 1221 1808 in
1254 1758 1406 1808 motu
1435 1756 1603 1820 oculi,
1634 1755 1697 1807 in
1728 1753 2231 1816 novissimaBﬁeri
2254 1770 2436 1826 posse,
2468 1753 2703 1824 adjicit:
2739 1755 2881 1810 Cum
2907 1754 3149 1807 dwerim
3181 1765 3296 1820 pas:
3323 1754 3370 1803 et
3415 1750 3665 1813 securitas,

423 1847 555 1900 tuba
584 1863 602 1900 :
634 1847 791 1899 canet
819 1846 971 1898 enim
991 1847 1041 1898 et
1070 1845 1283 1897 mortui
1310 1846 1599 1911 resurgent
1627 1843 1962 1910 incorrupti,
1977 1846 2027 1896 et

420 1950 520 1990 nos
546 1934 1001 1988 immutabimur.
1033 1931 1154 1986 Hoc
1174 1931 1323 2002 quod
1353 1931 1412 1985 in
1452 1929 1717 2003 praesenti
1740 1930 1864 1985 loco
1893 1929 2026 1984 scri-

417 2028 581 2095 ptum
609 2026 714 2089 est,
744 2021 806 2076 in
832 2019 970 2076 tuba
996 2019 1098 2075 Dei
1128 2020 1430 2075 descendet
1454 2019 1525 2074 de
1553 2020 1712 2087 caelo,
1734 2023 2027 2090 comparat

421 2110 505 2166 illi
532 2111 683 2184 quod
713 2110 787 2165 ad
812 2108 1134 2165 Corinthios
1168 2108 1394 2175 dicitur,
1426 2111 1490 2163 in
1529 2111 1833 2163 novissima
1873 2109 2022 2173 tuba,

418 2205 577 2256 canet
597 2202 768 2267 enim,
800 2198 882 2253 illi
901 2203 1094 2253 autem
1124 2198 1271 2270 quod
1299 2197 1370 2252 ad
1397 2197 1926 2253 Thessalonicenses
1950 2197 2031 2251 le-

418 2289 594 2360 gitur,
625 2294 676 2344 et
703 2291 918 2344 mortui
946 2291 1011 2343 in
1041 2288 1259 2343 Christo
1294 2292 1583 2356 resurgent
1613 2290 1891 2356 primum,
1922 2286 2028 2340 hoc

423 2378 574 2451 quod
605 2377 679 2433 ad
705 2376 1029 2433 Corinthios
1068 2376 1341 2448 scriptum
1371 2380 1476 2441 est,
1508 2380 1558 2430 et
1597 2377 1812 2430 mortui
1847 2390 2029 2429 resur-

421 2472 551 2536 gent
577 2469 915 2536 incorrupti.
948 2466 1124 2520 Porro
1169 2465 1320 2537 quod
1365 2464 1623 2535 sequitur
1648 2464 1720 2518 de
1748 2463 1907 2518 nobis
1932 2466 2032 2532 qui

423 2557 665 2609 vivimus
724 2557 825 2623 qui
856 2555 1072 2609 residui
1122 2570 1316 2608 sumus
1338 2572 1354 2608 :
1376 2552 1459 2607 illi
1505 2552 1825 2625 respondet,
1853 2558 1902 2606 et
1934 2568 2031 2606 nos

428 2645 880 2710 immutabimur,
911 2658 1153 2714 quorum
1182 2647 1485 2713 utrumque
1513 2641 1593 2696 sic
1629 2640 1869 2712 intelligi
1904 2645 2031 2712 pot-

425 2737 533 2798 est,
565 2747 663 2786 nos
685 2733 786 2800 qui
811 2733 1052 2785 vivimus
1071 2732 1171 2800 qui
1202 2731 1417 2784 residui
1442 2746 1655 2794 sumus,
1698 2732 1763 2784 in
1790 2730 2030 2783 adventu

426 2820 673 2886 Domini,
692 2806 755 2873 ἐι
783 2835 882 2874 nos
900 2821 1000 2888 qui
1041 2819 1496 2883 immutabimur,
1531 2822 1591 2872 et
1616 2833 1730 2873 non
1746 2833 1944 2872 sumus
1964 2834 2031 2872 ex

425 2907 516 2964 his
567 2906 665 2980 qui
709 2907 1068 2980 appellantur
1115 2906 1346 2973 mortui,
1371 2906 1471 2961 sed
1524 2903 1784 2961 vivimus.
1817 2906 2029 2961 Idcirco

2109 1849 2242 1898 tunc
2259 1848 2476 1912 repente
2487 1845 2604 1897 illis
2615 1844 2791 1897 instat
2803 1843 3225 1905 exterminium,
3238 1840 3404 1893 sicuti
3414 1838 3674 1904 dolorpar-

2109 1937 2196 1986 tus
2216 1934 2280 1986 in
2308 1936 2463 1986 utero
2492 1932 2758 1997 habentis,
2785 1936 2970 1985 etnon
2989 1931 3272 1998 eﬂugient.
3288 1927 3410 1982 Non
3426 1922 3670 1986 convenit,

2110 2020 2314 2092 inquit,
2370 2020 2689 2092 prospicere
2742 2019 3016 2083 inﬁdeles,
3067 2034 3136 2073 eo
3185 2015 3335 2090 quod
3386 2010 3671 2070 necessario

2110 2114 2279 2165 erunt
2299 2124 2368 2164 ea
2395 2125 2519 2180 quae
2540 2126 2574 2163 a
2602 2108 2763 2163 nobis
2791 2107 3075 2173 dicuntur,
3100 2105 3328 2161 etiamsi
3344 2103 3537 2158 millies
3553 2098 3674 2155 nihil

2107 2199 2222 2254 tale
2248 2197 2372 2253 fieri
2400 2197 2750 2263 existiment;
2783 2197 2882 2252 sed
2917 2196 3025 2252 etsi
3054 2195 3341 2252 aestiment
3381 2209 3440 2247 se
3474 2205 3585 2246 esse
3610 2204 3681 2243 se-

2111 2304 2275 2342 curos
2305 2292 2365 2342 et
2390 2286 2650 2342 libertate
2673 2286 2893 2342 arbitrii
2917 2302 3086 2357 agere
3129 2300 3259 2356 qum
3306 2281 3493 2347 velint,
3523 2276 3681 2333 subito

2111 2377 2223 2432 illis
2264 2374 2498 2431 instabit
2552 2376 2746 2447 judex,
2800 2374 2965 2430 sicuti
3017 2379 3075 2428 et
3102 2373 3332 2429 dolores
3372 2364 3682 2442 praegnanti-

2111 2465 2237 2533 bus,
2269 2465 2353 2520 ita
2380 2470 2446 2520 ut
2475 2480 2579 2519 nec
2627 2463 2890 2537 possibile
2932 2462 3009 2518 sit
3050 2479 3150 2518 eos
3197 2461 3433 2516 evadere
3468 2470 3681 2530 pcenam.

2111 2554 2199 2608 Ad
2230 2555 2422 2610 omnia
2451 2569 2586 2624 ergo
2613 2553 2824 2625 optime
2850 2553 2957 2607 hoc
2985 2551 3199 2607 abusus
3226 2556 3315 2605 est
3341 2546 3598 2618 exemplo,
3632 2558 3688 2597 eo

2113 2643 2265 2714 quod
2310 2649 2368 2698 et
2417 2643 2575 2715 gravi
2631 2641 2944 2697 subdentur
2991 2655 3181 2712 paena.
3214 2637 3415 2694 Gravis
3456 2634 3598 2690 enim
3619 2637 3693 2686 est

2112 2737 2310 2803 Partus
2338 2732 2672 2805 praegnanti,
2704 2736 2763 2786 et
2788 2735 2856 2786 ut
2882 2729 3147 2785 ostendat
3174 2725 3442 2800 quoniam
3482 2718 3692 2795 praeﬁni-

2112 2826 2234 2876 tum
2264 2826 2351 2876 est
2377 2838 2411 2876 a
2436 2822 2553 2876 Deo
2578 2827 2802 2893 tempus
2833 2816 3367 2881 consummationis,
3381 2814 3511 2869 licet
3533 2808 3690 2871 nobis,

2109 2909 2247 2965 dum
2276 2909 2462 2966 subito
2491 2911 2574 2977 fit,
2604 2910 2822 2964 incerta
2848 2925 2972 2963 esse
2998 2907 3283 2962 videatur.
3316 2905 3460 2960 Nam
3506 2906 3563 2955 et
3584 2912 3692 2953 mu-

423 2995 782 3070 priesentiam
809 2995 1037 3052 Domini
1066 3012 1180 3050 non
1219 2994 1280 3050 in
1313 2998 1494 3050 morte
1521 2995 1621 3050 sed
1660 2994 1775 3050 vita
1794 2999 2028 3066 praesto-
2110 2997 2339 3054 lieribus
2365 3004 2588 3072 tempus
2616 3004 2813 3071 partus
2847 2996 3116 3053 deﬁnitus
3161 3012 3293 3051 esse
3338 2992 3556 3048 videtur
3587 3006 3599 3042 :
3627 3002 3700 3042 se-

424 3087 630 3154 lamur,
665 3084 801 3158 quia
830 3084 903 3140 de
931 3083 1240 3140 Israelitico
1264 3100 1472 3156 genere
1501 3100 1715 3151 sumus,
1755 3089 1814 3139 et
1839 3084 2030 3140 electae
2045 3072 2091 3134 Ο
2108 3088 2355 3143 cundum
2386 3088 2668 3144 mensium
2690 3087 2842 3144 enim
2868 3086 3157 3142 curricula
3180 3090 3413 3157 partum
3433 3080 3607 3136 solent
3620 3091 3697 3130 ex-

425 3181 562 3231 sunt
583 3174 653 3229 de
678 3173 838 3230 nobis
862 3173 1134 3246 reliquiae.
1157 3174 1240 3229 De
1267 3172 1471 3245 quibus
1493 3173 1768 3229 Dominus
1789 3173 1924 3228 olim
1942 3173 2027 3228 lo-

425 3261 704 3336 quebatur
734 3263 1054 3332 :Derelsqui
1080 3263 1227 3317 mihi
1260 3266 1460 3332 septem
1514 3265 1705 3318 millia
1737 3265 1905 3331 viros,
1927 3264 2030 3331 qui

425 3368 541 3422 non
563 3357 938 3408 curvaverant
961 3367 1108 3420 genu
1136 3353 1271 3407 Baal
1302 3352 1419 3419 (III
1441 3352 1564 3419 Reg.
1596 3354 1679 3421 x).
1702 3352 1768 3406 In
1794 3351 2026 3406 Joannis

430 3458 654 3514 quoque
676 3440 978 3513 Evangelio
1006 3441 1188 3508 (Joan.
1221 3442 1297 3510 xx)
1332 3439 1584 3495 vivorum
1636 3446 1697 3495 et
1742 3455 1855 3495 non
1880 3439 2028 3495 vivo-

426 3546 553 3586 rum
583 3530 788 3603 duplex
811 3530 950 3585 ordo
975 3528 1313 3584 describitur
1345 3547 1357 3584 :
1394 3529 1588 3585 Omnis
1619 3532 1721 3600 qui
1754 3530 1927 3584 credit
1960 3531 2025 3583 in

424 3636 530 3687 me,
562 3622 784 3675 etiamsi
802 3625 1058 3674 mortuus
1077 3620 1274 3688 fuerit,
1297 3621 1437 3673 vivet
1460 3638 1477 3673 :
1501 3623 1552 3674 et
1579 3621 1761 3673 omnis
1773 3621 1874 3687 qui
1888 3620 2026 3672 vivit

424 3715 476 3766 et
494 3711 672 3765 credit
699 3712 766 3764 in
792 3725 896 3775 me,
930 3724 1045 3763 non
1072 3710 1348 3763 morietur
1375 3711 1440 3762 in
1457 3713 1744 3762 aeternum.
1771 3706 1831 3761 Si
1848 3706 2020 3772 vivos,

422 3798 508 3854 ita
549 3797 938 3870 intelligimus,
970 3802 1036 3852 ut
1059 3797 1180 3868 jam
1231 3813 1266 3851 a
1293 3795 1456 3851 nobis
1499 3795 1713 3851 dictum
1763 3800 1867 3861 est,
1897 3794 2025 3849 dor-

422 3886 684 3953 mientes,
713 3891 773 3942 et
799 3887 859 3942 in
886 3886 1112 3942 Christo
1140 3890 1392 3940 mortuos
1411 3884 1536 3941 illos
1555 3901 1676 3940 esse
1703 3883 2018 3951 credamus,

425 3976 524 4048 qui
549 3992 679 4032 cum
714 3975 892 4030 velint
936 3974 996 4028 in
1043 3973 1270 4030 Christo
1323 3974 1528 4040 vivere,
1557 3979 1749 4028 tamen
1794 3977 2022 4045 peccato

424 4063 635 4120 mortui
664 4069 798 4119 sunt
829 4082 842 4117 :
876 4062 967 4117 sin
990 4067 1183 4118 autem
1212 4061 1465 4134 reliquiae
1513 4066 1573 4116 et
1598 4061 1797 4117 electio
1823 4078 2023 4116 secun-

426 4152 563 4208 dum
589 4151 833 4224 gratiam
861 4151 1220 4224 appellantur
1240 4151 1507 4217 viventes,
1525 4150 1622 4222 qui
1653 4166 1767 4206 non
1795 4149 1878 4205 ita
1901 4167 2025 4205 cre-

426 4240 571 4297 dunt
586 4257 691 4296 nec
713 4240 784 4296 de
811 4239 1119 4296 Israelitica
1146 4239 1442 4294 nobilitate
1464 4241 1721 4310 generati
1734 4243 1885 4305 sunt,
1901 4239 2028 4294 dor-

425 4329 665 4386 mientes
694 4336 753 4386 et
772 4329 981 4385 mortui
1008 4327 1444 4400 appellabuntur
1463 4328 1523 4382 in
1542 4328 1765 4384 Christo
1789 4328 2025 4397 lAmbr.)

425 4420 639 4476 Tamen
667 4420 804 4493 quia
826 4389 1104 4474 memoria
1129 4417 1409 4473 dictorum
1441 4417 1786 4472 sufﬁcienter
1824 4433 1920 4471 eos
1952 4389 2024 4471 ad
2038 4389 2089 4449 Β

426 4509 820 4566 verecundiam
849 4507 1089 4574 induxit,
1114 4506 1347 4563 instruit
1386 4523 1482 4562 eos
1521 4506 1752 4578 pariter,
1782 4510 1847 4561 ut
1886 4505 2027 4560 talia

425 4603 812 4671 exspectantes
842 4598 989 4653 bono
1017 4597 1206 4653 animo
1228 4614 1329 4670 pro
1351 4596 1465 4652 illis
1484 4612 1597 4652 non
1626 4595 1908 4661 deﬁciant,
1931 4594 2028 4666 qui

426 4687 500 4742 ab
526 4688 632 4743 hac
654 4687 769 4742 vita
790 4686 1103 4755 discedunt,
1130 4685 1239 4742 nisi
1264 4690 1489 4741 tantum
1532 4683 1741 4740 debent
1783 4688 2026 4755 compati

428 4782 661 4848 propter
687 4775 995 4831 amicitiam
1021 4781 1081 4831 et
1106 4775 1332 4831 solitam
1360 4773 1844 4830 consuetudinem.
1866 4771 2025 4828 Unde

428 4870 489 4920 et
514 4864 722 4936 adjecit
751 4883 764 4920 :
794 4867 983 4934 Itaque
1010 4866 1380 4920 consotamini
1405 4865 1468 4917 in
1497 4865 1673 4918 verbis
1702 4865 1824 4918 istis
1853 4864 1917 4916 in
1937 4863 2027 4915 in-

432 4957 621 5010 vicem.
647 4954 796 5020 Hzec,
820 4952 1023 5025 inquit,
1037 4953 1096 5008 in
1124 4950 1578 5008 tribulationibus
1595 4950 1764 5022 positi
1792 4949 2028 5005 invicem

427 5043 586 5101 vobis
613 5042 817 5099 referte
848 5062 861 5097 :
896 5041 1138 5097 sufﬁciet
1163 5041 1316 5096 enim
1345 5057 1541 5096 eorum
1570 5039 1902 5094 memoriam
1932 5055 2029 5094 au-

429 5132 712 5189 dientibus
741 5132 888 5187 ferre
931 5129 1216 5197 solatium,
1249 5128 1297 5184 si
1342 5133 1535 5184 tamen
1576 5126 1870 5183 domestici
1893 5131 2029 5182 sunt

432 5222 605 5278 ﬁaturi
635 5227 695 5278 et
723 5238 836 5278 non
863 5218 1127 5276 dubitant
1154 5217 1225 5274 de
1250 5217 1473 5274 futuris.

2110 3183 2363 3249 spectare
2393 3177 2678 3244 mulieres,
2709 3181 3098 3232 verumtamen
3128 3179 3336 3247 partus
3381 3169 3554 3243 ipsius
3598 3165 3704 3220 dies

2110 3271 2198 3320 est
2218 3265 2329 3321 illis
2356 3266 2606 3321 incertus
2632 3282 2735 3321 nec
2763 3265 2915 3320 enim
2962 3264 3107 3319 scire
3164 3266 3443 3335 possunt;
3460 3257 3566 3314 nisi
3591 3269 3703 3310 cum

2109 3360 2341 3426 repente
2387 3355 2550 3410 dolor
2586 3360 2784 3426 partus
2831 3353 2943 3409 illis
2972 3352 3273 3408 institerit.
3307 3347 3524 3406 Deinde
3566 3349 3622 3400 et
3641 3341 3705 3397 ad

2109 3443 2555 3500 exhortationem
2577 3443 2816 3499 vertitur
2842 3460 2908 3498 ex
2936 3439 3398 3514 praecedentibus
3436 3452 3562 3493 cum
3587 3431 3702 3488 ﬁliis

2106 3546 2335 3587 sumens
2364 3532 2714 3587 occasionem
2735 3531 2844 3586 ait:
2877 3533 2967 3586 Vos
2986 3535 3203 3594 autem,
3217 3532 3451 3598 fratres,
3466 3539 3575 3580 non
3590 3521 3702 3575 estis

2106 3623 2170 3676 in
2199 3623 2531 3676 tenebris.ut
2557 3622 2672 3676 dies
2699 3623 2804 3675 illa
2831 3636 2920 3674 vos
2938 3625 3219 3689 tanquam
3244 3620 3354 3687 fur
3377 3612 3702 3683 comprobem

2104 3711 2218 3764 dat.
2256 3710 2451 3766 Omnes
2479 3712 2630 3764 enim
2659 3726 2749 3764 vos
2775 3711 2888 3777 ﬁlii
2917 3710 3160 3763 luminis
3192 3710 3327 3763 estis
3374 3711 3425 3760 et
3452 3704 3560 3773 ﬁlii
3583 3698 3700 3757 diei.

2106 3814 2219 3854 non
2245 3815 2439 3854 sumus
2465 3801 2639 3854 noctis
2662 3814 2835 3867 neque
2860 3798 3249 3852 tenebrarum.
3276 3793 3562 3861 Quoniam
3578 3785 3705 3843 dixit

2103 3890 2246 3942 sicut
2271 3889 2374 3957 fur
2401 3890 2467 3943 in
2494 3892 2644 3942 nocte
2667 3890 2748 3942 sic
2768 3889 2964 3953 veniet,
2996 3886 3103 3940 hoc
3132 3885 3196 3940 in
3229 3886 3358 3941 loco
3387 3882 3543 3948 dicit,
3574 3891 3700 3950 quo—

2104 3975 2259 4031 niam
2285 3990 2399 4032 non
2428 3975 2563 4041 estis
2605 3975 2666 4030 in
2700 3974 2968 4040 tenebris,
2998 3973 3357 4046 cognovistis
3395 3970 3547 4027 enim
3580 3964 3706 4020 veri-

2102 4069 2298 4120 tatem.
2332 4066 2530 4137 Itaque
2566 4064 2675 4120 etsi
2700 4070 2932 4137 repente
2950 4063 3071 4118 dies
3099 4063 3309 4130 instat,
3334 4061 3437 4117 sed
3458 4073 3570 4116 non
3586 4068 3707 4124 erga

2104 4171 2203 4209 vos
2236 4154 2491 4209 ordinem
2528 4152 2633 4208 sibi
2668 4153 2920 4208 vindicat
2961 4151 3122 4218 furis,
3156 4152 3266 4224 qui
3312 4147 3555 4224 juvandi
3590 4141 3712 4200 estis

2108 4259 2173 4298 ex
2200 4245 2325 4314 ejus
2352 4243 2617 4309 adventu,
2632 4242 2732 4297 sed
2762 4242 2876 4297 illis
2894 4241 2990 4314 qui
3010 4257 3224 4296 noxam
3246 4241 3583 4312 exspectant
3606 4247 3711 4304 Ρω-

2108 4333 2325 4387 nalem:
2357 4337 2416 4386 et
2441 4338 2508 4387 ut
2524 4330 2967 4403 recognitionem
2983 4330 3254 4385 sufﬁcere
3274 4329 3392 4385 sibi
3408 4324 3720 4384 existiment

2104 4420 2299 4492 adjicit
2329 4438 2340 4474 :
2370 4423 2553 4489 Igitur
2577 4437 2691 4475 non
2719 4421 3068 4474 dormiamus
3093 4421 3249 4474 sicut
3297 4425 3351 4474 et
3380 4418 3567 4473 exteri
3590 4432 3607 4468 :
3635 4408 3717 4464 sed

2104 4513 2400 4578 vigilemus
2434 4515 2485 4564 et
2503 4511 2679 4564 sobrii
2696 4511 2896 4576 simus,
2930 4510 3032 4577 qui
3051 4511 3212 4562 enim
3239 4503 3720 4568 deﬁniunt,an

2106 4599 2420 4666 dormiunt,
2440 4604 2491 4653 et
2502 4600 2603 4669 qui
2622 4599 3001 4662 inebriantur,
3030 4601 3189 4651 nocte
3208 4597 3611 4651 inebriantur.
3624 4588 3722 4644 Nos

2107 4692 2311 4747 autem.
2339 4691 2440 4757 qui
2465 4689 2580 4742 diei
2605 4703 2817 4752 sumus,
2851 4688 3026 4741 sobrii
3042 4687 3249 4749 simus,
3266 4686 3476 4741 induti
3503 4682 3723 4738 loricam

2107 4777 2236 4844 ﬁdei
2280 4782 2329 4831 et
2372 4777 2665 4832 charitatis
2699 4781 2752 4830 et
2780 4778 2998 4844 galeam
3032 4776 3149 4844 spei
3185 4776 3427 4829 salutis.
3462 4770 3727 4841 Quoniam

2106 4880 2221 4920 non
2244 4869 2429 4934 posuit
2459 4881 2556 4920 nos
2579 4866 2721 4921 Deus
2748 4867 2814 4919 in
2864 4866 3036 4929 iram,
3066 4864 3162 4918 sed
3194 4865 3269 4918 in
3300 4861 3729 4933 acquisitionem

2108 4956 2308 5009 salutis
2330 4969 2433 5024 per
2450 4955 2755 5009 Dominum
2774 4957 3031 5007 nostrum
3052 4953 3249 5006 Iesum
3292 4952 3613 5015 Christum,
3640 4944 3734 5015 qui

2111 5047 2365 5097 mortuus
2392 5047 2469 5097 est
2490 5057 2596 5112 pro
2621 5043 2775 5096 nobis
2794 5046 2857 5096 ut
2882 5043 2995 5095 sive
3011 5042 3344 5109 vigilemus,
3357 5042 3476 5094 sive
3490 5035 3729 5093 (tannia-

2107 5147 2233 5185 mus
2260 5133 2434 5186 simul
2464 5146 2592 5186 cum
2621 5133 2722 5185 illo
2763 5132 3038 5184 vivamus.
3074 5128 3372 5184 Convenit
3414 5127 3600 5199 igitur
3638 5137 3733 5178 nos

2106 5219 2213 5276 tali
2237 5224 2625 5276 remuneratos
2670 5217 2909 5274 scientia
2954 5216 3193 5290 vigilare
3247 5223 3313 5274 et
3353 5215 3585 5272 sobrios
3619 5224 3732 5268 esse

2113 5324 2250 5380 erga
2275 5324 2470 5365 eorum
2517 5306 2890 5379 diligentiam,
2924 5322 3048 5378 qua:
3075 5303 3247 5361 nobis
3285 5305 3651 5363 conveniunt
3670 5297 3737 5356 ad

2112 5397 2543 5453 custodiendum
2567 5415 2581 5464 ;
2613 5402 2954 5451 nocturnum
2983 5399 3212 5467 tempus
3245 5393 3429 5449 nobis
3452 5392 3739 5464 magisest

2112 5486 2489 5547 necessarium
2520 5489 2580 5541 et
2604 5484 2677 5540 ad
2720 5482 3073 5550 ebrietatem,
3112 5482 3304 5538 latere
3337 5481 3507 5538 enim
3538 5475 3743 5554 poterit

2110 5574 2272 5630 facile
2298 5573 2349 5630 is
2376 5574 2473 5645 qui
2501 5573 2637 5630 talis
2667 5578 2783 5639 est;
2831 5571 2959 5628 illos
3002 5586 3135 5627 vero
3160 5569 3273 5640 qui
3302 5588 3421 5642 per
3458 5567 3740 5641 cognitio-
