3868 6138
253 289 324 344 561
582 281 1150 340 ENARRATIONUM
1187 285 1263 339 IN
1303 285 1455 339 EPP.
1498 285 1712 340 PAULI
1752 287 1888 340 LIB.
1930 287 2076 341 XXI.
2113 317 2175 328 -
2219 289 2296 342 IN
2335 288 2558 344 EPIST.
2604 291 2647 344 Ι.
2685 291 2780 344 AD
2817 291 3061 346 THESS.

3354 290 3455 348 562

245 430 347 468 nem
370 417 612 482 tanquam
657 411 716 464 in
765 411 856 465 die
889 411 1010 481 jam
1049 410 1364 464 consistunt
1408 411 1621 466 sobrios
1652 429 1772 466 esse
1789 413 1949 473 ASic
1969 419 2026 467 et
2051 415 2161 468 alio
2189 415 2248 469 in
2275 416 2396 470 loco
2424 415 2672 470 scribens
2695 417 2776 483 (ΙΙ
2799 416 2919 471 σον.
2945 417 3050 482 xx):
3075 416 3226 484 Quis,
3247 416 3451 488 inquit,

241 501 466 564 convenit,
495 505 550 553 et
573 499 864 568 vigilantes
893 516 1026 568 erga
1063 499 1251 553 studia
1280 499 1572 566 virtutum,
1613 502 1772 571 quasi

241 591 314 660 qui
339 596 387 642 et
408 589 458 642 in
484 588 589 641 diei
615 594 867 659 tempore
898 594 1317 653 conversantur,
1352 588 1411 642 in
1449 606 1560 659 quo
1591 606 1772 660 neque

239 681 374 732 latere
395 693 717 748 quemquam
747 676 1008 748 possibile
1037 677 1129 742 sit,
1161 677 1209 730 si
1240 683 1431 731 tamen
1462 678 1672 748 aliquid
1707 696 1774 732 ex

237 767 319 821 illis
353 783 462 837 quae
489 782 596 820 non
628 765 966 821 conveniunt
999 765 1310 837 perfecerit.
1347 767 1482 831 Quae
1511 773 1643 820 sunt
1671 783 1773 822 au-

232 863 320 910 tem
347 855 431 908 illa
455 871 634 926 opera,
669 871 792 925 quae
827 854 988 909 nobis
1016 861 1081 910 ut
1106 855 1165 909 in
1195 855 1286 909 die
1315 857 1773 911 conversantibus

230 943 547 1014 deputemus?
569 943 761 998 Fidem
782 945 880 1009 ait,
903 944 960 998 in
983 961 1092 1016 quo
1119 950 1177 998 et
1202 945 1533 999 charitatem
1563 945 1724 1017 ponit
1754 965 1765 1000 :

229 1051 280 1087 ex
303 1032 480 1104 quibus
499 1049 623 1103 spes
654 1033 815 1088 nobis
839 1032 1148 1104 acquiritur
1161 1034 1381 1098 salutis,
1403 1035 1552 1106 quod
1581 1039 1638 1088 et
1666 1036 1772 1089 Do-

229 1122 378 1176 minus
403 1122 542 1175 Deus
569 1138 672 1193 per
694 1123 999 1188 Christum,
1035 1122 1129 1193 qui
1163 1139 1262 1193 pro
1291 1123 1453 1176 nobis
1486 1124 1771 1194 suscipere

225 1211 364 1264 voluit
382 1217 627 1274 mortem,
651 1211 891 1265 salutem
913 1210 1073 1264 nobis
1093 1211 1358 1282 prodidit,
1375 1229 1488 1266 non
1511 1230 1766 1282 primam;

222 1307 270 1352 ut
287 1300 396 1353 licet
411 1299 712 1354 secundum
733 1306 1065 1371 prmsentem
1085 1301 1230 1354 hanc
1247 1300 1416 1354 vitam
1437 1301 1765 1356 habeamur.

223 1389 313 1441 Hoc
329 1388 460 1442 enim
489 1389 644 1455 dicit,
669 1389 977 1459 Vigilemus
1004 1389 1224 1444 etiamsi
1257 1389 1465 1458 egressi
1499 1390 1770 1444 fuerimus

221 1494 245 1530 ει
265 1478 358 1530 vita
390 1477 503 1542 hac,
535 1478 640 1531 hoc
667 1477 819 1532 enim
851 1477 1002 1542 dicit,
1039 1478 1417 1532 Dormiamus.
1453 1479 1590 1533 Vult
1617 1479 1767 1534 enim

218 1565 365 1619 dicere
391 1572 450 1619 ut
483 1566 565 1620 illi
600 1567 694 1637 qui
721 1572 858 1621 tunc
876 1567 1068 1621 vivunt
1097 1567 1156 1621 in
1179 1567 1387 1622 Christi
1417 1568 1678 1634 adventu,
1711 1574 1769 1623 et

215 1655 287 1724 qui
307 1656 411 1724 jam
437 1662 572 1709 sunt
603 1656 830 1721 mortui,
865 1672 1060 1709 omnes
1097 1662 1364 1710 aeternam
1394 1656 1566 1711 vitam
1593 1663 1649 1711 et
1675 1658 1765 1711 in-

1857 505 2189 568 inﬁrmatur
2219 510 2268 556 et
2304 521 2396 572 ego
2428 521 2538 559 non
2570 508 2831 572 inﬁrmor
2850 511 2874 558 Ρ
2903 505 3008 558 hoc
3037 511 3140 569 est,
3172 522 3298 560 mea
3333 523 3454 560 esse

1856 590 2095 644 aliorum
2123 598 2352 661 peccata
2379 593 2653 647 existimo.
2697 593 2848 648 Bene
2878 598 3068 647 autem
3109 594 3322 664 adjicit,
3349 611 3454 663 pa-

1857 681 2046 731 tientes
2084 683 2241 733 estote
2291 682 2364 733 ad
2406 697 2608 747 omnes,
2645 698 2710 736 eo
2745 681 2892 752 quod
2928 681 3034 736 hoc
3077 682 3457 738 necessarium

1858 767 2014 820 valde
2042 773 2130 821 est
2165 769 2469 838 magistris,
2504 770 2585 824 ita
2625 787 2738 824 non
2775 770 2936 825 facile
2982 771 3282 842 desperent
3319 788 3452 843 pro-

1855 860 1981 926 pter
2009 862 2236 926 peccata
2263 875 2276 924 ;
2301 857 2582 928 patienter
2601 876 2732 913 vero
2765 876 2925 914 suam
2945 860 3217 932 impleant
3243 861 3455 916 doctri-

1854 959 2004 1010 nam,
2029 950 2413 1016 exspectantes
2450 964 2675 1018 semper
2698 953 2762 1002 ut
2784 948 3041 1020 discipuli
3075 947 3335 1005 meliores
3363 951 3450 1006 sui

1856 1033 2186 1100 efﬁciantur,
2232 1035 2562 1107 lucrumque
2611 1037 2899 1108 pr0prium
2943 1055 3065 1092 esse
3107 1039 3449 1107 existiment,

1855 1121 2075 1176 etiamsi
2093 1128 2150 1176 et
2167 1123 2347 1178 serius
2369 1124 2672 1195 aliquando
2690 1142 2784 1180 eos
2811 1127 3099 1196 potuerint
3118 1128 3189 1182 ad
3219 1128 3277 1182 id
3300 1129 3448 1199 quod

1853 1209 2148 1265 honestum
2183 1218 2268 1266 est
2297 1230 2584 1281 revocare;
2606 1220 2663 1269 et
2688 1215 2896 1270 iterum
2924 1217 2994 1270 ad
3013 1218 3337 1286 generalem
3357 1235 3447 1272 ex-

1853 1299 2229 1355 hortationem
2252 1303 2615 1372 progrediens
2640 1304 2888 1376 praacipit
2919 1322 2930 1356 :

1936 1391 2106 1443 Videte
2127 1407 2192 1444 ne
2223 1394 2346 1460 quis
2368 1395 2586 1446 malum
2612 1409 2715 1460 pro
2737 1397 2883 1448 malo
2911 1397 3090 1448 alicui
3122 1397 3336 1460 reddat,
3355 1397 3448 1450 sed

1850 1494 2058 1546 semper
2077 1481 2222 1547 quod
2239 1481 2442 1534 bonum
2454 1485 2528 1534 est
2539 1485 2832 1536 sectamini
2852 1486 2913 1536 in
2936 1485 3172 1537 invicem
3186 1489 3236 1536 et
3249 1487 3315 1538 in
3329 1501 3448 1538 om-
3537 1523 3554 1533 ι

1853 1582 1961 1619 nes.
1991 1567 2141 1620 Nulli
2160 1568 2370 1622 malum
2397 1585 2500 1639 pro
2531 1570 2681 1623 malo
2703 1569 2907 1624 debere
2923 1570 3159 1625 retribui
3177 1571 3332 1638 dicit,
3356 1571 3449 1626 bo.-

1849 1671 1985 1708 num
1996 1661 2209 1710 sectare
2219 1657 2433 1718 vero,in
2447 1665 2723 1728 quantum
2737 1660 2914 1714 virtus
2925 1659 3322 1735 opitulatur,ut
3333 1678 3449 1716 ma-

213 1751 484 1815 rorruptam
512 1745 895 1816 acquiramus,
928 1745 1063 1799 dum
1101 1745 1182 1798 illi
1219 1745 1314 1816 qui
1359 1753 1766 1816 praecesserunt
1785 1731 1831 1790 Β
1847 1744 1935 1813 gis
1955 1744 2013 1797 in
2028 1745 2270 1798 invicem
2295 1745 2402 1800 sibi
2427 1746 2697 1801 beneficia
2718 1748 3020 1819 praebeant,
3051 1731 3178 1804 cum
3203 1749 3314 1804 illis
3325 1767 3448 1822 quae

209 1833 380 1886 dudum
407 1834 460 1888 in
495 1841 760 1894 mortem,
795 1835 874 1888 ita
908 1839 1230 1905 resurgunt,
1277 1841 1335 1889 et
1374 1835 1456 1888 illi
1493 1836 1590 1905 qui
1629 1842 1765 1890 tunc

207 1922 357 1976 vivunt
388 1923 441 1976 in
469 1923 1060 1994 incorruptibilitatem
1101 1929 1411 1989 mutantur,
1444 1925 1590 1978 sicut
1615 1925 1765 1979 idem

208 2011 463 2082 Apostolus
481 2012 668 2066 alioin
683 2013 803 2066 loco
831 2012 985 2077 dicit,
1004 2015 1268 2081 quoniam
1287 2029 1472 2066 omnes
1493 2015 1764 2067 immuta-

211 2099 378 2152 bimur.
396 2101 579 2170 Igitur
593 2101 738 2154 nihil
757 2107 842 2154 est
860 2101 1008 2172 quod
1031 2100 1329 2172 prohibeat
1341 2101 1522 2156 salute
1546 2119 1646 2156 nos
1657 2102 1766 2156 frui

211 2188 379 2254 lutum,
419 2191 464 2243 si
499 2196 697 2244 tamen
729 2190 826 2244 illa
869 2206 992 2260 quae
1037 2207 1103 2243 ex
1151 2189 1310 2244 nobis
1357 2196 1490 2244 sunt
1533 2191 1766 2245 minime

209 2277 336 2331 nobis
353 2277 700 2345 obstiterint;
717 2284 774 2332 et
784 2279 915 2332 hinc
927 2279 1137 2342 dicens,
1155 2278 1372 2349 adjicit:
1389 2282 1769 2348 Propterquod

208 2370 536 2422 consolamini
556 2371 619 2421 in
640 2371 896 2434 invicem,
911 2372 960 2421 et
979 2369 1236 2434 .ediﬁcale
1247 2371 1607 2432 alterutrum,
1625 2372 1766 2423 sicut

207 2460 244 2508 et
270 2457 450 2521 facilis.
488 2455 580 2510 Ab
619 2456 715 2510 illo
760 2457 880 2510 loco
917 2472 1028 2526 quo
1073 2455 1215 2509 dixit
1261 2473 1375 2510 non
1422 2455 1625 2511 debere
1671 2474 1766 2512 eos

206 2543 259 2596 de
295 2545 774 2599 consummatione
801 2543 985 2599 saeculi
1017 2551 1075 2598 et
1111 2545 1234 2614 ejus
1265 2551 1516 2616 tempore
1548 2547 1766 2600 curiose

203 2649 353 2703 agere,
382 2634 703 2688 necessario
734 2634 838 2688 hoc
864 2633 922 2687 in
951 2634 1072 2688 loco
1099 2633 1249 2688 istud
1278 2634 1501 2704 adjecit,
1535 2635 1639 2688 hoc
1659 2641 1762 2701 est,

206 2722 549 2794 relinquentes
577 2723 694 2789 illa,
718 2723 835 2777 haec
855 2723 1004 2793 agite
1035 2730 1090 2776 et
1110 2723 1180 2777 de
1204 2723 1291 2776 his
1321 2729 1499 2777 estote
1519 2724 1761 2790 solliciti,

201 2816 245 2864 et
259 2812 317 2864 de
341 2812 444 2866 illis
463 2813 542 2866 ad
573 2813 910 2866 alterutrum
927 2812 1210 2882 disputate
1231 2828 1332 2882 pro
1345 2813 1630 2866 communi
1651 2813 1765 2867 uti-

199 2899 340 2954 litate.
370 2901 500 2956 Post
529 2901 637 2954 hoc
665 2917 798 2955 vero
834 2900 1162 2954 exhortatur
1189 2917 1284 2954 eos
1312 2901 1504 2955 dicens
1535 2919 1548 2956 :

1848 1850 1914 1886 ex
1923 1838 2149 1886 terrena
2161 1835 2397 1888 materia
2411 1835 2571 1889 nobis
2584 1853 2704 1890 esse
2716 1837 3030 1891 videantur.
3049 1839 3110 1905 (Α
3119 1842 3236 1909 ug.)
3255 1839 3446 1903 Quan-

1847 1921 1918 1974 do
1939 1921 2091 1975 videt
2110 1922 2278 1976 homo
2289 1923 2534 1994 aliquem
2553 1925 2698 1978 male
2718 1925 2994 1980 viventem
3007 1931 3065 1980 et
3081 1926 3224 1981 forte
3235 1927 3450 1999 aliquid

1849 2009 2104 2064 Ecclesiae
2131 2015 2514 2082 praestantem,
2549 2018 2607 2067 et
2652 2029 2763 2067 non
2796 2031 2927 2068 eum
2973 2015 3222 2086 corripit,
3255 2016 3447 2072 animo

1847 2098 2006 2169 fugit.
2027 2100 2172 2164 Quid
2191 2107 2281 2154 est
2299 2101 2488 2155 animo
2509 2101 2702 2173 fugere
2722 2102 2747 2155 7
2767 2103 2968 2157 timere
2990 2121 3002 2156 :
3021 2104 3194 2158 timor
3209 2111 3297 2159 est
3312 2103 3448 2174 fuga

1850 2187 2086 2243 interior
2117 2207 2127 2241 :
2171 2206 2345 2260 quare
2383 2190 2588 2244 timet?
2628 2191 2762 2262 quia
2808 2192 3186 2246 mercenarius
3234 2198 3340 2258 est,
3374 2209 3448 2247 ne

1851 2277 1992 2332 forte
2020 2277 2114 2331 ille
2143 2295 2256 2332 non
2285 2279 2521 2350 accipiat
2551 2280 2699 2350 quod
2739 2280 3060 2352 corripitur,
3093 2287 3151 2334 et
3194 2297 3308 2336 non
3345 2281 3448 2336 det

1851 2367 1998 2436 quod
2013 2366 2173 2420 solet.
2196 2365 2362 2421 Videt
2382 2367 2578 2438 lupum
2595 2369 2932 2436 venientem,
2953 2369 3010 2423 id
3031 2375 3134 2436 est,
3159 2368 3446 2424 diabolum

1849 2455 1995 2508 male
2024 2455 2258 2510 viventis
2285 2456 2428 2510 colla
2452 2456 2826 2528 frangentem,
2845 2464 2903 2512 et
2931 2457 3092 2529 fugit,
3115 2459 3305 2513 animo
3321 2457 3446 2513 abs-

1846 2544 1994 2598 tinet
2012 2543 2082 2598 ab
2110 2544 2237 2598 utili
2267 2545 2636 2616 correptione,
2656 2546 2856 2618 plenus
2869 2547 3102 2615 timore;
3129 2547 3225 2618 qui
3255 2552 3444 2602 autem

1848 2638 2042 2703 pastor
2068 2638 2172 2699 est,
2199 2639 2257 2687 et
2276 2639 2363 2688 est
2379 2635 2431 2688 ei
2451 2651 2588 2689 cura
2609 2651 2708 2705 pro
2736 2635 2950 2702 ovibus,
2966 2652 3080 2690 non
3101 2653 3232 2690 eum
3258 2635 3446 2690 dimit-

1847 2721 1920 2775 tit
1951 2723 2130 2786 (Joan.
2164 2726 2244 2789 x),
2277 2729 2335 2776 et
2361 2722 2495 2777 facit
2524 2721 2673 2794 quod
2696 2723 2777 2778 ait
2801 2724 3103 2796 Apostolus
3135 2743 3146 2777 ε
3174 2725 3446 2794 Corripite

1847 2813 2134 2879 inquietos,
2169 2814 2536 2866 consolamini
2561 2815 2974 2881 pusillanimes,
3012 2819 3116 2868 etc.
3153 2813 3281 2868 Non
3309 2830 3445 2884 ergo

1847 2903 2006 2969 putet
2038 2898 2318 2970 quispiam
2352 2905 2564 2970 pastor,
2601 2901 2687 2954 vel
2725 2901 2823 2972 qui
2863 2917 2924 2956 se
2963 2901 3100 2956 dicit
3137 2907 3442 2972 pastorem,

249 2990 498 3056 Rogamus
521 2996 716 3043 autem
738 3006 844 3056 vos,
865 2991 1088 3056 fratres,
1120 2992 1258 3043 scire
1278 3006 1362 3043 eos
1391 2993 1490 3058 qui
1509 2991 1764 3044 laborant
1794 3057 1823 3062 _
1847 2987 1982 3058 quia
1999 3003 2110 3041 non
2131 2988 2329 3042 reddet
2347 2989 2558 3042 malum
2579 3005 2680 3059 pro
2701 2991 2868 3057 malo,
2892 3007 3020 3044 cum
3039 2990 3238 3045 reddet
3258 2991 3445 3062 potius

197 3079 242 3128 in
265 3081 412 3144 vobis,
433 3086 482 3133 et
511 3084 766 3147 przsunt
796 3079 943 3132 vobis
988 3081 1050 3132 in
1101 3080 1352 3142 Domino,
1388 3057 1436 3131 et
1463 3080 1763 3132 admonent
1783 3057 1825 3116 Ο
1844 3077 2056 3130 malum
2083 3093 2185 3146 pro
2205 3077 2368 3144 bono,
2392 3077 2487 3131 ille
2511 3057 2663 3132 enim
2690 3077 2795 3133 etsi
2825 3085 3084 3150 peccator
3101 3085 3158 3134 et
3177 3057 3446 3134 scelestus

192 3181 275 3230 tm,
303 3171 566 3222 estimate
603 3184 688 3220 eos
716 3168 1095 3236 superabunde
1124 3169 1188 3220 in
1229 3167 1499 3220 charitate
1539 3173 1763 3236 propter

192 3271 296 3322 opus
326 3273 542 3322 eorum,
573 3271 760 3324 pacem
792 3257 974 3309 habete
1005 3259 1068 3309 in
1107 3272 1208 3309 eos.
1259 3255 1455 3326 Itaque
1495 3255 1620 3310 illos
1666 3255 1762 3326 qui

189 3341 419 3400 doctrinae
459 3345 786 3415 injunctum
817 3361 956 3415 opus
996 3343 1203 3398 habere
1232 3344 1491 3398 videntur
1517 3345 1761 3416 plurimo

190 3431 369 3487 honore
387 3435 596 3505 dignos
613 3433 1022 3498 aestimate,non
1036 3433 1376 3487 resultantes
1389 3433 1517 3498 illis,
1537 3433 1760 3504 quando

191 3537 266 3574 vos
291 3524 575 3593 corrigere
601 3523 838 3592 cupiunt
875 3522 992 3576 Hoc
1019 3522 1169 3576 enim
1199 3522 1353 3588 dicit,
1377 3538 1561 3590 pacem
1581 3522 1762 3576 habete

173 3613 236 3664 'in
245 3613 390 3667 cos.N
393 3629 486 3666 am
500 3616 565 3666 et
575 3611 695 3665 ﬁeri
709 3610 920 3665 solebat
930 3611 1036 3665 hoc
1047 3610 1116 3665 ab
1127 3611 1236 3665 illis
1248 3611 1342 3682 qui
1353 3611 1765 3690 indisciplinate

187 3699 432 3767 vivebant,
477 3701 556 3755 ad
593 3717 734 3771 quos
766 3699 1013 3754 scribens
1045 3700 1103 3754 in
1133 3699 1515 3770 superioribus
1543 3699 1766 3754 videtur

1843 3165 1912 3218 de
1935 3165 2092 3218 bonis
2121 3165 2238 3219 suis
2269 3165 2368 3219 dat
2397 3166 2652 3221 Ecclesiae
2686 3185 2697 3220 :
2727 3167 2825 3222 ille
2861 3174 3054 3223 autem
3091 3169 3305 3224 malum
3335 3185 3437 3240 pro

1842 3251 1989 3307 bono
2006 3253 2058 3308 ei
2075 3253 2278 3318 reddit,
2302 3255 2393 3308 cui
2415 3254 2700 3310 subtrahit
2717 3256 3150 3328 correptionem.
3171 3257 3281 3312 Sed
3300 3273 3444 3328 quo-

1844 3341 2000 3396 niam
2034 3342 2138 3396 hoc
2181 3347 2367 3397 totum
2398 3343 2467 3396 de
2495 3343 2793 3398 dilectione
2833 3345 3150 3400 faciendum
3197 3350 3302 3412 est,
3337 3347 3445 3400 ali-
3548 3368 3556 3376 ·

1845 3431 2069 3501 quando
2123 3438 2314 3486 autem
2362 3431 2618 3487 homines
2669 3439 3020 3504 correptores
3070 3449 3202 3489 suos
3240 3439 3444 3505 putant

1844 3519 2100 3574 inimicos
2118 3537 2268 3587 suos,
2293 3521 2419 3574 ideo
2447 3539 2576 3575 cum
2603 3521 2850 3587 dixisset,
2869 3525 3128 3590 corripite
3143 3525 3438 3590 inquietos,

1845 3609 2100 3678 subjecit,
2143 3613 2510 3663 consolamim'
2540 3613 2950 3678 pusillanimes.
2988 3610 3154 3664 Forte
3189 3610 3342 3664 enim
3370 3610 3443 3665 de

1845 3698 2193 3768 correptione
2220 3697 2419 3768 incipit
2446 3697 2683 3751 deiicere
2719 3703 2777 3752 et
2802 3697 3184 3770 perturbatur,
3220 3705 3356 3752 tunc
3382 3704 3440 3753 te

182 3791 578 3845 contumaciam
601 3805 798 3843 eorum
828 3789 1098 3860 signasse,
1129 3789 1395 3860 quoniam
1413 3789 1549 3842 dum
1580 3789 1760 3842 delin-
1844 3792 2066 3857 oportet
2085 3787 2378 3840 consolari.
2399 3785 2670 3855 Suscipite
2699 3790 2974 3855 inﬁrmos,
2999 3803 3070 3841 ne
3088 3803 3189 3858 per
3206 3787 3442 3842 inﬁrmi-

181 3885 388 3946 quentes
423 3897 526 3933 eos
565 3879 844 3948 corrigere
899 3877 1176 3948 cupiebat,
1217 3878 1484 3932 docturus
1529 3893 1623 3932 eos
1663 3879 1760 3948 qui
1841 3881 2016 3930 tatem
2045 3875 2277 3941 cadant;
2313 3875 2359 3928 si
2389 3874 2635 3930 titubare
2659 3892 2789 3930 eum
2817 3875 2951 3930 fecit
2985 3875 3287 3930 inﬁrmitas
3309 3875 3437 3931 sinu

177 3965 255 4020 illa
299 3969 590 4024 faciebant
635 3984 757 4038 qum
805 3983 917 4021 non
989 3966 1412 4031 conveniebant,
1470 3967 1529 4020 hi
1586 3967 1757 4020 etiam
1841 3982 1942 4019 suo
1960 3965 2227 4036 suscipiat
2243 3964 2516 4032 Charitas;
2535 3970 2731 4019 etcum
2759 3965 2871 4020 ista
2891 3965 3142 4032 dixisset,
3157 3964 3362 4036 adjecit
3381 3965 3440 4020 in

174 4059 368 4122 gravari
399 4077 462 4112 se
508 4058 804 4112 doctorum
844 4055 1160 4126 arguitione
1198 4055 1613 4122 existimabant,
1655 4055 1757 4110 sic-
1839 4053 2140 4108 novissimo
2176 4071 2188 4106 :
2225 4055 2399 4108 Videte
2441 4071 2507 4108 ne
2535 4057 2660 4124 quis
2687 4059 2907 4110 malum
2943 4071 3048 4124 pro
3078 4059 3226 4110 malo
3263 4057 3440 4110 alicui

175 4161 262 4214 que
298 4147 364 4200 ad
407 4148 545 4201 illos
581 4145 875 4216 disputans
920 4144 1088 4198 vertit
1121 4161 1288 4198 suum
1326 4160 1643 4198 sermonem
1684 4145 1755 4198 ad
1838 4145 2050 4198 reddat.
2070 4145 2216 4214 Ergo
2231 4160 2344 4198 non
2358 4149 2445 4198 est
2460 4145 2960 4216 malumcorreptio
2990 4145 3038 4198 si
3065 4144 3158 4210 sit,
3177 4144 3276 4198 sed
3291 4143 3441 4198 bona

174 4232 422 4300 doctores,
467 4237 680 4289 docens
711 4252 722 4286 :
761 4235 1114 4288 Obsecramus
1157 4239 1344 4287 autem
1383 4249 1487 4296 vos,
1527 4236 1750 4300 fratres,
1837 4233 1954 4286 ovis
1982 4233 2204 4303 quando
2235 4233 2538 4304 corripitur
2562 4250 2596 4287 a
2630 4234 2930 4306 praeposito
2957 4250 3080 4300 suo,
3104 4233 3239 4304 quid
3264 4232 3439 4287 dicit?

169 4324 412 4378 instmite
447 4325 918 4390 ind-isciplinatos,
950 4323 1318 4374 eonsolamini
1343 4323 1750 4388 pusillanimes,
1771 4330 1820 4386 D
1840 4323 2166 4376 Emendabit
2206 4339 2290 4376 me
2329 4325 2518 4392 justus
2559 4326 2623 4377 in
2671 4324 3056 4377 misericordia
3087 4323 3254 4390 (Psal.
3287 4324 3433 4389 CXL).

171 4415 406 4466 sustinete
426 4417 492 4466 in
499 4415 710 4480 ﬁrmos,
737 4413 1002 4480 patientes
1027 4415 1184 4463 estote
1213 4411 1286 4463 ad
1313 4426 1516 4463 omnes.
1547 4411 1752 4464 Neces-
1836 4409 2048 4464 Deinde
2067 4411 2288 4480 adjicit:
2313 4410 2538 4479 Semper
2553 4412 2799 4478 gaudete.
2817 4410 2934 4464 Hoc
2947 4415 3034 4462 est
3051 4425 3152 4479 pro
3174 4407 3435 4462 omnibus

169 4501 358 4556 sarium
399 4508 530 4556 erat
564 4503 666 4554 hos
694 4498 996 4565 exhortari,
1026 4504 1094 4552 ut
1135 4515 1245 4552 non
1296 4497 1648 4552 discederent
1685 4499 1755 4553 ab
1834 4499 2078 4553 tristitiis
2113 4516 2236 4570 quae
2273 4498 2428 4552 vobis
2475 4498 2754 4561 accidunt,
2798 4497 2943 4551 bono
2985 4497 3174 4551 animo
3227 4501 3430 4561 estote,

171 4605 316 4658 opere
365 4597 608 4662 propter
652 4589 1025 4661 quorumdam
1075 4587 1532 4642 contumaciam:
1566 4587 1756 4642 omnia

174 4693 282 4733 vero
327 4685 746 4750 consequenter
798 4679 867 4731 de
911 4679 1024 4732 illis
1069 4694 1192 4748 qua:
1238 4676 1356 4748 ipse
1406 4677 1755 4747 praedixerat,

175 4770 424 4840 praecepit
452 4769 628 4824 etiam
657 4769 911 4822 doctores
930 4767 1132 4831 facere,
1155 4766 1226 4821 de
1257 4765 1458 4836 quibus
1486 4772 1544 4820 et
1560 4766 1680 4837 ipse
1699 4767 1758 4819 in

176 4854 408 4926 Epistola
425 4875 532 4912 sua
551 4857 872 4928 scripserat,
895 4862 958 4910 ut
977 4857 1046 4909 de
1060 4855 1146 4909 his
1165 4855 1517 4926 diligentiam
1535 4854 1761 4909 adhibe-

178 4953 300 5011 rent,
323 4954 380 5002 et
397 4947 516 5001 illis
531 4945 926 5016 compendiose
945 4951 1009 4998 ut
1023 4945 1369 4998 instruerent
1383 4943 1761 5014 indisciplina—

176 5037 263 5088 tos.
284 5036 354 5089 ad
383 5053 529 5107 quos
561 5042 622 5090 et
647 5035 768 5106 ipse
793 5033 1014 5087 videtur
1041 5033 1348 5104 scripsisse.
1383 5034 1762 5088 Uonsolamini

177 5136 288 5176 vero
296 5124 712 5192 pusillanimes,
728 5123 823 5194 qui
843 5121 913 5176 ob
945 5121 1069 5176 illos
1083 5121 1178 5192 qui
1200 5122 1534 5176 decidebant
1561 5120 1762 5176 flebili-

180 5217 462 5268 tereorum
474 5213 886 5286 separationem
898 5210 1170 5266 ferebant.
1189 5212 1460 5265 Sustinete
1474 5214 1532 5264 in
1539 5214 1727 5278 ﬁrmos
1745 5230 1758 5279 ;

179 5298 296 5354 dicit
322 5307 518 5357 autem
547 5303 619 5358 de
643 5302 754 5356 illis
788 5301 883 5372 qui
905 5299 1271 5355 fornicatione
1299 5299 1758 5366 deturbabantur,

180 5388 366 5444 docens
419 5409 541 5452 non
575 5391 836 5445 abdicare
894 5406 989 5444 eos
1049 5395 1280 5460 propter
1323 5389 1533 5458 peccati
1587 5389 1764 5460 ipsius

181 5479 779 5550 exprobrationem,sed
793 5484 850 5534 et
862 5478 1212 5549 diligentiam
1229 5494 1366 5548 erga
1379 5477 1503 5531 illos
1517 5477 1766 5532 debitam

183 5567 460 5634 adlabere,
474 5578 527 5625 e'.
540 5586 740 5626 caram
753 5568 934 5638 magis
943 5567 1056 5622 illis
1071 5568 1256 5623 facere
1267 5573 1334 5622 ut
1345 5571 1761 5622 convertantur.

1839 4587 2157 4642 futurorum
2197 4587 2607 4658 exspectatione
2653 4585 3083 4656 animmquiores
3128 4585 3330 4652 effecti,
3379 4591 3436 4638 et

1841 4683 1968 4748 post
1997 4677 2100 4730 hoc
2128 4675 2380 4746 praecipit
2411 4693 2422 4729 :
2449 4676 2580 4731 Sine
2610 4677 3015 4729 intermissione
3043 4680 3213 4742 orate,
3231 4678 3295 4729 in
3325 4691 3438 4729 om-

1841 4767 2003 4820 nibus
2050 4767 2262 4831 gratias
2293 4767 2456 4831 agite,
2487 4765 2596 4818 ha'c
2641 4766 2792 4816 enim
2837 4767 2914 4816 est
2951 4767 3206 4818 voluntas
3243 4765 3342 4818 Dei
3371 4765 3436 4818 in

1842 4855 2053 4909 Christo
2099 4855 2224 4907 Jesu
2269 4856 2330 4908 in
2370 4854 2536 4910 vobis.
2573 4852 2844 4923 Praecepit
2873 4868 3035 4907 orare
3063 4853 3430 4916 incessanter,

1839 4943 2050 5014 gratias
2103 4947 2294 4996 autem
2357 4958 2578 5012 semper
2627 4941 2687 4994 in
2743 4941 3109 5006 orationibus,
3165 4957 3232 4995 eo
3287 4941 3436 5012 quod

1843 5031 1950 5086 ista
1963 5033 2112 5086 Deus
2129 5030 2280 5097 velit,
2297 5036 2354 5084 et
2374 5031 2480 5084 ista
2499 5047 2536 5083 a
2553 5028 2713 5084 nobis
2730 5031 2815 5084 vel
2835 5029 3077 5083 maxime
3095 5029 3430 5100 depostulet,

1845 5126 1910 5174 ut
1944 5121 2093 5191 grati
2123 5119 2204 5174 illi
2246 5120 2437 5186 simus,
2475 5124 2532 5172 et
2568 5124 2634 5173 ut
2665 5119 2878 5190 gratias
2913 5118 2995 5172 illi
3043 5116 3261 5172 debitas
3279 5133 3435 5187 laga-

1845 5225 1970 5264 mus
1996 5226 2098 5282 pro
2125 5209 2236 5262 illis
2263 5207 2442 5273 bonis,
2473 5225 2596 5279 quae
2622 5207 2693 5263 ab
2720 5208 2841 5279 ipso
2859 5212 2994 5261 sunt
3018 5205 3228 5260 donata
3253 5204 3434 5262 nobis.

1823 5300 2023 5367 .(lsaac
2051 5301 2112 5352 in
2143 5297 2335 5353 Collal.
2369 5297 2668 5368 Cassiani.)
2702 5298 2772 5352 Et
2799 5295 3006 5351 idcirco
3035 5299 3102 5351 ut
3129 5311 3195 5350 eo
3221 5295 3438 5350 fervore

1847 5406 1911 5443 ac
1947 5388 2212 5460 puritate,
2253 5404 2364 5458 qua
2403 5386 2586 5454 debet,
2639 5385 2821 5440 emitti
2859 5383 3036 5456 possit
3075 5383 3276 5450 oratio,
3319 5383 3439 5440 haec

1847 5483 1980 5532 sunt
1997 5477 2320 5531 omnimodo
2348 5475 2718 5531 observanda:
2747 5475 2990 5546 primum
3011 5473 3329 5530 sollicitudo
3355 5489 3441 5527 re-

1848 5584 1975 5621 rum
2001 5565 2309 5622 carnalium
2337 5565 2679 5637 generaliter
2697 5563 3072 5620 abscindenda
3093 5569 3180 5620 est
3201 5580 3215 5628 ;
3236 5560 3439 5616 deinde
