3868 6138
1043 262 1107 318 Β.
1140 261 1413 318 MBAN!
1449 260 1682 318 MAURI
1718 260 2055 318 ΑΒΟΗῙΕΡ.

2094 259 2420 318 uocum.
2461 259 2763 319 eranum
2797 260 2985 319 rans
3019 263 3120 322 In.
3567 276 3655 334 ιο.

449 390 662 448 nullius
693 387 906 461 negotii
933 403 1120 453 causa,
1153 398 1266 442 non
1293 388 1477 442 solum
1505 397 1662 454 cura,
1695 387 1793 442 sed
1822 402 1895 442 ne
1922 398 2043 441 me-
2061 389 2111 448 Λ
2127 385 2411 457 si,inquit,
2427 387 2751 442 seductores
2765 387 3003 454 timetis,
3023 388 3246 460 accipite
3259 388 3350 446 illa
3366 395 3659 462 quadicnn.

447 481 634 536 moria
645 479 872 552 quidem
884 478 1107 549 penitus
1121 477 1430 531 admittcnd
1438 476 2045 541 a,detractiones,vanio

451 569 767 642 loquis,seu
783 567 1156 638 multiioquia,
1165 565 1532 621 scurrilitates
1548 579 1772 636 quoque
1787 565 2046 620 similiter

857 655 956 710 ira
984 665 1098 728 pra
1127 655 1388 710 omnibus
1414 655 1528 709 sive
1556 653 1800 708 tristitiae
1827 660 2044 725 pertur-

446 748 600 803 bstio
631 746 890 802 funditus
915 744 1196 811 eruenda;
1219 743 1682 815 concupiscentia
1710 743 1952 798 camelis
1978 760 2044 799 ac

444 831 805 911 philargyrie
818 833 1019 890 noxius
1032 835 1209 888 fomes
1229 833 1496 888 radicitus
1517 832 1854 898 evellendus,
1877 837 1938 886 et
1961 833 2043 888 ita

442 920 534 982 his
559 938 628 982 ac
651 923 932 980 similibus
957 923 1110 978 vitiis
1138 922 1380 978 extrusis
1407 921 1650 993 penitus,
1677 925 1736 976 et
1759 920 2038 990 abscissis,

445 1027 571 1088 quo
596 1015 891 1070 hominum
910 1028 1135 1085 quoque
1153 1017 1390 1084 possunt
1410 1017 1605 1083 patere
1631 1010 2040 1082 conspectibus,

444 1104 677 1177 talique,
700 1109 764 1160 ut
777 1103 1040 1168 diximus,
1051 1101 1300 1172 repurgli
1319 1099 1719 1156 amandatione
1731 1100 2038 1172 pmmissa,

447 1206 572 1266 quis
583 1192 960 1264 sirnplicitatis
971 1197 1030 1246 et
1039 1189 1371 1245 innocentia:
1385 1189 1630 1260 puritate
1648 1189 2042 1260 perﬁcitur,jm

443 1283 642 1338 cienda
654 1287 788 1337 sunt
796 1281 1041 1352 primum
1059 1279 1350 1352 profunde
1360 1277 1696 1334 humilitatis
1712 1277 2042 1334 inconcussa

441 1369 828 1438 fundamenta,
843 1381 968 1440 quis
979 1368 1189 1423 scilicet
1195 1367 1401 1422 turrim
1416 1367 1756 1421 intraturum
1767 1367 1934 1422 οωιοις
1948 1385 2041 1422 va-

440 1460 598 1515 leant
609 1459 906 1514 sustinere.
921 1456 1134 1512 Deinde
1153 1456 1862 1527 superponendavirtutum
1882 1457 2040 1528 spiri-

439 1544 572 1604 talis
591 1545 915 1613 exstructio,
931 1552 990 1601 et
1008 1545 1080 1600 ab
1099 1545 1251 1600 ι)ωηὶ
1272 1545 1527 1600 discursu
1547 1550 1716 1616 atque
1743 1545 2039 1616 vagatione

441 1637 656 1692 lubrica
664 1634 1332 1700 auiniusinhibendusmt
1340 1635 1422 1688 ita
1431 1633 1702 1705 paulatim
1711 1634 1782 1688 ad
1793 1640 2039 1689 contem-

2125 480 2237 542 tur,
2260 475 2561 547 probantes
2589 477 2703 543 illa,
2728 481 2783 532 et
2813 477 2861 531 si
2891 477 3116 532 inventa
3139 478 3339 534 fuerint
3351 481 3524 552 aliqua
3537 485 3659 542 divi-

2126 564 2215 620 nis
2241 563 2457 635 legibus
2485 565 2769 620 00ntraria
2790 566 2861 620 de
2885 565 2998 620 illis
3018 584 3140 638 qua
3161 567 3430 634 dicuntur,
3450 570 3538 627 illa
3559 575 3664 630 sola

2125 653 2360 725 rejicite,
2403 660 2592 710 tenete
2638 669 2768 710 vero
2808 655 3059 710 meliora.
3099 657 3304 712 Deinde
3351 659 3529 730 adjicit
3558 679 3569 715 :
3597 666 3665 719 Ab

2125 745 2281 797 omni
2287 745 2454 812 specie
2468 747 2625 798 mala
2645 761 2734 798 vos
2751 745 3036 811 abstinete,
3048 745 3206 816 quasi
3215 746 3307 818 qui
3325 747 3490 804 ethos
3505 749 3664 820 ipsum

2123 837 2346 887 venata
2369 832 2638 899 facerent,
2674 833 2866 889 dicens
2898 851 2910 886 :

2195 923 2310 990 Ipse
2333 927 2520 977 autem
2568 923 2702 978 Deus
2724 927 2879 992 pacis
2923 925 3215 991 sanetth
3242 937 3327 978 vos
3353 926 3590 996 perfectos
3627 934 3666 981 et

2123 1013 2334 1078 integer
2350 1017 2520 1066 vester
2533 1015 2768 1081 spiritus
2787 1017 2838 1066 et
2855 1015 3055 1067 anima
3074 1017 3124 1067 et
3139 1026 3330 1082 corpus
3348 1016 3462 1069 sine
3475 1019 3670 1082 querela

2127 1100 2183 1152 in
2213 1101 2513 1154 adventum
2553 1103 2778 1155 Domini
2823 1103 3002 1155 nostri
3026 1103 3152 1156 Jssu
3198 1101 3396 1156 Christi
3433 1109 3666 1158 servetur.

2122 1188 2262 1243 Orat
2289 1205 2390 1259 pro
2419 1189 2528 1242 illis
2557 1189 2638 1244 ita
2655 1195 2721 1244 ut
2748 1190 2928 1244 sancti
2959 1207 3060 1260 per
3087 1190 3274 1245 omnia
3299 1190 3670 1260 custodiuntur,

2123 1283 2178 1330 et
2206 1277 2328 1332 sine
2350 1279 2597 1348 querela,
2631 1278 2820 1332 animo
2859 1295 3083 1350 quoque
3109 1279 3224 1333 sint
3249 1285 3307 1333 et
3341 1295 3574 1351 corpore,
3604 1281 3672 1334 ita

2121 1371 2186 1420 ut
2211 1371 2269 1420 et
2304 1366 2522 1421 tributa
2545 1367 2794 1438 Spiritus
2829 1367 3009 1422 sancti
3045 1367 3228 1438 gratia
3260 1367 3471 1438 integra
3495 1368 3548 1422 in
3577 1368 3671 1423 illis

2119 1455 2468 1510 custodiatur
2496 1455 2710 1510 nullam
2725 1455 3010 1511 sustinens
3031 1450 3452 1512 minoratibnem
3475 1462 3674 1528 propter

2119 1559 2316 1598 eorum
2344 1544 2642 1609 malitiam,
2683 1544 2766 1598 ita
2792 1551 2858 1600 ut
2890 1545 2949 1599 in
2979 1545 3189 1600 Christi
3215 1546 3448 1600 adventu
3483 1545 3676 1616 assequi

2118 1633 2338 1703 possint
2364 1637 2602 1688 internas
2625 1634 2928 1688 mercedes.
2960 1636 3157 1701 (Ηίεν.)
3187 1635 3447 1689 Formosa
3472 1633 3676 1704 quaestio

437 1727 746 1798 plationem
757 1725 858 1780 Dei
872 1741 937 1779 ac
953 1724 1217 1796 spiritalis
1231 1723 1470 1778 intuitus
1482 1723 1711 1794 incipiat
1723 1723 2032 1778 sublimari.
2056 1709 2102 1769 Β
2120 1721 2210 1776 hic
2226 1722 2424 1787 oritur,
2443 1721 2548 1777 sub
2577 1721 2729 1777 brevi
2759 1737 3019 1777 sermone
3035 1723 3348 1778 tractanda.
3363 1723 3533 1794 Supra
3549 1723 3677 1776 dixe-

437 1814 720 1886 Quidquid
748 1813 898 1869 enim
939 1819 1070 1868 ante
1102 1813 1373 1868 orationis
1399 1813 1596 1867 horam
1625 1813 1815 1867 anima
1845 1818 2040 1868 nostra

435 1903 754 1976 ωηοσρπιι
779 1913 1006 1958 necesse
1034 1908 1120 1956 est
1147 1901 1438 1956 orantibus
1459 1901 1621 1956 nobis
1647 1918 1749 1973 per
1765 1901 2038 1972 ingestio»

435 2003 566 2048 nem
578 1991 980 2048 recordationis
993 1995 1267 2046 occurrat.
1281 1990 1656 2054 Quamobrem
1671 1991 1866 2061 quales
1875 2001 2037 2046 oran-

431 2087 518 2138 tes
537 2083 796 2138 Volumus
811 2079 1224 2146 inveniri,tales
1246 2096 1350 2134 nos
1377 2085 1509 2134 ante
1528 2079 1798 2134 orationis
1812 2085 2036 2152 tempus

431 2181 750 2244 prtepsrars
771 2171 1042 2227 debemus
1061 2187 1073 2223 :
1092 2185 1158 2224 ex
1177 2169 1512 2240 praecedenti
1533 2169 1684 2223 enim
1703 2174 1854 2223 statu
1876 2185 2035 2224 mens

431 2260 492 2314 in
533 2261 939 2332 supplicatione
987 2257 1284 2324 formatur,
1318 2259 1755 2336 eommdemque
1791 2259 2033 2314 Actuum

428 2345 927 2422 procumbentibus
950 2347 1112 2403 nobis
1141 2347 1213 2401 ad
1233 2363 1456 2418 precem
1489 2346 1790 2402 verborum
1811 2361 2034 2419 quoque

428 2439 515 2494 vel
542 2449 812 2494 sensuum
831 2443 962 2493 ante
983 2438 1173 2492 Oculos
1191 2436 1380 2506 imago
1399 2436 1734 2507 prmludens,
1754 2442 1854 2491 aut
1867 2437 2032 2492 irasci

427 2535 530 2580 nos
547 2527 857 2582 secundum
879 2525 1286 2597 praeedentem
1305 2524 1654 2595 qualitatem,
1673 2530 1774 2579 aut
1793 2525 2024 2591 tristari,

429 2619 530 2668 aut
558 2613 1036 2686 cencupiscentias
1063 2629 1328 2667 causasve
1356 2613 1671 2683 prasteritas
1699 2619 2026 2683 retractare,

428 2708 530 2757 aut
554 2703 674 2758 risu
699 2703 876 2768 fatuo,
899 2701 1048 2773 quod
1075 2700 1247 2755 etiam
1267 2700 1442 2771 pudet
1466 2701 1672 2768 dicere,
1693 2703 2028 2774 cujusquam

428 2792 680 2848 scurrilis
723 2791 858 2846 dicti
896 2791 981 2844 vel
1019 2789 1152 2844 facti
1190 2789 1514 2844 titillatione
1551 2790 1783 2861 pulsari,
1827 2796 1928 2846 aut
1955 2793 2026 2847 ad

427 2881 644 2954 priores
662 2876 830 2938 iaciat
854 2879 1090 2934 volitare
1117 2879 1423 2934 discursus.
1447 2879 1518 2932 Et
1532 2879 1737 2933 idcirco
1754 2880 2026 2952 quidquid

429 2969 720 3026 orantibus
741 2968 902 3024 nobis
922 2968 1184 3023 nolumus
1196 2972 1260 3022 ut
1273 2955 1702 3033 inhumanitate
1711 2968 2025 3024 orationem

2117 1816 2208 1864 rat
2221 1814 2489 1879 spiritum
2509 1814 2677 1865 nolite
2694 1815 3057 1880 exstinguere,
3077 1813 3226 1884 quod
3247 1812 3294 1866 si
3313 1811 3476 1866 fuerit
3491 1811 3677 1866 intelle

2117 1904 2287 1964 ctum,
2311 1901 2506 1956 statim
2525 1900 2766 1955 sciemus
2793 1901 2920 1972 quis
2947 1901 3052 1956 iste
3085 1901 3160 1956 sit
3184 1900 3426 1972 spiritus,
3457 1900 3545 1970 qui
3567 1914 3676 1955 cum

2117 1989 2307 2044 anima
2332 1994 2392 2044 et
2418 2006 2650 2061 corpore
2678 1990 2737 2044 in
2779 1990 2872 2044 die
2915 1989 3188 2045 adventus
3233 1990 3452 2046 Domini
3481 2003 3676 2044 consero

2116 2079 2332 2133 tandus
2359 2084 2447 2134 est
2479 2096 2491 2132 :
2525 2079 2650 2150 quis
2689 2079 2842 2134 enim
2871 2079 3047 2150 possit
3083 2080 3315 2134 credere
3348 2078 3490 2150 quod
3525 2078 3678 2132 instar

2119 2167 2378 2232 ﬂammae,
2425 2185 2548 2238 quae
2587 2168 2860 2223 exstincta
2907 2168 3121 2224 desinit
3159 2185 3280 2223 esse
3329 2167 3473 2240 quod
3499 2167 3676 2232 fuerat,

2116 2257 2506 2327 exstinguatur
2535 2257 2778 2328 Spiritus
2806 2263 3056 2325 sanctus,
3080 2262 3142 2313 et
3168 2257 3443 2312 sustineat
3458 2255 3680 2310 abolitio-

2114 2359 2245 2399 nem
2285 2345 2394 2412 sui,
2429 2345 2526 2416 qui
2556 2345 2664 2399 fuit
2705 2346 2988 2416 quondam
3017 2346 3077 2400 in
3119 2346 3316 2411 Israel,
3353 2344 3566 2416 quando
3598 2357 3682 2414 per

2114 2433 2318 2489 Isaiam
2342 2439 2402 2488 et
2425 2434 2730 2489 Jeremiam
2749 2439 2808 2490 et
2821 2434 3074 2506 singulos
3097 2435 3499 2506 prophetarum
3522 2431 3682 2486 dicere

2112 2527 2338 2593 poterat
2367 2540 2378 2574 ε
2413 2525 2533 2577 Hac
2569 2525 2706 2577 dicit
2751 2525 3042 2590 Dominus,
3078 2528 3140 2578 et
3171 2538 3323 2580 nunc
3363 2523 3421 2578 in
3465 2519 3683 2578 Ecclesia

2112 2627 2214 2682 per
2250 2611 2508 2682 Agabum
2538 2611 2790 2682 loquitur
2821 2631 2832 2665 :
2873 2613 2990 2667 Haec
3021 2613 3162 2668 dicit
3193 2614 3435 2682 Spiritus
3461 2615 3676 2666 sanctus.

2109 2701 2414 2754 Diuisione:
2427 2705 2614 2755 autem
2631 2702 2907 2756 donorum
2917 2705 3070 2768 sunt,
3089 2703 3242 2757 idem
3257 2707 3440 2758 autem
3449 2701 3675 2769 spiritus,

2107 2793 2156 2842 et
2177 2790 2471 2843 divisiones
2502 2791 2948 2844 ministeriorum
2966 2797 3116 2856 sunt,
3143 2793 3294 2846 idem
3312 2795 3493 2844 autem
3515 2791 3682 2845 Domi-

2108 2893 2232 2943 nus,
2259 2883 2307 2930 et
2331 2879 2624 2932 divisiones
2645 2881 3031 2946 operationum
3052 2886 3206 2944 sunt,
3225 2885 3275 2934 et
3295 2881 3434 2936 idem
3447 2880 3682 2948 Deueﬂui

2105 2971 2368 3034 operatur
2396 2969 2588 3021 omnia
2617 2969 2680 3022 in
2699 2969 2975 3022 omnibus.
3005 2969 3315 3038 Unicuique
3331 2974 3513 3024 autem
3531 2970 3684 3023 datur

424 3059 497 3114 de
524 3058 730 3114 abditis
757 3058 936 3112 nostri
963 3055 1205 3128 pectoris
1231 3057 1525 3112 excludere
1553 3056 1883 3113 festinemus
1915 3076 1928 3112 :
1961 3048 2087 3114 utC
2108 3056 2486 3121 manifestatio
2513 3058 2752 3124 spiritus
2783 3058 2856 3110 ad
2899 3057 2959 3110 id
2998 3058 3146 3124 quod
3186 3059 3398 3126 expedit
3426 3073 3441 3108 :
3473 3057 3584 3112 alii
3599 3071 3684 3125 per

423 3149 504 3204 ita
528 3147 667 3203 illud
692 3145 1062 3219 apostolicum
1092 3145 1374 3216 possimus
1399 3145 1634 3216 irriplere
1657 3163 1669 3199 :
1699 3145 1832 3200 Sine
1851 3150 2023 3202 interc

422 3239 688 3292 nimione
696 3241 864 3300 orate,
889 3231 965 3302 et,
985 3239 1050 3290 in
1069 3234 1228 3288 omni
1253 3233 1364 3289 loco
1383 3237 1618 3290 levante:
1633 3249 1809 3304 puras
1821 3252 2021 3292 manu:

421 3327 541 3380 sine
578 3327 672 3380 trs
715 3331 763 3379 et
793 3325 1182 3393 disceptatione
1210 3322 1267 3394 (Ι
1310 3322 1450 3376 Tim.
1487 3325 1563 3388 υ).
1595 3323 1750 3378 Alias
1777 3333 2022 3396 namque

422 3413 752 3469 mandatum
770 3413 922 3468 istud
949 3412 1220 3484 perficere
1247 3427 1359 3466 non
1380 3410 1708 3480 valebimus,
1730 3413 1840 3468 nisi
1860 3429 2020 3470 mens

419 3501 692 3558 nostraab‘
709 3501 964 3557 omnium
977 3499 1244 3556 vitiorum
1254 3501 1588 3572 contagione
1604 3503 1902 3573 puriﬁcata
1914 3503 2022 3558 vir~

417 3591 634 3648 tatibus
643 3596 954 3658 tantummt
967 3589 1318 3647 naturalibus
1327 3589 1488 3645 bonis
1499 3591 1706 3655 dedita,
1707 3593 1729 3663 j
1737 3591 1833 3662 ugi
1844 3593 2022 3647 omni-

418 3683 664 3754 petentis
674 3681 776 3736 Dei
787 3681 1257 3752 contemplatione
1269 3681 1656 3752 pascatur.Spi
1661 3685 1715 3735 ri
1718 3687 1836 3736 tum
1851 3687 2019 3737 nolite

417 3774 753 3840 exstinguere,
773 3771 1084 3840 prophetiae
1113 3773 1281 3824 nolite
1309 3783 1583 3838 spernere,
1608 3774 1804 3825 omnia
1829 3777 2017 3826 autem

411 3853 654 3930 probate,
687 3860 832 3928 quod
859 3855 1063 3913 bonum
1092 3864 1168 3912 est
1200 3859 1590 3928 tenete.(Aug.)
1623 3859 1749 3914 Non
1771 3861 1905 3931 quia
1923 3861 2017 3916 ille

416 3938 696 4018 exstingui
710 3945 914 4018 potest,
929 3947 1024 4001 sed
1039 3952 1314 4018 quantum
1327 3947 1388 4001 in
1401 3947 1537 4018 ipsis
1553 3953 1641 4002 est
1653 3947 2016 4003 exstinctores

416 4037 539 4106 ejus
571 4035 774 4090 merito
802 4035 1085 4103 dicuntur,
1119 4036 1215 4107 qui
1244 4035 1324 4090 sic
1369 4042 1546 4106 agunt
1582 4039 1648 4090 ut
1680 4037 2015 4092 exstinctum

414 4121 607 4178 velint.
629 4120 860 4194 (Ambr.)
874 4123 1114 4177 Multum
1145 4123 1595 4178 existimantibus
1622 4127 1717 4195 qui
1745 4130 1881 4179 tunc
1907 4126 2016 4197 api-

411 4204 606 4266 ritales
631 4211 844 4282 gratias
872 4209 1171 4265 habebant.
1203 4211 1378 4265 Erant
1405 4211 1576 4265 etiam
1621 4216 1680 4266 et
1706 4212 1802 4266 alii
1835 4213 1930 4284 qui
1957 4219 2015 4268 et

414 4294 487 4356 ad
515 4300 835 4392 suasionem
847 4300 1055 4392 aliqua
1083 4298 1488 4392 proponebant,
1511 4301 1670 4392 quasi
1699 4301 1795 4371 qui
1819 4308 1878 4356 et
1902 4303 2012 4374 ipsi
2027 4331 2076 4392 Β

412 4399 480 4447 ei
505 4381 695 4445 divina
719 4389 1059 4444 revelatione
1087 4387 1184 4445 illa
1214 4401 1335 4442 esse
1367 4387 1702 4444 simulantes
1732 4401 1854 4460 Quae
1887 4407 1924 4444 a
1949 4402 2010 4446 se

413 4481 642 4547 ﬁebant,
677 4475 842 4534 sicuti
874 4483 932 4532 et
959 4475 1182 4533 Iudaeos
1209 4477 1522 4532 exorcizare
1550 4482 1606 4531 et
1641 4479 2010 4534 damoniaoos

411 4570 472 4624 in
515 4567 745 4622 nomine
785 4568 996 4623 Christi
1036 4579 1340 4638 usurpasse
1369 4573 1477 4637 per
1495 4568 1670 4622 Actus
1715 4567 2010 4624 didicimus

411 4650 794 4728 apostolorum
826 4658 957 4726 (Aet.
991 4660 1129 4726 κει).
1178 4656 1457 4721 Quoniam
1487 4669 1620 4727 ergo
1655 4658 1804 4728 apud
1842 4657 2012 4713 Thaso

409 4736 782 4802 selonieenses
802 4745 1034 4815 quidem
1065 4750 1228 4800 erant
1247 4745 1343 4817 qui
1353 4754 1480 4816 non
1508 4745 1886 4818 suscipiebant
1912 4748 2006 4802 illa

410 4840 535 4906 qua
547 4833 855 4888 secundum
877 4833 1322 4904 inoperationem
1341 4833 1652 4906 spiritalem
1669 4836 2005 4907 proﬁteban.

407 4929 520 4992 tur,
541 4923 637 4996 Qui
663 4927 722 4978 et
739 4916 1134 4992 contingebant
1154 4921 1512 4978 seductorum
1541 4939 1601 4979 se
1629 4936 1798 4979 causa
1817 4925 2004 4980 studio

409 5006 641 5069 cautela
669 5011 728 5068 id
764 5003 1066 5077 declinare,
1099 5011 1311 5066 ﬂebant
1349 5016 1542 5068 autem
1583 5013 1692 5068 ista
1727 5013 1800 5068 ab
1827 5014 2006 5070 indis-

404 5103 706 5174 cipliiiatis,
739 5109 806 5156 eo
835 5101 983 5172 quod
1011 5110 1158 5171 stupe
1204 5101 1637 5174 indisciplinatio
1676 5111 1872 5158 eorum
1909 5113 2002 5158 ar-

403 5181 684 5262 guebatur
709 5199 775 5246 ex
795 5182 926 5255 illis,
963 5200 1086 5261 quas
1113 5201 1149 5242 ιι
1175 5191 1464 5261 prophetis
1492 5192 1840 5260 dicebantur,
1875 5193 2001 5249 ideo

404 5279 544 5334 dixit
569 5286 582 5331 ξ
613 5281 916 5351 prophetas
942 5276 1117 5334 nolite
1146 5279 1447 5350 reprobare
1476 5299 1658 5353 neque
1686 5282 1999 5354 spiritalem

403 5368 787 5440 operationem
815 5369 1130 5440 prohibere.
1166 5369 1309 5422 Nam
1353 5371 1500 5440 quod
1531 5371 1669 5425 dixit
1709 5371 1998 5442 reprobari

401 5456 724 5530 prophetes,
756 5462 816 5510 et
841 5457 940 5511 illa
970 5458 1119 5512 nolle
1150 5457 1432 5528 suscipere
1459 5473 1580 5530 quae
1606 5459 1676 5513 ab
1703 5460 1818 5514 illis
1845 5460 1997 5514 dice-

2103 3143 2383 3212 Spiritum
2406 3145 2580 3198 datur
2596 3156 2774 3198 sermo
2794 3147 3078 3213 sapientiae
3105 3165 3117 3200 ς
3144 3150 3258 3201 alii
3279 3163 3456 3202 sermo
3473 3148 3686 3202 scientia

2101 3233 2401 3286 secundum
2421 3231 3088 3300 eumdemSpiritum,atii
3105 3237 3317 3302 ﬁdesin
3341 3237 3514 3290 eodem
3525 3233 3686 3302 Spiri-

2107 3326 2166 3374 tu
2181 3323 2320 3376 :atit
2331 3324 2520 3389 gratia
2535 3324 2845 3376 sanitatum
2860 3325 2925 3377 in
2942 3338 3057 3377 uno
3067 3323 3292 3392 Spiritu
3309 3342 3322 3378 :
3342 3326 3448 3380 alii
3467 3324 3684 3393 oportuit

2100 3411 2377 3464 virtutum
2411 3421 2427 3464 ξ
2455 3413 2565 3465 alii
2587 3411 2898 3479 prophetia,
2930 3414 3038 3466 atii
3065 3413 3332 3468 discretio
3357 3415 3646 3482 spirituum
3672 3423 3686 3460 ε

2101 3501 2294 3552 omnia
2313 3503 2499 3552 autem
2519 3499 2629 3554 hac
2646 3504 2910 3568 speratur
2931 3513 3079 3554 unus
3105 3506 3280 3570 atque
3301 3503 3447 3558 idem
3463 3499 3686 3571 Spiritui

2100 3588 2350 3642 dieidem
2393 3589 2634 3656 singulis
2677 3592 2843 3656 prout
2894 3592 3015 3643 uult
3044 3590 3094 3656 (Ι
3122 3592 3256 3646 σον.
3297 3593 3432 3660 xm).
3474 3591 3550 3646 De
3596 3590 3686 3642 hoc

2101 3676 2315 3746 Spiritu
2334 3692 2405 3730 ne
2426 3692 2462 3730 a
2478 3693 2538 3730 se
2561 3675 2848 3731 auferatur
2865 3676 3103 3748 rogabat
3129 3678 3315 3734 David
3339 3679 3529 3734 dicens
3553 3676 3687 3746 περί·

2099 3769 2282 3820 ritum
2307 3771 2562 3819 sanctum
2593 3770 2752 3820 tuum
2777 3782 2843 3820 ne
2871 3768 3096 3833 auferas
3124 3784 3160 3822 a
3189 3785 3285 3824 me
3310 3771 3479 3838 (Psat.
3512 3772 3580 3836 ιλ),
3603 3765 3686 3837 qui

2100 3854 2323 3924 quando
2353 3853 2608 3908 aufertur
2635 3869 2750 3908 non
2779 3854 2838 3909 in
2855 3854 3172 3911 substantia
3191 3858 3308 3925 sui,
3335 3858 3432 3913 sed
3463 3858 3513 3912 ei
3539 3871 3688 3928 aquo

2099 3943 2351 3998 aufertur
2387 3943 2785 4014 exstinguitur.
2821 3944 2936 4013 Ego
2965 3950 3100 4015 puto
3129 3961 3316 4002 unum
3359 3954 3529 4018 atque
3555 3945 3686 4002 idem

2096 4031 2414 4102 signiﬁcare
2425 4033 2704 4100 Spiritum
2721 4036 2887 4087 nolite
2905 4036 3274 4102 mtinguere,
3292 4041 3353 4092 et
3362 4036 3510 4107 quod
3525 4036 3578 4089 in
3588 4033 3685 4088 alio

2097 4121 2217 4175 loco
2229 4119 2422 4175 scribit
2443 4122 2614 4186 (Rom.
2633 4125 2726 4190 xu)
2751 4139 2762 4174 :
2788 4121 3008 4190 Spiritu
3026 4123 3320 4191 feruentes,
3346 4125 3406 4180 in
3425 4141 3534 4197 quo
3553 4123 3686 4180 enim

2098 4208 2279 4264 fervor
2304 4209 2534 4280 spiritus
2566 4207 2942 4281 multiplicata
2975 4209 3284 4282 iniquitate
3323 4219 3386 4270 et
3412 4212 3687 4269 charitatis

2091 4297 2300 4368 frigore
2346 4313 2459 4352 non
2497 4303 2763 4369 tepescet,
2798 4299 2859 4354 in
2901 4298 3006 4356 hoc
3053 4301 3293 4371 spiritus
3343 4318 3689 4376 nequaquam

2091 4387 2485 4458 exstinguitur,
2518 4389 2659 4442 Deus
2699 4391 2880 4457 igitur
2919 4393 3072 4458 pacis
3117 4396 3428 4461 sancti/ﬂeet
3473 4410 3561 4447 vos
3601 4405 3688 4460 per

2091 4479 2285 4531 omnia
2313 4479 2394 4530 est
2423 4480 2488 4531 in
2518 4479 2793 4544 omnibus,
2819 4477 2936 4534 sive
2965 4479 3165 4550 plenus
3191 4487 3371 4552 atqlie
3399 4481 3685 4554 perfectus,

2090 4565 2197 4620 hoc
2247 4563 2396 4620 enim
2435 4564 2682 4640 ὃλοτιλὴς
2716 4572 2901 4622 sonat.
2946 4567 3098 4624 Deus
3138 4575 3336 4626 autem
3385 4571 3690 4643 appellatur

2092 4661 2404 4734 pacis,quia
2416 4677 2520 4733 per
2538 4663 2824 4718 Christum
2841 4665 2891 4719 ei
2905 4666 3250 4722 reconciliati
3271 4684 3497 4735 sumus,
3509 4671 3608 4738 qui
3622 4672 3690 4722 est

2083 4767 2198 4820 pas:
2210 4756 2416 4818 nostra,
2439 4754 2538 4820 qui
2549 4753 2655 4820 feci
2658 4757 2677 4806 t
2689 4758 2926 4822 utraque
2937 4771 3117 4810 unum
3131 4757 3350 4825 (Ephes.
3367 4762 3450 4828 η),
3465 4758 3560 4829 qui
3570 4755 3686 4812 etin

2085 4839 2197 4894 alio
2208 4838 2329 4895 loco
2334 4856 2448 4910 pas
2455 4840 2662 4896 dicitur
2687 4855 2956 4912 superans
2964 4859 3182 4899 omnem
3191 4848 3594 4916 sensum(Phil.
3600 4846 3666 4910 rvi
3674 4885 3686 4908 ,

2087 4945 2209 5000 qum
2235 4929 2482 4984 custodit
2496 4931 2666 4984 corda
2688 4931 3170 5004 cegitationesque
3198 4941 3564 5001 sanctorum;
3597 4935 3687 5005 qui

2088 5020 2278 5071 autem
2304 5017 2688 5072 sanctificatur
2723 5018 2838 5074 sive
2867 5018 3146 5091 perfectus
3183 5026 3269 5078 est
3303 5023 3366 5077 in
3409 5022 3686 5085 omnibus,

2086 5105 2145 5159 in
2171 5104 2278 5159 hoc
2300 5111 2358 5160 et
2370 5105 2622 5176 spiritus,
2645 5112 2704 5162 et
2719 5107 2930 5174 anima,
2955 5114 3016 5164 et
3041 5111 3243 5181 corpus
3262 5109 3325 5166 in
3347 5112 3444 5166 die
3469 5111 3688 5167 Domini

2083 5201 2464 5249 conservatur.
2482 5196 2698 5266 Corpus
2716 5197 3066 5268 singulorum
3087 5199 3482 5255 membrorum
3501 5203 3692 5255 utatur

2082 5283 2300 5348 officiis,
2317 5283 2467 5337 verbi
2481 5285 2683 5355 gratia,
2699 5285 2746 5339 sl
2765 5291 3033 5356 operetur
3049 5297 3269 5354 manus,
3293 5304 3401 5358 pes
3418 5288 3684 5350 ambulet,

2081 5373 2274 5428 oculus
2302 5373 2508 5440 videat,
2553 5374 2707 5429 auris
2755 5375 2969 5440 audiat,
3002 5377 3199 5432 dentes
3245 5375 3406 5433 cibos
3453 5378 3686 5440 molunt,

2080 5462 2401 5516 stomachus
2445 5468 2774 5534 concoquat,
2805 5464 2950 5520 alius
2994 5465 3233 5536 digerat,
3288 5471 3397 5522 aut
3443 5467 3492 5523 si
3538 5467 3692 5523 nulla

396 5545 623 5614 bantur,
643 5545 751 5602 hee
777 5545 913 5602 dicit
925 5546 1156 5616 spiritus
1178 5553 1447 5617 spernere
1465 5547 1872 5620 operationem,
1891 5551 1990 5605 sed
2076 5551 2456 5607 membrorum
2484 5558 2645 5623 parts
2671 5558 2998 5612 truncatum
3023 5560 3131 5625 est,
3147 5561 3209 5612 st
3235 5557 3344 5614 hoc
3373 5556 3678 5629 quisquam
