3868 6138
216 337 299 397 ωδ
510 326 1086 387 ENABRATIONUH
1121 327 1201 385 IN
1237 327 1395 386 EPP.
1436 327 1652 386 PAULI
1689 327 1826 386 LIB.
1867 327 2042 388 XXII.
2094 355 2158 372 σ-
2197 325 2279 386 IN
2313 325 2653 386 “181311.
2691 329 2791 385 AD
2823 329 3075 388 THESS.
3329 333 3434 390 566

212 461 360 530 pom
377 453 590 510 credere
599 452 931 524 Apostolum
941 467 1044 523 pro
1059 450 1416 507 credentibus
1435 451 1743 524 deprecari,
1763 457 1816 514 Α
1833 454 2066 524 spiritus
2082 469 2194 525 quo
2215 453 2513 521 sentimus,
2541 455 2743 510 animai
2771 469 2884 527 quo
2903 453 3163 526 vivimus,
3187 459 3440 531 corporis

212 551 262 604 ut
279 547 330 601 in
351 545 432 598 die
451 542 646 614 judicii
671 543 957 612 integrum
989 541 1242 596 omnium
1263 541 1521 596 Christus
1555 558 1756 613 corpus
1837 560 1949 614 quo
1967 543 2454 598 incedimus.Sunt
2473 545 2568 615 qui
2588 561 2653 599 ex
2677 545 2867 600 anima
2887 550 3110 601 tantum
3140 552 3198 602 et
3209 562 3444 620 corpore

211 635 426 695 inveniat,
449 648 574 686 cum
603 631 857 685 omnium
887 647 1122 701 corpora
1149 636 1249 684 aut
1277 636 1459 684 morte
1485 631 1757 686 dissoluta

208 725 426 786 nutant,
447 721 592 774 sicut
619 720 848 791 quidam
869 719 1083 782 volunt,
1099 726 1324 790 reperta
1338 720 1550 775 fuerint
1571 721 1754 774 adhuc

208 811 450 883 spirantia,
473 807 718 864 habeant
737 808 1056 864 debilitates
1077 824 1230 874 suas,
1254 813 1314 864 et
1331 809 1573 863 maxime
1601 825 1754 863 mar-

207 908 376 972 tyrum,
402 904 457 953 et
483 915 680 954 eorum
710 897 808 968 qui
840 913 942 969 pro
970 898 1178 952 Christi
1210 898 1437 954 nomine
1457 899 1544 952 vel
1565 899 1755 953 oculos

204 989 407 1054 effossos,
437 987 520 1041 vel
549 993 876 1058 amputatas
901 1003 1068 1041 nares
1118 988 1204 1040 vel
1243 986 1515 1042 abscissus
1554 1003 1755 1042 manus

202 1077 572 1146 habeantErgo
600 1076 888 1146 integrum
917 1091 1121 1147 corpus
1148 1081 1251 1139 est,
1279 1077 1350 1130 de
1379 1093 1492 1148 quo
1511 1076 1757 1131 diximus

201 1168 248 1221 in
269 1165 364 1220 alia
387 1165 710 1236 quaestione,
742 1170 802 1218 et
830 1179 942 1218 non
970 1170 1171 1219 tenens
1185 1170 1356 1236 caput
1375 1181 1441 1226 ex
1463 1181 1574 1236 quo
1591 1181 1757 1220 omne

203 1270 367 1325 corpus
400 1270 710 1309 connexum
753 1259 924 1324 atque
971 1261 1324 1325 compactum
1371 1252 1608 1325 accipiat
1654 1271 1757 1308 au-

199 1350 446 1415 gmentum
469 1343 530 1396 in
561 1343 1108 1396 administrationem
1139 1343 1367 1397 Christi.
1401 1344 1518 1396 Hoc
1554 1358 1756 1414 corpus

1835 633 2142 688 subsistere
2169 633 2454 688 hominem
2485 634 3117 706 disserentes,spiritum
3147 636 3207 690 in
3237 652 3304 691 eo
3330 641 3442 698 ter-

1835 722 1979 778 tium
1999 738 2113 777 non
2129 721 2500 776 substantiam
2529 723 2703 776 velint
2721 723 3055 794 intelligere,
3069 725 3167 779 sed
3190 725 3438 780 efﬁcien-

1833 811 1996 878 tiam,
2014 827 2116 883 per
2139 827 2308 881 quam
2329 816 2388 865 et
2408 826 2568 865 mens
2585 812 2644 865 in
2664 811 2825 866 nobis
2854 818 2913 866 et
2939 829 3136 867 sensus
3159 816 3217 868 et
3233 812 3440 884 cogita-

1836 901 1914 954 tio
1936 905 1995 954 et
2017 901 2239 955 animus
2254 901 2588 971 appellatur,
2611 907 2670 955 et
2689 901 2886 972 utique
2905 916 3018 956 non
3039 907 3174 956 sunt
3199 907 3285 957 tot
3305 903 3438 958 sub-

1836 989 2058 1043 stantiae
2077 994 2216 1060 quot
2232 989 2743 1060 nomina.Cumque
2755 989 2895 1045 illud
2911 990 3234 1062 oppositum
3243 991 3430 1046 fuerit:

1839 1079 2159 1144 Benedicitc,
2189 1083 2423 1147 spiritus
2461 1083 2510 1132 ct
2555 1082 2760 1133 animo
2785 1082 3096 1148 justorum,
3131 1080 3435 1136 hominum

1839 1166 2004 1238 (Dan.
2035 1171 2135 1235 nr),
2151 1168 2488 1238 scripturam
2509 1183 2624 1222 non
2651 1167 2950 1239 recipiunt,
2968 1169 3218 1224 dicentes
3236 1184 3361 1224 eam
3376 1169 3435 1224 in

1840 1254 2116 1310 Hebraico
2130 1271 2242 1310 non
2264 1256 2490 1310 habere.
2504 1257 2620 1312 Nos
2639 1261 2830 1311 autem
2851 1255 2910 1310 in
2929 1257 3192 1328 praesenti
3211 1258 3352 1325 loco,
3371 1263 3439 1314 ut
3466 1319 3476 1327 ,

1835 1359 2010 1416 supra
2034 1344 2524 1416 diximus,spiritu,
2551 1345 2648 1417 qui
2669 1361 2796 1400 cum
2815 1345 3007 1400 anima
3025 1351 3083 1400 et
3101 1362 3334 1418 corpore
3352 1347 3437 1402 in-

202 1432 414 1488 Eeclesiae
433 1438 488 1486 et
507 1433 832 1504 quicunque
841 1431 1015 1502 hujus
1035 1432 1286 1502 corporis
1298 1432 1548 1486 tenuerit
1562 1439 1750 1504 caput,
1836 1438 1995 1503 teger
2019 1438 2400 1500 conservatur,
2419 1449 2532 1488 non
2561 1433 2936 1489 substantiam
2959 1435 3202 1506 Spiritus
3231 1436 3430 1502 sancti,

199 1527 440 1576 etcetera
467 1520 726 1575 membra
753 1521 1012 1586 servarit,
1044 1520 1274 1576 habebit
1317 1521 1602 1592 integrum
1629 1536 1754 1576 con-
1837 1537 1960 1592 quse
1988 1537 2100 1576 non
2130 1527 2314 1593 potest
2333 1523 2586 1588 interire,
2618 1523 2715 1578 sed
2754 1523 2968 1593 gratias
3004 1525 3126 1594 ejus
3171 1521 3432 1579 donatio-

200 1626 296 1682 pus,
321 1616 589 1680 quantum
620 1613 806 1681 potest
832 1609 1080 1680 recipere
1101 1611 1350 1664 humana
1362 1615 1582 1676 natura,
1593 1612 1758 1680 juxta
1838 1626 2049 1682 nesque
2076 1611 2400 1682 accipimus,
2421 1627 2543 1684 quae
2573 1617 2767 1666 nostra
2793 1613 2880 1666 vel
2899 1611 3108 1667 virtute
3124 1613 3211 1667 vel
3225 1613 3360 1668 vitio
3378 1617 3438 1668 et

197 1700 315 1754 hunc
331 1698 558 1753 modum
586 1704 644 1754 et
671 1699 874 1753 animus
902 1696 1200 1768 integritas
1236 1700 1620 1754 conservanda
1647 1704 1750 1764 est,
1837 1700 2218 1754 accenduntur
2239 1706 2295 1754 et
2314 1701 2750 1771 exstinguuntur
2770 1701 2828 1755 in
2848 1701 3028 1756 nobis.
3058 1703 3244 1770 May.)
3267 1701 3432 1757 Aliud

197 1804 294 1858 qua
315 1788 485 1842 dicere
515 1793 708 1859 potest
736 1807 748 1841 :
785 1789 1028 1851 Benedic,
1047 1791 1246 1842 anima
1267 1803 1407 1854 mea,
1425 1789 1746 1854 Dominum,
1767 1779 1816 1840 B
1837 1795 1926 1843 est
1952 1803 2074 1843 esse
2101 1789 2223 1844 sine
2250 1796 2498 1860 peccato,
2531 1791 2679 1861 quod
2707 1790 2779 1844 de
2803 1791 2923 1844 solo
2951 1790 3009 1844 in
3040 1791 3145 1844 hac
3172 1790 3287 1844 vita
3315 1788 3439 1845 uni-

195 1880 274 1946 ςιυέ
292 1883 442 1931 sanat
468 1893 662 1930 omnes
689 1880 1046 1945 inﬁrmitates
1075 1881 1200 1930 tuas
1224 1879 1395 1944 (Psal.
1428 1880 1517 1945 cu)
1543 1897 1556 1943 ;
1590 1883 1648 1931 et
1685 1879 1755 1931 de
1834 1878 2026 1948 genito
2055 1877 2266 1932 dictum
2297 1884 2403 1943 est,
2431 1879 2584 1932 aliud
2615 1884 2702 1932 est
2719 1893 2842 1932 esse
2861 1879 2985 1932 sine
3015 1879 3262 1950 querela,
3286 1879 3437 1951 quod

194 1981 280 2036 qua
305 1966 572 2036 scriptum
604 1971 692 2020 est
709 1983 722 2018 :
742 1967 893 2020 Misit
920 1967 1146 2019 verbum
1179 1981 1346 2020 suum
1366 1972 1415 2021 ct
1435 1970 1654 2020 sanavit
1671 1981 1755 2020 eos
1837 1966 1906 2020 de
1935 1967 2126 2020 multis
2151 1967 2322 2037 justis
2351 1967 2524 2022 etiam
2553 1967 2613 2021 in
2640 1967 2745 2021 hac
2771 1967 2888 2026 vita
2913 1966 3023 2021 dici
3054 1969 3256 2039 potuit,
3293 1985 3434 2040 quo-

192 2057 322 2120 (Psal.
365 2059 487 2124 avt).
543 2054 778 2125 spiritus
825 2069 1048 2125 quoque
1101 2053 1324 2125 integer
1373 2063 1752 2123 conservatur,
1837 2055 1988 2108 niam
2009 2061 2096 2109 est
2115 2055 2346 2126 quidam
2366 2054 2564 2110 modus
2584 2054 2742 2110 bona;
2762 2053 2908 2120 vitae,
2927 2055 2996 2110 de
3019 2073 3131 2126 quo
3168 2057 3339 2111 etiam
3376 2057 3434 2112 in

191 2144 374 2214 quando
411 2159 526 2198 non
571 2157 828 2198 erramus
866 2143 925 2197 in
973 2142 1340 2214 spiritalibus,
1373 2145 1471 2199 sed
1518 2145 1756 2200 vivimus
1835 2143 1946 2198 ista
1971 2145 2218 2198 humana
2259 2144 2680 2198 conversatione
2721 2145 2879 2215 justa
2913 2142 3143 2216 querela
3173 2161 3296 2200 esse
3324 2161 3437 2200 non

189 2231 804 2304 spiritu,acquiescimus
830 2229 1053 2303 spiritu,
1088 2238 1148 2286 et
1173 2247 1346 2303 opera
1388 2233 1575 2288 carnis
1603 2247 1754 2287 mor-
1837 2233 2032 2304 possit.
2060 2233 2198 2297 Quis
2229 2232 2378 2287 enim
2401 2233 2556 2304 juste
2585 2237 2855 2304 queretur
2871 2231 2941 2286 de
2961 2233 3188 2288 homine
3217 2235 3313 2304 qui
3343 2251 3439 2288 ne-

186 2321 423 2375 tiﬁcamus
440 2321 674 2393 spiritu,
698 2321 1098 2392 aiferimusque
1119 2337 1314 2375 omnes
1351 2322 1568 2376 fructus
1609 2324 1753 2392 ejus,
1837 2322 1977 2376 mini
2006 2323 2154 2376 male
2183 2321 2320 2388 vult,
2354 2327 2410 2376 et
2439 2321 2642 2393 quibus
2667 2325 2854 2392 potest
2894 2321 3140 2376 ﬁdeliter
3171 2322 3431 2388 consulit,

187 2410 499 2476 charitatem,
525 2410 1022 2481 gaudium,pacem
1061 2416 1120 2464 et
1149 2416 1370 2465 caetera.
1401 2411 1584 2465 Aliter
1611 2427 1758 2482 prae-
1837 2425 1941 2465 nec
1977 2416 2173 2465 contra
2203 2411 2537 2481 cujusquam
2563 2410 2801 2481 injurias
2818 2415 2976 2464 tenet
3003 2409 3292 2465 libidinem
3319 2411 3438 2465 vin-

186 2499 359 2569 cipitur
381 2497 550 2554 nobis
580 2500 880 2554 Salomone
907 2497 1129 2553 dicente
1161 2517 1172 2553 :
1214 2502 1290 2554 Tu
1318 2506 1503 2554 autem
1521 2501 1758 2555 describe
1838 2499 2081 2566 dicendi,
2103 2505 2168 2554 ut
2193 2498 2468 2555 veraciter
2493 2499 2661 2564 dicat,
2683 2519 2707 2549 «
2740 2497 2886 2554 sicut
2901 2505 2960 2554 et
2975 2514 3078 2552 nos
3097 2497 3435 2554 dimittimus

182 2603 230 2640 es
243 2590 526 2658 tﬁpticiter
548 2592 614 2642 in
630 2591 880 2654 consilio,
899 2591 960 2641 in
978 2591 1328 2652 conscientia,
1348 2593 1412 2642 ut
1427 2591 1752 2657 respondeas
1833 2587 2180 2642 debitoribus
2192 2589 2418 2644 nostris.
2441 2605 2468 2640 »
2484 2587 2553 2642 Et
2570 2593 2635 2642 ut
2654 2603 2768 2642 non
2791 2585 2863 2641 de
2884 2587 3138 2642 oratione
3157 2587 3312 2642 dubii
3329 2588 3434 2642 ha-

181 2679 316 2731 sts-ba
337 2679 594 2732 veritatis
635 2678 721 2730 his
755 2678 857 2745 qui
879 2683 1198 2746 proponunt
1235 2679 1338 2730 tibi
1382 2680 1562 2744 (Prov.
1594 2681 1747 2736 mi).
1833 2675 2075 2731 beantur
2091 2676 2310 2746 adjicit:
2327 2677 2526 2731 Fidelis
2545 2679 2647 2745 qui
2664 2678 2879 2730 vocavit
2902 2691 3012 2742 vos,
3035 2679 3136 2744 qui
3155 2676 3322 2729 etiam
3342 2676 3432 2744 fa-

180 2763 364 2836 Triplex
381 2767 439 2820 in
460 2765 639 2820 corde
660 2771 855 2819 nostro
875 2765 1178 2836 descriptio
1204 2771 1262 2820 et
1281 2767 1479 2836 regula
1498 2767 1752 2837 Scriptu-
1833 2769 1954 2819 ciet.
1974 2764 2214 2834 (Ambr.)
2235 2766 2353 2820 Hoc
2364 2769 2451 2819 est
2484 2782 2496 2818 :
2529 2779 2695 2819 verus
2713 2769 2799 2818 est
2823 2763 2922 2835 qui
2941 2764 3143 2818 vocans
3161 2778 3258 2818 vos
3286 2763 3435 2818 bona

178 2867 336 2908 rerum
355 2855 658 2926 est,prima
668 2854 1125 2928 utintelligamus
1138 2870 1234 2908 eas
1239 2856 1401 2925 juxta
1413 2854 1710 2910 historiam
1734 2874 1746 2908 :
1833 2853 2093 2926 promisit
2117 2853 2290 2918 vobis,
2326 2854 2422 2925 qui
2443 2859 2500 2907 et
2516 2853 2753 2924 replevit
2767 2869 2864 2908 vos
2891 2869 2994 2906 sua
3021 2852 3430 2908 benedictione.

177 2944 385 2998 secunda
407 2947 578 3014 juxta
601 2943 998 3014 tropologiam,
1032 2943 1202 2998 tertia
1240 2945 1403 3014 juxta
1435 2945 1753 3014 intelligen-
1834 2944 2070 3006 Fratres,
2104 2947 2274 3008 orate,
2309 2949 2357 2996 et
2381 2958 2483 3012 pro
2509 2945 2682 2997 nobis.
2719 2940 2924 2996 Scribit
2952 2946 3010 2997 et
3045 2946 3172 3013 post
3209 2942 3315 2997 hoc
3351 2941 3432 2997 ita

175 3031 286 3087 ﬁam
310 3033 628 3104 spiritalem
655 3051 667 3086 τ
692 3033 752 3086 in
773 3031 1009 3086 historia
1027 3048 1222 3086 eorum
1237 3049 1360 3104 quae
1389 3033 1597 3104 scripta
1617 3039 1752 3088 sunt
1779 3099 1811 3104 _
1832 3037 1899 3086 ut
1915 3036 1973 3086 et
1993 3047 2095 3102 pro
2107 3048 2166 3086 se
2181 3037 2362 3098 orent,
2377 3031 2613 3086 simulin
2626 3031 2903 3086 charitate
2922 3047 3026 3086 sua
3037 3045 3132 3086 eos
3150 3031 3431 3086 constrin-

179 3121 290 3175 ordo
307 3099 587 3186 versatur,
621 3122 679 3175 in
707 3118 1024 3192 tropologia
1068 3121 1139 3174 de
1184 3099 1374 3176 littera
1420 3099 1518 3176 ad-
1532 3124 1750 3192 majora
1769 3099 1814 3159 Ο
1830 3137 1972 3192 gens
1984 3099 2152 3190 {nam
2173 3125 2231 3176 et
2255 3127 2321 3176 ut
2339 3138 2439 3193 pro
2456 3121 2730 3176 alterutro
2744 3125 2910 3176 orent
2922 3121 3009 3175 lex
3031 3121 3226 3192 deﬁgit
3242 3120 3427 3176 chari-

175 3211 558 3282 consurgimus,
577 3216 637 3264 et
653 3211 926 3288 quidquid
949 3210 1006 3263 in
1026 3210 1200 3280 priori
1221 3211 1428 3282 populo
1447 3211 1751 3266 carnaliter
1828 3215 2006 3265 tatem
2030 3228 2042 3265 :
2068 3225 2171 3266 nec
2199 3211 2351 3265 enim
2377 3227 2627 3282 unquam
2665 3225 2828 3264 orare
2877 3210 3161 3282 patiemur
3185 3225 3288 3283 pro
3314 3209 3428 3265 illis

174 3298 347 3354 factum
367 3308 471 3366 est,
480 3302 654 3371 juxta
675 3299 946 3354 moralem
975 3297 1419 3370 interpretamur
1455 3301 1658 3368 locum,
1693 3307 1750 3356 et
1831 3313 1972 3370 quos
2000 3315 2114 3354 non
2143 3300 2454 3370 diligimus;
2481 3299 2650 3354 simul
2681 3305 2738 3354 et
2766 3297 2998 3354 instruit
3044 3313 3148 3354 nos
3182 3299 3428 3372 idipsum

174 3387 230 3441 sd
256 3389 446 3445 animle
465 3395 682 3444 nostra;
701 3389 1145 3442 emolumentum
1166 3389 1544 3444 convertimus
1561 3389 1618 3443 in
1640 3391 1751 3462 spi-
1831 3389 2005 3442 etiam
2035 3389 2105 3442 ab
2134 3388 2368 3442 invicem
2396 3388 2600 3443 debere
2625 3388 2984 3460 depostulare
3025 3393 3084 3443 et
3116 3387 3301 3444 facere
3327 3405 3430 3461 pro

375 3479 600 3556 θεωρία,
625 3477 694 3532 ad
715 3476 1046 3531 sublimiora
1062 3479 1389 3545 transimus,
1415 3483 1642 3533 terrena
1669 3479 1751 3533 di-
1831 3477 2125 3532 alterutro.
2140 3477 2389 3533 Salutate.
2404 3480 2608 3544 fratres
2619 3493 2804 3532 omnes
2814 3480 2878 3531 in
2902 3480 3083 3532 osculo
3095 3483 3302 3532 sancto.
3324 3476 3431 3534 De-

171 3565 435 3632 mittimus,
467 3565 548 3620 de
594 3567 914 3621 futurorum
963 3566 1312 3622 beatitudine
1339 3573 1397 3622 et
1431 3567 1750 3623 caelestibus
1831 3567 1964 3621 inde
1986 3572 2044 3621 et
2061 3566 2326 3638 pmcepit
2355 3565 2436 3620 eis
2457 3579 2651 3620 omnes
2671 3565 2874 3620 fratres
2894 3566 3142 3620 salutare
3159 3566 3220 3620 in
3241 3563 3432 3621 osculo

169 3654 516 3726 disputamus,
555 3661 621 3709 ut
647 3655 941 3727 praesentis
969 3655 1097 3710 vitae
1125 3656 1418 3710 meditatio
1446 3656 1648 3712 umbra
1676 3657 1752 3711 sit
1830 3661 2044 3720 sancto,
2067 3661 2326 3709 sanctum
2345 3655 2599 3710 osculum
2621 3654 2834 3720 dicens,
2863 3654 3012 3725 quod
3041 3669 3168 3708 cum
3187 3653 3433 3726 perfecta

168 3743 340 3800 ultum
367 3745 760 3807 beatitudinis,
777 3760 915 3814 quos
942 3745 1085 3800 tales
1114 3745 1373 3800 Christus
1393 3745 1672 3800 invenerit
1687 3751 1751 3800 ut
1831 3744 2071 3799 efﬁcitur
2083 3743 2526 3811 charitatezAdju
2534 3759 2595 3797 ro
2609 3759 2700 3796 vos
2707 3757 2807 3811 per
2817 3744 3121 3797 Dominum
3140 3745 3433 3812 utlcgatur

166 3847 369 3904 corpore
398 3842 458 3889 et
484 3835 688 3890 anima
715 3839 775 3887 et
801 3833 1003 3904 spiritu
1035 3835 1241 3904 integri
1261 3839 1680 3894 conserventur.
1693 3841 1751 3889 et
1830 3833 2074 3902 Epistula
2099 3835 2354 3886 omnibus
2381 3834 2588 3886 sanctis
2618 3832 2915 3899 fratribus.
2948 3831 3189 3902 Adjurat
3215 3834 3282 3886 ut
3307 3829 3432 3904 Epi-

167 3923 439 3990 perfectam
459 3925 528 3978 in
548 3937 610 3976 se
631 3920 878 3976 habeant
905 3923 1144 3994 triplicis
1163 3923 1224 3976 in
1243 3939 1303 3977 se
1329 3924 1580 3978 scientiae
1608 3923 1750 3978 veri-
1830 3922 1977 3976 stola
2005 3921 2264 3976 omnibus
2304 3921 2526 3992 legatur
2565 3919 2775 3974 sanctis
2816 3918 3103 3986 fratribus,
3140 3919 3432 3990 suspicans

164 4014 332 4074 tatem,
367 4013 473 4066 hos
505 4026 615 4066 sua
644 4025 782 4082 pace
811 4009 1185 4066 sanctiﬁcabit
1210 4016 1270 4066 et
1290 4011 1455 4066 faciet
1481 4027 1603 4066 esse
1627 4025 1750 4082 per-
1832 4026 1898 4065 ex
1925 4010 2204 4082 aliquibus
2234 4027 2356 4082 quas
2384 4008 2491 4064 sibi
2519 4009 2747 4065 fuerant
2773 4008 2992 4076 delatae,
3023 4008 3289 4080 quoniam
3317 4021 3432 4064 non

167 4097 331 4154 factos.
348 4101 516 4155 Multi
529 4099 861 4171 simPliciter
876 4099 1026 4156 hunc
1045 4099 1227 4155 locum
1250 4101 1320 4154 de
1341 4101 1750 4156 resurrectione
1832 4100 1903 4154 ad
1931 4100 2182 4154 omnium
2212 4099 2473 4154 notitiam
2490 4099 2700 4170 scripta
2719 4099 2845 4170 ejus
2865 4097 3208 4166 deferentur,
3231 4101 3288 4153 et
3306 4103 3434 4170 post

167 4185 485 4260 intelligunt.
515 4195 582 4244 ut
599 4195 659 4243 et
679 4189 911 4260 spiritus
939 4194 998 4242 et
1024 4189 1218 4243 anima
1243 4194 1304 4244 et
1329 4205 1533 4262 corpus
1560 4189 1622 4244 in
1647 4189 1750 4244 ad-
1831 4189 1938 4244 hoc
1974 4187 2245 4260 adjiciens
2279 4203 2290 4242 ε
2327 4189 2523 4245 Gratia
2561 4181 2792 4244 Domini
2837 4191 3019 4242 nostri
3052 4189 3184 4244 Jcsu‘
3229 4187 3438 4242 Christi

167 4281 312 4332 ventu
331 4279 564 4333 Domini
582 4277 788 4347 integri
807 4283 1208 4333 conserventur
1232 4295 1244 4346 ;
1279 4279 1375 4332 alii
1405 4279 1462 4333 in
1499 4279 1605 4333 hoc
1629 4280 1752 4334 loco
1830 4281 2126 4344 vobiscum,
2145 4281 2337 4334 Amen.
2355 4278 2473 4332 Hoc
2493 4277 2648 4333 enim
2661 4275 2833 4332 verbo
2850 4289 3272 4332 consummasse
3289 4277 3438 4348 Apo-

165 4365 420 4437 triplicem
450 4369 518 4422 in
547 4368 775 4422 homine
813 4367 1010 4422 volunt
1036 4367 1324 4422 afﬁrmare
1351 4367 1748 4434 substantiam,
1833 4367 2014 4422 stolus
2044 4367 2268 4422 videtur
2292 4381 2455 4422 suam
2482 4367 2809 4438 Epistolam,

415 4637 961 4769 LIBER
1071 4563 2055 4848 VIICES’IMUS
2147 4635 3150 4771 SECUNDUS.

237 4928 802 5013 EXPOSITIO
895 4927 1016 5010 IN
1109 4927 1720 5010 EPISTOLAM
1810 4929 1892 5008 II
1979 4929 2134 5010 AD
2235 4926 3336 5012 THESSALONICENSES-

1521 5071 1970 5092 ﬂ

1767 5179 1818 5239 D
1835 5189 1960 5248 quae
1977 5173 2178 5229 iisdem
2206 5173 2433 5228 fuerant
2464 5173 2523 5227 in
2562 5171 2690 5228 ﬁde‘
2708 5173 3072 5246 persistentes
3113 5169 3432 5246 superiores

1834 5263 1986 5319 omni
2017 5263 2329 5319 tentatione
2354 5261 2568 5317 fuerint
2591 5261 2978 5318 demonstrati.
2997 5259 3268 5332 Cognovit
3297 5277 3429 5321 vero

1835 5355 1984 5426 quod
2003 5371 2037 5409 a
2053 5353 2389 5426 quibusdam
2404 5352 2555 5407 suasi
2574 5351 2853 5408 aestiment
2871 5351 3040 5406 ﬁnem
3055 5353 3318 5424 praesenti
3339 5354 3429 5410 in-

683 5175 1212 5234 ARGUMENTUM.

226 5264 425 5324 Beatus
467 5267 758 5340 apostolus
788 5268 996 5323 Paulus
1043 5274 1342 5341 postquam
1391 5267 1630 5339 primam
1681 5266 1752 5319 ad

166 5352 678 5412 Thessalonicenses
743 5358 1046 5431 scripserat
1105 5355 1433 5429 Epistolam,
1494 5353 1754 5427 cognovit

171 5446 315 5513 quod,
349 5461 701 5520 quamquam
746 5444 1193 5502 adversariorum
1221 5445 1531 5519 pertinacia
1567 5445 1626 5499 in
1665 5459 1754 5500 ea-

170 5529 278 5588 dem
293 5534 612 5606 perstiterit
628 5535 858 5602 saevitia,
880 5535 1050 5590 variis
1065 5533 1476 5591 tentationibus
1490 5549 1756 5607 aggressa

172 5633 250 5676 eos
277 5623 374 5696 qui
401 5623 785 5692 crediderant,
816 5631 1011 5682 tamen
1057 5623 1129 5680 ad
1175 5622 1366 5680 omnia
1410 5621 1509 5680 illa
1555 5638 1756 5697 aspera

1835 5443 2098 5499 cumbere
2107 5439 2328 5510 saeculo,
2344 5441 2560 5514 hocque
2571 5442 2744 5514 aliqui
2760 5439 2919 5514 quasi
2937 5437 3008 5496 ab
3028 5441 3428 5518 ipsoApostolo

1836 5533 2018 5590 edocti
2067 5533 2282 5588 caeteris
2321 5529 2698 5588 nuntiabant:
2734 5532 2954 5603 adjecto
2996 5531 3114 5602 illo,
3147 5531 3296 5606 quod
3328 5532 3424 5606 qui

1835 5615 2248 5696 indisciplinate
2276 5621 2646 5678 versabantur
2668 5617 2827 5678 nulla
2855 5635 2924 5677 ex
2945 5625 3108 5696 parte
3133 5635 3200 5679 ex
3225 5619 3428 5678 litteris
