3866 6158
465 255 565 312 567

1055 262 1114 314 Β.
1161 261 1430 320 RABANI
1470 264 1700 320 MAURI
1739 266 2074 322 ARCHIEP.
2115 266 2439 322 MOGUNT.
2481 265 2778 322 OPERUM
2825 267 3009 322 PARS
3045 269 3140 336 li].

3561 276 3640 340 seu

467 381 746 458 prioribus
772 385 1026 456 Apostoli
1055 386 1314 440 meliores
1351 386 1439 442 sui
1466 387 1694 442 fuerant
1731 389 1932 455 eﬂ‘ecti,
1967 390 2256 452 sedAtem
2287 390 2600 455 laudantes,
2635 406 2700 444 eo
2729 390 2878 461 quod
2908 395 2968 444 et
2995 391 3272 446 tormentis
3310 395 3460 450 variis
3497 397 3644 453 allecti

467 473 944 544 perseveraverint
989 473 1048 528 in
1095 474 1332 546 pristino
1377 493 1478 531 suo
1524 493 1694 548 pravo
1749 479 2054 550 proposito.
2139 477 2198 532 in
2245 477 2443 532 eodem
2487 483 2642 534 statu
2683 479 3087 550 permansistis.
3136 480 3275 535 Bene
3314 487 3480 536 autem
3519 483 3645 552 dixit,

469 560 675 615 Scribit
703 561 878 631 igitur
904 563 1209 617 secundam
1257 563 1402 618 hanc
1443 565 1770 636 Epistolam,
1813 567 2060 639 primum

2145 584 2172 616 (ι
2213 583 2353 637 quas
2387 554 2693 633 sustinetis,
2731 587 2756 622 ι)
2789 583 2854 622 eo
2893 567 3041 638 quod
3079 567 3180 622 hoc
3210 569 3539 625 demiratione
3579 573 3649 628 di-

433 714 435 722 ι
467 648 692 720 quidem
722 650 1047 705 collaudans
1077 669 1190 719 eos,
1222 653 1368 723 quod
1389 659 1586 708 contra
1605 671 1798 710 omnes
1817 656 2062 728 impetus
2139 669 2317 726 gnum
2342 660 2483 721 erat,
2514 655 2662 726 quod
2691 655 2820 710 forti
2849 655 3036 710 animo
3073 656 3392 711 sustinerent
3415 658 3551 712 illata
3569 660 3653 716 sibi

465 736 919 794 adversariorum
949 740 1304 796 decertantes
1345 757 1459 797 non
1501 743 1726 798 fuerant
1761 745 2010 816 superati
2043 763 2056 799 :

463 815 804 882 adhortatur
828 845 961 883 vero
991 846 1088 884 eos
1116 829 1288 884 etiam
1317 832 1565 886 currenti
1595 815 1850 904 tempore
1878 833 1938 888 in
1965 851 2060 889 eo-

465 916 595 970 dem
625 915 928 986 persistere
963 919 1249 990 proposito
1297 905 1635 992 omnemque
1670 927 2063 994 tempestatem

469 1002 540 1058 ab
570 1003 905 1060 adversariis
933 1006 1151 1062 illatam
1179 1024 1281 1079 per
1299 1009 1629 1080 patientiam
1645 1027 1928 1082 superare.
1961 1013 2066 1067 De-

467 1092 598 1146 inde
627 1092 859 1148 instruit
885 1111 1000 1162 eos,
1025 1102 1090 1151 ut
1117 1111 1228 1151 non
1259 1098 1582 1154 existiment
1607 1099 1931 1156 incumbere
1957 1100 2064 1155 sibi

469 1183 982 1238 consummationes
1009 1189 1362 1256 temporum;
1395 1184 1544 1242 inter
1585 1193 1786 1243 caetera
1815 1205 1946 1244 vero
1975 1189 2062 1244 in-

467 1271 639 1326 struit
657 1287 753 1326 eos
772 1272 842 1326 de
856 1273 1172 1328 antichristi
1193 1275 1454 1344 adventu,
1480 1282 1538 1331 et
1559 1277 1802 1349 qualiter
1818 1279 1904 1334 vel
1924 1295 2064 1350 quo-

468 1357 636 1414 modo
659 1359 737 1414 sit
753 1361 1114 1432 appariturus
1141 1381 1152 1430 ;
1179 1363 1248 1418 de
1269 1363 1700 1437 indisciplinatis
1716 1366 1964 1422 scribens
1979 1384 2067 1422 ve-

467 1447 764 1503 hementer
781 1465 879 1504 eos
900 1451 1225 1523 corripiens,
1259 1469 1326 1507 eo
1357 1454 1505 1525 quod
1530 1455 1672 1509 nihil
1699 1471 1766 1510 ex
1792 1455 1902 1510 illis
1921 1455 2066 1527 prio-

467 1535 624 1592 ribus
653 1538 877 1610 scriptis
897 1539 1108 1594 fuerint
1125 1540 1305 1612 adjuti
1327 1541 1386 1595 in
1405 1542 1608 1614 quibus
1633 1543 1929 1599 consilium
1955 1544 2064 1598 illis

471 1625 706 1681 dederat
733 1626 802 1681 de
831 1627 942 1682 illis
988 1645 1112 1699 quae
1139 1645 1235 1684 eos
1259 1647 1428 1701 agere
1455 1632 1878 1688 conveniebant.
1925 1633 2066 1689 Cau-

2142 748 2426 798 tormenta
2457 761 2468 796 :
2501 743 2706 798 deinde
2735 743 2872 798 dicit
2899 750 2956 798 et
2990 743 3159 815 ipsius
3202 745 3454 816 passionis
3481 747 3656 803 utilite

2142 837 2278 898 tem,
2316 850 2342 884 «
2373 831 2432 886 in
2461 831 3000 887 demonstrationem
3023 833 3161 903 justi
3181 833 3366 904 judicii
3389 834 3496 900 Dei,
3514 841 3570 889 ut
3589 835 3657 890 di-

2147 938 2174 972 α
2206 919 2305 990 gni
2333 918 2654 974 habeamini
2685 936 2860 992 regno
2888 920 3010 988 Dei,
3042 937 3140 992 pro
3175 937 3280 992 quo
3305 926 3359 975 et
3381 922 3656 992 patiminizn

2144 1009 2486 1080 apparebitis
2514 1009 2724 1064 etenim
2761 1008 2833 1064 ob
2872 1009 2984 1065 ista
3023 1009 3081 1064 in
3126 1008 3306 1064 futuro
3333 1011 3511 1065 saeculo
3541 1011 3664 1081 justa

2145 1097 2365 1152 ratione
2397 1113 2635 1168 regnum
2659 1098 2927 1153 caelorum
2957 1098 3201 1153 fruentes
3231 1115 3243 1152 :
3275 1098 3320 1152 si
3344 1101 3516 1153 tamen
3528 1105 3577 1154 et
3585 1117 3663 1171 pro

2145 1185 2243 1240 illo
2295 1185 2414 1258 pati
2471 1187 2842 1258 acquiescitis,
2894 1203 3158 1258 magnum
3197 1187 3456 1258 quoddam
3497 1186 3666 1245 bonum

2146 1274 2530 1330 existimantes
2549 1292 2670 1330 esse
2699 1275 3045 1330 fruitionem.
3061 1277 3130 1331 Et
3141 1275 3424 1330 ostendens
3451 1275 3667 1346 quoniam

2145 1379 2249 1418 nec
2277 1363 2613 1418 adversariis
2639 1363 2778 1418 talia
2803 1363 2863 1418 in
2884 1363 2996 1418 illis
3013 1363 3333 1418 facientibus
3349 1363 3450 1417 erit
3463 1363 3668 1434 impune,

2145 1451 2342 1522 adjicit
2373 1470 2387 1506 :
2422 1471 2448 1504 «
2483 1452 2542 1506 Si
2566 1458 2758 1507 tamen
2783 1454 3001 1524 justum
3051 1459 3136 1507 est
3171 1451 3316 1523 apud
3355 1451 3516 1506 Deum
3548 1451 3674 1505 retii-

2149 1559 2176 1592 «
2217 1540 2389 1596 buere
2417 1541 2505 1596 his
2533 1541 2629 1612 qui
2657 1540 2932 1596 tribulant
2965 1557 3063 1595 vos
3089 1539 3502 1604 tribulationem,
3534 1545 3585 1593 et
3605 1555 3675 1593 vo-

2150 1647 2176 1682 «
2216 1628 2302 1684 bis
2322 1629 2420 1702 qui
2438 1629 2792 1685 tribulamini
2801 1629 3056 1702 requiem
3068 1629 3370 1684 nobiscum.
3387 1629 3545 1683 sNam
3561 1627 3677 1699 quod

469 1714 582 1768 tius
613 1731 741 1770 vere
771 1715 841 1770 de
861 1715 1120 1772 omnibus
1133 1717 1482 1774 instruemur
1501 1737 1569 1774 ex
1587 1721 1697 1776 illis
1721 1737 1844 1792 quae
1864 1722 1922 1776 in
1939 1717 2282 1800 sub-Bdicit
2326 1719 2374 1772 si
2416 1720 2634 1790 justum
2675 1724 2779 1786 est,
2819 1719 2924 1774 hoc
2966 1718 3119 1785 dicit,
3156 1737 3182 1770 «
3211 1717 3258 1772 si
3284 1722 3463 1771 tamen
3495 1717 3673 1786 justum

467 1803 833 1875 sequentibus
865 1804 1162 1860 habentur.

977 1949 1212 2004 CAPUT
1250 1949 1556 2005 PRIMUM.

473 2052 698 2108 Gratias
741 2056 860 2121 agit
888 2056 1172 2124 Apostolus
1219 2057 1283 2109 de
1323 2057 1463 2111 bona
1509 2059 2067 2113 Thcssaloniccnsium

505 2127 930 2190 conversatione,
945 2128 1155 2180 orando
1169 2143 1276 2196 pro
1295 2130 1519 2182 meliore
1538 2133 2030 2184 consummatione.

551 2266 577 2300 (‹
619 2247 848 2316 Paulus,
893 2255 953 2304 et
996 2250 1273 2318 Silvanus,
1317 2257 1374 2305 et
1418 2251 1764 2319 Timotheus,
1815 2254 2077 2309 Ecclesiae.

481 2357 504 2387 α
547 2336 1129 2394 Thessalonicensium
1150 2339 1209 2393 in
1229 2340 1345 2394 Deo
1365 2341 1533 2394 Patre
1551 2347 1744 2395 nostro
1765 2348 1824 2396 et
1835 2343 2074 2397 Domino

481 2445 507 2476 ‹‹
547 2426 682 2480 Jesu
713 2425 956 2482 Christo.
983 2427 1181 2482 Gratia
1199 2428 1356 2484 vobis
1384 2436 1442 2484 et
1461 2445 1566 2501 pax
1594 2446 1630 2484 a
1647 2431 1764 2485 Deo
1793 2432 1960 2486 Patre
1979 2447 2078 2486 no-

481 2532 508 2564 «
548 2519 666 2568 stro
695 2520 754 2568 et
781 2515 1022 2570 Domino
1050 2517 1183 2571 Jesu
1213 2517 1454 2572 Christo.
1493 2538 1518 2571 »
1547 2520 1782 2588 (.4mbr.)
1805 2521 1922 2574 Hac
1939 2537 2078 2592 prae-

479 2601 784 2672 scriptione
803 2603 1064 2675 Epistolas
1080 2605 1228 2660 facta
1245 2605 1444 2678 incipit
1460 2607 1540 2661 sic
1563 2625 1574 2660 :
1600 2625 1625 2659 (ι
1656 2608 1882 2663 Gratias
1909 2625 2076 2680 agere

485 2707 510 2741 «
553 2689 822 2747 debemus
843 2691 961 2746 Deo
987 2709 1210 2764 semper
1240 2711 1342 2764 pro
1369 2694 1542 2761 vobis,
1573 2695 1794 2762 fratres,
1827 2697 1972 2752 sicut
1997 2697 2079 2752 di-

485 2797 511 2829 «
551 2794 730 2850 gnum
757 2785 861 2834 est.
898 2799 924 2834 »
950 2782 1000 2835 A
1033 2787 1348 2852 gratiarum
1385 2783 1604 2838 actione
1642 2783 1887 2856 incipere
1927 2786 2077 2840 idem

481 2869 781 2938 Apostolus
810 2885 955 2941 saepe
984 2877 1071 2925 est
1097 2871 1314 2938 solitus,
1346 2872 1452 2926 hoc
1477 2889 1608 2927 vero
1654 2873 1712 2927 in
1757 2874 1878 2928 loco
1907 2875 2078 2930 etiam

479 2955 743 3014 dilatasse
790 2957 969 3030 ipsam
1013 2959 1330 3029 gratiarum
1377 2961 1654 3016 actionem
1698 2962 1921 3017 videtur
1966 2980 2078 3018 non

2148 1813 2252 1862 est.
2289 1826 2315 1860 »
2345 1807 2484 1862 Vult
2520 1807 2672 1864 enim
2714 1807 2899 1862 dicere
2932 1827 2944 1861 :
2979 1807 3114 1878 quia
3149 1807 3304 1878 justa
3337 1812 3463 1860 tunc
3503 1804 3680 1859 ratione

2148 1897 2297 1951 Deus
2324 1895 2450 1950 illos
2479 1896 2708 1966 quidem
2737 1895 2834 1968 qui
2862 1895 3002 1950 talia
3043 1895 3102 1950 in
3145 1894 3398 1966 praesenti
3437 1893 3541 1947 vita
3576 1908 3681 1962 erga

2147 2001 2244 2039 vos
2269 1990 2571 2055 gesserunt
2597 1983 2800 2040 subdet
2825 2001 3022 2056 poenae,
3056 1983 3213 2039 vobis
3236 1999 3380 2048 vero,
3403 1998 3496 2054 pro
3521 1979 3686 2052 quibus

2151 2073 2426 2144 Patimini,
2452 2090 2716 2144 magnam
2747 2072 3018 2146 praebebit
3043 2071 3534 2128 remunerationem
3558 2068 3691 2140 largi-

2151 2161 2314 2225 tatis;
2347 2167 2405 2216 et
2433 2178 2620 2233 paena
2635 2163 2815 2234 ipsius
2829 2162 3124 2234 publicane
3144 2161 3376 2234 pondus,
3405 2158 3530 2213 dicit
3552 2157 3689 2212 etiam

2157 2249 2338 2322 qualis
2364 2251 2440 2305 sit
2469 2251 2742 2325 adventus
2769 2251 2948 2322 ipsius
2972 2250 3181 2322 judicia
3213 2268 3225 2304 :
3263 2268 3289 2300 (ι
3321 2249 3384 2304 In
3410 2245 3695 2302 revelatione

2160 2357 2185 2390 «
2226 2339 2451 2394 Domini
2479 2340 2507 2394 J
2513 2355 2614 2395 esu
2644 2339 2714 2394 de
2741 2339 2880 2394 ccelo
2924 2356 3053 2394 cum
3098 2337 3311 2410 angelis
3345 2335 3550 2390 virtutis
3581 2335 3693 2404 ejus,

2161 2446 2186 2478 (ι
2226 2427 2287 2481 in
2315 2428 2548 2482 ﬂamma
2586 2428 2736 2499 ignis
2777 2428 2965 2483 dantis
3007 2427 3310 2482 vindictam
3361 2425 3444 2479 his
3491 2423 3574 2494 qui
3610 2437 3697 2476 non

2161 2535 2187 2566 (ι
2227 2522 2506 2571 noverunt
2531 2517 2712 2572 Deum
2759 2522 2818 2571 et
2863 2517 2961 2588 qui
3001 2533 3116 2571 non
3159 2515 3422 2570 obediunt
3453 2508 3700 2582 Evangelia

2163 2623 2189 2658 «
2228 2605 2454 2661 Domini
2483 2605 2663 2660 nostri
2690 2607 2720 2660 J
2724 2623 2824 2660 esu
2854 2605 3082 2661 Christi.
3116 2624 3143 2658 »
3174 2603 3491 2659 Terribilem
3503 2615 3592 2672 per
3613 2613 3701 2652 om-

2159 2693 2256 2748 nia
2285 2694 2408 2764 ejus
2436 2693 2740 2748 adventum
2771 2711 2895 2748 esse
2923 2694 3191 2760 ostendit,
3225 2699 3284 2748 et
3307 2691 3411 2746 loci
3437 2693 3631 2750 natura,
3647 2685 3702 2740 si-

2159 2782 2388 2853 quidem
2411 2783 2482 2837 de
2509 2782 2648 2836 caelo
2661 2782 2882 2838 videtur
2901 2802 2915 2851 ;
2939 2789 3000 2837 et
3016 2788 3081 2838 ut
3099 2781 3481 2836 ministrorum
3495 2776 3708 2831 videatur

2159 2870 2448 2938 fortitudo,
2481 2887 2608 2926 cum
2637 2871 2852 2942 angelis
2895 2873 3017 2942 ejus
3061 2871 3292 2925 virtutis
3330 2873 3605 2924 venturum
3638 2862 3705 2916 di-

2159 2959 2262 3028 cit;
2295 2966 2354 3014 et
2379 2963 2789 3014 tormentorum
2816 2960 3061 3032 speciem
3111 2961 3399 3014 ﬂammam
3441 2971 3552 3010 esse
3594 2950 3711 3022 ignis

478 3044 733 3100 absolute
763 3046 956 3102 dicens
979 3049 1196 3118 gratias
1223 3049 1462 3120 agimus,
1495 3050 1593 3104 sed
1611 3051 1877 3122 quoniam
1901 3070 1925 3101 «
1947 3069 2079 3122 gra-
2102 3052 2146 3113 ο
2161 3047 2316 3114 dicit,
2341 3065 2600 3103 asserens
2625 3064 2756 3104 vero
2787 3056 2845 3102 et
2889 3049 2960 3103 de
2997 3048 3112 3102 illis
3151 3047 3250 3120 qui
3295 3052 3426 3102 sunt
3449 3038 3710 3098 tormentis

479 3133 590 3187 tias
618 3149 788 3204 agere
815 3135 1102 3203 debemus,
1139 3156 1164 3189 ι)
1198 3138 1358 3208 quasi
1388 3139 1484 3210 qui
1527 3145 1584 3194 et
1622 3139 1866 3194 incusari
1893 3141 1967 3195 sit
1993 3141 2078 3196 di-

479 3237 645 3292 gnus,
680 3223 729 3276 si
757 3239 871 3278 non
900 3224 1152 3280 debitum
1181 3227 1443 3281 redderet
1469 3244 1572 3299 pro
1592 3228 1722 3296 illis,
1751 3246 1853 3300 pro
1877 3229 2079 3300 quibus

481 3315 538 3364 et
566 3309 774 3367 debent
799 3313 1113 3383 gratiarum
1141 3315 1440 3383 actionem,
1473 3332 1540 3371 eo
1585 3317 1734 3388 quod
1763 3319 2079 3374 necessarie

481 3398 686 3454 debere
733 3401 889 3455 illam
938 3403 1195 3458 videatur
1226 3422 1238 3457 :
1271 3411 1330 3458 et
1368 3405 1608 3476 adjectio
1653 3413 1737 3461 est
1786 3407 2081 3479 perspicua

484 3503 654 3558 quam
683 3489 893 3560 adjecit
919 3491 1108 3546 dicens
1141 3511 1154 3546 :
1179 3511 1205 3544 ((
1228 3493 1386 3548 Sicut
1403 3494 1638 3565 dignum
1669 3500 1772 3550 est.
1801 3517 1826 3548 »
1842 3496 2004 3560 Quod
2023 3501 2082 3550 et

481 3577 669 3648 ipsum
692 3586 1058 3650 augmentum
1078 3581 1333 3649 actionis,
1357 3581 1633 3654 siquidem
1649 3583 1788 3639 talia
1802 3592 1936 3639 sunt
1955 3602 2077 3656 qua;

482 3667 792 3722 secundum
821 3683 916 3722 eos
935 3676 1086 3736 sunt,
1113 3677 1177 3724 ut
1187 3671 1341 3741 juste
1361 3672 1476 3726 Deo
1506 3689 1606 3743 pro
1627 3672 1738 3727 illis
1764 3673 2077 3744 gratiarum

482 3755 631 3826 actio
659 3755 954 3813 referatur.
989 3759 1148 3814 Unde
1179 3761 1480 3815 ostendens
1509 3761 1642 3832 quia
1673 3762 1803 3833 jure
1844 3763 1954 3816 ista
1975 3757 2076 3816 idi-

484 3845 580 3912 cit,
613 3861 680 3900 eo
709 3847 858 3917 quod
887 3863 1095 3918 magna
1121 3855 1285 3904 erant
1317 3849 1416 3903 illa
1461 3866 1584 3920 quae
1625 3851 1936 3906 secundum
1983 3869 2079 3908 eos

484 3938 666 4000 erant,
688 3933 770 3988 ait
800 3954 813 3988 :
850 3954 877 3987 α
909 3936 1190 4000 Quoniam
1219 3938 1588 4009 supercrescit
1617 3939 1756 3994 ﬁdes
1786 3945 1988 4005 vestra,
2024 3947 2082 3996 et

488 4038 516 4072 α
549 4019 800 4076 abundat
826 4023 1070 4078 charitas
1098 4025 1540 4098 uniuscujusque
1561 4027 1813 4082 omnium
1833 4035 2081 4084 vestrum

487 4127 514 4158 «
547 4107 608 4162 in
639 4108 995 4165 alterutrum.
1023 4131 1050 4165 »
1079 4113 1300 4168 Etenim
1330 4131 1431 4184 per
1459 4115 1649 4169 omnia
1677 4117 1924 4171 ostendit
1951 4133 2084 4189 quo-

485 4196 640 4250 niam
669 4213 876 4269 magna
905 4205 1070 4254 erant
1098 4201 1197 4255 illa
1225 4218 1348 4273 qua:
1377 4203 1686 4258 secundum
1704 4221 1800 4258 eos
1821 4211 2002 4272 erant,
2018 4222 2083 4261 ex

486 4284 691 4356 quibus
736 4287 880 4342 dixit
915 4289 1084 4343 ﬁdem
1121 4305 1316 4344 eorum
1355 4291 1570 4362 augeri,
1618 4293 1767 4363 quod
1803 4293 2086 4350 habebant

2161 3135 2508 3208 subjacendi,
2538 3142 2638 3192 aut
2661 3154 2758 3192 eos
2788 3137 2885 3208 qui
2916 3153 3029 3192 non
3057 3141 3344 3192 noverunt
3359 3135 3546 3199 Deum,
3562 3134 3614 3184 et
3634 3126 3710 3199 qui

2161 3241 2273 3280 non
2302 3224 2678 3280 obaudierunt
2707 3226 3024 3296 Evangelio,
3042 3227 3323 3297 majorem
3350 3226 3715 3278 tormentorum

2162 3330 2358 3368 eorum
2404 3313 2644 3386 praebuit
2679 3314 3095 3387 probationem;
3133 3321 3194 3370 et
3229 3312 3505 3385 siquidem
3538 3307 3648 3364 illos
3681 3303 3720 3358 si

2161 3403 2512 3458 solummodo
2559 3419 2672 3458 non
2721 3403 3038 3458 obedierint
3088 3403 3248 3469 fidei,
3296 3417 3457 3474 paena
3511 3399 3718 3455 maneat.

2161 3497 2372 3563 quanto
2399 3492 2581 3562 magis
2607 3492 2752 3560 illos,
2786 3493 2883 3563 qui
2909 3492 3274 3547 credentibus
3309 3487 3602 3545 calumnias
3634 3483 3721 3537 im-

2159 3580 2586 3652 pressionesque
2611 3579 2901 3652 irrogant‘?
2921 3581 3125 3636 deinde
3139 3587 3203 3636 et
3211 3583 3608 3636 tormentorum
3627 3586 3724 3643 spe-

2157 3669 2300 3724 ciem
2329 3675 2630 3740 exaggerat
2656 3675 2824 3740 prout
2860 3676 3062 3741 potest,
3095 3671 3299 3726 dicens
3331 3687 3344 3722 :
3379 3686 3407 3720 α
3437 3665 3539 3732 Qui
3565 3675 3725 3736 pinnas

2158 3757 2318 3814 luent
2361 3757 2626 3813 interitus
2671 3764 2930 3813 aeternas.
2958 3777 2986 3811 »
3027 3759 3180 3814 Nam
3229 3776 3298 3814 ex
3330 3756 3590 3830 qualitate
3629 3751 3728 3821 ipsa

2159 3847 2354 3917 gravia
2381 3851 2666 3902 tormenta
2696 3863 2819 3902 esse
2857 3847 3126 3902 ostendit.
3168 3847 3460 3919 Siquidem
3504 3839 3728 3898 interitus

2161 3941 2314 4003 sunt,
2345 3941 2404 3990 et
2431 3935 2748 3992 exterminii
2779 3935 3094 4008 perditione
3126 3937 3504 4009 perﬁcientes,
3533 3948 3596 3986 ex
3617 3934 3734 3984 tem-

2162 4040 2318 4096 pore,
2353 4025 2502 4095 quod
2542 4041 2655 4079 non
2701 4025 2773 4080 ad
2817 4031 3061 4096 tempus,
3096 4026 3203 4080 sed
3249 4031 3462 4080 interna
3503 4024 3660 4075 sunt:
3687 4019 3733 4067 et

2165 4112 2373 4168 iterum
2401 4113 2472 4168 ad
2500 4129 2799 4185 personam
2839 4114 3080 4168 recurrit
3120 4115 3338 4186 judicis
3381 4127 3544 4184 paena
3587 4104 3735 4178 ipsius

2165 4202 2614 4273 magnitudinem
2643 4202 2840 4258 exinde
2867 4203 3175 4258 ostendens
3201 4221 3212 4256 :
3243 4221 3270 4255 α
3286 4205 3338 4257 Α
3355 4201 3494 4257 facie
3521 4191 3732 4256 Domini»

2166 4298 2224 4346 et
2252 4307 2287 4345 a
2308 4291 2490 4362 gloria
2515 4291 2880 4346 fortitudinis.
2919 4311 2946 4344 »
2971 4292 3040 4345 Et
3061 4291 3204 4362 quia
3223 4308 3329 4363 per
3359 4288 3549 4346 omnia
3564 4295 3739 4353 magna

483 4375 698 4446 aliquid
714 4377 958 4448 amplius
971 4395 1006 4432 a
1022 4379 1288 4434 ﬁrmitate
1307 4398 1318 4433 :
1337 4381 1576 4444 firmitas
1591 4381 1741 4436 enim
1753 4382 1860 4436 dici
1877 4389 2078 4454 potest,
2097 4371 2146 4429 D
2165 4380 2411 4434 ostendit
2436 4397 2558 4435 esse
2581 4385 2866 4434 tormenta
2895 4396 3018 4451 quae
3049 4380 3109 4434 in
3138 4379 3498 4436 adversarios
3520 4380 3642 4431 sunt
3663 4370 3739 4424 de-

487 4465 592 4520 etsi
620 4465 680 4520 in
709 4465 906 4522 eodem
937 4472 1089 4532 statu
1119 4476 1365 4524 maneat.
1385 4470 1530 4524 Nam
1560 4471 1710 4542 quod
1739 4471 1880 4526 dixit
1893 4489 2084 4544 super-

484 4553 677 4620 crevit,
693 4555 940 4610 ostendit
957 4557 1104 4628 quod
1122 4563 1180 4612 et
1199 4559 1258 4614 in
1276 4558 1400 4630 ipsa
1419 4559 1528 4614 fide
1543 4565 1912 4630 augmentum
1934 4577 2084 4616 sum-

487 4642 706 4713 pserint
715 4661 734 4707 ;
765 4650 824 4698 et
847 4644 907 4698 in
934 4644 1271 4702 alterutrum
1304 4648 1637 4703 charitatem
1676 4665 1871 4704 eorum
1901 4649 2078 4705 abun-

483 4730 620 4784 dare
648 4729 858 4798 dicens,
891 4733 1040 4803 quod
1079 4740 1137 4788 et
1181 4735 1368 4806 ipsum
1411 4737 1659 4792 ostendit
1697 4738 1758 4792 in
1801 4738 1922 4794 dies
1964 4739 2080 4794 sin-

484 4817 650 4889 gulos
704 4819 993 4874 meliorem
1045 4822 1274 4880 illorum
1319 4825 1491 4880 fuisse
1539 4825 1854 4897 profectum
1887 4845 1898 4880 :
1931 4828 2082 4898 quod

485 4906 659 4961 etiam
688 4909 874 4978 majus
891 4925 1143 4966 asserere
1164 4915 1396 4985 cupiens
1417 4914 1576 4982 dixit,
1593 4934 1618 4967 (ί
1641 4915 2081 4988 uniuscujusque

485 5000 732 5051 vestrum
754 4998 1008 5053 omnium
1031 4999 1088 5054 in
1107 5001 1478 5071 alterutrum;
1501 5023 1527 5056 »
1543 5020 1739 5058 omnes
1759 5004 1908 5059 enim
1930 5005 2082 5059 simi-

484 5085 615 5140 liter
642 5085 786 5142 dixit
810 5087 954 5143 tales
984 5104 1106 5143 esse
1139 5107 1152 5142 :
1187 5095 1246 5144 et
1273 5107 1398 5162 quae
1426 5096 1514 5146 est
1553 5091 1716 5147 istius
1753 5093 1834 5148 rei
1875 5092 2080 5165 proba-

483 5174 608 5230 tio?
639 5193 667 5227 «
699 5176 787 5231 Ita
816 5183 882 5232 ut
909 5193 1012 5233 nos
1039 5177 1148 5249 ipsi
1174 5178 1234 5232 in
1262 5179 1417 5235 vobis
1450 5180 1760 5252 gloriemur
1795 5181 1854 5236 in
1899 5182 2082 5238 Eccle-

491 5282 517 5312 «
559 5263 659 5318 siis
681 5264 905 5321 Domini
933 5283 1036 5338 pro
1064 5267 1338 5339 patientia
1372 5275 1578 5338 vestra,
1619 5275 1678 5326 et
1713 5270 1824 5326 ﬁde
1860 5271 1919 5326 in
1955 5287 2079 5326 om-

489 5369 514 5400 «
555 5349 722 5406 nibus
762 5355 1242 5424 persecutionibus
1278 5358 1478 5414 vestris
1519 5365 1578 5414 et
1621 5359 2081 5416 tribulationibus

487 5457 514 5490 «
557 5455 696 5512 quas
725 5441 1033 5499 sustinetis.
1071 5464 1098 5496 »
1128 5445 1384 5517 Denique
1431 5453 1489 5502 et
1525 5465 1626 5504 nos
1667 5449 1820 5504 omni
1865 5449 1924 5503 in
1961 5448 2080 5504 loco

481 5528 552 5584 de
579 5526 736 5586 vobis
761 5529 1071 5613 gloriantes
1109 5533 1423 5591 referimus.
1457 5537 1586 5592 ﬁdei
1616 5545 1814 5594 vestrae
1842 5537 2080 5592 ﬁrmita-

2163 4469 2492 4540 promenda,
2523 4468 2661 4524 dicit
2690 4468 2750 4522 in
2777 4468 2983 4540 quibus
3023 4475 3161 4524 tunc
3203 4475 3381 4524 erunt
3416 4467 3478 4522 hi
3514 4463 3604 4536 qui
3638 4473 3739 4514 cre-

2163 4557 2446 4612 diderunt.
2475 4577 2502 4610 ς(
2533 4558 2676 4612 Cum
2705 4558 2920 4614 venerit
2955 4558 3267 4628 glorificari
3306 4559 3367 4612 in
3407 4553 3609 4610 sanctis
3643 4546 3742 4603 suis

2167 4665 2194 4699 ‹‹
2233 4653 2292 4702 et
2335 4646 2622 4701 mirificari
2667 4647 2728 4702 in
2773 4646 3034 4702 omnibus
3071 4647 3172 4718 qui
3221 4645 3601 4706 crediderunt,
3631 4651 3745 4710 quo-

2166 4754 2192 4786 «
2233 4735 2388 4790 niam
2417 4735 2696 4790 creditum
2726 4742 2812 4791 est
2837 4735 3236 4790 testimonium
3284 4741 3545 4790 nostrum
3579 4731 3634 4784 in
3671 4741 3746 4777 νο·

2166 4842 2193 4877 ‹‹
2233 4823 2318 4878 bis
2354 4825 2412 4878 in
2451 4824 2541 4880 die
2586 4825 2701 4879 illo.
2735 4843 2762 4877 ››
2796 4825 2957 4889 Quod
2991 4825 3132 4879 dixit
3165 4810 3192 4879 ἶ
3220 4844 3247 4878 α
3283 4826 3348 4879 in
3395 4823 3488 4878 die
3515 4820 3608 4874 illo
3635 4835 3660 4871 »
3687 4811 3746 4867 ad

2163 4912 2302 4967 illud
2328 4913 2676 4969 reddendum
2705 4918 2809 4981 est,
2830 4913 2979 4986 quod
3007 4913 3231 4969 dixerat
3253 4933 3281 4966 α
3314 4920 3376 4968 et
3403 4905 3680 4966 miriﬁcari
3699 4903 3747 4956 in

2163 5002 2422 5057 omnibus
2451 5003 2548 5074 qui
2569 5003 2947 5070 crediderunt,
2974 5023 2999 5054 »
3023 5009 3088 5057 ut
3113 5002 3190 5056 sit
3219 5003 3283 5058 in
3313 5000 3506 5056 medio
3527 4995 3748 5071 positum

2167 5110 2194 5142 ‹‹
2235 5091 2502 5163 quoniam
2545 5091 2822 5146 creditum
2870 5096 2958 5146 est
3001 5091 3380 5163 Evangelium
3421 5094 3670 5144 nostrum
3702 5081 3752 5134 in

2162 5179 2336 5247 vobis,
2371 5199 2396 5234 ιο
2439 5186 2498 5236 et
2541 5181 2850 5236 secundum
2889 5197 3117 5236 sensum
3164 5179 3546 5234 novissimum
3584 5175 3752 5246 jacere

2161 5269 2436 5325 videatur.
2469 5269 2606 5325 Vult
2633 5269 2785 5325 enim
2813 5269 3000 5325 dicere
3029 5287 3042 5323 :
3075 5269 3399 5325 secundum
3427 5267 3588 5322 illum
3621 5261 3754 5318 diem

2159 5359 2441 5430 gloriosus
2469 5365 2528 5414 et
2552 5358 2824 5414 mirabilis
2849 5358 3128 5414 videbitur
3153 5357 3217 5413 in
3248 5357 3346 5413 his
3375 5356 3476 5428 qui
3505 5352 3610 5409 sibi
3645 5363 3752 5403 cre-

2161 5447 2446 5516 diderunt,
2479 5465 2582 5520 per
2622 5447 2720 5502 illa
2768 5447 2916 5502 bona
2963 5464 3087 5519 quae
3127 5463 3270 5517 erga
3296 5463 3401 5502 eos
3429 5443 3617 5508 faciet,
3649 5453 3756 5510 qun

2163 5537 2336 5593 etiam
2358 5543 2416 5592 et
2441 5553 2535 5591 vos
2563 5537 2697 5591 estis
2727 5536 2974 5604 fruituri,
3011 5553 3077 5590 eo
3115 5535 3266 5608 quod
3311 5535 3635 5590 doctrinam
3663 5542 3752 5581 n0-
