  <div class='ocr_page' id='page_1' title='image "/cluster/home/n/w/nwhite01/storage/ocr_20150623/112/hvd.32044054759774/290.png"; bbox 0 0 3868 6138; ppageno 0'>
   <div class='ocr_carea' id='block_1_1' title="bbox 226 222 3445 321">
    <p class='ocr_par' dir='ltr' id='par_1_1' title="bbox 226 222 3445 321">
     <span class='ocr_line' id='line_1_1' title="bbox 226 222 3445 321; baseline -0.002 -1"><span class='ocrx_word' id='word_1_1' title='bbox 226 264 311 320; x_wconf 74' lang='lat'><strong>569</strong></span> <span class='ocrx_word' id='word_1_2' title='bbox 575 259 1145 320; x_wconf 76' lang='lat' dir='ltr'><strong>ENARRATIONUM</strong></span> <span class='ocrx_word' id='word_1_3' title='bbox 1183 262 1259 317; x_wconf 86' lang='lat' dir='ltr'><strong>IN</strong></span> <span class='ocrx_word' id='word_1_4' title='bbox 1298 262 1452 318; x_wconf 80' lang='lat' dir='ltr'><strong>EPP.</strong></span> <span class='ocrx_word' id='word_1_5' title='bbox 1493 262 1709 318; x_wconf 78' lang='lat' dir='ltr'><strong>PAULI</strong></span> <span class='ocrx_word' id='word_1_6' title='bbox 1747 263 1865 319; x_wconf 86' lang='lat' dir='ltr'><strong>LIB</strong></span> <span class='ocrx_word' id='word_1_7' title='bbox 1902 234 2077 321; x_wconf 53' lang='lat' dir='ltr'><strong>XXII.</strong></span> <span class='ocrx_word' id='word_1_8' title='bbox 2114 296 2177 307; x_wconf 89' lang='lat'><strong>—</strong></span> <span class='ocrx_word' id='word_1_9' title='bbox 2201 265 2541 321; x_wconf 72' lang='lat' dir='ltr'><strong>IN‘EPIST.</strong></span> <span class='ocrx_word' id='word_1_10' title='bbox 2585 265 2636 320; x_wconf 83' lang='lat' dir='ltr'><strong>ll</strong></span> <span class='ocrx_word' id='word_1_11' title='bbox 2672 264 2770 320; x_wconf 81' lang='lat' dir='ltr'><strong>AD</strong></span> <span class='ocrx_word' id='word_1_12' title='bbox 2805 222 3049 321; x_wconf 43' lang='lat' dir='ltr'><strong>THE.SS.</strong></span> <span class='ocrx_word' id='word_1_13' title='bbox 3343 263 3445 317; x_wconf 72' lang='grc'><strong>570</strong></span> 
     </span>
    </p>
   </div>
   <div class='ocr_carea' id='block_1_2' title="bbox 220 385 3447 461">
    <p class='ocr_par' dir='ltr' id='par_1_2' title="bbox 220 385 3447 461">
     <span class='ocr_line' id='line_1_2' title="bbox 220 385 3447 461; baseline 0 -21"><span class='ocrx_word' id='word_1_14' title='bbox 220 395 369 444; x_wconf 76' lang='lat' dir='ltr'><strong>stram</strong></span> <span class='ocrx_word' id='word_1_15' title='bbox 388 386 683 458; x_wconf 78' lang='lat' dir='ltr'><strong>recepistis,</strong></span> <span class='ocrx_word' id='word_1_16' title='bbox 709 385 788 439; x_wconf 90' lang='lat' dir='ltr'><strong>sic</strong></span> <span class='ocrx_word' id='word_1_17' title='bbox 808 402 911 457; x_wconf 88' lang='lat' dir='ltr'><strong>per</strong></span> <span class='ocrx_word' id='word_1_18' title='bbox 929 386 1120 441; x_wconf 82' lang='lat' dir='ltr'><strong>omnia</strong></span> <span class='ocrx_word' id='word_1_19' title='bbox 1145 386 1451 441; x_wconf 86' lang='lat' dir='ltr'><strong>adhortans</strong></span> <span class='ocrx_word' id='word_1_20' title='bbox 1470 386 2063 449; x_wconf 85' lang='lat' dir='ltr'><strong>revelatio-Ahibeat.</strong></span> <span class='ocrx_word' id='word_1_21' title='bbox 2100 390 2173 445; x_wconf 90' lang='lat' dir='ltr'><strong>Ut</strong></span> <span class='ocrx_word' id='word_1_22' title='bbox 2207 391 2343 444; x_wconf 92' lang='lat' dir='ltr'><strong>dum</strong></span> <span class='ocrx_word' id='word_1_23' title='bbox 2370 391 2439 444; x_wconf 92' lang='lat' dir='ltr'><strong>de</strong></span> <span class='ocrx_word' id='word_1_24' title='bbox 2482 390 2604 461; x_wconf 88' lang='lat' dir='ltr'><strong>ipsa</strong></span> <span class='ocrx_word' id='word_1_25' title='bbox 2632 389 2856 444; x_wconf 80' lang='lat' dir='ltr'><strong>levitate</strong></span> <span class='ocrx_word' id='word_1_26' title='bbox 2882 388 3151 444; x_wconf 81' lang='lat' dir='ltr'><strong>motionis</strong></span> <span class='ocrx_word' id='word_1_27' title='bbox 3177 388 3447 459; x_wconf 53' lang='lat' dir='ltr'><strong>pmdicap</strong></span> 
     </span>
    </p>
   </div>
   <div class='ocr_carea' id='block_1_3' title="bbox 219 475 3447 549">
    <p class='ocr_par' dir='ltr' id='par_1_3' title="bbox 219 475 3447 549">
     <span class='ocr_line' id='line_1_3' title="bbox 219 475 3447 549; baseline -0 -17"><span class='ocrx_word' id='word_1_28' title='bbox 219 493 326 533; x_wconf 88' lang='lat' dir='ltr'><strong>nem</strong></span> <span class='ocrx_word' id='word_1_29' title='bbox 351 491 556 541; x_wconf 88' lang='lat' dir='ltr'><strong>eorum,</strong></span> <span class='ocrx_word' id='word_1_30' title='bbox 579 491 698 545; x_wconf 73' lang='lat' dir='ltr'><strong>qua:</strong></span> <span class='ocrx_word' id='word_1_31' title='bbox 741 481 1111 546; x_wconf 80' lang='lat' dir='ltr'><strong>exspectatur,</strong></span> <span class='ocrx_word' id='word_1_32' title='bbox 1145 492 1212 529; x_wconf 91' lang='lat' dir='ltr'><strong>eo</strong></span> <span class='ocrx_word' id='word_1_33' title='bbox 1246 475 1394 546; x_wconf 91' lang='lat' dir='ltr'><strong>quod</strong></span> <span class='ocrx_word' id='word_1_34' title='bbox 1434 475 1768 530; x_wconf 89' lang='lat' dir='ltr'><strong>adversariis</strong></span> <span class='ocrx_word' id='word_1_35' title='bbox 1847 481 1958 536; x_wconf 87' lang='lat' dir='ltr'><strong>tori</strong></span> <span class='ocrx_word' id='word_1_36' title='bbox 1987 497 2089 535; x_wconf 90' lang='lat' dir='ltr'><strong>suo</strong></span> <span class='ocrx_word' id='word_1_37' title='bbox 2116 497 2177 534; x_wconf 89' lang='lat' dir='ltr'><strong>se</strong></span> <span class='ocrx_word' id='word_1_38' title='bbox 2195 479 2509 549; x_wconf 80' lang='lat' dir='ltr'><strong>incognitas</strong></span> <span class='ocrx_word' id='word_1_39' title='bbox 2527 479 2839 544; x_wconf 80' lang='lat' dir='ltr'><strong>crederent,</strong></span> <span class='ocrx_word' id='word_1_40' title='bbox 2862 484 3021 533; x_wconf 88' lang='lat' dir='ltr'><strong>tanto</strong></span> <span class='ocrx_word' id='word_1_41' title='bbox 3040 476 3447 548; x_wconf 87' lang='lat' dir='ltr'><strong>reprehensibi-</strong></span> 
     </span>
    </p>
   </div>
   <div class='ocr_carea' id='block_1_4' title="bbox 219 564 3440 639">
    <p class='ocr_par' dir='ltr' id='par_1_4' title="bbox 219 564 3440 639">
     <span class='ocr_line' id='line_1_4' title="bbox 219 564 3440 639; baseline 0 -20"><span class='ocrx_word' id='word_1_42' title='bbox 219 581 393 636; x_wconf 79' lang='lat' dir='ltr'><strong>magna</strong></span> <span class='ocrx_word' id='word_1_43' title='bbox 415 564 1064 631; x_wconf 77' lang='lat' dir='ltr'><strong>inferrenturtormenta,</strong></span> <span class='ocrx_word' id='word_1_44' title='bbox 1086 570 1144 618; x_wconf 93' lang='lat' dir='ltr'><strong>et</strong></span> <span class='ocrx_word' id='word_1_45' title='bbox 1163 564 1311 636; x_wconf 90' lang='lat' dir='ltr'><strong>quod</strong></span> <span class='ocrx_word' id='word_1_46' title='bbox 1329 564 1768 634; x_wconf 88' lang='lat' dir='ltr'><strong>magnorumbo-</strong></span> <span class='ocrx_word' id='word_1_47' title='bbox 1850 571 1931 625; x_wconf 85' lang='lat' dir='ltr'><strong>les</strong></span> <span class='ocrx_word' id='word_1_48' title='bbox 1976 570 2117 636; x_wconf 87' lang='lat' dir='ltr'><strong>ﬁeri,</strong></span> <span class='ocrx_word' id='word_1_49' title='bbox 2160 574 2370 639; x_wconf 90' lang='lat' dir='ltr'><strong>quanto</strong></span> <span class='ocrx_word' id='word_1_50' title='bbox 2409 574 2467 622; x_wconf 92' lang='lat' dir='ltr'><strong>et</strong></span> <span class='ocrx_word' id='word_1_51' title='bbox 2503 567 2760 639; x_wconf 77' lang='lat' dir='ltr'><strong>cognosci</strong></span> <span class='ocrx_word' id='word_1_52' title='bbox 2798 567 2869 621; x_wconf 92' lang='lat' dir='ltr'><strong>ab</strong></span> <span class='ocrx_word' id='word_1_53' title='bbox 2911 566 3008 620; x_wconf 92' lang='lat' dir='ltr'><strong>illo</strong></span> <span class='ocrx_word' id='word_1_54' title='bbox 3055 565 3440 620; x_wconf 84' lang='lat' dir='ltr'><strong>formidarent.</strong></span> 
     </span>
    </p>
   </div>
   <div class='ocr_carea' id='block_1_5' title="bbox 220 652 3445 726">
    <p class='ocr_par' dir='ltr' id='par_1_5' title="bbox 220 652 3445 726">
     <span class='ocr_line' id='line_1_5' title="bbox 220 652 3445 726; baseline 0 -16"><span class='ocrx_word' id='word_1_55' title='bbox 220 670 388 710; x_wconf 87' lang='lat' dir='ltr'><strong>norum</strong></span> <span class='ocrx_word' id='word_1_56' title='bbox 412 652 730 707; x_wconf 85' lang='lat' dir='ltr'><strong>fruitionem</strong></span> <span class='ocrx_word' id='word_1_57' title='bbox 747 658 1068 724; x_wconf 80' lang='lat' dir='ltr'><strong>exspectent</strong></span> <span class='ocrx_word' id='word_1_58' title='bbox 1086 653 1253 724; x_wconf 85' lang='lat' dir='ltr'><strong>potiri</strong></span> <span class='ocrx_word' id='word_1_59' title='bbox 1283 653 1769 724; x_wconf 86' lang='lat' dir='ltr'><strong>credentes.Adji-</strong></span> <span class='ocrx_word' id='word_1_60' title='bbox 1852 660 2088 725; x_wconf 58' lang='lat' dir='ltr'><strong>(Amen)</strong></span> <span class='ocrx_word' id='word_1_61' title='bbox 2130 656 2476 714; x_wconf 84' lang='lat' dir='ltr'><strong>Adveniente</strong></span> <span class='ocrx_word' id='word_1_62' title='bbox 2515 655 2753 711; x_wconf 89' lang='lat' dir='ltr'><strong>Domino</strong></span> <span class='ocrx_word' id='word_1_63' title='bbox 2785 657 2971 726; x_wconf 88' lang='lat' dir='ltr'><strong>justos</strong></span> <span class='ocrx_word' id='word_1_64' title='bbox 3009 671 3204 710; x_wconf 90' lang='lat' dir='ltr'><strong>omnes</strong></span> <span class='ocrx_word' id='word_1_65' title='bbox 3241 653 3445 708; x_wconf 85' lang='lat' dir='ltr'><strong>debere</strong></span> 
     </span>
    </p>
   </div>
   <div class='ocr_carea' id='block_1_6' title="bbox 216 741 1766 813">
    <p class='ocr_par' dir='ltr' id='par_1_6' title="bbox 216 741 1766 813">
     <span class='ocr_line' id='line_1_6' title="bbox 216 741 1766 813; baseline 0 -16"><span class='ocrx_word' id='word_1_66' title='bbox 216 744 298 797; x_wconf 82' lang='lat' dir='ltr'><strong>cit:</strong></span> <span class='ocrx_word' id='word_1_67' title='bbox 320 761 343 793; x_wconf 73' lang='grc' dir='ltr'><strong><em>α</em></strong></span> <span class='ocrx_word' id='word_1_68' title='bbox 359 742 419 797; x_wconf 90' lang='lat' dir='ltr'><strong>In</strong></span> <span class='ocrx_word' id='word_1_69' title='bbox 431 757 540 812; x_wconf 90' lang='lat' dir='ltr'><strong>quo</strong></span> <span class='ocrx_word' id='word_1_70' title='bbox 568 748 625 795; x_wconf 91' lang='lat' dir='ltr'><strong>et</strong></span> <span class='ocrx_word' id='word_1_71' title='bbox 643 758 741 796; x_wconf 92' lang='lat' dir='ltr'><strong>oro</strong></span> <span class='ocrx_word' id='word_1_72' title='bbox 762 757 987 813; x_wconf 84' lang='lat' dir='ltr'><strong>semper</strong></span> <span class='ocrx_word' id='word_1_73' title='bbox 1017 759 1117 813; x_wconf 90' lang='lat' dir='ltr'><strong>pro</strong></span> <span class='ocrx_word' id='word_1_74' title='bbox 1142 741 1315 808; x_wconf 82' lang='lat' dir='ltr'><strong>vobis,</strong></span> <span class='ocrx_word' id='word_1_75' title='bbox 1352 748 1417 797; x_wconf 90' lang='lat' dir='ltr'><strong>ut</strong></span> <span class='ocrx_word' id='word_1_76' title='bbox 1443 759 1539 796; x_wconf 90' lang='lat' dir='ltr'><strong>vos</strong></span> <span class='ocrx_word' id='word_1_77' title='bbox 1567 743 1766 813; x_wconf 90' lang='lat' dir='ltr'><strong>dignos</strong></span> 
     </span>
    </p>
   </div>
   <div class='ocr_carea' id='block_1_7' title="bbox 218 830 3447 906">
    <p class='ocr_par' dir='ltr' id='par_1_7' title="bbox 218 830 3447 906">
     <span class='ocr_line' id='line_1_7' title="bbox 218 830 3447 906; baseline 0.001 -25"><span class='ocrx_word' id='word_1_78' title='bbox 218 852 237 881; x_wconf 68' lang='grc' dir='ltr'><strong><em>ε</em></strong></span> <span class='ocrx_word' id='word_1_79' title='bbox 271 830 536 885; x_wconf 85' lang='lat' dir='ltr'><strong>vocatione</strong></span> <span class='ocrx_word' id='word_1_80' title='bbox 556 847 661 885; x_wconf 89' lang='lat' dir='ltr'><strong>sua</strong></span> <span class='ocrx_word' id='word_1_81' title='bbox 687 830 838 885; x_wconf 90' lang='lat' dir='ltr'><strong>Deus</strong></span> <span class='ocrx_word' id='word_1_82' title='bbox 867 830 1090 895; x_wconf 89' lang='lat' dir='ltr'><strong>habeat,</strong></span> <span class='ocrx_word' id='word_1_83' title='bbox 1125 836 1182 885; x_wconf 90' lang='lat' dir='ltr'><strong>et</strong></span> <span class='ocrx_word' id='word_1_84' title='bbox 1202 830 1435 902; x_wconf 83' lang='lat' dir='ltr'><strong>impleat</strong></span> <span class='ocrx_word' id='word_1_85' title='bbox 1452 847 1616 886; x_wconf 90' lang='lat' dir='ltr'><strong>omne</strong></span> <span class='ocrx_word' id='word_1_86' title='bbox 1644 832 1765 903; x_wconf 65' lang='lat' dir='ltr'><strong>pla»</strong></span> <span class='ocrx_word' id='word_1_87' title='bbox 1849 852 1949 906; x_wconf 81' lang='lat' dir='ltr'><strong>per</strong></span> <span class='ocrx_word' id='word_1_88' title='bbox 1974 851 2102 890; x_wconf 90' lang='lat' dir='ltr'><strong>cum</strong></span> <span class='ocrx_word' id='word_1_89' title='bbox 2132 850 2198 888; x_wconf 91' lang='lat' dir='ltr'><strong>eo</strong></span> <span class='ocrx_word' id='word_1_90' title='bbox 2240 834 2540 905; x_wconf 81' lang='lat' dir='ltr'><strong>Apostolus</strong></span> <span class='ocrx_word' id='word_1_91' title='bbox 2581 833 2640 887; x_wconf 90' lang='lat' dir='ltr'><strong>in</strong></span> <span class='ocrx_word' id='word_1_92' title='bbox 2672 832 2856 904; x_wconf 87' lang='lat' dir='ltr'><strong>prima</strong></span> <span class='ocrx_word' id='word_1_93' title='bbox 2885 832 3132 903; x_wconf 79' lang='lat' dir='ltr'><strong>Epistula</strong></span> <span class='ocrx_word' id='word_1_94' title='bbox 3162 831 3447 885; x_wconf 86' lang='lat' dir='ltr'><strong>evidenter</strong></span> 
     </span>
    </p>
   </div>
   <div class='ocr_carea' id='block_1_8' title="bbox 1849 920 3454 992">
    <p class='ocr_par' dir='ltr' id='par_1_8' title="bbox 1849 920 3454 992">
     <span class='ocr_line' id='line_1_8' title="bbox 1849 920 3454 992; baseline -0.004 -13"><span class='ocrx_word' id='word_1_95' title='bbox 1849 924 2107 990; x_wconf 82' lang='lat' dir='ltr'><strong>asseruit,</strong></span> <span class='ocrx_word' id='word_1_96' title='bbox 2139 923 2241 977; x_wconf 92' lang='lat' dir='ltr'><strong>hoc</strong></span> <span class='ocrx_word' id='word_1_97' title='bbox 2266 939 2399 992; x_wconf 88' lang='lat' dir='ltr'><strong>ergo</strong></span> <span class='ocrx_word' id='word_1_98' title='bbox 2426 922 2595 976; x_wconf 88' lang='lat' dir='ltr'><strong>dicit:</strong></span> <span class='ocrx_word' id='word_1_99' title='bbox 2621 941 2647 971; x_wconf 85' lang='lat'><strong>«</strong></span> <span class='ocrx_word' id='word_1_100' title='bbox 2680 922 2749 976; x_wconf 90' lang='lat' dir='ltr'><strong>Et</strong></span> <span class='ocrx_word' id='word_1_101' title='bbox 2776 928 3030 976; x_wconf 91' lang='lat' dir='ltr'><strong>nostram</strong></span> <span class='ocrx_word' id='word_1_102' title='bbox 3059 920 3454 991; x_wconf 82' lang='lat' dir='ltr'><strong>congregatio-‘</strong></span> 
     </span>
    </p>
   </div>
   <div class='ocr_carea' id='block_1_9' title="bbox 1848 1010 3441 1079">
    <p class='ocr_par' dir='ltr' id='par_1_9' title="bbox 1848 1010 3441 1079">
     <span class='ocr_line' id='line_1_9' title="bbox 1848 1010 3441 1079; baseline -0.004 -12"><span class='ocrx_word' id='word_1_103' title='bbox 1848 1030 1976 1068; x_wconf 92' lang='lat' dir='ltr'><strong>nem</strong></span> <span class='ocrx_word' id='word_1_104' title='bbox 2007 1013 2079 1066; x_wconf 88' lang='lat' dir='ltr'><strong>ad</strong></span> <span class='ocrx_word' id='word_1_105' title='bbox 2108 1028 2236 1067; x_wconf 90' lang='lat' dir='ltr'><strong>eum</strong></span> <span class='ocrx_word' id='word_1_106' title='bbox 2263 1031 2276 1079; x_wconf 87' lang='lat'><strong>;</strong></span> <span class='ocrx_word' id='word_1_107' title='bbox 2322 1032 2348 1063; x_wconf 72' lang='grc' dir='ltr'><strong>ι)</strong></span> <span class='ocrx_word' id='word_1_108' title='bbox 2380 1011 2519 1065; x_wconf 86' lang='lat' dir='ltr'><strong>dicit</strong></span> <span class='ocrx_word' id='word_1_109' title='bbox 2546 1010 2756 1065; x_wconf 89' lang='lat' dir='ltr'><strong>etenim</strong></span> <span class='ocrx_word' id='word_1_110' title='bbox 2795 1010 3005 1065; x_wconf 88' lang='lat' dir='ltr'><strong>Christi</strong></span> <span class='ocrx_word' id='word_1_111' title='bbox 3043 1010 3347 1064; x_wconf 80' lang='lat' dir='ltr'><strong>adventum</strong></span> <span class='ocrx_word' id='word_1_112' title='bbox 3386 1016 3441 1062; x_wconf 88' lang='lat' dir='ltr'><strong>et</strong></span> 
     </span>
    </p>
   </div>
   <div class='ocr_carea' id='block_1_10' title="bbox 1846 1099 3440 1172">
    <p class='ocr_par' dir='ltr' id='par_1_10' title="bbox 1846 1099 3440 1172">
     <span class='ocr_line' id='line_1_10' title="bbox 1846 1099 3440 1172; baseline -0.004 -16"><span class='ocrx_word' id='word_1_113' title='bbox 1846 1102 2337 1172; x_wconf 82' lang='lat' dir='ltr'><strong>congregationem</strong></span> <span class='ocrx_word' id='word_1_114' title='bbox 2374 1106 2509 1155; x_wconf 90' lang='lat' dir='ltr'><strong>tunc</strong></span> <span class='ocrx_word' id='word_1_115' title='bbox 2546 1100 2616 1154; x_wconf 88' lang='lat' dir='ltr'><strong>ad</strong></span> <span class='ocrx_word' id='word_1_116' title='bbox 2671 1116 2801 1154; x_wconf 90' lang='lat' dir='ltr'><strong>eum</strong></span> <span class='ocrx_word' id='word_1_117' title='bbox 2848 1099 3117 1154; x_wconf 90' lang='lat' dir='ltr'><strong>futuram.</strong></span> <span class='ocrx_word' id='word_1_118' title='bbox 3179 1099 3440 1165; x_wconf 71' lang='lat' dir='ltr'><strong>(RABAN.)</strong></span> 
     </span>
    </p>
   </div>
   <div class='ocr_carea' id='block_1_11' title="bbox 1845 1186 3444 1261">
    <p class='ocr_par' dir='ltr' id='par_1_11' title="bbox 1845 1186 3444 1261">
     <span class='ocr_line' id='line_1_11' title="bbox 1845 1186 3444 1261; baseline -0.003 -16"><span class='ocrx_word' id='word_1_119' title='bbox 1845 1191 2031 1245; x_wconf 86' lang='lat' dir='ltr'><strong>Nolite</strong></span> <span class='ocrx_word' id='word_1_120' title='bbox 2057 1190 2383 1261; x_wconf 72' lang='lat' dir='ltr'><strong>persuaderi</strong></span> <span class='ocrx_word' id='word_1_121' title='bbox 2432 1188 2502 1243; x_wconf 90' lang='lat' dir='ltr'><strong>ab</strong></span> <span class='ocrx_word' id='word_1_122' title='bbox 2538 1188 2650 1243; x_wconf 91' lang='lat' dir='ltr'><strong>illis</strong></span> <span class='ocrx_word' id='word_1_123' title='bbox 2689 1188 2785 1259; x_wconf 90' lang='lat' dir='ltr'><strong>qui</strong></span> <span class='ocrx_word' id='word_1_124' title='bbox 2828 1205 2923 1242; x_wconf 87' lang='lat' dir='ltr'><strong>vos</strong></span> <span class='ocrx_word' id='word_1_125' title='bbox 2962 1187 3252 1253; x_wconf 86' lang='lat' dir='ltr'><strong>seducunt,</strong></span> <span class='ocrx_word' id='word_1_126' title='bbox 3282 1186 3444 1257; x_wconf 87' lang='lat' dir='ltr'><strong>quasi</strong></span> 
     </span>
    </p>
   </div>
   <div class='ocr_carea' id='block_1_12' title="bbox 1846 1275 3444 1351">
    <p class='ocr_par' dir='ltr' id='par_1_12' title="bbox 1846 1275 3444 1351">
     <span class='ocr_line' id='line_1_12' title="bbox 1846 1275 3444 1351; baseline -0.003 -18"><span class='ocrx_word' id='word_1_127' title='bbox 1846 1296 2018 1351; x_wconf 87' lang='lat' dir='ltr'><strong>prope</strong></span> <span class='ocrx_word' id='word_1_128' title='bbox 2049 1279 2123 1333; x_wconf 88' lang='lat' dir='ltr'><strong>sit</strong></span> <span class='ocrx_word' id='word_1_129' title='bbox 2152 1279 2291 1333; x_wconf 92' lang='lat' dir='ltr'><strong>illud</strong></span> <span class='ocrx_word' id='word_1_130' title='bbox 2317 1284 2541 1349; x_wconf 87' lang='lat' dir='ltr'><strong>tempus</strong></span> <span class='ocrx_word' id='word_1_131' title='bbox 2575 1296 2586 1331; x_wconf 85' lang='lat'><strong>:</strong></span> <span class='ocrx_word' id='word_1_132' title='bbox 2623 1278 2720 1331; x_wconf 90' lang='lat' dir='ltr'><strong>sed</strong></span> <span class='ocrx_word' id='word_1_133' title='bbox 2765 1278 2880 1331; x_wconf 87' lang='lat' dir='ltr'><strong>sive</strong></span> <span class='ocrx_word' id='word_1_134' title='bbox 2924 1277 3049 1347; x_wconf 87' lang='lat' dir='ltr'><strong>quis</strong></span> <span class='ocrx_word' id='word_1_135' title='bbox 3084 1277 3155 1330; x_wconf 91' lang='lat' dir='ltr'><strong>de</strong></span> <span class='ocrx_word' id='word_1_136' title='bbox 3203 1275 3444 1346; x_wconf 88' lang='lat' dir='ltr'><strong>spiritali</strong></span> 
     </span>
    </p>
   </div>
   <div class='ocr_carea' id='block_1_13' title="bbox 1844 1363 3445 1440">
    <p class='ocr_par' dir='ltr' id='par_1_13' title="bbox 1844 1363 3445 1440">
     <span class='ocr_line' id='line_1_13' title="bbox 1844 1363 3445 1440; baseline -0.004 -17"><span class='ocrx_word' id='word_1_137' title='bbox 1844 1368 1903 1424; x_wconf 87' lang='lat' dir='ltr'><strong>id</strong></span> <span class='ocrx_word' id='word_1_138' title='bbox 1917 1369 1975 1422; x_wconf 90' lang='lat' dir='ltr'><strong>in</strong></span> <span class='ocrx_word' id='word_1_139' title='bbox 1998 1368 2322 1440; x_wconf 90' lang='lat' dir='ltr'><strong>operatione</strong></span> <span class='ocrx_word' id='word_1_140' title='bbox 2345 1367 2637 1438; x_wconf 85' lang='lat' dir='ltr'><strong>promittat</strong></span> <span class='ocrx_word' id='word_1_141' title='bbox 2654 1366 2857 1433; x_wconf 90' lang='lat' dir='ltr'><strong>dicere,</strong></span> <span class='ocrx_word' id='word_1_142' title='bbox 2872 1366 2987 1419; x_wconf 86' lang='lat' dir='ltr'><strong>sive</strong></span> <span class='ocrx_word' id='word_1_143' title='bbox 3008 1365 3169 1436; x_wconf 87' lang='lat' dir='ltr'><strong>quasi</strong></span> <span class='ocrx_word' id='word_1_144' title='bbox 3189 1381 3255 1419; x_wconf 85' lang='lat' dir='ltr'><strong>ex</strong></span> <span class='ocrx_word' id='word_1_145' title='bbox 3276 1363 3445 1418; x_wconf 87' lang='lat' dir='ltr'><strong>verbo</strong></span> 
     </span>
    </p>
   </div>
   <div class='ocr_carea' id='block_1_14' title="bbox 204 1451 3438 1528">
    <p class='ocr_par' dir='ltr' id='par_1_14' title="bbox 204 1451 3438 1528">
     <span class='ocr_line' id='line_1_14' title="bbox 204 1451 3438 1528; baseline 0.001 -23"><span class='ocrx_word' id='word_1_146' title='bbox 204 1467 409 1521; x_wconf 82' lang='lat' dir='ltr'><strong>quorum</strong></span> <span class='ocrx_word' id='word_1_147' title='bbox 435 1456 494 1504; x_wconf 88' lang='lat' dir='ltr'><strong>et</strong></span> <span class='ocrx_word' id='word_1_148' title='bbox 520 1451 702 1505; x_wconf 87' lang='lat' dir='ltr'><strong>vocati</strong></span> <span class='ocrx_word' id='word_1_149' title='bbox 732 1453 867 1507; x_wconf 83' lang='lat' dir='ltr'><strong>estis</strong></span> <span class='ocrx_word' id='word_1_150' title='bbox 882 1452 1223 1519; x_wconf 89' lang='lat' dir='ltr'><strong>fruitionem,</strong></span> <span class='ocrx_word' id='word_1_151' title='bbox 1240 1453 1477 1525; x_wconf 82' lang='lat' dir='ltr'><strong>impleas</strong></span> <span class='ocrx_word' id='word_1_152' title='bbox 1494 1470 1591 1508; x_wconf 91' lang='lat' dir='ltr'><strong>vos</strong></span> <span class='ocrx_word' id='word_1_153' title='bbox 1609 1454 1762 1508; x_wconf 93' lang='lat' dir='ltr'><strong>omni</strong></span> <span class='ocrx_word' id='word_1_154' title='bbox 1846 1464 1904 1512; x_wconf 89' lang='lat' dir='ltr'><strong>et</strong></span> <span class='ocrx_word' id='word_1_155' title='bbox 1927 1458 2164 1528; x_wconf 89' lang='lat' dir='ltr'><strong>epistola</strong></span> <span class='ocrx_word' id='word_1_156' title='bbox 2193 1462 2386 1511; x_wconf 88' lang='lat' dir='ltr'><strong>nostra</strong></span> <span class='ocrx_word' id='word_1_157' title='bbox 2411 1456 2488 1511; x_wconf 87' lang='lat' dir='ltr'><strong>sit</strong></span> <span class='ocrx_word' id='word_1_158' title='bbox 2512 1457 2761 1522; x_wconf 89' lang='lat' dir='ltr'><strong>edoctus,</strong></span> <span class='ocrx_word' id='word_1_159' title='bbox 2790 1455 2962 1509; x_wconf 88' lang='lat' dir='ltr'><strong>nolite</strong></span> <span class='ocrx_word' id='word_1_160' title='bbox 2991 1453 3317 1525; x_wconf 89' lang='lat' dir='ltr'><strong>persuaderi</strong></span> <span class='ocrx_word' id='word_1_161' title='bbox 3347 1453 3400 1507; x_wconf 94' lang='lat' dir='ltr'><strong>ei</strong></span> <span class='ocrx_word' id='word_1_162' title='bbox 3425 1470 3438 1519; x_wconf 90' lang='lat'><strong>;</strong></span> 
     </span>
    </p>
   </div>
   <div class='ocr_carea' id='block_1_15' title="bbox 202 1538 3438 1614">
    <p class='ocr_par' dir='ltr' id='par_1_15' title="bbox 202 1538 3438 1614">
     <span class='ocr_line' id='line_1_15' title="bbox 202 1538 3438 1614; baseline 0 -21"><span class='ocrx_word' id='word_1_163' title='bbox 202 1538 338 1603; x_wconf 82' lang='lat' dir='ltr'><strong>bono,</strong></span> <span class='ocrx_word' id='word_1_164' title='bbox 365 1546 419 1594; x_wconf 90' lang='lat' dir='ltr'><strong>et</strong></span> <span class='ocrx_word' id='word_1_165' title='bbox 446 1539 793 1607; x_wconf 83' lang='lat' dir='ltr'><strong>confortans,</strong></span> <span class='ocrx_word' id='word_1_166' title='bbox 816 1542 899 1597; x_wconf 89' lang='lat' dir='ltr'><strong>ita</strong></span> <span class='ocrx_word' id='word_1_167' title='bbox 914 1548 979 1596; x_wconf 90' lang='lat' dir='ltr'><strong>ut</strong></span> <span class='ocrx_word' id='word_1_168' title='bbox 1005 1542 1139 1596; x_wconf 90' lang='lat' dir='ltr'><strong>etin</strong></span> <span class='ocrx_word' id='word_1_169' title='bbox 1167 1541 1426 1614; x_wconf 76' lang='lat' dir='ltr'><strong>operibus</strong></span> <span class='ocrx_word' id='word_1_170' title='bbox 1456 1543 1764 1597; x_wconf 85' lang='lat' dir='ltr'><strong>ostendatis</strong></span> <span class='ocrx_word' id='word_1_171' title='bbox 1846 1552 1904 1601; x_wconf 91' lang='lat' dir='ltr'><strong>et</strong></span> <span class='ocrx_word' id='word_1_172' title='bbox 1930 1546 2318 1601; x_wconf 88' lang='lat' dir='ltr'><strong>vehementius</strong></span> <span class='ocrx_word' id='word_1_173' title='bbox 2353 1561 2449 1600; x_wconf 87' lang='lat' dir='ltr'><strong>eos</strong></span> <span class='ocrx_word' id='word_1_174' title='bbox 2493 1550 2687 1600; x_wconf 89' lang='lat' dir='ltr'><strong>cautos</strong></span> <span class='ocrx_word' id='word_1_175' title='bbox 2733 1545 2915 1598; x_wconf 84' lang='lat' dir='ltr'><strong>facere</strong></span> <span class='ocrx_word' id='word_1_176' title='bbox 2962 1543 3151 1598; x_wconf 89' lang='lat' dir='ltr'><strong>volens</strong></span> <span class='ocrx_word' id='word_1_177' title='bbox 3206 1540 3438 1612; x_wconf 87' lang='lat' dir='ltr'><strong>adjicit:</strong></span> 
     </span>
    </p>
   </div>
   <div class='ocr_carea' id='block_1_16' title="bbox 200 1628 3437 1707">
    <p class='ocr_par' dir='ltr' id='par_1_16' title="bbox 200 1628 3437 1707">
     <span class='ocr_line' id='line_1_16' title="bbox 200 1628 3437 1707; baseline 0 -25"><span class='ocrx_word' id='word_1_178' title='bbox 200 1628 358 1693; x_wconf 81' lang='lat' dir='ltr'><strong>ﬁdem,</strong></span> <span class='ocrx_word' id='word_1_179' title='bbox 377 1634 432 1682; x_wconf 89' lang='lat' dir='ltr'><strong>et</strong></span> <span class='ocrx_word' id='word_1_180' title='bbox 446 1628 549 1683; x_wconf 89' lang='lat' dir='ltr'><strong>illa</strong></span> <span class='ocrx_word' id='word_1_181' title='bbox 564 1646 689 1700; x_wconf 61' lang='lat' dir='ltr'><strong>quas</strong></span> <span class='ocrx_word' id='word_1_182' title='bbox 708 1629 780 1684; x_wconf 91' lang='lat' dir='ltr'><strong>ab</strong></span> <span class='ocrx_word' id='word_1_183' title='bbox 795 1630 1129 1685; x_wconf 85' lang='lat' dir='ltr'><strong>adversariis</strong></span> <span class='ocrx_word' id='word_1_184' title='bbox 1143 1631 1462 1687; x_wconf 78' lang='lat' dir='ltr'><strong>inferuntur</strong></span> <span class='ocrx_word' id='word_1_185' title='bbox 1472 1632 1633 1687; x_wconf 85' lang='lat' dir='ltr'><strong>facile</strong></span> <span class='ocrx_word' id='word_1_186' title='bbox 1646 1650 1766 1688; x_wconf 87' lang='lat' dir='ltr'><strong>sus-</strong></span> <span class='ocrx_word' id='word_1_187' title='bbox 1849 1654 1875 1686; x_wconf 86' lang='lat'>«</span> <span class='ocrx_word' id='word_1_188' title='bbox 1907 1636 1991 1690; x_wconf 93' lang='lat' dir='ltr'><strong>Ne</strong></span> <span class='ocrx_word' id='word_1_189' title='bbox 2020 1635 2145 1707; x_wconf 90' lang='lat' dir='ltr'><strong>quis</strong></span> <span class='ocrx_word' id='word_1_190' title='bbox 2164 1651 2261 1688; x_wconf 91' lang='lat' dir='ltr'><strong>vos</strong></span> <span class='ocrx_word' id='word_1_191' title='bbox 2288 1634 2521 1689; x_wconf 89' lang='lat' dir='ltr'><strong>seducat</strong></span> <span class='ocrx_word' id='word_1_192' title='bbox 2538 1634 2653 1688; x_wconf 91' lang='lat' dir='ltr'><strong>ullo</strong></span> <span class='ocrx_word' id='word_1_193' title='bbox 2679 1633 2865 1688; x_wconf 91' lang='lat' dir='ltr'><strong>modo.</strong></span> <span class='ocrx_word' id='word_1_194' title='bbox 2894 1652 2920 1685; x_wconf 85' lang='grc'><strong>››</strong></span> <span class='ocrx_word' id='word_1_195' title='bbox 2936 1632 3096 1697; x_wconf 86' lang='lat' dir='ltr'><strong>Quod</strong></span> <span class='ocrx_word' id='word_1_196' title='bbox 3114 1636 3201 1685; x_wconf 88' lang='lat' dir='ltr'><strong>est</strong></span> <span class='ocrx_word' id='word_1_197' title='bbox 3219 1630 3406 1685; x_wconf 86' lang='lat' dir='ltr'><strong>taliter</strong></span> <span class='ocrx_word' id='word_1_198' title='bbox 3427 1649 3437 1682; x_wconf 90' lang='lat'><strong>:</strong></span> 
     </span>
    </p>
   </div>
   <div class='ocr_carea' id='block_1_17' title="bbox 199 1708 3438 1795">
    <p class='ocr_par' dir='ltr' id='par_1_17' title="bbox 199 1708 3438 1795">
     <span class='ocr_line' id='line_1_17' title="bbox 199 1708 3438 1795; baseline 0 -24"><span class='ocrx_word' id='word_1_199' title='bbox 199 1717 395 1771; x_wconf 84' lang='lat' dir='ltr'><strong>tineatis</strong></span> <span class='ocrx_word' id='word_1_200' title='bbox 417 1734 429 1768; x_wconf 87' lang='lat'><strong>:</strong></span> <span class='ocrx_word' id='word_1_201' title='bbox 453 1718 535 1771; x_wconf 88' lang='lat' dir='ltr'><strong>sic</strong></span> <span class='ocrx_word' id='word_1_202' title='bbox 568 1718 721 1772; x_wconf 91' lang='lat' dir='ltr'><strong>enim</strong></span> <span class='ocrx_word' id='word_1_203' title='bbox 741 1723 800 1772; x_wconf 89' lang='lat' dir='ltr'><strong>et</strong></span> <span class='ocrx_word' id='word_1_204' title='bbox 826 1719 1084 1774; x_wconf 88' lang='lat' dir='ltr'><strong>Christus</strong></span> <span class='ocrx_word' id='word_1_205' title='bbox 1110 1719 1170 1773; x_wconf 92' lang='lat' dir='ltr'><strong>in</strong></span> <span class='ocrx_word' id='word_1_206' title='bbox 1198 1720 1352 1774; x_wconf 89' lang='lat' dir='ltr'><strong>vobis</strong></span> <span class='ocrx_word' id='word_1_207' title='bbox 1377 1721 1652 1791; x_wconf 90' lang='lat' dir='ltr'><strong>gloriosus</strong></span> <span class='ocrx_word' id='word_1_208' title='bbox 1671 1739 1761 1775; x_wconf 90' lang='lat' dir='ltr'><strong>se-</strong></span> <span class='ocrx_word' id='word_1_209' title='bbox 1782 1708 1829 1768; x_wconf 82' lang='grc' dir='ltr'><strong>Β</strong></span> <span class='ocrx_word' id='word_1_210' title='bbox 1846 1729 2132 1795; x_wconf 88' lang='lat' dir='ltr'><strong>utcunque</strong></span> <span class='ocrx_word' id='word_1_211' title='bbox 2158 1724 2268 1778; x_wconf 89' lang='lat' dir='ltr'><strong>ista</strong></span> <span class='ocrx_word' id='word_1_212' title='bbox 2297 1723 2423 1793; x_wconf 89' lang='lat' dir='ltr'><strong>quis</strong></span> <span class='ocrx_word' id='word_1_213' title='bbox 2449 1722 2655 1777; x_wconf 80' lang='lat' dir='ltr'><strong>dixerit</strong></span> <span class='ocrx_word' id='word_1_214' title='bbox 2676 1721 2848 1786; x_wconf 90' lang='lat' dir='ltr'><strong>vobis,</strong></span> <span class='ocrx_word' id='word_1_215' title='bbox 2879 1722 3053 1775; x_wconf 90' lang='lat' dir='ltr'><strong>nolite</strong></span> <span class='ocrx_word' id='word_1_216' title='bbox 3094 1720 3146 1773; x_wconf 88' lang='lat' dir='ltr'><strong>ei</strong></span> <span class='ocrx_word' id='word_1_217' title='bbox 3194 1719 3438 1773; x_wconf 88' lang='lat' dir='ltr'><strong>credere.</strong></span> 
     </span>
    </p>
   </div>
   <div class='ocr_carea' id='block_1_18' title="bbox 198 1805 3443 1882">
    <p class='ocr_par' dir='ltr' id='par_1_18' title="bbox 198 1805 3443 1882">
     <span class='ocr_line' id='line_1_18' title="bbox 198 1805 3443 1882; baseline 0.001 -23"><span class='ocrx_word' id='word_1_218' title='bbox 198 1805 408 1860; x_wconf 88' lang='lat' dir='ltr'><strong>cundum</strong></span> <span class='ocrx_word' id='word_1_219' title='bbox 437 1824 690 1877; x_wconf 68' lang='lat' dir='ltr'><strong>praesens</strong></span> <span class='ocrx_word' id='word_1_220' title='bbox 728 1807 992 1863; x_wconf 69' lang='lat' dir='ltr'><strong>saeculum</strong></span> <span class='ocrx_word' id='word_1_221' title='bbox 1022 1807 1302 1864; x_wconf 91' lang='lat' dir='ltr'><strong>videbitur</strong></span> <span class='ocrx_word' id='word_1_222' title='bbox 1334 1828 1345 1862; x_wconf 92' lang='lat'><strong>:</strong></span> <span class='ocrx_word' id='word_1_223' title='bbox 1383 1811 1606 1880; x_wconf 92' lang='lat' dir='ltr'><strong>quando</strong></span> <span class='ocrx_word' id='word_1_224' title='bbox 1637 1827 1763 1865; x_wconf 90' lang='lat' dir='ltr'><strong>cum</strong></span> <span class='ocrx_word' id='word_1_225' title='bbox 1850 1831 1877 1865; x_wconf 80' lang='lat'>«</span> <span class='ocrx_word' id='word_1_226' title='bbox 1910 1813 2187 1877; x_wconf 77' lang='lat' dir='ltr'><strong>Quoniam</strong></span> <span class='ocrx_word' id='word_1_227' title='bbox 2218 1812 2267 1866; x_wconf 92' lang='lat' dir='ltr'><strong>si</strong></span> <span class='ocrx_word' id='word_1_228' title='bbox 2288 1810 2797 1882; x_wconf 85' lang='lat' dir='ltr'><strong>veneritapostasia</strong></span> <span class='ocrx_word' id='word_1_229' title='bbox 2811 1810 3075 1881; x_wconf 90' lang='lat' dir='ltr'><strong>primum,</strong></span> <span class='ocrx_word' id='word_1_230' title='bbox 3090 1816 3148 1863; x_wconf 89' lang='lat' dir='ltr'><strong>et</strong></span> <span class='ocrx_word' id='word_1_231' title='bbox 3165 1809 3443 1863; x_wconf 88' lang='lat' dir='ltr'><strong>revelatus</strong></span> 
     </span>
    </p>
   </div>
   <div class='ocr_carea' id='block_1_19' title="bbox 195 1894 3443 1972">
    <p class='ocr_par' dir='ltr' id='par_1_19' title="bbox 195 1894 3443 1972">
     <span class='ocr_line' id='line_1_19' title="bbox 195 1894 3443 1972; baseline 0.001 -24"><span class='ocrx_word' id='word_1_232' title='bbox 195 1894 453 1949; x_wconf 80' lang='lat' dir='ltr'><strong>alacritate</strong></span> <span class='ocrx_word' id='word_1_233' title='bbox 471 1896 834 1967; x_wconf 86' lang='lat' dir='ltr'><strong>acquiescitis</strong></span> <span class='ocrx_word' id='word_1_234' title='bbox 846 1897 963 1968; x_wconf 87' lang='lat' dir='ltr'><strong>pati</strong></span> <span class='ocrx_word' id='word_1_235' title='bbox 982 1914 1083 1968; x_wconf 89' lang='lat' dir='ltr'><strong>pro</strong></span> <span class='ocrx_word' id='word_1_236' title='bbox 1104 1914 1189 1965; x_wconf 90' lang='lat' dir='ltr'><strong>eo,</strong></span> <span class='ocrx_word' id='word_1_237' title='bbox 1212 1915 1420 1969; x_wconf 90' lang='lat' dir='ltr'><strong>vosque</strong></span> <span class='ocrx_word' id='word_1_238' title='bbox 1444 1899 1540 1969; x_wconf 90' lang='lat' dir='ltr'><strong>qui</strong></span> <span class='ocrx_word' id='word_1_239' title='bbox 1559 1899 1638 1953; x_wconf 91' lang='lat' dir='ltr'><strong>sic</strong></span> <span class='ocrx_word' id='word_1_240' title='bbox 1666 1904 1763 1954; x_wconf 82' lang='lat' dir='ltr'><strong>ﬁr—</strong></span> <span class='ocrx_word' id='word_1_241' title='bbox 1850 1920 1877 1953; x_wconf 73' lang='grc' dir='ltr'><strong>(ί</strong></span> <span class='ocrx_word' id='word_1_242' title='bbox 1909 1902 2079 1956; x_wconf 84' lang='lat' dir='ltr'><strong>fuerit</strong></span> <span class='ocrx_word' id='word_1_243' title='bbox 2103 1902 2271 1955; x_wconf 91' lang='lat' dir='ltr'><strong>homo</strong></span> <span class='ocrx_word' id='word_1_244' title='bbox 2288 1900 2520 1972; x_wconf 87' lang='lat' dir='ltr'><strong>peccati,</strong></span> <span class='ocrx_word' id='word_1_245' title='bbox 2545 1900 2694 1954; x_wconf 82' lang='lat' dir='ltr'><strong>filius</strong></span> <span class='ocrx_word' id='word_1_246' title='bbox 2713 1899 3062 1971; x_wconf 74' lang='lat' dir='ltr'><strong>perditionis,</strong></span> <span class='ocrx_word' id='word_1_247' title='bbox 3078 1898 3175 1969; x_wconf 91' lang='lat' dir='ltr'><strong>qui</strong></span> <span class='ocrx_word' id='word_1_248' title='bbox 3187 1897 3443 1952; x_wconf 84' lang='lat' dir='ltr'><strong>adversa-</strong></span> 
     </span>
    </p>
   </div>
   <div class='ocr_carea' id='block_1_20' title="bbox 196 1982 3441 2062">
    <p class='ocr_par' dir='ltr' id='par_1_20' title="bbox 196 1982 3441 2062">
     <span class='ocr_line' id='line_1_20' title="bbox 196 1982 3441 2062; baseline 0.001 -24"><span class='ocrx_word' id='word_1_249' title='bbox 196 1982 338 2037; x_wconf 81' lang='lat' dir='ltr'><strong>miter</strong></span> <span class='ocrx_word' id='word_1_250' title='bbox 353 1984 411 2038; x_wconf 91' lang='lat' dir='ltr'><strong>in</strong></span> <span class='ocrx_word' id='word_1_251' title='bbox 439 2001 508 2039; x_wconf 90' lang='lat' dir='ltr'><strong>eo</strong></span> <span class='ocrx_word' id='word_1_252' title='bbox 556 1985 873 2040; x_wconf 89' lang='lat' dir='ltr'><strong>credidistis</strong></span> <span class='ocrx_word' id='word_1_253' title='bbox 918 1985 1170 2041; x_wconf 87' lang='lat' dir='ltr'><strong>futuram</strong></span> <span class='ocrx_word' id='word_1_254' title='bbox 1211 1986 1460 2041; x_wconf 87' lang='lat' dir='ltr'><strong>fruimini</strong></span> <span class='ocrx_word' id='word_1_255' title='bbox 1502 1988 1759 2058; x_wconf 85' lang='lat' dir='ltr'><strong>gloriam,</strong></span> <span class='ocrx_word' id='word_1_256' title='bbox 1850 2009 1878 2042; x_wconf 86' lang='lat'><strong>«</strong></span> <span class='ocrx_word' id='word_1_257' title='bbox 1907 1997 2022 2058; x_wconf 87' lang='lat' dir='ltr'><strong>tur,</strong></span> <span class='ocrx_word' id='word_1_258' title='bbox 2052 1997 2111 2045; x_wconf 89' lang='lat' dir='ltr'><strong>et</strong></span> <span class='ocrx_word' id='word_1_259' title='bbox 2134 1989 2521 2062; x_wconf 83' lang='lat' dir='ltr'><strong>superextollit</strong></span> <span class='ocrx_word' id='word_1_260' title='bbox 2549 2006 2609 2043; x_wconf 90' lang='lat' dir='ltr'><strong>se</strong></span> <span class='ocrx_word' id='word_1_261' title='bbox 2637 2005 2808 2060; x_wconf 88' lang='lat' dir='ltr'><strong>super</strong></span> <span class='ocrx_word' id='word_1_262' title='bbox 2836 2004 3002 2042; x_wconf 89' lang='lat' dir='ltr'><strong>omne</strong></span> <span class='ocrx_word' id='word_1_263' title='bbox 3039 1987 3188 2058; x_wconf 91' lang='lat' dir='ltr'><strong>quod</strong></span> <span class='ocrx_word' id='word_1_264' title='bbox 3234 1986 3441 2041; x_wconf 90' lang='lat' dir='ltr'><strong>dicitur</strong></span> 
     </span>
    </p>
   </div>
   <div class='ocr_carea' id='block_1_21' title="bbox 194 2074 3436 2151">
    <p class='ocr_par' dir='ltr' id='par_1_21' title="bbox 194 2074 3436 2151">
     <span class='ocr_line' id='line_1_21' title="bbox 194 2074 3436 2151; baseline 0.001 -25"><span class='ocrx_word' id='word_1_265' title='bbox 194 2089 337 2143; x_wconf 86' lang='lat' dir='ltr'><strong>quam</strong></span> <span class='ocrx_word' id='word_1_266' title='bbox 369 2089 472 2127; x_wconf 87' lang='lat' dir='ltr'><strong>sua</strong></span> <span class='ocrx_word' id='word_1_267' title='bbox 502 2074 701 2144; x_wconf 81' lang='lat' dir='ltr'><strong>gratia</strong></span> <span class='ocrx_word' id='word_1_268' title='bbox 729 2074 834 2129; x_wconf 87' lang='lat' dir='ltr'><strong>sibi</strong></span> <span class='ocrx_word' id='word_1_269' title='bbox 866 2075 1222 2131; x_wconf 86' lang='lat' dir='ltr'><strong>credentibus</strong></span> <span class='ocrx_word' id='word_1_270' title='bbox 1250 2076 1570 2147; x_wconf 89' lang='lat' dir='ltr'><strong>repromisit</strong></span> <span class='ocrx_word' id='word_1_271' title='bbox 1595 2096 1606 2131; x_wconf 89' lang='lat'><strong>:</strong></span> <span class='ocrx_word' id='word_1_272' title='bbox 1641 2094 1764 2148; x_wconf 72' lang='lat' dir='ltr'><strong>quae</strong></span> <span class='ocrx_word' id='word_1_273' title='bbox 1850 2099 1877 2132; x_wconf 77' lang='grc' dir='ltr'><strong>α</strong></span> <span class='ocrx_word' id='word_1_274' title='bbox 1910 2081 2079 2146; x_wconf 90' lang='lat' dir='ltr'><strong>Deus,</strong></span> <span class='ocrx_word' id='word_1_275' title='bbox 2103 2086 2202 2134; x_wconf 89' lang='lat' dir='ltr'><strong>aut</strong></span> <span class='ocrx_word' id='word_1_276' title='bbox 2222 2080 2370 2151; x_wconf 91' lang='lat' dir='ltr'><strong>quod</strong></span> <span class='ocrx_word' id='word_1_277' title='bbox 2392 2078 2711 2143; x_wconf 89' lang='lat' dir='ltr'><strong>colitur,ita</strong></span> <span class='ocrx_word' id='word_1_278' title='bbox 2729 2084 2794 2131; x_wconf 91' lang='lat' dir='ltr'><strong>ut</strong></span> <span class='ocrx_word' id='word_1_279' title='bbox 2809 2077 3089 2148; x_wconf 89' lang='lat' dir='ltr'><strong>intemplo</strong></span> <span class='ocrx_word' id='word_1_280' title='bbox 3110 2076 3213 2130; x_wconf 90' lang='lat' dir='ltr'><strong>Dei</strong></span> <span class='ocrx_word' id='word_1_281' title='bbox 3224 2075 3436 2139; x_wconf 89' lang='lat' dir='ltr'><strong>sedeat,</strong></span> 
     </span>
    </p>
   </div>
   <div class='ocr_carea' id='block_1_22' title="bbox 193 2162 3445 2239">
    <p class='ocr_par' dir='ltr' id='par_1_22' title="bbox 193 2162 3445 2239">
     <span class='ocr_line' id='line_1_22' title="bbox 193 2162 3445 2239; baseline 0 -23"><span class='ocrx_word' id='word_1_282' title='bbox 193 2178 303 2232; x_wconf 84' lang='lat' dir='ltr'><strong>ergo</strong></span> <span class='ocrx_word' id='word_1_283' title='bbox 330 2162 1191 2219; x_wconf 89' lang='lat' dir='ltr'><strong>conveniebantdiciadlaudem</strong></span> <span class='ocrx_word' id='word_1_284' title='bbox 1219 2182 1434 2232; x_wconf 91' lang='lat' dir='ltr'><strong>eorum,</strong></span> <span class='ocrx_word' id='word_1_285' title='bbox 1468 2166 1644 2236; x_wconf 91' lang='lat' dir='ltr'><strong>quiin</strong></span> <span class='ocrx_word' id='word_1_286' title='bbox 1669 2166 1764 2220; x_wconf 86' lang='lat' dir='ltr'><strong>ad-</strong></span> <span class='ocrx_word' id='word_1_287' title='bbox 1849 2188 1876 2221; x_wconf 83' lang='lat'><strong>«</strong></span> <span class='ocrx_word' id='word_1_288' title='bbox 1907 2170 2209 2223; x_wconf 89' lang='lat' dir='ltr'><strong>ostendens</strong></span> <span class='ocrx_word' id='word_1_289' title='bbox 2257 2185 2317 2223; x_wconf 90' lang='lat' dir='ltr'><strong>se</strong></span> <span class='ocrx_word' id='word_1_290' title='bbox 2355 2173 2625 2239; x_wconf 86' lang='lat' dir='ltr'><strong>tanquam</strong></span> <span class='ocrx_word' id='word_1_291' title='bbox 2667 2166 2742 2220; x_wconf 90' lang='lat' dir='ltr'><strong>sit</strong></span> <span class='ocrx_word' id='word_1_292' title='bbox 2785 2167 2953 2220; x_wconf 91' lang='lat' dir='ltr'><strong>Deus.</strong></span> <span class='ocrx_word' id='word_1_293' title='bbox 2991 2184 3016 2217; x_wconf 84' lang='lat'>»</span> <span class='ocrx_word' id='word_1_294' title='bbox 3052 2166 3255 2234; x_wconf 72' lang='grc' dir='ltr'><strong>(Δηώ.)</strong></span> <span class='ocrx_word' id='word_1_295' title='bbox 3310 2164 3445 2217; x_wconf 88' lang='lat' dir='ltr'><strong>Vult</strong></span> 
     </span>
    </p>
   </div>
   <div class='ocr_carea' id='block_1_23' title="bbox 191 2251 3440 2329">
    <p class='ocr_par' dir='ltr' id='par_1_23' title="bbox 191 2251 3440 2329">
     <span class='ocr_line' id='line_1_23' title="bbox 191 2251 3440 2329; baseline 0.001 -26"><span class='ocrx_word' id='word_1_296' title='bbox 191 2251 335 2305; x_wconf 78' lang='lat' dir='ltr'><strong>versis</strong></span> <span class='ocrx_word' id='word_1_297' title='bbox 353 2252 500 2305; x_wconf 88' lang='lat' dir='ltr'><strong>ﬁrmi</strong></span> <span class='ocrx_word' id='word_1_298' title='bbox 531 2252 924 2323; x_wconf 89' lang='lat' dir='ltr'><strong>perstiterunt,</strong></span> <span class='ocrx_word' id='word_1_299' title='bbox 957 2261 1015 2309; x_wconf 88' lang='lat' dir='ltr'><strong>et</strong></span> <span class='ocrx_word' id='word_1_300' title='bbox 1040 2254 1112 2309; x_wconf 85' lang='lat' dir='ltr'><strong>ad</strong></span> <span class='ocrx_word' id='word_1_301' title='bbox 1140 2254 1584 2309; x_wconf 76' lang='lat' dir='ltr'><strong>exhortationem</strong></span> <span class='ocrx_word' id='word_1_302' title='bbox 1612 2261 1678 2308; x_wconf 91' lang='lat' dir='ltr'><strong>ut</strong></span> <span class='ocrx_word' id='word_1_303' title='bbox 1704 2255 1763 2310; x_wconf 92' lang='lat' dir='ltr'><strong>in</strong></span> <span class='ocrx_word' id='word_1_304' title='bbox 1844 2258 2074 2329; x_wconf 88' lang='lat' dir='ltr'><strong>quidem</strong></span> <span class='ocrx_word' id='word_1_305' title='bbox 2102 2258 2306 2323; x_wconf 86' lang='lat' dir='ltr'><strong>dicere,</strong></span> <span class='ocrx_word' id='word_1_306' title='bbox 2339 2256 2604 2327; x_wconf 89' lang='lat' dir='ltr'><strong>quoniam</strong></span> <span class='ocrx_word' id='word_1_307' title='bbox 2625 2271 2738 2309; x_wconf 91' lang='lat' dir='ltr'><strong>non</strong></span> <span class='ocrx_word' id='word_1_308' title='bbox 2759 2260 2995 2325; x_wconf 90' lang='lat' dir='ltr'><strong>possunt</strong></span> <span class='ocrx_word' id='word_1_309' title='bbox 3013 2254 3095 2307; x_wconf 89' lang='lat' dir='ltr'><strong>ita</strong></span> <span class='ocrx_word' id='word_1_310' title='bbox 3113 2252 3234 2306; x_wconf 84' lang='lat' dir='ltr'><strong>fieri</strong></span> <span class='ocrx_word' id='word_1_311' title='bbox 3254 2252 3440 2323; x_wconf 90' lang='lat' dir='ltr'><strong>prius-</strong></span> 
     </span>
    </p>
   </div>
   <div class='ocr_carea' id='block_1_24' title="bbox 190 2339 3437 2417">
    <p class='ocr_par' dir='ltr' id='par_1_24' title="bbox 190 2339 3437 2417">
     <span class='ocr_line' id='line_1_24' title="bbox 190 2339 3437 2417; baseline 0 -25"><span class='ocrx_word' id='word_1_312' title='bbox 190 2339 354 2393; x_wconf 78' lang='lat' dir='ltr'><strong>eadem</strong></span> <span class='ocrx_word' id='word_1_313' title='bbox 372 2341 770 2410; x_wconf 84' lang='lat' dir='ltr'><strong>persisterent,</strong></span> <span class='ocrx_word' id='word_1_314' title='bbox 795 2343 1085 2398; x_wconf 88' lang='lat' dir='ltr'><strong>scientiam</strong></span> <span class='ocrx_word' id='word_1_315' title='bbox 1106 2343 1165 2397; x_wconf 92' lang='lat' dir='ltr'><strong>in</strong></span> <span class='ocrx_word' id='word_1_316' title='bbox 1188 2343 1338 2398; x_wconf 88' lang='lat' dir='ltr'><strong>hisce</strong></span> <span class='ocrx_word' id='word_1_317' title='bbox 1366 2343 1518 2398; x_wconf 91' lang='lat' dir='ltr'><strong>visus</strong></span> <span class='ocrx_word' id='word_1_318' title='bbox 1534 2350 1622 2399; x_wconf 90' lang='lat' dir='ltr'><strong>est</strong></span> <span class='ocrx_word' id='word_1_319' title='bbox 1635 2360 1764 2399; x_wconf 87' lang='lat' dir='ltr'><strong>con-</strong></span> <span class='ocrx_word' id='word_1_320' title='bbox 1845 2364 2016 2417; x_wconf 91' lang='lat' dir='ltr'><strong>quam</strong></span> <span class='ocrx_word' id='word_1_321' title='bbox 2052 2346 2414 2400; x_wconf 87' lang='lat' dir='ltr'><strong>antichristus</strong></span> <span class='ocrx_word' id='word_1_322' title='bbox 2460 2344 2665 2399; x_wconf 89' lang='lat' dir='ltr'><strong>veniat.</strong></span> <span class='ocrx_word' id='word_1_323' title='bbox 2718 2344 2956 2413; x_wconf 90' lang='lat' dir='ltr'><strong>Oportet</strong></span> <span class='ocrx_word' id='word_1_324' title='bbox 2998 2342 3149 2395; x_wconf 91' lang='lat' dir='ltr'><strong>enim</strong></span> <span class='ocrx_word' id='word_1_325' title='bbox 3194 2340 3437 2412; x_wconf 90' lang='lat' dir='ltr'><strong>primum</strong></span> 
     </span>
    </p>
   </div>
   <div class='ocr_carea' id='block_1_25' title="bbox 188 2430 3437 2503">
    <p class='ocr_par' dir='ltr' id='par_1_25' title="bbox 188 2430 3437 2503">
     <span class='ocr_line' id='line_1_25' title="bbox 188 2430 3437 2503; baseline 0.001 -22"><span class='ocrx_word' id='word_1_326' title='bbox 188 2444 488 2484; x_wconf 85' lang='lat' dir='ltr'><strong>summasse.</strong></span> <span class='ocrx_word' id='word_1_327' title='bbox 526 2431 680 2486; x_wconf 85' lang='lat' dir='ltr'><strong>Hinc</strong></span> <span class='ocrx_word' id='word_1_328' title='bbox 708 2448 839 2486; x_wconf 90' lang='lat' dir='ltr'><strong>vero</strong></span> <span class='ocrx_word' id='word_1_329' title='bbox 857 2432 1053 2503; x_wconf 91' lang='lat' dir='ltr'><strong>incipit</strong></span> <span class='ocrx_word' id='word_1_330' title='bbox 1068 2432 1138 2487; x_wconf 92' lang='lat' dir='ltr'><strong>de</strong></span> <span class='ocrx_word' id='word_1_331' title='bbox 1152 2433 1633 2487; x_wconf 90' lang='lat' dir='ltr'><strong>consummatione</strong></span> <span class='ocrx_word' id='word_1_332' title='bbox 1658 2450 1762 2488; x_wconf 69' lang='grc' dir='ltr'><strong>εω-</strong></span> <span class='ocrx_word' id='word_1_333' title='bbox 1844 2435 2005 2489; x_wconf 91' lang='lat' dir='ltr'><strong>illum</strong></span> <span class='ocrx_word' id='word_1_334' title='bbox 2030 2435 2240 2501; x_wconf 89' lang='lat' dir='ltr'><strong>venire,</strong></span> <span class='ocrx_word' id='word_1_335' title='bbox 2262 2434 2465 2489; x_wconf 92' lang='lat' dir='ltr'><strong>deinde</strong></span> <span class='ocrx_word' id='word_1_336' title='bbox 2477 2439 2886 2503; x_wconf 85' lang='lat' dir='ltr'><strong>consequenter</strong></span> <span class='ocrx_word' id='word_1_337' title='bbox 2905 2431 3003 2485; x_wconf 91' lang='lat' dir='ltr'><strong>illa</strong></span> <span class='ocrx_word' id='word_1_338' title='bbox 3015 2447 3139 2501; x_wconf 66' lang='lat' dir='ltr'><strong>quae</strong></span> <span class='ocrx_word' id='word_1_339' title='bbox 3154 2430 3437 2485; x_wconf 91' lang='lat' dir='ltr'><strong>dicuntur.</strong></span> 
     </span>
    </p>
   </div>
   <div class='ocr_carea' id='block_1_26' title="bbox 190 2517 3440 2595">
    <p class='ocr_par' dir='ltr' id='par_1_26' title="bbox 190 2517 3440 2595">
     <span class='ocr_line' id='line_1_26' title="bbox 190 2517 3440 2595; baseline 0.001 -25"><span class='ocrx_word' id='word_1_340' title='bbox 190 2517 281 2570; x_wconf 86' lang='lat' dir='ltr'><strong>culi</strong></span> <span class='ocrx_word' id='word_1_341' title='bbox 298 2517 593 2589; x_wconf 83' lang='lat' dir='ltr'><strong>disputare</strong></span> <span class='ocrx_word' id='word_1_342' title='bbox 623 2520 830 2575; x_wconf 90' lang='lat' dir='ltr'><strong>docens</strong></span> <span class='ocrx_word' id='word_1_343' title='bbox 860 2536 954 2575; x_wconf 89' lang='lat' dir='ltr'><strong>eos</strong></span> <span class='ocrx_word' id='word_1_344' title='bbox 985 2537 1097 2575; x_wconf 92' lang='lat' dir='ltr'><strong>non</strong></span> <span class='ocrx_word' id='word_1_345' title='bbox 1125 2520 1445 2576; x_wconf 83' lang='lat' dir='ltr'><strong>existimare</strong></span> <span class='ocrx_word' id='word_1_346' title='bbox 1466 2520 1572 2577; x_wconf 91' lang='lat' dir='ltr'><strong>sibi</strong></span> <span class='ocrx_word' id='word_1_347' title='bbox 1592 2522 1762 2577; x_wconf 86' lang='lat' dir='ltr'><strong>ﬁnem</strong></span> <span class='ocrx_word' id='word_1_348' title='bbox 1844 2524 2198 2595; x_wconf 82' lang='lat' dir='ltr'><strong>Apostasiam</strong></span> <span class='ocrx_word' id='word_1_349' title='bbox 2218 2539 2347 2577; x_wconf 90' lang='lat' dir='ltr'><strong>vero</strong></span> <span class='ocrx_word' id='word_1_350' title='bbox 2366 2522 2582 2576; x_wconf 91' lang='lat' dir='ltr'><strong>vocavit</strong></span> <span class='ocrx_word' id='word_1_351' title='bbox 2598 2528 2823 2593; x_wconf 83' lang='lat' dir='ltr'><strong>tempus</strong></span> <span class='ocrx_word' id='word_1_352' title='bbox 2842 2520 3000 2585; x_wconf 92' lang='lat' dir='ltr'><strong>illud,</strong></span> <span class='ocrx_word' id='word_1_353' title='bbox 3017 2536 3084 2574; x_wconf 91' lang='lat' dir='ltr'><strong>eo</strong></span> <span class='ocrx_word' id='word_1_354' title='bbox 3103 2519 3252 2590; x_wconf 92' lang='lat' dir='ltr'><strong>quod</strong></span> <span class='ocrx_word' id='word_1_355' title='bbox 3272 2519 3440 2589; x_wconf 89' lang='lat' dir='ltr'><strong>paulo</strong></span> 
     </span>
    </p>
   </div>
   <div class='ocr_carea' id='block_1_27' title="bbox 216 917 1768 990">
    <p class='ocr_par' dir='ltr' id='par_1_27' title="bbox 216 917 1768 990">
     <span class='ocr_line' id='line_1_27' title="bbox 216 917 1768 990; baseline 0.001 -17"><span class='ocrx_word' id='word_1_356' title='bbox 216 940 233 967; x_wconf 70' lang='grc' dir='ltr'><strong><em>α</em></strong></span> <span class='ocrx_word' id='word_1_357' title='bbox 268 919 423 973; x_wconf 88' lang='lat' dir='ltr'><strong>citum</strong></span> <span class='ocrx_word' id='word_1_358' title='bbox 445 917 734 983; x_wconf 86' lang='lat' dir='ltr'><strong>bonitatis,</strong></span> <span class='ocrx_word' id='word_1_359' title='bbox 759 924 818 973; x_wconf 90' lang='lat' dir='ltr'><strong>et</strong></span> <span class='ocrx_word' id='word_1_360' title='bbox 843 935 985 990; x_wconf 90' lang='lat' dir='ltr'><strong>opus</strong></span> <span class='ocrx_word' id='word_1_361' title='bbox 1030 919 1159 973; x_wconf 90' lang='lat' dir='ltr'><strong>ﬁdei</strong></span> <span class='ocrx_word' id='word_1_362' title='bbox 1205 919 1265 973; x_wconf 92' lang='lat' dir='ltr'><strong>in</strong></span> <span class='ocrx_word' id='word_1_363' title='bbox 1293 919 1517 985; x_wconf 89' lang='lat' dir='ltr'><strong>virtute,</strong></span> <span class='ocrx_word' id='word_1_364' title='bbox 1544 925 1610 974; x_wconf 89' lang='lat' dir='ltr'><strong>ut</strong></span> <span class='ocrx_word' id='word_1_365' title='bbox 1649 920 1768 989; x_wconf 90' lang='lat' dir='ltr'><strong>glo-</strong></span> 
     </span>
    </p>
   </div>
   <div class='ocr_carea' id='block_1_28' title="bbox 214 1007 1767 1073">
    <p class='ocr_par' dir='ltr' id='par_1_28' title="bbox 214 1007 1767 1073">
     <span class='ocr_line' id='line_1_28' title="bbox 214 1007 1767 1073; baseline 0.003 -15"><span class='ocrx_word' id='word_1_366' title='bbox 214 1036 231 1057; x_wconf 65' lang='grc' dir='ltr'><strong>ε</strong></span> <span class='ocrx_word' id='word_1_367' title='bbox 267 1008 495 1061; x_wconf 82' lang='lat' dir='ltr'><strong>riﬁcetur</strong></span> <span class='ocrx_word' id='word_1_368' title='bbox 539 1023 747 1061; x_wconf 91' lang='lat' dir='ltr'><strong>nomen</strong></span> <span class='ocrx_word' id='word_1_369' title='bbox 788 1007 1013 1062; x_wconf 89' lang='lat' dir='ltr'><strong>Domini</strong></span> <span class='ocrx_word' id='word_1_370' title='bbox 1051 1008 1229 1063; x_wconf 90' lang='lat' dir='ltr'><strong>nostri</strong></span> <span class='ocrx_word' id='word_1_371' title='bbox 1273 1008 1334 1063; x_wconf 88' lang='lat' dir='ltr'><strong>in</strong></span> <span class='ocrx_word' id='word_1_372' title='bbox 1378 1007 1552 1073; x_wconf 91' lang='lat' dir='ltr'><strong>vobis,</strong></span> <span class='ocrx_word' id='word_1_373' title='bbox 1586 1015 1645 1062; x_wconf 91' lang='lat' dir='ltr'><strong>et</strong></span> <span class='ocrx_word' id='word_1_374' title='bbox 1670 1026 1767 1063; x_wconf 90' lang='lat' dir='ltr'><strong>vos</strong></span> 
     </span>
    </p>
   </div>
   <div class='ocr_carea' id='block_1_29' title="bbox 213 1096 1764 1167">
    <p class='ocr_par' dir='ltr' id='par_1_29' title="bbox 213 1096 1764 1167">
     <span class='ocr_line' id='line_1_29' title="bbox 213 1096 1764 1167; baseline 0.001 -16"><span class='ocrx_word' id='word_1_375' title='bbox 213 1125 230 1143; x_wconf 84' lang='lat'><strong>-</strong></span> <span class='ocrx_word' id='word_1_376' title='bbox 266 1098 316 1151; x_wconf 87' lang='lat' dir='ltr'><strong>in</strong></span> <span class='ocrx_word' id='word_1_377' title='bbox 337 1096 453 1166; x_wconf 88' lang='lat' dir='ltr'><strong>ipso</strong></span> <span class='ocrx_word' id='word_1_378' title='bbox 480 1096 790 1151; x_wconf 87' lang='lat' dir='ltr'><strong>secundum</strong></span> <span class='ocrx_word' id='word_1_379' title='bbox 816 1097 1061 1167; x_wconf 83' lang='lat' dir='ltr'><strong>gratiam</strong></span> <span class='ocrx_word' id='word_1_380' title='bbox 1100 1097 1200 1151; x_wconf 90' lang='lat' dir='ltr'><strong>Dei</strong></span> <span class='ocrx_word' id='word_1_381' title='bbox 1242 1098 1419 1152; x_wconf 87' lang='lat' dir='ltr'><strong>nostri</strong></span> <span class='ocrx_word' id='word_1_382' title='bbox 1447 1102 1506 1151; x_wconf 90' lang='lat' dir='ltr'><strong>et</strong></span> <span class='ocrx_word' id='word_1_383' title='bbox 1541 1098 1764 1152; x_wconf 88' lang='lat' dir='ltr'><strong>Domini</strong></span> 
     </span>
    </p>
   </div>
   <div class='ocr_carea' id='block_1_30' title="bbox 210 1184 1764 1241">
    <p class='ocr_par' dir='ltr' id='par_1_30' title="bbox 210 1184 1764 1241">
     <span class='ocr_line' id='line_1_30' title="bbox 210 1184 1764 1241; baseline 0.004 -6"><span class='ocrx_word' id='word_1_384' title='bbox 210 1206 231 1235; x_wconf 65' lang='grc' dir='ltr'><strong><em>α</em></strong></span> <span class='ocrx_word' id='word_1_385' title='bbox 261 1186 375 1238; x_wconf 84' lang='lat' dir='ltr'><strong>Jesu</strong></span> <span class='ocrx_word' id='word_1_386' title='bbox 415 1184 624 1239; x_wconf 85' lang='lat' dir='ltr'><strong>Christi</strong></span> <span class='ocrx_word' id='word_1_387' title='bbox 662 1185 723 1239; x_wconf 91' lang='lat' dir='ltr'><strong>in</strong></span> <span class='ocrx_word' id='word_1_388' title='bbox 762 1184 915 1240; x_wconf 90' lang='lat' dir='ltr'><strong>vobis</strong></span> <span class='ocrx_word' id='word_1_389' title='bbox 968 1192 1026 1240; x_wconf 92' lang='lat' dir='ltr'><strong>et</strong></span> <span class='ocrx_word' id='word_1_390' title='bbox 1070 1202 1167 1240; x_wconf 89' lang='lat' dir='ltr'><strong>vos</strong></span> <span class='ocrx_word' id='word_1_391' title='bbox 1214 1186 1273 1241; x_wconf 93' lang='lat' dir='ltr'><strong>in</strong></span> <span class='ocrx_word' id='word_1_392' title='bbox 1303 1187 1417 1241; x_wconf 90' lang='lat' dir='ltr'><strong>illo.</strong></span> <span class='ocrx_word' id='word_1_393' title='bbox 1455 1206 1480 1238; x_wconf 75' lang='grc' dir='ltr'><strong>ι)</strong></span> <span class='ocrx_word' id='word_1_394' title='bbox 1512 1187 1621 1240; x_wconf 89' lang='lat' dir='ltr'><strong>Pro</strong></span> <span class='ocrx_word' id='word_1_395' title='bbox 1676 1187 1764 1241; x_wconf 87' lang='lat' dir='ltr'><strong>his</strong></span> 
     </span>
    </p>
   </div>
   <div class='ocr_carea' id='block_1_31' title="bbox 206 1273 1766 1346">
    <p class='ocr_par' dir='ltr' id='par_1_31' title="bbox 206 1273 1766 1346">
     <span class='ocr_line' id='line_1_31' title="bbox 206 1273 1766 1346; baseline 0.001 -18"><span class='ocrx_word' id='word_1_396' title='bbox 206 1291 306 1345; x_wconf 68' lang='lat' dir='ltr'><strong>quae</strong></span> <span class='ocrx_word' id='word_1_397' title='bbox 326 1273 456 1327; x_wconf 87' lang='lat' dir='ltr'><strong>talia</strong></span> <span class='ocrx_word' id='word_1_398' title='bbox 481 1279 618 1327; x_wconf 89' lang='lat' dir='ltr'><strong>sunt</strong></span> <span class='ocrx_word' id='word_1_399' title='bbox 654 1291 1074 1345; x_wconf 89' lang='lat' dir='ltr'><strong>perseveramus</strong></span> <span class='ocrx_word' id='word_1_400' title='bbox 1103 1292 1205 1346; x_wconf 90' lang='lat' dir='ltr'><strong>pro</strong></span> <span class='ocrx_word' id='word_1_401' title='bbox 1232 1274 1384 1330; x_wconf 89' lang='lat' dir='ltr'><strong>vobis</strong></span> <span class='ocrx_word' id='word_1_402' title='bbox 1412 1282 1657 1340; x_wconf 89' lang='lat' dir='ltr'><strong>orantes,</strong></span> <span class='ocrx_word' id='word_1_403' title='bbox 1684 1276 1766 1329; x_wconf 88' lang='lat' dir='ltr'><strong>ita</strong></span> 
     </span>
    </p>
   </div>
   <div class='ocr_carea' id='block_1_32' title="bbox 205 1362 1763 1432">
    <p class='ocr_par' dir='ltr' id='par_1_32' title="bbox 205 1362 1763 1432">
     <span class='ocr_line' id='line_1_32' title="bbox 205 1362 1763 1432; baseline 0.001 -16"><span class='ocrx_word' id='word_1_404' title='bbox 205 1368 256 1416; x_wconf 85' lang='lat' dir='ltr'><strong>ut</strong></span> <span class='ocrx_word' id='word_1_405' title='bbox 275 1362 457 1432; x_wconf 87' lang='lat' dir='ltr'><strong>dignos</strong></span> <span class='ocrx_word' id='word_1_406' title='bbox 487 1379 587 1416; x_wconf 91' lang='lat' dir='ltr'><strong>vos</strong></span> <span class='ocrx_word' id='word_1_407' title='bbox 634 1362 911 1417; x_wconf 90' lang='lat' dir='ltr'><strong>bonorum</strong></span> <span class='ocrx_word' id='word_1_408' title='bbox 940 1364 1166 1419; x_wconf 90' lang='lat' dir='ltr'><strong>illorum</strong></span> <span class='ocrx_word' id='word_1_409' title='bbox 1213 1363 1473 1419; x_wconf 80' lang='lat' dir='ltr'><strong>exhibeat</strong></span> <span class='ocrx_word' id='word_1_410' title='bbox 1505 1365 1675 1430; x_wconf 88' lang='lat' dir='ltr'><strong>Deus,</strong></span> <span class='ocrx_word' id='word_1_411' title='bbox 1704 1364 1763 1419; x_wconf 94' lang='lat' dir='ltr'><strong>in</strong></span> 
     </span>
    </p>
   </div>
   <div class='ocr_carea' id='block_1_33' title="bbox 1849 743 3561 818">
    <p class='ocr_par' dir='ltr' id='par_1_33' title="bbox 1849 743 3561 818">
     <span class='ocr_line' id='line_1_33' title="bbox 1849 743 3561 818; baseline -0.002 -18"><span class='ocrx_word' id='word_1_412' title='bbox 1849 747 1972 818; x_wconf 91' lang='lat' dir='ltr'><strong>rapi</strong></span> <span class='ocrx_word' id='word_1_413' title='bbox 2001 747 2060 800; x_wconf 86' lang='lat' dir='ltr'><strong>in</strong></span> <span class='ocrx_word' id='word_1_414' title='bbox 2090 744 2267 800; x_wconf 88' lang='lat' dir='ltr'><strong>nubes</strong></span> <span class='ocrx_word' id='word_1_415' title='bbox 2296 744 2354 799; x_wconf 89' lang='lat' dir='ltr'><strong>in</strong></span> <span class='ocrx_word' id='word_1_416' title='bbox 2375 744 2596 799; x_wconf 90' lang='lat' dir='ltr'><strong>obviam</strong></span> <span class='ocrx_word' id='word_1_417' title='bbox 2613 746 2756 815; x_wconf 85' lang='lat' dir='ltr'><strong>ejus,</strong></span> <span class='ocrx_word' id='word_1_418' title='bbox 2793 750 2852 798; x_wconf 92' lang='lat' dir='ltr'><strong>et</strong></span> <span class='ocrx_word' id='word_1_419' title='bbox 2882 749 2946 798; x_wconf 92' lang='lat' dir='ltr'><strong>ut</strong></span> <span class='ocrx_word' id='word_1_420' title='bbox 2963 743 3133 798; x_wconf 90' lang='lat' dir='ltr'><strong>simul</strong></span> <span class='ocrx_word' id='word_1_421' title='bbox 3160 743 3275 796; x_wconf 90' lang='lat' dir='ltr'><strong>sint</strong></span> <span class='ocrx_word' id='word_1_422' title='bbox 3302 759 3447 798; x_wconf 89' lang='lat' dir='ltr'><strong>sem-</strong></span> <span class='ocrx_word' id='word_1_423' title='bbox 3551 760 3561 777; x_wconf 60' lang='grc' dir='ltr'><strong><em>π</em></strong></span> 
     </span>
    </p>
   </div>
   <div class='ocr_carea' id='block_1_34' title="bbox 192 2606 868 2663">
    <p class='ocr_par' dir='ltr' id='par_1_34' title="bbox 192 2606 868 2663">
     <span class='ocr_line' id='line_1_34' title="bbox 192 2606 868 2663; baseline 0.003 -4"><span class='ocrx_word' id='word_1_424' title='bbox 192 2606 516 2663; x_wconf 88' lang='lat' dir='ltr'><strong>mundanum</strong></span> <span class='ocrx_word' id='word_1_425' title='bbox 552 2609 868 2663; x_wconf 80' lang='lat' dir='ltr'><strong>imminere.</strong></span> 
     </span>
    </p>
   </div>
   <div class='ocr_carea' id='block_1_35' title="bbox 799 2750 1130 2806">
    <p class='ocr_par' dir='ltr' id='par_1_35' title="bbox 799 2750 1130 2806">
     <span class='ocr_line' id='line_1_35' title="bbox 799 2750 1130 2806; baseline -0.003 -1"><span class='ocrx_word' id='word_1_426' title='bbox 799 2750 1032 2806; x_wconf 75' lang='lat' dir='ltr'><strong>CAPUT</strong></span> <span class='ocrx_word' id='word_1_427' title='bbox 1060 2752 1130 2806; x_wconf 91' lang='lat' dir='ltr'><strong>II.</strong></span> 
     </span>
    </p>
   </div>
   <div class='ocr_carea' id='block_1_36' title="bbox 187 2858 1764 2929">
    <p class='ocr_par' dir='ltr' id='par_1_36' title="bbox 187 2858 1764 2929">
     <span class='ocr_line' id='line_1_36' title="bbox 187 2858 1764 2929; baseline 0.003 -20"><span class='ocrx_word' id='word_1_428' title='bbox 187 2858 247 2909; x_wconf 79' lang='lat' dir='ltr'><strong>Dc</strong></span> <span class='ocrx_word' id='word_1_429' title='bbox 272 2860 505 2913; x_wconf 70' lang='lat' dir='ltr'><strong>adventu</strong></span> <span class='ocrx_word' id='word_1_430' title='bbox 554 2858 891 2912; x_wconf 71' lang='lat' dir='ltr'><strong>Antichristi</strong></span> <span class='ocrx_word' id='word_1_431' title='bbox 925 2859 1071 2911; x_wconf 83' lang='lat' dir='ltr'><strong>docet</strong></span> <span class='ocrx_word' id='word_1_432' title='bbox 1094 2874 1217 2911; x_wconf 85' lang='lat' dir='ltr'><strong>suos</strong></span> <span class='ocrx_word' id='word_1_433' title='bbox 1244 2858 1549 2926; x_wconf 76' lang='lat' dir='ltr'><strong>Apostolus,</strong></span> <span class='ocrx_word' id='word_1_434' title='bbox 1579 2866 1628 2913; x_wconf 82' lang='lat' dir='ltr'><strong>ct</strong></span> <span class='ocrx_word' id='word_1_435' title='bbox 1648 2864 1764 2929; x_wconf 81' lang='lat' dir='ltr'><strong>ejus</strong></span> 
     </span>
    </p>
   </div>
   <div class='ocr_carea' id='block_1_37' title="bbox 481 2930 1440 2997">
    <p class='ocr_par' dir='ltr' id='par_1_37' title="bbox 481 2930 1440 2997">
     <span class='ocr_line' id='line_1_37' title="bbox 481 2930 1440 2997; baseline -0.001 -14"><span class='ocrx_word' id='word_1_436' title='bbox 481 2932 580 2983; x_wconf 74' lang='lat' dir='ltr'><strong>rei</strong></span> <span class='ocrx_word' id='word_1_437' title='bbox 593 2931 858 2997; x_wconf 81' lang='lat' dir='ltr'><strong>pluribus</strong></span> <span class='ocrx_word' id='word_1_438' title='bbox 877 2930 1110 2982; x_wconf 80' lang='lat' dir='ltr'><strong>ostendit</strong></span> <span class='ocrx_word' id='word_1_439' title='bbox 1134 2931 1440 2983; x_wconf 74' lang='lat' dir='ltr'><strong>veritatem.</strong></span> 
     </span>
    </p>
   </div>
   <div class='ocr_carea' id='block_1_38' title="bbox 1845 2609 3443 2680">
    <p class='ocr_par' dir='ltr' id='par_1_38' title="bbox 1845 2609 3443 2680">
     <span class='ocr_line' id='line_1_38' title="bbox 1845 2609 3443 2680; baseline -0.004 -13"><span class='ocrx_word' id='word_1_440' title='bbox 1845 2613 2032 2667; x_wconf 90' lang='lat' dir='ltr'><strong>minus</strong></span> <span class='ocrx_word' id='word_1_441' title='bbox 2064 2628 2259 2666; x_wconf 89' lang='lat' dir='ltr'><strong>omnes</strong></span> <span class='ocrx_word' id='word_1_442' title='bbox 2288 2616 2423 2666; x_wconf 92' lang='lat' dir='ltr'><strong>tunc</strong></span> <span class='ocrx_word' id='word_1_443' title='bbox 2451 2610 2789 2665; x_wconf 90' lang='lat' dir='ltr'><strong>discedenta</strong></span> <span class='ocrx_word' id='word_1_444' title='bbox 2807 2609 3037 2680; x_wconf 88' lang='lat' dir='ltr'><strong>pietate,</strong></span> <span class='ocrx_word' id='word_1_445' title='bbox 3056 2613 3115 2661; x_wconf 91' lang='lat' dir='ltr'><strong>et</strong></span> <span class='ocrx_word' id='word_1_446' title='bbox 3145 2612 3443 2662; x_wconf 88' lang='lat' dir='ltr'><strong>accurrent</strong></span> 
     </span>
    </p>
   </div>
   <div class='ocr_carea' id='block_1_39' title="bbox 1845 2696 3444 2770">
    <p class='ocr_par' dir='ltr' id='par_1_39' title="bbox 1845 2696 3444 2770">
     <span class='ocr_line' id='line_1_39' title="bbox 1845 2696 3444 2770; baseline -0.004 -15"><span class='ocrx_word' id='word_1_447' title='bbox 1845 2701 1916 2755; x_wconf 90' lang='lat' dir='ltr'><strong>ad</strong></span> <span class='ocrx_word' id='word_1_448' title='bbox 1945 2718 2076 2755; x_wconf 89' lang='lat' dir='ltr'><strong>eum</strong></span> <span class='ocrx_word' id='word_1_449' title='bbox 2109 2720 2120 2754; x_wconf 94' lang='lat'><strong>:</strong></span> <span class='ocrx_word' id='word_1_450' title='bbox 2164 2700 2449 2755; x_wconf 90' lang='lat' dir='ltr'><strong>hominem</strong></span> <span class='ocrx_word' id='word_1_451' title='bbox 2481 2699 2742 2770; x_wconf 91' lang='lat' dir='ltr'><strong>equidem</strong></span> <span class='ocrx_word' id='word_1_452' title='bbox 2769 2714 2900 2752; x_wconf 91' lang='lat' dir='ltr'><strong>eum</strong></span> <span class='ocrx_word' id='word_1_453' title='bbox 2944 2696 3256 2751; x_wconf 86' lang='lat' dir='ltr'><strong>nominavit</strong></span> <span class='ocrx_word' id='word_1_454' title='bbox 3286 2696 3444 2766; x_wconf 90' lang='lat' dir='ltr'><strong>justa</strong></span> 
     </span>
    </p>
   </div>
   <div class='ocr_carea' id='block_1_40' title="bbox 1842 2785 3443 2861">
    <p class='ocr_par' dir='ltr' id='par_1_40' title="bbox 1842 2785 3443 2861">
     <span class='ocr_line' id='line_1_40' title="bbox 1842 2785 3443 2861; baseline -0.003 -17"><span class='ocrx_word' id='word_1_455' title='bbox 1842 2791 2081 2856; x_wconf 89' lang='lat' dir='ltr'><strong>ratione,</strong></span> <span class='ocrx_word' id='word_1_456' title='bbox 2114 2807 2180 2844; x_wconf 90' lang='lat' dir='ltr'><strong>eo</strong></span> <span class='ocrx_word' id='word_1_457' title='bbox 2208 2789 2357 2861; x_wconf 91' lang='lat' dir='ltr'><strong>quod</strong></span> <span class='ocrx_word' id='word_1_458' title='bbox 2387 2789 2555 2843; x_wconf 91' lang='lat' dir='ltr'><strong>horno</strong></span> <span class='ocrx_word' id='word_1_459' title='bbox 2603 2788 2712 2842; x_wconf 88' lang='lat' dir='ltr'><strong>erit</strong></span> <span class='ocrx_word' id='word_1_460' title='bbox 2747 2788 3000 2843; x_wconf 57' lang='lat' dir='ltr'><strong>daemone</strong></span> <span class='ocrx_word' id='word_1_461' title='bbox 3040 2786 3100 2839; x_wconf 92' lang='lat' dir='ltr'><strong>in</strong></span> <span class='ocrx_word' id='word_1_462' title='bbox 3150 2802 3216 2839; x_wconf 87' lang='lat' dir='ltr'><strong>eo</strong></span> <span class='ocrx_word' id='word_1_463' title='bbox 3251 2785 3443 2840; x_wconf 90' lang='lat' dir='ltr'><strong>omnia</strong></span> 
     </span>
    </p>
   </div>
   <div class='ocr_carea' id='block_1_41' title="bbox 1847 2874 3537 2950">
    <p class='ocr_par' dir='ltr' id='par_1_41' title="bbox 1847 2874 3537 2950">
     <span class='ocr_line' id='line_1_41' title="bbox 1847 2874 3537 2950; baseline -0.007 -16"><span class='ocrx_word' id='word_1_464' title='bbox 1847 2880 2197 2950; x_wconf 90' lang='lat' dir='ltr'><strong>inoperante,</strong></span> <span class='ocrx_word' id='word_1_465' title='bbox 2229 2878 2395 2934; x_wconf 87' lang='lat' dir='ltr'><strong>sicuti</strong></span> <span class='ocrx_word' id='word_1_466' title='bbox 2414 2883 2473 2933; x_wconf 90' lang='lat' dir='ltr'><strong>et</strong></span> <span class='ocrx_word' id='word_1_467' title='bbox 2496 2878 2554 2931; x_wconf 89' lang='lat' dir='ltr'><strong>in</strong></span> <span class='ocrx_word' id='word_1_468' title='bbox 2582 2877 2744 2932; x_wconf 90' lang='lat' dir='ltr'><strong>illum</strong></span> <span class='ocrx_word' id='word_1_469' title='bbox 2773 2876 3060 2931; x_wconf 90' lang='lat' dir='ltr'><strong>hominem</strong></span> <span class='ocrx_word' id='word_1_470' title='bbox 3090 2874 3186 2945; x_wconf 87' lang='lat' dir='ltr'><strong>qui</strong></span> <span class='ocrx_word' id='word_1_471' title='bbox 3208 2890 3309 2945; x_wconf 92' lang='lat' dir='ltr'><strong>pro</strong></span> <span class='ocrx_word' id='word_1_472' title='bbox 3338 2889 3440 2926; x_wconf 88' lang='lat' dir='ltr'><strong>no-</strong></span> <span class='ocrx_word' id='word_1_473' title='bbox 3536 2918 3537 2921; x_wconf 45' lang='grc' dir='ltr'><strong>η</strong></span> 
     </span>
    </p>
   </div>
   <div class='ocr_carea' id='block_1_42' title="bbox 1845 2960 3439 3037">
    <p class='ocr_par' dir='ltr' id='par_1_42' title="bbox 1845 2960 3439 3037">
     <span class='ocr_line' id='line_1_42' title="bbox 1845 2960 3439 3037; baseline -0.004 -15"><span class='ocrx_word' id='word_1_474' title='bbox 1845 2973 1964 3022; x_wconf 87' lang='lat' dir='ltr'><strong>stra</strong></span> <span class='ocrx_word' id='word_1_475' title='bbox 1982 2968 2163 3022; x_wconf 90' lang='lat' dir='ltr'><strong>salute</strong></span> <span class='ocrx_word' id='word_1_476' title='bbox 2189 2972 2449 3037; x_wconf 90' lang='lat' dir='ltr'><strong>sumptus</strong></span> <span class='ocrx_word' id='word_1_477' title='bbox 2470 2971 2557 3021; x_wconf 90' lang='lat' dir='ltr'><strong>est</strong></span> <span class='ocrx_word' id='word_1_478' title='bbox 2578 2966 2726 3020; x_wconf 90' lang='lat' dir='ltr'><strong>Deus</strong></span> <span class='ocrx_word' id='word_1_479' title='bbox 2759 2964 2927 3019; x_wconf 92' lang='lat' dir='ltr'><strong>verbo</strong></span> <span class='ocrx_word' id='word_1_480' title='bbox 2960 2962 3257 3034; x_wconf 84' lang='lat' dir='ltr'><strong>perfecisse</strong></span> <span class='ocrx_word' id='word_1_481' title='bbox 3286 2960 3439 3015; x_wconf 93' lang='lat' dir='ltr'><strong>vide-</strong></span> 
     </span>
    </p>
   </div>
   <div class='ocr_carea' id='block_1_43' title="bbox 242 3026 3443 3127">
    <p class='ocr_par' dir='ltr' id='par_1_43' title="bbox 242 3026 3443 3127">
     <span class='ocr_line' id='line_1_43' title="bbox 242 3026 3443 3127; baseline -0.001 -22"><span class='ocrx_word' id='word_1_482' title='bbox 242 3072 266 3105; x_wconf 70' lang='grc' dir='ltr'>ι</span> <span class='ocrx_word' id='word_1_483' title='bbox 300 3054 595 3124; x_wconf 83' lang='lat' dir='ltr'><strong>Rogamus</strong></span> <span class='ocrx_word' id='word_1_484' title='bbox 624 3058 815 3107; x_wconf 89' lang='lat' dir='ltr'><strong>autem</strong></span> <span class='ocrx_word' id='word_1_485' title='bbox 846 3069 961 3119; x_wconf 88' lang='lat' dir='ltr'><strong>vos,</strong></span> <span class='ocrx_word' id='word_1_486' title='bbox 983 3052 1207 3119; x_wconf 87' lang='lat' dir='ltr'><strong>fratres,</strong></span> <span class='ocrx_word' id='word_1_487' title='bbox 1232 3054 1644 3124; x_wconf 91' lang='lat' dir='ltr'><strong>peradventum</strong></span> <span class='ocrx_word' id='word_1_488' title='bbox 1654 3056 1762 3110; x_wconf 90' lang='lat' dir='ltr'><strong>Do-</strong></span> <span class='ocrx_word' id='word_1_489' title='bbox 1783 3026 2172 3112; x_wconf 80' lang='lat' dir='ltr'><strong>C&#39;tur.Tentat</strong></span> <span class='ocrx_word' id='word_1_490' title='bbox 2185 3026 2337 3111; x_wconf 70' lang='lat' dir='ltr'><strong>enini</strong></span> <span class='ocrx_word' id='word_1_491' title='bbox 2354 3056 2448 3109; x_wconf 92' lang='lat' dir='ltr'><strong>ille</strong></span> <span class='ocrx_word' id='word_1_492' title='bbox 2468 3072 2568 3127; x_wconf 86' lang='lat' dir='ltr'><strong>per</strong></span> <span class='ocrx_word' id='word_1_493' title='bbox 2579 3054 2771 3109; x_wconf 88' lang='lat' dir='ltr'><strong>omnia</strong></span> <span class='ocrx_word' id='word_1_494' title='bbox 2798 3054 2896 3107; x_wconf 92' lang='lat' dir='ltr'><strong>illa</strong></span> <span class='ocrx_word' id='word_1_495' title='bbox 2918 3026 3041 3124; x_wconf 62' lang='lat' dir='ltr'><strong>quae</strong></span> <span class='ocrx_word' id='word_1_496' title='bbox 3071 3050 3280 3106; x_wconf 90' lang='lat' dir='ltr'><strong>Christi</strong></span> <span class='ocrx_word' id='word_1_497' title='bbox 3307 3057 3443 3103; x_wconf 89' lang='lat' dir='ltr'><strong>sunt</strong></span> 
     </span>
    </p>
   </div>
   <div class='ocr_carea' id='block_1_44' title="bbox 189 3138 3441 3217">
    <p class='ocr_par' dir='ltr' id='par_1_44' title="bbox 189 3138 3441 3217">
     <span class='ocr_line' id='line_1_44' title="bbox 189 3138 3441 3217; baseline -0.002 -20"><span class='ocrx_word' id='word_1_498' title='bbox 189 3159 207 3189; x_wconf 73' lang='grc' dir='ltr'><strong>ε</strong></span> <span class='ocrx_word' id='word_1_499' title='bbox 237 3142 362 3197; x_wconf 89' lang='lat' dir='ltr'><strong>mini</strong></span> <span class='ocrx_word' id='word_1_500' title='bbox 390 3142 581 3197; x_wconf 83' lang='lat' dir='ltr'><strong>nostri</strong></span> <span class='ocrx_word' id='word_1_501' title='bbox 605 3143 635 3196; x_wconf 90' lang='lat' dir='ltr'><strong>J</strong></span> <span class='ocrx_word' id='word_1_502' title='bbox 641 3158 740 3197; x_wconf 90' lang='lat' dir='ltr'><strong>esu</strong></span> <span class='ocrx_word' id='word_1_503' title='bbox 769 3141 997 3208; x_wconf 87' lang='lat' dir='ltr'><strong>Christi,</strong></span> <span class='ocrx_word' id='word_1_504' title='bbox 1023 3147 1082 3196; x_wconf 90' lang='lat' dir='ltr'><strong>et</strong></span> <span class='ocrx_word' id='word_1_505' title='bbox 1109 3148 1361 3197; x_wconf 89' lang='lat' dir='ltr'><strong>nostram</strong></span> <span class='ocrx_word' id='word_1_506' title='bbox 1379 3144 1761 3214; x_wconf 84' lang='lat' dir='ltr'><strong>congregatio-</strong></span> <span class='ocrx_word' id='word_1_507' title='bbox 1841 3145 2072 3211; x_wconf 85' lang='lat' dir='ltr'><strong>imitari,</strong></span> <span class='ocrx_word' id='word_1_508' title='bbox 2108 3150 2304 3217; x_wconf 89' lang='lat' dir='ltr'><strong>utpote</strong></span> <span class='ocrx_word' id='word_1_509' title='bbox 2333 3150 2391 3198; x_wconf 91' lang='lat' dir='ltr'><strong>et</strong></span> <span class='ocrx_word' id='word_1_510' title='bbox 2418 3144 2706 3199; x_wconf 89' lang='lat' dir='ltr'><strong>Christum</strong></span> <span class='ocrx_word' id='word_1_511' title='bbox 2734 3159 2794 3197; x_wconf 89' lang='lat' dir='ltr'><strong>se</strong></span> <span class='ocrx_word' id='word_1_512' title='bbox 2822 3159 2946 3197; x_wconf 89' lang='lat' dir='ltr'><strong>esse</strong></span> <span class='ocrx_word' id='word_1_513' title='bbox 2974 3141 3165 3195; x_wconf 82' lang='lat' dir='ltr'><strong>dicens</strong></span> <span class='ocrx_word' id='word_1_514' title='bbox 3189 3158 3200 3192; x_wconf 89' lang='lat'><strong>:</strong></span> <span class='ocrx_word' id='word_1_515' title='bbox 3228 3138 3441 3210; x_wconf 91' lang='lat' dir='ltr'><strong>peccati</strong></span> 
     </span>
    </p>
   </div>
   <div class='ocr_carea' id='block_1_45' title="bbox 183 3226 3438 3304">
    <p class='ocr_par' dir='ltr' id='par_1_45' title="bbox 183 3226 3438 3304">
     <span class='ocr_line' id='line_1_45' title="bbox 183 3226 3438 3304; baseline -0.001 -20"><span class='ocrx_word' id='word_1_516' title='bbox 183 3248 203 3279; x_wconf 75' lang='grc' dir='ltr'>ι</span> <span class='ocrx_word' id='word_1_517' title='bbox 235 3246 352 3284; x_wconf 89' lang='lat' dir='ltr'><strong>nem</strong></span> <span class='ocrx_word' id='word_1_518' title='bbox 380 3232 440 3285; x_wconf 91' lang='lat' dir='ltr'><strong>in</strong></span> <span class='ocrx_word' id='word_1_519' title='bbox 463 3247 630 3297; x_wconf 89' lang='lat' dir='ltr'><strong>eum,</strong></span> <span class='ocrx_word' id='word_1_520' title='bbox 651 3238 716 3285; x_wconf 93' lang='lat' dir='ltr'><strong>ut</strong></span> <span class='ocrx_word' id='word_1_521' title='bbox 734 3247 805 3285; x_wconf 89' lang='lat' dir='ltr'><strong>ne</strong></span> <span class='ocrx_word' id='word_1_522' title='bbox 825 3231 936 3286; x_wconf 88' lang='lat' dir='ltr'><strong>cito</strong></span> <span class='ocrx_word' id='word_1_523' title='bbox 948 3231 1304 3298; x_wconf 90' lang='lat' dir='ltr'><strong>moveamini,</strong></span> <span class='ocrx_word' id='word_1_524' title='bbox 1324 3247 1505 3302; x_wconf 90' lang='lat' dir='ltr'><strong>neque</strong></span> <span class='ocrx_word' id='word_1_525' title='bbox 1525 3249 1626 3303; x_wconf 87' lang='lat' dir='ltr'><strong>per</strong></span> <span class='ocrx_word' id='word_1_526' title='bbox 1644 3232 1760 3304; x_wconf 90' lang='lat' dir='ltr'><strong>spi-</strong></span> <span class='ocrx_word' id='word_1_527' title='bbox 1839 3251 1970 3289; x_wconf 90' lang='lat' dir='ltr'><strong>vero</strong></span> <span class='ocrx_word' id='word_1_528' title='bbox 2001 3234 2285 3289; x_wconf 89' lang='lat' dir='ltr'><strong>hominem</strong></span> <span class='ocrx_word' id='word_1_529' title='bbox 2324 3250 2456 3287; x_wconf 92' lang='lat' dir='ltr'><strong>eum</strong></span> <span class='ocrx_word' id='word_1_530' title='bbox 2485 3232 2642 3297; x_wconf 85' lang='lat' dir='ltr'><strong>dixit,</strong></span> <span class='ocrx_word' id='word_1_531' title='bbox 2678 3248 2744 3286; x_wconf 90' lang='lat' dir='ltr'><strong>eo</strong></span> <span class='ocrx_word' id='word_1_532' title='bbox 2774 3231 2923 3302; x_wconf 92' lang='lat' dir='ltr'><strong>quod</strong></span> <span class='ocrx_word' id='word_1_533' title='bbox 2951 3235 3241 3301; x_wconf 91' lang='lat' dir='ltr'><strong>peccatum</strong></span> <span class='ocrx_word' id='word_1_534' title='bbox 3270 3226 3438 3281; x_wconf 86' lang='lat' dir='ltr'><strong>mini-</strong></span> 
     </span>
    </p>
   </div>
   <div class='ocr_carea' id='block_1_46' title="bbox 181 3318 3443 3391">
    <p class='ocr_par' dir='ltr' id='par_1_46' title="bbox 181 3318 3443 3391">
     <span class='ocr_line' id='line_1_46' title="bbox 181 3318 3443 3391; baseline 0 -22"><span class='ocrx_word' id='word_1_535' title='bbox 181 3335 202 3369; x_wconf 71' lang='grc' dir='ltr'><em>α</em></span> <span class='ocrx_word' id='word_1_536' title='bbox 232 3318 413 3385; x_wconf 85' lang='lat' dir='ltr'><strong>ritum,</strong></span> <span class='ocrx_word' id='word_1_537' title='bbox 448 3336 646 3390; x_wconf 86' lang='lat' dir='ltr'><strong>neque</strong></span> <span class='ocrx_word' id='word_1_538' title='bbox 676 3336 777 3390; x_wconf 90' lang='lat' dir='ltr'><strong>per</strong></span> <span class='ocrx_word' id='word_1_539' title='bbox 814 3318 1064 3385; x_wconf 89' lang='lat' dir='ltr'><strong>verbum,</strong></span> <span class='ocrx_word' id='word_1_540' title='bbox 1099 3336 1281 3391; x_wconf 90' lang='lat' dir='ltr'><strong>neque</strong></span> <span class='ocrx_word' id='word_1_541' title='bbox 1328 3337 1429 3391; x_wconf 91' lang='lat' dir='ltr'><strong>per</strong></span> <span class='ocrx_word' id='word_1_542' title='bbox 1466 3320 1760 3391; x_wconf 74' lang='lat' dir='ltr'><strong>epistolam</strong></span> <span class='ocrx_word' id='word_1_543' title='bbox 1840 3322 2059 3389; x_wconf 88' lang='lat' dir='ltr'><strong>strabit,</strong></span> <span class='ocrx_word' id='word_1_544' title='bbox 2086 3329 2139 3377; x_wconf 88' lang='lat' dir='ltr'><strong>et</strong></span> <span class='ocrx_word' id='word_1_545' title='bbox 2169 3322 2363 3376; x_wconf 73' lang='lat' dir='ltr'><strong>multis</strong></span> <span class='ocrx_word' id='word_1_546' title='bbox 2390 3320 2711 3376; x_wconf 90' lang='lat' dir='ltr'><strong>hominibus</strong></span> <span class='ocrx_word' id='word_1_547' title='bbox 2724 3320 2895 3390; x_wconf 85' lang='lat' dir='ltr'><strong>hujus</strong></span> <span class='ocrx_word' id='word_1_548' title='bbox 2924 3335 3095 3373; x_wconf 91' lang='lat' dir='ltr'><strong>causa</strong></span> <span class='ocrx_word' id='word_1_549' title='bbox 3114 3318 3314 3371; x_wconf 79' lang='lat' dir='ltr'><strong>existet</strong></span> <span class='ocrx_word' id='word_1_550' title='bbox 3346 3335 3357 3369; x_wconf 92' lang='lat'><strong>:</strong></span> <span class='ocrx_word' id='word_1_551' title='bbox 3384 3322 3443 3369; x_wconf 87' lang='lat' dir='ltr'><strong>et</strong></span> 
     </span>
    </p>
   </div>
   <div class='ocr_carea' id='block_1_47' title="bbox 179 3404 3438 3481">
    <p class='ocr_par' dir='ltr' id='par_1_47' title="bbox 179 3404 3438 3481">
     <span class='ocr_line' id='line_1_47' title="bbox 179 3404 3438 3481; baseline -0.002 -18"><span class='ocrx_word' id='word_1_552' title='bbox 179 3424 199 3456; x_wconf 73' lang='grc' dir='ltr'><strong><em>ι</em></strong></span> <span class='ocrx_word' id='word_1_553' title='bbox 230 3414 494 3480; x_wconf 81' lang='lat' dir='ltr'><strong>tanquam</strong></span> <span class='ocrx_word' id='word_1_554' title='bbox 538 3426 577 3463; x_wconf 91' lang='lat' dir='ltr'><strong>a</strong></span> <span class='ocrx_word' id='word_1_555' title='bbox 614 3408 775 3464; x_wconf 91' lang='lat' dir='ltr'><strong>nobis</strong></span> <span class='ocrx_word' id='word_1_556' title='bbox 806 3409 1055 3466; x_wconf 90' lang='lat' dir='ltr'><strong>missam.</strong></span> <span class='ocrx_word' id='word_1_557' title='bbox 1090 3409 1248 3480; x_wconf 89' lang='lat' dir='ltr'><strong>quasi</strong></span> <span class='ocrx_word' id='word_1_558' title='bbox 1278 3409 1451 3464; x_wconf 90' lang='lat' dir='ltr'><strong>instet</strong></span> <span class='ocrx_word' id='word_1_559' title='bbox 1486 3410 1605 3464; x_wconf 89' lang='lat' dir='ltr'><strong>dies</strong></span> <span class='ocrx_word' id='word_1_560' title='bbox 1654 3410 1761 3465; x_wconf 90' lang='lat' dir='ltr'><strong>Do-</strong></span> <span class='ocrx_word' id='word_1_561' title='bbox 1841 3412 2022 3466; x_wconf 88' lang='lat' dir='ltr'><strong>ﬁlium</strong></span> <span class='ocrx_word' id='word_1_562' title='bbox 2050 3428 2181 3466; x_wconf 91' lang='lat' dir='ltr'><strong>eum</strong></span> <span class='ocrx_word' id='word_1_563' title='bbox 2205 3409 2535 3481; x_wconf 90' lang='lat' dir='ltr'><strong>perditionis</strong></span> <span class='ocrx_word' id='word_1_564' title='bbox 2561 3409 2714 3475; x_wconf 89' lang='lat' dir='ltr'><strong>dicit,</strong></span> <span class='ocrx_word' id='word_1_565' title='bbox 2747 3413 2943 3479; x_wconf 88' lang='lat' dir='ltr'><strong>utpote</strong></span> <span class='ocrx_word' id='word_1_566' title='bbox 2972 3406 3274 3478; x_wconf 89' lang='lat' dir='ltr'><strong>perditioni</strong></span> <span class='ocrx_word' id='word_1_567' title='bbox 3306 3404 3438 3459; x_wconf 87' lang='lat' dir='ltr'><strong>sub-</strong></span> 
     </span>
    </p>
   </div>
   <div class='ocr_carea' id='block_1_48' title="bbox 178 3487 3437 3570">
    <p class='ocr_par' dir='ltr' id='par_1_48' title="bbox 178 3487 3437 3570">
     <span class='ocr_line' id='line_1_48' title="bbox 178 3487 3437 3570; baseline -0.001 -20"><span class='ocrx_word' id='word_1_568' title='bbox 178 3514 199 3545; x_wconf 72' lang='grc' dir='ltr'><strong>ε</strong></span> <span class='ocrx_word' id='word_1_569' title='bbox 231 3496 377 3551; x_wconf 88' lang='lat' dir='ltr'><strong>mini.</strong></span> <span class='ocrx_word' id='word_1_570' title='bbox 414 3519 441 3549; x_wconf 75' lang='grc' dir='ltr'><strong>ι)</strong></span> <span class='ocrx_word' id='word_1_571' title='bbox 478 3499 694 3567; x_wconf 68' lang='grc' dir='ltr'><strong>(ϐπ-σθ.)</strong></span> <span class='ocrx_word' id='word_1_572' title='bbox 728 3498 872 3553; x_wconf 93' lang='lat' dir='ltr'><strong>Cum</strong></span> <span class='ocrx_word' id='word_1_573' title='bbox 902 3498 1111 3553; x_wconf 90' lang='lat' dir='ltr'><strong>Paulus</strong></span> <span class='ocrx_word' id='word_1_574' title='bbox 1139 3499 1663 3554; x_wconf 89' lang='lat' dir='ltr'><strong>Thessalonicenses</strong></span> <span class='ocrx_word' id='word_1_575' title='bbox 1700 3498 1758 3554; x_wconf 90' lang='lat' dir='ltr'><strong>in</strong></span> <span class='ocrx_word' id='word_1_576' title='bbox 1840 3500 2086 3554; x_wconf 89' lang='lat' dir='ltr'><strong>dendum</strong></span> <span class='ocrx_word' id='word_1_577' title='bbox 2115 3504 2242 3570; x_wconf 91' lang='lat' dir='ltr'><strong>post</strong></span> <span class='ocrx_word' id='word_1_578' title='bbox 2265 3499 2389 3563; x_wconf 93' lang='lat' dir='ltr'><strong>hoc,</strong></span> <span class='ocrx_word' id='word_1_579' title='bbox 2414 3499 2560 3552; x_wconf 90' lang='lat' dir='ltr'><strong>sicut</strong></span> <span class='ocrx_word' id='word_1_580' title='bbox 2579 3503 2636 3552; x_wconf 92' lang='lat' dir='ltr'><strong>et</strong></span> <span class='ocrx_word' id='word_1_581' title='bbox 2651 3487 2709 3550; x_wconf 85' lang='lat' dir='ltr'><strong>in</strong></span> <span class='ocrx_word' id='word_1_582' title='bbox 2724 3494 3194 3567; x_wconf 90' lang='lat' dir='ltr'><strong>subsequentibus</strong></span> <span class='ocrx_word' id='word_1_583' title='bbox 3211 3494 3437 3547; x_wconf 87' lang='lat' dir='ltr'><strong>eviden-</strong></span> 
     </span>
    </p>
   </div>
   <div class='ocr_carea' id='block_1_49' title="bbox 174 3582 3429 3659">
    <p class='ocr_par' dir='ltr' id='par_1_49' title="bbox 174 3582 3429 3659">
     <span class='ocr_line' id='line_1_49' title="bbox 174 3582 3429 3659; baseline -0.002 -18"><span class='ocrx_word' id='word_1_584' title='bbox 174 3595 375 3658; x_wconf 70' lang='lat' dir='ltr'><strong>accepta</strong></span> <span class='ocrx_word' id='word_1_585' title='bbox 403 3587 814 3659; x_wconf 65' lang='lat' dir='ltr'><strong>praedicatione</strong></span> <span class='ocrx_word' id='word_1_586' title='bbox 843 3587 1232 3659; x_wconf 86' lang='lat' dir='ltr'><strong>perdurantes,</strong></span> <span class='ocrx_word' id='word_1_587' title='bbox 1271 3589 1429 3659; x_wconf 89' lang='lat' dir='ltr'><strong>quasi</strong></span> <span class='ocrx_word' id='word_1_588' title='bbox 1470 3588 1540 3641; x_wconf 87' lang='lat' dir='ltr'><strong>de</strong></span> <span class='ocrx_word' id='word_1_589' title='bbox 1580 3588 1758 3643; x_wconf 90' lang='lat' dir='ltr'><strong>vicino</strong></span> <span class='ocrx_word' id='word_1_590' title='bbox 1838 3589 1953 3643; x_wconf 91' lang='lat' dir='ltr'><strong>tius</strong></span> <span class='ocrx_word' id='word_1_591' title='bbox 1982 3588 2151 3654; x_wconf 91' lang='lat' dir='ltr'><strong>dicit;</strong></span> <span class='ocrx_word' id='word_1_592' title='bbox 2202 3593 2363 3641; x_wconf 86' lang='lat' dir='ltr'><strong>vocat</strong></span> <span class='ocrx_word' id='word_1_593' title='bbox 2386 3592 2579 3640; x_wconf 90' lang='lat' dir='ltr'><strong>autem</strong></span> <span class='ocrx_word' id='word_1_594' title='bbox 2609 3603 2740 3640; x_wconf 90' lang='lat' dir='ltr'><strong>eum</strong></span> <span class='ocrx_word' id='word_1_595' title='bbox 2768 3583 3152 3638; x_wconf 82' lang='lat' dir='ltr'><strong>adversarium</strong></span> <span class='ocrx_word' id='word_1_596' title='bbox 3181 3582 3429 3653; x_wconf 90' lang='lat' dir='ltr'><strong>quidem,</strong></span> 
     </span>
    </p>
   </div>
   <div class='ocr_carea' id='block_1_50' title="bbox 170 3672 3439 3748">
    <p class='ocr_par' dir='ltr' id='par_1_50' title="bbox 170 3672 3439 3748">
     <span class='ocr_line' id='line_1_50' title="bbox 170 3672 3439 3748; baseline -0.001 -19"><span class='ocrx_word' id='word_1_597' title='bbox 170 3676 337 3730; x_wconf 82' lang='lat' dir='ltr'><strong>mundi</strong></span> <span class='ocrx_word' id='word_1_598' title='bbox 364 3676 622 3731; x_wconf 86' lang='lat' dir='ltr'><strong>termino</strong></span> <span class='ocrx_word' id='word_1_599' title='bbox 643 3676 887 3747; x_wconf 90' lang='lat' dir='ltr'><strong>quadam</strong></span> <span class='ocrx_word' id='word_1_600' title='bbox 909 3683 1269 3746; x_wconf 84' lang='lat' dir='ltr'><strong>cognosceret</strong></span> <span class='ocrx_word' id='word_1_601' title='bbox 1290 3677 1757 3747; x_wconf 88' lang='lat' dir='ltr'><strong>pusillanimitate</strong></span> <span class='ocrx_word' id='word_1_602' title='bbox 1840 3677 2002 3748; x_wconf 89' lang='lat' dir='ltr'><strong>quasi</strong></span> <span class='ocrx_word' id='word_1_603' title='bbox 2018 3677 2113 3747; x_wconf 91' lang='lat' dir='ltr'><strong>qui</strong></span> <span class='ocrx_word' id='word_1_604' title='bbox 2128 3683 2186 3730; x_wconf 90' lang='lat' dir='ltr'><strong>et</strong></span> <span class='ocrx_word' id='word_1_605' title='bbox 2202 3677 2435 3731; x_wconf 90' lang='lat' dir='ltr'><strong>adversa</strong></span> <span class='ocrx_word' id='word_1_606' title='bbox 2455 3680 2588 3744; x_wconf 86' lang='lat' dir='ltr'><strong>agat</strong></span> <span class='ocrx_word' id='word_1_607' title='bbox 2608 3674 2809 3728; x_wconf 69' lang='lat' dir='ltr'><strong>divinae</strong></span> <span class='ocrx_word' id='word_1_608' title='bbox 2826 3672 3118 3737; x_wconf 90' lang='lat' dir='ltr'><strong>voluntati,</strong></span> <span class='ocrx_word' id='word_1_609' title='bbox 3158 3677 3216 3724; x_wconf 89' lang='lat' dir='ltr'><strong>et</strong></span> <span class='ocrx_word' id='word_1_610' title='bbox 3243 3687 3439 3725; x_wconf 90' lang='lat' dir='ltr'><strong>omnes</strong></span> 
     </span>
    </p>
   </div>
   <div class='ocr_carea' id='block_1_51' title="bbox 171 3760 3437 3838">
    <p class='ocr_par' dir='ltr' id='par_1_51' title="bbox 171 3760 3437 3838">
     <span class='ocr_line' id='line_1_51' title="bbox 171 3760 3437 3838; baseline -0.002 -19"><span class='ocrx_word' id='word_1_611' title='bbox 171 3763 423 3833; x_wconf 77' lang='lat' dir='ltr'><strong>turbatos,</strong></span> <span class='ocrx_word' id='word_1_612' title='bbox 456 3765 628 3838; x_wconf 89' lang='lat' dir='ltr'><strong>prius</strong></span> <span class='ocrx_word' id='word_1_613' title='bbox 656 3765 715 3820; x_wconf 92' lang='lat' dir='ltr'><strong>in</strong></span> <span class='ocrx_word' id='word_1_614' title='bbox 745 3765 827 3819; x_wconf 85' lang='lat' dir='ltr'><strong>eis</strong></span> <span class='ocrx_word' id='word_1_615' title='bbox 856 3782 980 3836; x_wconf 64' lang='lat' dir='ltr'><strong>que</strong></span> <span class='ocrx_word' id='word_1_616' title='bbox 1007 3765 1175 3820; x_wconf 85' lang='lat' dir='ltr'><strong>fortia</strong></span> <span class='ocrx_word' id='word_1_617' title='bbox 1192 3766 1462 3837; x_wconf 89' lang='lat' dir='ltr'><strong>prospicit</strong></span> <span class='ocrx_word' id='word_1_618' title='bbox 1474 3767 1684 3832; x_wconf 88' lang='lat' dir='ltr'><strong>laudat,</strong></span> <span class='ocrx_word' id='word_1_619' title='bbox 1702 3773 1761 3820; x_wconf 89' lang='lat' dir='ltr'><strong>et</strong></span> <span class='ocrx_word' id='word_1_620' title='bbox 1840 3767 1910 3821; x_wconf 89' lang='lat' dir='ltr'><strong>ad</strong></span> <span class='ocrx_word' id='word_1_621' title='bbox 1932 3783 1992 3820; x_wconf 91' lang='lat' dir='ltr'><strong>se</strong></span> <span class='ocrx_word' id='word_1_622' title='bbox 2011 3765 2374 3820; x_wconf 86' lang='lat' dir='ltr'><strong>transducere</strong></span> <span class='ocrx_word' id='word_1_623' title='bbox 2403 3763 2697 3825; x_wconf 86' lang='lat' dir='ltr'><strong>annitatur</strong></span> <span class='ocrx_word' id='word_1_624' title='bbox 2727 3781 2738 3815; x_wconf 89' lang='lat'><strong>:</strong></span> <span class='ocrx_word' id='word_1_625' title='bbox 2761 3760 3291 3831; x_wconf 84' lang='lat' dir='ltr'><strong>superextollentem</strong></span> <span class='ocrx_word' id='word_1_626' title='bbox 3310 3776 3437 3813; x_wconf 92' lang='lat' dir='ltr'><strong>vero</strong></span> 
     </span>
    </p>
   </div>
   <div class='ocr_carea' id='block_1_52' title="bbox 172 3847 3436 3925">
    <p class='ocr_par' dir='ltr' id='par_1_52' title="bbox 172 3847 3436 3925">
     <span class='ocr_line' id='line_1_52' title="bbox 172 3847 3436 3925; baseline -0.002 -18"><span class='ocrx_word' id='word_1_627' title='bbox 172 3859 310 3908; x_wconf 78' lang='lat' dir='ltr'><strong>caute</strong></span> <span class='ocrx_word' id='word_1_628' title='bbox 332 3854 627 3909; x_wconf 88' lang='lat' dir='ltr'><strong>monendo</strong></span> <span class='ocrx_word' id='word_1_629' title='bbox 656 3854 1017 3925; x_wconf 88' lang='lat' dir='ltr'><strong>postmodum</strong></span> <span class='ocrx_word' id='word_1_630' title='bbox 1046 3871 1169 3925; x_wconf 70' lang='lat' dir='ltr'><strong>quae</strong></span> <span class='ocrx_word' id='word_1_631' title='bbox 1198 3854 1424 3910; x_wconf 87' lang='lat' dir='ltr'><strong>inﬁrma</strong></span> <span class='ocrx_word' id='word_1_632' title='bbox 1440 3861 1571 3909; x_wconf 90' lang='lat' dir='ltr'><strong>sunt</strong></span> <span class='ocrx_word' id='word_1_633' title='bbox 1593 3854 1758 3909; x_wconf 91' lang='lat' dir='ltr'><strong>robo-</strong></span> <span class='ocrx_word' id='word_1_634' title='bbox 1839 3872 1900 3909; x_wconf 91' lang='lat' dir='ltr'><strong>se</strong></span> <span class='ocrx_word' id='word_1_635' title='bbox 1928 3871 2099 3925; x_wconf 91' lang='lat' dir='ltr'><strong>super</strong></span> <span class='ocrx_word' id='word_1_636' title='bbox 2120 3870 2285 3909; x_wconf 90' lang='lat' dir='ltr'><strong>omne</strong></span> <span class='ocrx_word' id='word_1_637' title='bbox 2315 3852 2463 3924; x_wconf 90' lang='lat' dir='ltr'><strong>quod</strong></span> <span class='ocrx_word' id='word_1_638' title='bbox 2491 3850 2700 3906; x_wconf 90' lang='lat' dir='ltr'><strong>dicitur</strong></span> <span class='ocrx_word' id='word_1_639' title='bbox 2730 3851 2898 3915; x_wconf 86' lang='lat' dir='ltr'><strong>Deus,</strong></span> <span class='ocrx_word' id='word_1_640' title='bbox 2929 3854 3030 3903; x_wconf 90' lang='lat' dir='ltr'><strong>aut</strong></span> <span class='ocrx_word' id='word_1_641' title='bbox 3044 3847 3193 3919; x_wconf 90' lang='lat' dir='ltr'><strong>quod</strong></span> <span class='ocrx_word' id='word_1_642' title='bbox 3213 3847 3436 3913; x_wconf 90' lang='lat' dir='ltr'><strong>colitur,</strong></span> 
     </span>
    </p>
   </div>
   <div class='ocr_carea' id='block_1_53' title="bbox 169 3936 3440 4015">
    <p class='ocr_par' dir='ltr' id='par_1_53' title="bbox 169 3936 3440 4015">
     <span class='ocr_line' id='line_1_53' title="bbox 169 3936 3440 4015; baseline -0.003 -16"><span class='ocrx_word' id='word_1_643' title='bbox 169 3948 258 4009; x_wconf 75' lang='lat' dir='ltr'><strong>rat,</strong></span> <span class='ocrx_word' id='word_1_644' title='bbox 284 3944 363 3998; x_wconf 91' lang='lat' dir='ltr'><strong>ait</strong></span> <span class='ocrx_word' id='word_1_645' title='bbox 381 3945 548 3999; x_wconf 87' lang='lat' dir='ltr'><strong>enim</strong></span> <span class='ocrx_word' id='word_1_646' title='bbox 584 3963 596 3997; x_wconf 92' lang='lat'><strong>:</strong></span> <span class='ocrx_word' id='word_1_647' title='bbox 635 3943 860 3998; x_wconf 87' lang='lat' dir='ltr'><strong>Gratias</strong></span> <span class='ocrx_word' id='word_1_648' title='bbox 887 3959 1057 4014; x_wconf 87' lang='lat' dir='ltr'><strong>agere</strong></span> <span class='ocrx_word' id='word_1_649' title='bbox 1087 3942 1357 3998; x_wconf 88' lang='lat' dir='ltr'><strong>debemus</strong></span> <span class='ocrx_word' id='word_1_650' title='bbox 1394 3944 1510 3998; x_wconf 90' lang='lat' dir='ltr'><strong>Deo</strong></span> <span class='ocrx_word' id='word_1_651' title='bbox 1537 3961 1761 4015; x_wconf 90' lang='lat' dir='ltr'><strong>semper</strong></span> <span class='ocrx_word' id='word_1_652' title='bbox 1839 3961 1905 3999; x_wconf 88' lang='lat' dir='ltr'><strong>eo</strong></span> <span class='ocrx_word' id='word_1_653' title='bbox 1931 3944 2080 4014; x_wconf 91' lang='lat' dir='ltr'><strong>quod</strong></span> <span class='ocrx_word' id='word_1_654' title='bbox 2112 3958 2307 3998; x_wconf 88' lang='lat' dir='ltr'><strong>omnes</strong></span> <span class='ocrx_word' id='word_1_655' title='bbox 2338 3941 2592 3996; x_wconf 90' lang='lat' dir='ltr'><strong>homines</strong></span> <span class='ocrx_word' id='word_1_656' title='bbox 2622 3957 2658 3994; x_wconf 92' lang='lat' dir='ltr'><strong>a</strong></span> <span class='ocrx_word' id='word_1_657' title='bbox 2684 3939 2912 4011; x_wconf 87' lang='lat' dir='ltr'><strong>propria</strong></span> <span class='ocrx_word' id='word_1_658' title='bbox 2930 3954 3127 3992; x_wconf 90' lang='lat' dir='ltr'><strong>eorum</strong></span> <span class='ocrx_word' id='word_1_659' title='bbox 3147 3942 3301 3991; x_wconf 87' lang='lat' dir='ltr'><strong>secta</strong></span> <span class='ocrx_word' id='word_1_660' title='bbox 3329 3936 3440 3990; x_wconf 89' lang='lat' dir='ltr'><strong>dis-</strong></span> 
     </span>
    </p>
   </div>
   <div class='ocr_carea' id='block_1_54' title="bbox 172 4026 3440 4103">
    <p class='ocr_par' dir='ltr' id='par_1_54' title="bbox 172 4026 3440 4103">
     <span class='ocr_line' id='line_1_54' title="bbox 172 4026 3440 4103; baseline -0.001 -19"><span class='ocrx_word' id='word_1_661' title='bbox 172 4032 442 4099; x_wconf 83' lang='lat' dir='ltr'><strong>provobis,</strong></span> <span class='ocrx_word' id='word_1_662' title='bbox 476 4033 710 4098; x_wconf 80' lang='lat' dir='ltr'><strong>fratres,</strong></span> <span class='ocrx_word' id='word_1_663' title='bbox 742 4032 819 4086; x_wconf 87' lang='lat' dir='ltr'><strong>ita</strong></span> <span class='ocrx_word' id='word_1_664' title='bbox 847 4037 912 4086; x_wconf 92' lang='lat' dir='ltr'><strong>ut</strong></span> <span class='ocrx_word' id='word_1_665' title='bbox 947 4031 1183 4102; x_wconf 76' lang='lat' dir='ltr'><strong>dignum</strong></span> <span class='ocrx_word' id='word_1_666' title='bbox 1226 4037 1330 4097; x_wconf 88' lang='lat' dir='ltr'><strong>est,</strong></span> <span class='ocrx_word' id='word_1_667' title='bbox 1364 4032 1631 4103; x_wconf 90' lang='lat' dir='ltr'><strong>quoniam</strong></span> <span class='ocrx_word' id='word_1_668' title='bbox 1660 4049 1757 4088; x_wconf 90' lang='lat' dir='ltr'><strong>su-</strong></span> <span class='ocrx_word' id='word_1_669' title='bbox 1839 4033 2037 4087; x_wconf 87' lang='lat' dir='ltr'><strong>cedere</strong></span> <span class='ocrx_word' id='word_1_670' title='bbox 2068 4032 2330 4095; x_wconf 87' lang='lat' dir='ltr'><strong>suadens,</strong></span> <span class='ocrx_word' id='word_1_671' title='bbox 2362 4048 2422 4085; x_wconf 91' lang='lat' dir='ltr'><strong>se</strong></span> <span class='ocrx_word' id='word_1_672' title='bbox 2465 4030 2633 4084; x_wconf 85' lang='lat' dir='ltr'><strong>faciet</strong></span> <span class='ocrx_word' id='word_1_673' title='bbox 2677 4029 2933 4094; x_wconf 88' lang='lat' dir='ltr'><strong>adorare,</strong></span> <span class='ocrx_word' id='word_1_674' title='bbox 2968 4027 3216 4099; x_wconf 89' lang='lat' dir='ltr'><strong>seipsum</strong></span> <span class='ocrx_word' id='word_1_675' title='bbox 3246 4026 3440 4081; x_wconf 89' lang='lat' dir='ltr'><strong>dicens</strong></span> 
     </span>
    </p>
   </div>
   <div class='ocr_carea' id='block_1_55' title="bbox 170 4116 3437 4188">
    <p class='ocr_par' dir='ltr' id='par_1_55' title="bbox 170 4116 3437 4188">
     <span class='ocr_line' id='line_1_55' title="bbox 170 4116 3437 4188; baseline -0.002 -11"><span class='ocrx_word' id='word_1_676' title='bbox 170 4123 448 4188; x_wconf 67' lang='lat' dir='ltr'><strong>peracscit</strong></span> <span class='ocrx_word' id='word_1_677' title='bbox 484 4122 633 4176; x_wconf 86' lang='lat' dir='ltr'><strong>ﬁdes</strong></span> <span class='ocrx_word' id='word_1_678' title='bbox 670 4127 858 4175; x_wconf 88' lang='lat' dir='ltr'><strong>vestra</strong></span> <span class='ocrx_word' id='word_1_679' title='bbox 886 4127 944 4175; x_wconf 91' lang='lat' dir='ltr'><strong>et</strong></span> <span class='ocrx_word' id='word_1_680' title='bbox 972 4119 1224 4175; x_wconf 89' lang='lat' dir='ltr'><strong>abundat</strong></span> <span class='ocrx_word' id='word_1_681' title='bbox 1240 4120 1487 4175; x_wconf 79' lang='lat' dir='ltr'><strong>Charitas</strong></span> <span class='ocrx_word' id='word_1_682' title='bbox 1499 4121 1759 4176; x_wconf 90' lang='lat' dir='ltr'><strong>uniuscu-</strong></span> <span class='ocrx_word' id='word_1_683' title='bbox 1839 4139 1961 4176; x_wconf 88' lang='lat' dir='ltr'><strong>esse</strong></span> <span class='ocrx_word' id='word_1_684' title='bbox 1982 4120 2287 4182; x_wconf 75' lang='lat' dir='ltr'><strong>Christum,</strong></span> <span class='ocrx_word' id='word_1_685' title='bbox 2312 4120 2402 4174; x_wconf 92' lang='lat' dir='ltr'><strong>cui</strong></span> <span class='ocrx_word' id='word_1_686' title='bbox 2423 4126 2482 4174; x_wconf 92' lang='lat' dir='ltr'><strong>et</strong></span> <span class='ocrx_word' id='word_1_687' title='bbox 2499 4118 2570 4173; x_wconf 89' lang='lat' dir='ltr'><strong>ab</strong></span> <span class='ocrx_word' id='word_1_688' title='bbox 2589 4117 2852 4172; x_wconf 89' lang='lat' dir='ltr'><strong>omnibus</strong></span> <span class='ocrx_word' id='word_1_689' title='bbox 2888 4117 3159 4171; x_wconf 90' lang='lat' dir='ltr'><strong>honorem</strong></span> <span class='ocrx_word' id='word_1_690' title='bbox 3194 4116 3296 4170; x_wconf 91' lang='lat' dir='ltr'><strong>Dei</strong></span> <span class='ocrx_word' id='word_1_691' title='bbox 3333 4116 3437 4170; x_wconf 91' lang='lat' dir='ltr'><strong>tri-</strong></span> 
     </span>
    </p>
   </div>
   <div class='ocr_carea' id='block_1_56' title="bbox 165 4205 3433 4280">
    <p class='ocr_par' dir='ltr' id='par_1_56' title="bbox 165 4205 3433 4280">
     <span class='ocr_line' id='line_1_56' title="bbox 165 4205 3433 4280; baseline -0.002 -15"><span class='ocrx_word' id='word_1_692' title='bbox 165 4208 345 4280; x_wconf 83' lang='lat' dir='ltr'><strong>jusque</strong></span> <span class='ocrx_word' id='word_1_693' title='bbox 369 4217 633 4267; x_wconf 85' lang='lat' dir='ltr'><strong>vestrum</strong></span> <span class='ocrx_word' id='word_1_694' title='bbox 656 4210 716 4264; x_wconf 90' lang='lat' dir='ltr'><strong>in</strong></span> <span class='ocrx_word' id='word_1_695' title='bbox 746 4210 1002 4277; x_wconf 90' lang='lat' dir='ltr'><strong>invicem,</strong></span> <span class='ocrx_word' id='word_1_696' title='bbox 1036 4210 1117 4263; x_wconf 90' lang='lat' dir='ltr'><strong>ita</strong></span> <span class='ocrx_word' id='word_1_697' title='bbox 1144 4215 1210 4264; x_wconf 90' lang='lat' dir='ltr'><strong>ut</strong></span> <span class='ocrx_word' id='word_1_698' title='bbox 1237 4215 1296 4263; x_wconf 87' lang='lat' dir='ltr'><strong>et</strong></span> <span class='ocrx_word' id='word_1_699' title='bbox 1321 4226 1424 4263; x_wconf 92' lang='lat' dir='ltr'><strong>nos</strong></span> <span class='ocrx_word' id='word_1_700' title='bbox 1453 4210 1560 4280; x_wconf 89' lang='lat' dir='ltr'><strong>ipsi</strong></span> <span class='ocrx_word' id='word_1_701' title='bbox 1579 4210 1637 4264; x_wconf 90' lang='lat' dir='ltr'><strong>in</strong></span> <span class='ocrx_word' id='word_1_702' title='bbox 1662 4227 1757 4264; x_wconf 90' lang='lat' dir='ltr'><strong>vo—</strong></span> <span class='ocrx_word' id='word_1_703' title='bbox 1839 4210 1935 4265; x_wconf 92' lang='lat' dir='ltr'><strong>bui</strong></span> <span class='ocrx_word' id='word_1_704' title='bbox 1948 4216 2013 4265; x_wconf 89' lang='lat' dir='ltr'><strong>ut</strong></span> <span class='ocrx_word' id='word_1_705' title='bbox 2025 4212 2243 4280; x_wconf 89' lang='lat' dir='ltr'><strong>justum</strong></span> <span class='ocrx_word' id='word_1_706' title='bbox 2264 4208 2601 4264; x_wconf 85' lang='lat' dir='ltr'><strong>vindicabit:</strong></span> <span class='ocrx_word' id='word_1_707' title='bbox 2627 4208 2707 4262; x_wconf 86' lang='lat' dir='ltr'><strong>sic</strong></span> <span class='ocrx_word' id='word_1_708' title='bbox 2729 4206 2879 4261; x_wconf 90' lang='lat' dir='ltr'><strong>enim</strong></span> <span class='ocrx_word' id='word_1_709' title='bbox 2896 4212 2953 4260; x_wconf 90' lang='lat' dir='ltr'><strong>et</strong></span> <span class='ocrx_word' id='word_1_710' title='bbox 2976 4206 3033 4259; x_wconf 90' lang='lat' dir='ltr'><strong>in</strong></span> <span class='ocrx_word' id='word_1_711' title='bbox 3066 4206 3167 4260; x_wconf 90' lang='lat' dir='ltr'><strong>Dei</strong></span> <span class='ocrx_word' id='word_1_712' title='bbox 3189 4205 3433 4275; x_wconf 87' lang='lat' dir='ltr'><strong>templis,</strong></span> 
     </span>
    </p>
   </div>
   <div class='ocr_carea' id='block_1_57' title="bbox 170 4287 3435 4399">
    <p class='ocr_par' dir='ltr' id='par_1_57' title="bbox 170 4287 3435 4399">
     <span class='ocr_line' id='line_1_57' title="bbox 170 4287 3435 4399; baseline -0.001 -50"><span class='ocrx_word' id='word_1_713' title='bbox 170 4294 239 4351; x_wconf 82' lang='lat' dir='ltr'><strong>bis</strong></span> <span class='ocrx_word' id='word_1_714' title='bbox 255 4298 574 4369; x_wconf 85' lang='lat' dir='ltr'><strong>gloriemur</strong></span> <span class='ocrx_word' id='word_1_715' title='bbox 608 4299 667 4353; x_wconf 91' lang='lat' dir='ltr'><strong>in</strong></span> <span class='ocrx_word' id='word_1_716' title='bbox 696 4299 953 4353; x_wconf 89' lang='lat' dir='ltr'><strong>Ecclesiis</strong></span> <span class='ocrx_word' id='word_1_717' title='bbox 993 4298 1094 4352; x_wconf 89' lang='lat' dir='ltr'><strong>Dei</strong></span> <span class='ocrx_word' id='word_1_718' title='bbox 1134 4315 1235 4369; x_wconf 91' lang='lat' dir='ltr'><strong>pro</strong></span> <span class='ocrx_word' id='word_1_719' title='bbox 1265 4298 1537 4369; x_wconf 90' lang='lat' dir='ltr'><strong>patientia</strong></span> <span class='ocrx_word' id='word_1_720' title='bbox 1570 4304 1820 4399; x_wconf 81' lang='lat' dir='ltr'><strong>vestraD</strong></span> <span class='ocrx_word' id='word_1_721' title='bbox 1838 4300 1943 4368; x_wconf 79' lang='lat' dir='ltr'><strong>hoc</strong></span> <span class='ocrx_word' id='word_1_722' title='bbox 1979 4306 2085 4363; x_wconf 89' lang='lat' dir='ltr'><strong>est,</strong></span> <span class='ocrx_word' id='word_1_723' title='bbox 2116 4299 2175 4352; x_wconf 89' lang='lat' dir='ltr'><strong>in</strong></span> <span class='ocrx_word' id='word_1_724' title='bbox 2203 4298 2463 4352; x_wconf 90' lang='lat' dir='ltr'><strong>domibus</strong></span> <span class='ocrx_word' id='word_1_725' title='bbox 2492 4297 2812 4351; x_wconf 89' lang='lat' dir='ltr'><strong>orationum</strong></span> <span class='ocrx_word' id='word_1_726' title='bbox 2856 4287 3178 4365; x_wconf 84' lang='lat' dir='ltr'><strong>ingrediens</strong></span> <span class='ocrx_word' id='word_1_727' title='bbox 3217 4293 3435 4347; x_wconf 84' lang='lat' dir='ltr'><strong>sedebit</strong></span> 
     </span>
    </p>
   </div>
   <div class='ocr_carea' id='block_1_58' title="bbox 169 4381 3553 4463">
    <p class='ocr_par' dir='ltr' id='par_1_58' title="bbox 169 4381 3553 4463">
     <span class='ocr_line' id='line_1_58' title="bbox 169 4381 3553 4463; baseline -0.001 -25"><span class='ocrx_word' id='word_1_728' title='bbox 169 4392 216 4438; x_wconf 83' lang='lat' dir='ltr'><strong>et</strong></span> <span class='ocrx_word' id='word_1_729' title='bbox 236 4387 357 4441; x_wconf 86' lang='lat' dir='ltr'><strong>ﬁde.</strong></span> <span class='ocrx_word' id='word_1_730' title='bbox 392 4389 509 4454; x_wconf 89' lang='lat' dir='ltr'><strong>Qui</strong></span> <span class='ocrx_word' id='word_1_731' title='bbox 549 4405 677 4442; x_wconf 92' lang='lat' dir='ltr'><strong>cum</strong></span> <span class='ocrx_word' id='word_1_732' title='bbox 707 4387 914 4442; x_wconf 88' lang='lat' dir='ltr'><strong>blanda</strong></span> <span class='ocrx_word' id='word_1_733' title='bbox 952 4388 1070 4442; x_wconf 66' lang='lat' dir='ltr'><strong>haec</strong></span> <span class='ocrx_word' id='word_1_734' title='bbox 1095 4387 1222 4442; x_wconf 66' lang='lat' dir='ltr'><strong>vitae</strong></span> <span class='ocrx_word' id='word_1_735' title='bbox 1251 4403 1446 4441; x_wconf 87' lang='lat' dir='ltr'><strong>eorum</strong></span> <span class='ocrx_word' id='word_1_736' title='bbox 1478 4387 1755 4458; x_wconf 66' lang='lat' dir='ltr'><strong>praeconia</strong></span> <span class='ocrx_word' id='word_1_737' title='bbox 1774 4381 1818 4399; x_wconf 71' lang='lat'>”</span> <span class='ocrx_word' id='word_1_738' title='bbox 1836 4388 1997 4459; x_wconf 88' lang='lat' dir='ltr'><strong>quasi</strong></span> <span class='ocrx_word' id='word_1_739' title='bbox 2022 4388 2141 4458; x_wconf 87' lang='lat' dir='ltr'><strong>ipse</strong></span> <span class='ocrx_word' id='word_1_740' title='bbox 2161 4388 2237 4442; x_wconf 89' lang='lat' dir='ltr'><strong>sit</strong></span> <span class='ocrx_word' id='word_1_741' title='bbox 2250 4386 2506 4441; x_wconf 88' lang='lat' dir='ltr'><strong>Christus</strong></span> <span class='ocrx_word' id='word_1_742' title='bbox 2525 4391 2582 4439; x_wconf 92' lang='lat' dir='ltr'><strong>et</strong></span> <span class='ocrx_word' id='word_1_743' title='bbox 2615 4390 2844 4456; x_wconf 89' lang='lat' dir='ltr'><strong>propter</strong></span> <span class='ocrx_word' id='word_1_744' title='bbox 2883 4384 2986 4436; x_wconf 92' lang='lat' dir='ltr'><strong>hoc</strong></span> <span class='ocrx_word' id='word_1_745' title='bbox 3010 4382 3212 4435; x_wconf 89' lang='lat' dir='ltr'><strong>debeat</strong></span> <span class='ocrx_word' id='word_1_746' title='bbox 3231 4381 3302 4434; x_wconf 91' lang='lat' dir='ltr'><strong>ab</strong></span> <span class='ocrx_word' id='word_1_747' title='bbox 3331 4381 3433 4435; x_wconf 92' lang='lat' dir='ltr'><strong>ho-</strong></span> <span class='ocrx_word' id='word_1_748' title='bbox 3541 4455 3553 4463; x_wconf 78' lang='lat'><strong><em>_</em></strong></span> 
     </span>
    </p>
   </div>
   <div class='ocr_carea' id='block_1_59' title="bbox 167 4469 3436 4547">
    <p class='ocr_par' dir='ltr' id='par_1_59' title="bbox 167 4469 3436 4547">
     <span class='ocr_line' id='line_1_59' title="bbox 167 4469 3436 4547; baseline -0.002 -16"><span class='ocrx_word' id='word_1_749' title='bbox 167 4476 535 4544; x_wconf 72' lang='lat' dir='ltr'><strong>pmmisisset,</strong></span> <span class='ocrx_word' id='word_1_750' title='bbox 561 4476 729 4547; x_wconf 89' lang='lat' dir='ltr'><strong>paulo</strong></span> <span class='ocrx_word' id='word_1_751' title='bbox 760 4481 888 4547; x_wconf 89' lang='lat' dir='ltr'><strong>post</strong></span> <span class='ocrx_word' id='word_1_752' title='bbox 914 4475 1165 4530; x_wconf 90' lang='lat' dir='ltr'><strong>subdidit</strong></span> <span class='ocrx_word' id='word_1_753' title='bbox 1189 4474 1407 4529; x_wconf 90' lang='lat' dir='ltr'><strong>dicens:</strong></span> <span class='ocrx_word' id='word_1_754' title='bbox 1431 4494 1455 4527; x_wconf 71' lang='grc' dir='ltr'><strong>(ι</strong></span> <span class='ocrx_word' id='word_1_755' title='bbox 1472 4475 1755 4546; x_wconf 88' lang='lat' dir='ltr'><strong>Rogamus</strong></span> <span class='ocrx_word' id='word_1_756' title='bbox 1836 4476 2082 4531; x_wconf 90' lang='lat' dir='ltr'><strong>minibus</strong></span> <span class='ocrx_word' id='word_1_757' title='bbox 2110 4475 2333 4530; x_wconf 83' lang='lat' dir='ltr'><strong>adorari</strong></span> <span class='ocrx_word' id='word_1_758' title='bbox 2365 4475 2423 4528; x_wconf 92' lang='lat' dir='ltr'><strong>in</strong></span> <span class='ocrx_word' id='word_1_759' title='bbox 2451 4473 2705 4528; x_wconf 90' lang='lat' dir='ltr'><strong>ordinem</strong></span> <span class='ocrx_word' id='word_1_760' title='bbox 2728 4471 2847 4525; x_wconf 91' lang='lat' dir='ltr'><strong>Dei.</strong></span> <span class='ocrx_word' id='word_1_761' title='bbox 2886 4471 2955 4525; x_wconf 89' lang='lat' dir='ltr'><strong>Et</strong></span> <span class='ocrx_word' id='word_1_762' title='bbox 2981 4469 3283 4523; x_wconf 86' lang='lat' dir='ltr'><strong>ostendens</strong></span> <span class='ocrx_word' id='word_1_763' title='bbox 3302 4486 3436 4540; x_wconf 88' lang='lat' dir='ltr'><strong>quo-</strong></span> 
     </span>
    </p>
   </div>
   <div class='ocr_carea' id='block_1_60' title="bbox 167 4558 3436 4636">
    <p class='ocr_par' dir='ltr' id='par_1_60' title="bbox 167 4558 3436 4636">
     <span class='ocr_line' id='line_1_60' title="bbox 167 4558 3436 4636; baseline -0.001 -21"><span class='ocrx_word' id='word_1_764' title='bbox 167 4568 336 4618; x_wconf 73' lang='lat' dir='ltr'><strong>sutem</strong></span> <span class='ocrx_word' id='word_1_765' title='bbox 355 4582 478 4631; x_wconf 84' lang='lat' dir='ltr'><strong>vos,</strong></span> <span class='ocrx_word' id='word_1_766' title='bbox 494 4564 1150 4636; x_wconf 85' lang='lat' dir='ltr'><strong>fratres,peradventum</strong></span> <span class='ocrx_word' id='word_1_767' title='bbox 1182 4563 1405 4619; x_wconf 91' lang='lat' dir='ltr'><strong>Domini</strong></span> <span class='ocrx_word' id='word_1_768' title='bbox 1425 4564 1600 4619; x_wconf 78' lang='lat' dir='ltr'><strong>nostri</strong></span> <span class='ocrx_word' id='word_1_769' title='bbox 1623 4565 1754 4620; x_wconf 88' lang='lat' dir='ltr'><strong>Jesu</strong></span> <span class='ocrx_word' id='word_1_770' title='bbox 1836 4566 1989 4619; x_wconf 89' lang='lat' dir='ltr'><strong>niam</strong></span> <span class='ocrx_word' id='word_1_771' title='bbox 2012 4565 2151 4620; x_wconf 89' lang='lat' dir='ltr'><strong>nihil</strong></span> <span class='ocrx_word' id='word_1_772' title='bbox 2170 4580 2319 4618; x_wconf 91' lang='lat' dir='ltr'><strong>nunc</strong></span> <span class='ocrx_word' id='word_1_773' title='bbox 2339 4562 2465 4617; x_wconf 92' lang='lat' dir='ltr'><strong>novi</strong></span> <span class='ocrx_word' id='word_1_774' title='bbox 2496 4560 2629 4615; x_wconf 88' lang='lat' dir='ltr'><strong>dicit</strong></span> <span class='ocrx_word' id='word_1_775' title='bbox 2649 4560 2719 4613; x_wconf 88' lang='lat' dir='ltr'><strong>ad</strong></span> <span class='ocrx_word' id='word_1_776' title='bbox 2740 4575 2836 4613; x_wconf 91' lang='lat' dir='ltr'><strong>eos</strong></span> <span class='ocrx_word' id='word_1_777' title='bbox 2883 4577 2894 4611; x_wconf 94' lang='lat'><strong>:</strong></span> <span class='ocrx_word' id='word_1_778' title='bbox 2934 4577 2959 4609; x_wconf 84' lang='lat'><strong>«</strong></span> <span class='ocrx_word' id='word_1_779' title='bbox 2991 4559 3115 4612; x_wconf 87' lang='lat' dir='ltr'><strong>Non</strong></span> <span class='ocrx_word' id='word_1_780' title='bbox 3163 4558 3317 4620; x_wconf 88' lang='lat' dir='ltr'><strong>estis,</strong></span> <span class='ocrx_word' id='word_1_781' title='bbox 3347 4558 3436 4613; x_wconf 89' lang='lat' dir='ltr'><strong>in-</strong></span> 
     </span>
    </p>
   </div>
   <div class='ocr_carea' id='block_1_61' title="bbox 170 4646 3437 4725">
    <p class='ocr_par' dir='ltr' id='par_1_61' title="bbox 170 4646 3437 4725">
     <span class='ocr_line' id='line_1_61' title="bbox 170 4646 3437 4725; baseline -0.001 -20"><span class='ocrx_word' id='word_1_782' title='bbox 170 4649 378 4719; x_wconf 84' lang='lat' dir='ltr'><strong>Christi,</strong></span> <span class='ocrx_word' id='word_1_783' title='bbox 416 4661 480 4707; x_wconf 87' lang='lat' dir='ltr'><strong>et</strong></span> <span class='ocrx_word' id='word_1_784' title='bbox 509 4660 718 4708; x_wconf 68' lang='lat' dir='ltr'><strong>nostra:</strong></span> <span class='ocrx_word' id='word_1_785' title='bbox 749 4653 1201 4724; x_wconf 86' lang='lat' dir='ltr'><strong>congregationis</strong></span> <span class='ocrx_word' id='word_1_786' title='bbox 1226 4653 1285 4707; x_wconf 93' lang='lat' dir='ltr'><strong>in</strong></span> <span class='ocrx_word' id='word_1_787' title='bbox 1315 4652 1521 4724; x_wconf 91' lang='lat' dir='ltr'><strong>ipsum,</strong></span> <span class='ocrx_word' id='word_1_788' title='bbox 1555 4659 1621 4707; x_wconf 90' lang='lat' dir='ltr'><strong>ut</strong></span> <span class='ocrx_word' id='word_1_789' title='bbox 1644 4670 1756 4708; x_wconf 91' lang='lat' dir='ltr'><strong>non</strong></span> <span class='ocrx_word' id='word_1_790' title='bbox 1845 4674 1871 4706; x_wconf 84' lang='lat'>«</span> <span class='ocrx_word' id='word_1_791' title='bbox 1904 4654 2046 4725; x_wconf 87' lang='lat' dir='ltr'><strong>quit,</strong></span> <span class='ocrx_word' id='word_1_792' title='bbox 2083 4668 2361 4705; x_wconf 90' lang='lat' dir='ltr'><strong>memores</strong></span> <span class='ocrx_word' id='word_1_793' title='bbox 2399 4649 2664 4719; x_wconf 87' lang='lat' dir='ltr'><strong>quoniam</strong></span> <span class='ocrx_word' id='word_1_794' title='bbox 2695 4663 2825 4700; x_wconf 91' lang='lat' dir='ltr'><strong>cum</strong></span> <span class='ocrx_word' id='word_1_795' title='bbox 2870 4646 3123 4700; x_wconf 86' lang='lat' dir='ltr'><strong>adessem</strong></span> <span class='ocrx_word' id='word_1_796' title='bbox 3163 4647 3312 4718; x_wconf 90' lang='lat' dir='ltr'><strong>apud</strong></span> <span class='ocrx_word' id='word_1_797' title='bbox 3342 4664 3437 4701; x_wconf 85' lang='lat' dir='ltr'><strong>vos</strong></span> 
     </span>
    </p>
   </div>
   <div class='ocr_carea' id='block_1_62' title="bbox 168 4734 3436 4813">
    <p class='ocr_par' dir='ltr' id='par_1_62' title="bbox 168 4734 3436 4813">
     <span class='ocr_line' id='line_1_62' title="bbox 168 4734 3436 4813; baseline -0.001 -19"><span class='ocrx_word' id='word_1_798' title='bbox 168 4739 259 4794; x_wconf 72' lang='lat' dir='ltr'><strong>tito</strong></span> <span class='ocrx_word' id='word_1_799' title='bbox 296 4742 643 4796; x_wconf 88' lang='lat' dir='ltr'><strong>moveamini</strong></span> <span class='ocrx_word' id='word_1_800' title='bbox 692 4758 727 4795; x_wconf 89' lang='lat' dir='ltr'><strong>a</strong></span> <span class='ocrx_word' id='word_1_801' title='bbox 768 4748 953 4797; x_wconf 90' lang='lat' dir='ltr'><strong>vestro</strong></span> <span class='ocrx_word' id='word_1_802' title='bbox 981 4758 1168 4810; x_wconf 90' lang='lat' dir='ltr'><strong>sensu,</strong></span> <span class='ocrx_word' id='word_1_803' title='bbox 1202 4758 1386 4813; x_wconf 90' lang='lat' dir='ltr'><strong>neque</strong></span> <span class='ocrx_word' id='word_1_804' title='bbox 1432 4743 1758 4797; x_wconf 88' lang='lat' dir='ltr'><strong>terreamini</strong></span> <span class='ocrx_word' id='word_1_805' title='bbox 1845 4762 1870 4794; x_wconf 71' lang='grc' dir='ltr'><strong>(ι</strong></span> <span class='ocrx_word' id='word_1_806' title='bbox 1902 4742 2018 4796; x_wconf 71' lang='lat' dir='ltr'><strong>haec</strong></span> <span class='ocrx_word' id='word_1_807' title='bbox 2046 4738 2301 4794; x_wconf 88' lang='lat' dir='ltr'><strong>dicebam</strong></span> <span class='ocrx_word' id='word_1_808' title='bbox 2330 4737 2485 4790; x_wconf 88' lang='lat' dir='ltr'><strong>vobis</strong></span> <span class='ocrx_word' id='word_1_809' title='bbox 2505 4738 2530 4789; x_wconf 72' lang='grc'><strong>7</strong></span> <span class='ocrx_word' id='word_1_810' title='bbox 2556 4756 2581 4787; x_wconf 88' lang='grc'><strong>›)</strong></span> <span class='ocrx_word' id='word_1_811' title='bbox 2607 4734 2820 4790; x_wconf 90' lang='lat' dir='ltr'><strong>Deinde</strong></span> <span class='ocrx_word' id='word_1_812' title='bbox 2848 4734 3041 4804; x_wconf 87' lang='lat' dir='ltr'><strong>adjicit</strong></span> <span class='ocrx_word' id='word_1_813' title='bbox 3072 4752 3084 4787; x_wconf 91' lang='lat'><strong>:</strong></span> <span class='ocrx_word' id='word_1_814' title='bbox 3122 4754 3149 4786; x_wconf 83' lang='lat'>«</span> <span class='ocrx_word' id='word_1_815' title='bbox 3190 4735 3260 4789; x_wconf 91' lang='lat' dir='ltr'><strong>Et</strong></span> <span class='ocrx_word' id='word_1_816' title='bbox 3288 4752 3436 4790; x_wconf 89' lang='lat' dir='ltr'><strong>nunc</strong></span> 
     </span>
    </p>
   </div>
   <div class='ocr_carea' id='block_1_63' title="bbox 170 4823 3432 4903">
    <p class='ocr_par' dir='ltr' id='par_1_63' title="bbox 170 4823 3432 4903">
     <span class='ocr_line' id='line_1_63' title="bbox 170 4823 3432 4903; baseline -0.002 -19"><span class='ocrx_word' id='word_1_817' title='bbox 170 4841 329 4900; x_wconf 79' lang='lat' dir='ltr'><strong>neque</strong></span> <span class='ocrx_word' id='word_1_818' title='bbox 359 4848 472 4903; x_wconf 89' lang='lat' dir='ltr'><strong>per</strong></span> <span class='ocrx_word' id='word_1_819' title='bbox 513 4831 802 4903; x_wconf 88' lang='lat' dir='ltr'><strong>spiritum,</strong></span> <span class='ocrx_word' id='word_1_820' title='bbox 835 4846 1018 4902; x_wconf 87' lang='lat' dir='ltr'><strong>neque</strong></span> <span class='ocrx_word' id='word_1_821' title='bbox 1061 4847 1163 4902; x_wconf 89' lang='lat' dir='ltr'><strong>per</strong></span> <span class='ocrx_word' id='word_1_822' title='bbox 1195 4847 1532 4896; x_wconf 84' lang='lat' dir='ltr'><strong>sermonem,</strong></span> <span class='ocrx_word' id='word_1_823' title='bbox 1577 4848 1759 4901; x_wconf 89' lang='lat' dir='ltr'><strong>neque</strong></span> <span class='ocrx_word' id='word_1_824' title='bbox 1844 4850 1869 4882; x_wconf 74' lang='grc' dir='ltr'>α</span> <span class='ocrx_word' id='word_1_825' title='bbox 1900 4829 2047 4901; x_wconf 91' lang='lat' dir='ltr'><strong>quod</strong></span> <span class='ocrx_word' id='word_1_826' title='bbox 2067 4828 2284 4882; x_wconf 90' lang='lat' dir='ltr'><strong>detinet</strong></span> <span class='ocrx_word' id='word_1_827' title='bbox 2308 4826 2481 4891; x_wconf 89' lang='lat' dir='ltr'><strong>scitis,</strong></span> <span class='ocrx_word' id='word_1_828' title='bbox 2514 4830 2579 4879; x_wconf 90' lang='lat' dir='ltr'><strong>ut</strong></span> <span class='ocrx_word' id='word_1_829' title='bbox 2605 4824 2883 4877; x_wconf 88' lang='lat' dir='ltr'><strong>reveletur</strong></span> <span class='ocrx_word' id='word_1_830' title='bbox 2911 4823 2970 4877; x_wconf 92' lang='lat' dir='ltr'><strong>in</strong></span> <span class='ocrx_word' id='word_1_831' title='bbox 2991 4839 3092 4877; x_wconf 91' lang='lat' dir='ltr'><strong>suo</strong></span> <span class='ocrx_word' id='word_1_832' title='bbox 3105 4830 3378 4895; x_wconf 90' lang='lat' dir='ltr'><strong>tempore.</strong></span> <span class='ocrx_word' id='word_1_833' title='bbox 3408 4845 3432 4877; x_wconf 71' lang='grc' dir='ltr'><strong>ι)</strong></span> 
     </span>
    </p>
   </div>
   <div class='ocr_carea' id='block_1_64' title="bbox 170 4919 1755 4991">
    <p class='ocr_par' dir='ltr' id='par_1_64' title="bbox 170 4919 1755 4991">
     <span class='ocr_line' id='line_1_64' title="bbox 170 4919 1755 4991; baseline 0.002 -21"><span class='ocrx_word' id='word_1_834' title='bbox 170 4931 252 4984; x_wconf 82' lang='lat' dir='ltr'><strong>per</strong></span> <span class='ocrx_word' id='word_1_835' title='bbox 269 4919 596 4989; x_wconf 79' lang='lat' dir='ltr'><strong>epistolam,</strong></span> <span class='ocrx_word' id='word_1_836' title='bbox 632 4925 902 4990; x_wconf 89' lang='lat' dir='ltr'><strong>tanquam</strong></span> <span class='ocrx_word' id='word_1_837' title='bbox 935 4935 1036 4991; x_wconf 91' lang='lat' dir='ltr'><strong>per</strong></span> <span class='ocrx_word' id='word_1_838' title='bbox 1064 4936 1166 4973; x_wconf 93' lang='lat' dir='ltr'><strong>nos</strong></span> <span class='ocrx_word' id='word_1_839' title='bbox 1195 4920 1443 4983; x_wconf 87' lang='lat' dir='ltr'><strong>missam,</strong></span> <span class='ocrx_word' id='word_1_840' title='bbox 1479 4920 1640 4989; x_wconf 89' lang='lat' dir='ltr'><strong>quasi</strong></span> <span class='ocrx_word' id='word_1_841' title='bbox 1668 4921 1755 4974; x_wconf 89' lang='lat' dir='ltr'><strong>in-</strong></span> 
     </span>
    </p>
   </div>
   <div class='ocr_carea' id='block_1_65' title="bbox 168 5007 1755 5079">
    <p class='ocr_par' dir='ltr' id='par_1_65' title="bbox 168 5007 1755 5079">
     <span class='ocr_line' id='line_1_65' title="bbox 168 5007 1755 5079; baseline 0.003 -21"><span class='ocrx_word' id='word_1_842' title='bbox 168 5010 260 5058; x_wconf 73' lang='lat' dir='ltr'><strong>stet</strong></span> <span class='ocrx_word' id='word_1_843' title='bbox 286 5007 410 5061; x_wconf 88' lang='lat' dir='ltr'><strong>dies</strong></span> <span class='ocrx_word' id='word_1_844' title='bbox 444 5007 736 5062; x_wconf 78' lang='lat' dir='ltr'><strong>Domini.»</strong></span> <span class='ocrx_word' id='word_1_845' title='bbox 762 5008 892 5079; x_wconf 87' lang='lat' dir='ltr'><strong>Egit</strong></span> <span class='ocrx_word' id='word_1_846' title='bbox 918 5008 1069 5063; x_wconf 92' lang='lat' dir='ltr'><strong>enim</strong></span> <span class='ocrx_word' id='word_1_847' title='bbox 1096 5024 1260 5063; x_wconf 90' lang='lat' dir='ltr'><strong>verus</strong></span> <span class='ocrx_word' id='word_1_848' title='bbox 1291 5008 1488 5062; x_wconf 89' lang='lat' dir='ltr'><strong>doctor</strong></span> <span class='ocrx_word' id='word_1_849' title='bbox 1517 5013 1583 5063; x_wconf 91' lang='lat' dir='ltr'><strong>ut</strong></span> <span class='ocrx_word' id='word_1_850' title='bbox 1600 5009 1755 5078; x_wconf 90' lang='lat' dir='ltr'><strong>prius</strong></span> 
     </span>
    </p>
   </div>
   <div class='ocr_carea' id='block_1_66' title="bbox 168 5093 1754 5167">
    <p class='ocr_par' dir='ltr' id='par_1_66' title="bbox 168 5093 1754 5167">
     <span class='ocr_line' id='line_1_66' title="bbox 168 5093 1754 5167; baseline 0.001 -17"><span class='ocrx_word' id='word_1_851' title='bbox 168 5093 415 5150; x_wconf 69' lang='lat' dir='ltr'><strong>audirent</strong></span> <span class='ocrx_word' id='word_1_852' title='bbox 464 5096 679 5151; x_wconf 87' lang='lat' dir='ltr'><strong>laudati</strong></span> <span class='ocrx_word' id='word_1_853' title='bbox 719 5097 868 5167; x_wconf 88' lang='lat' dir='ltr'><strong>quod</strong></span> <span class='ocrx_word' id='word_1_854' title='bbox 920 5103 1400 5167; x_wconf 89' lang='lat' dir='ltr'><strong>recognoscerent,</strong></span> <span class='ocrx_word' id='word_1_855' title='bbox 1425 5102 1483 5150; x_wconf 90' lang='lat' dir='ltr'><strong>et</strong></span> <span class='ocrx_word' id='word_1_856' title='bbox 1510 5102 1754 5167; x_wconf 89' lang='lat' dir='ltr'><strong>postmo-</strong></span> 
     </span>
    </p>
   </div>
   <div class='ocr_carea' id='block_1_67' title="bbox 171 5180 1752 5257">
    <p class='ocr_par' dir='ltr' id='par_1_67' title="bbox 171 5180 1752 5257">
     <span class='ocr_line' id='line_1_67' title="bbox 171 5180 1752 5257; baseline 0.001 -19"><span class='ocrx_word' id='word_1_857' title='bbox 171 5180 286 5237; x_wconf 70' lang='lat' dir='ltr'><strong>dum</strong></span> <span class='ocrx_word' id='word_1_858' title='bbox 317 5185 473 5255; x_wconf 88' lang='lat' dir='ltr'><strong>quod</strong></span> <span class='ocrx_word' id='word_1_859' title='bbox 493 5185 775 5240; x_wconf 81' lang='lat' dir='ltr'><strong>exhortati</strong></span> <span class='ocrx_word' id='word_1_860' title='bbox 803 5191 1176 5257; x_wconf 89' lang='lat' dir='ltr'><strong>sequerentur</strong></span> <span class='ocrx_word' id='word_1_861' title='bbox 1207 5204 1219 5239; x_wconf 90' lang='lat'><strong>:</strong></span> <span class='ocrx_word' id='word_1_862' title='bbox 1252 5190 1530 5256; x_wconf 89' lang='lat' dir='ltr'><strong>quatenus</strong></span> <span class='ocrx_word' id='word_1_863' title='bbox 1558 5202 1752 5240; x_wconf 88' lang='lat' dir='ltr'><strong>eorum</strong></span> 
     </span>
    </p>
   </div>
   <div class='ocr_carea' id='block_1_68' title="bbox 170 5273 1752 5344">
    <p class='ocr_par' dir='ltr' id='par_1_68' title="bbox 170 5273 1752 5344">
     <span class='ocr_line' id='line_1_68' title="bbox 170 5273 1752 5344; baseline 0.001 -18"><span class='ocrx_word' id='word_1_864' title='bbox 170 5278 404 5329; x_wconf 78' lang='lat' dir='ltr'><strong>mentem</strong></span> <span class='ocrx_word' id='word_1_865' title='bbox 450 5289 522 5328; x_wconf 89' lang='lat' dir='ltr'><strong>ne</strong></span> <span class='ocrx_word' id='word_1_866' title='bbox 572 5273 884 5329; x_wconf 89' lang='lat' dir='ltr'><strong>admonitio</strong></span> <span class='ocrx_word' id='word_1_867' title='bbox 921 5273 1220 5344; x_wconf 91' lang='lat' dir='ltr'><strong>subjuncta</strong></span> <span class='ocrx_word' id='word_1_868' title='bbox 1257 5279 1597 5339; x_wconf 90' lang='lat' dir='ltr'><strong>concuteret,</strong></span> <span class='ocrx_word' id='word_1_869' title='bbox 1629 5274 1752 5328; x_wconf 90' lang='lat' dir='ltr'><strong>laus</strong></span> 
     </span>
    </p>
   </div>
   <div class='ocr_carea' id='block_1_69' title="bbox 172 5362 1754 5433">
    <p class='ocr_par' dir='ltr' id='par_1_69' title="bbox 172 5362 1754 5433">
     <span class='ocr_line' id='line_1_69' title="bbox 172 5362 1754 5433; baseline 0 -17"><span class='ocrx_word' id='word_1_870' title='bbox 172 5362 446 5427; x_wconf 69' lang='lat' dir='ltr'><strong>missa</strong></span> <span class='ocrx_word' id='word_1_871' title='bbox 467 5362 754 5429; x_wconf 87' lang='lat' dir='ltr'><strong>solidaret,</strong></span> <span class='ocrx_word' id='word_1_872' title='bbox 786 5367 845 5416; x_wconf 89' lang='lat' dir='ltr'><strong>et</strong></span> <span class='ocrx_word' id='word_1_873' title='bbox 870 5362 967 5433; x_wconf 89' lang='lat' dir='ltr'><strong>qui</strong></span> <span class='ocrx_word' id='word_1_874' title='bbox 989 5368 1297 5417; x_wconf 91' lang='lat' dir='ltr'><strong>commotos</strong></span> <span class='ocrx_word' id='word_1_875' title='bbox 1325 5378 1421 5416; x_wconf 90' lang='lat' dir='ltr'><strong>eos</strong></span> <span class='ocrx_word' id='word_1_876' title='bbox 1448 5362 1612 5417; x_wconf 90' lang='lat' dir='ltr'><strong>vicini</strong></span> <span class='ocrx_word' id='word_1_877' title='bbox 1626 5363 1754 5416; x_wconf 92' lang='lat' dir='ltr'><strong>ﬁnis</strong></span> 
     </span>
    </p>
   </div>
   <div class='ocr_carea' id='block_1_70' title="bbox 170 5449 1748 5522">
    <p class='ocr_par' dir='ltr' id='par_1_70' title="bbox 170 5449 1748 5522">
     <span class='ocr_line' id='line_1_70' title="bbox 170 5449 1748 5522; baseline 0.001 -19"><span class='ocrx_word' id='word_1_878' title='bbox 170 5449 477 5520; x_wconf 81' lang='lat' dir='ltr'><strong>suspicione</strong></span> <span class='ocrx_word' id='word_1_879' title='bbox 494 5456 851 5522; x_wconf 84' lang='lat' dir='ltr'><strong>cognoverat,</strong></span> <span class='ocrx_word' id='word_1_880' title='bbox 882 5467 997 5505; x_wconf 92' lang='lat' dir='ltr'><strong>non</strong></span> <span class='ocrx_word' id='word_1_881' title='bbox 1010 5453 1129 5522; x_wconf 90' lang='lat' dir='ltr'><strong>jam</strong></span> <span class='ocrx_word' id='word_1_882' title='bbox 1150 5450 1525 5522; x_wconf 87' lang='lat' dir='ltr'><strong>redarguebat</strong></span> <span class='ocrx_word' id='word_1_883' title='bbox 1548 5456 1748 5516; x_wconf 91' lang='lat' dir='ltr'><strong>motos,</strong></span> 
     </span>
    </p>
   </div>
   <div class='ocr_carea' id='block_1_71' title="bbox 170 5536 1753 5610">
    <p class='ocr_par' dir='ltr' id='par_1_71' title="bbox 170 5536 1753 5610">
     <span class='ocr_line' id='line_1_71' title="bbox 170 5536 1753 5610; baseline 0.002 -20"><span class='ocrx_word' id='word_1_884' title='bbox 170 5536 255 5590; x_wconf 68' lang='lat' dir='ltr'><strong>sed</strong></span> <span class='ocrx_word' id='word_1_885' title='bbox 272 5539 442 5608; x_wconf 87' lang='lat' dir='ltr'><strong>quasi</strong></span> <span class='ocrx_word' id='word_1_886' title='bbox 458 5545 745 5595; x_wconf 78' lang='lat' dir='ltr'><strong>u-ansacta</strong></span> <span class='ocrx_word' id='word_1_887' title='bbox 763 5539 1040 5603; x_wconf 85' lang='lat' dir='ltr'><strong>nesciens,</strong></span> <span class='ocrx_word' id='word_1_888' title='bbox 1071 5540 1254 5595; x_wconf 89' lang='lat' dir='ltr'><strong>adhuc</strong></span> <span class='ocrx_word' id='word_1_889' title='bbox 1273 5540 1609 5595; x_wconf 90' lang='lat' dir='ltr'><strong>commoveri</strong></span> <span class='ocrx_word' id='word_1_890' title='bbox 1629 5556 1753 5610; x_wconf 91' lang='lat' dir='ltr'><strong>pro-</strong></span> 
     </span>
    </p>
   </div>
   <div class='ocr_carea' id='block_1_72' title="bbox 1838 4912 3437 4988">
    <p class='ocr_par' dir='ltr' id='par_1_72' title="bbox 1838 4912 3437 4988">
     <span class='ocr_line' id='line_1_72' title="bbox 1838 4912 3437 4988; baseline -0.003 -15"><span class='ocrx_word' id='word_1_891' title='bbox 1838 4919 1986 4974; x_wconf 90' lang='lat' dir='ltr'><strong>Dicit</strong></span> <span class='ocrx_word' id='word_1_892' title='bbox 2011 4923 2203 4972; x_wconf 91' lang='lat' dir='ltr'><strong>autem</strong></span> <span class='ocrx_word' id='word_1_893' title='bbox 2231 4916 2383 4988; x_wconf 92' lang='lat' dir='ltr'><strong>quod</strong></span> <span class='ocrx_word' id='word_1_894' title='bbox 2412 4931 2561 4969; x_wconf 90' lang='lat' dir='ltr'><strong>nunc</strong></span> <span class='ocrx_word' id='word_1_895' title='bbox 2590 4912 2826 4978; x_wconf 88' lang='lat' dir='ltr'><strong>detinet,</strong></span> <span class='ocrx_word' id='word_1_896' title='bbox 2877 4929 2944 4967; x_wconf 94' lang='lat' dir='ltr'><strong>eo</strong></span> <span class='ocrx_word' id='word_1_897' title='bbox 2992 4912 3139 4984; x_wconf 92' lang='lat' dir='ltr'><strong>quod</strong></span> <span class='ocrx_word' id='word_1_898' title='bbox 3179 4912 3437 4968; x_wconf 89' lang='lat' dir='ltr'><strong>diabolus</strong></span> 
     </span>
    </p>
   </div>
   <div class='ocr_carea' id='block_1_73' title="bbox 1836 5001 3433 5078">
    <p class='ocr_par' dir='ltr' id='par_1_73' title="bbox 1836 5001 3433 5078">
     <span class='ocr_line' id='line_1_73' title="bbox 1836 5001 3433 5078; baseline -0.004 -16"><span class='ocrx_word' id='word_1_899' title='bbox 1836 5008 2047 5062; x_wconf 91' lang='lat' dir='ltr'><strong>dudum</strong></span> <span class='ocrx_word' id='word_1_900' title='bbox 2069 5006 2298 5078; x_wconf 88' lang='lat' dir='ltr'><strong>quidem</strong></span> <span class='ocrx_word' id='word_1_901' title='bbox 2328 5003 2569 5059; x_wconf 89' lang='lat' dir='ltr'><strong>voluerit</strong></span> <span class='ocrx_word' id='word_1_902' title='bbox 2596 5003 2701 5057; x_wconf 89' lang='lat' dir='ltr'><strong>hoc</strong></span> <span class='ocrx_word' id='word_1_903' title='bbox 2732 5001 2881 5057; x_wconf 90' lang='lat' dir='ltr'><strong>idem</strong></span> <span class='ocrx_word' id='word_1_904' title='bbox 2907 5001 3108 5066; x_wconf 85' lang='lat' dir='ltr'><strong>facere,</strong></span> <span class='ocrx_word' id='word_1_905' title='bbox 3134 5001 3282 5054; x_wconf 92' lang='lat' dir='ltr'><strong>Deus</strong></span> <span class='ocrx_word' id='word_1_906' title='bbox 3302 5019 3433 5056; x_wconf 90' lang='lat' dir='ltr'><strong>vero</strong></span> 
     </span>
    </p>
   </div>
   <div class='ocr_carea' id='block_1_74' title="bbox 1833 5090 3437 5164">
    <p class='ocr_par' dir='ltr' id='par_1_74' title="bbox 1833 5090 3437 5164">
     <span class='ocr_line' id='line_1_74' title="bbox 1833 5090 3437 5164; baseline -0.004 -14"><span class='ocrx_word' id='word_1_907' title='bbox 1833 5096 2062 5150; x_wconf 89' lang='lat' dir='ltr'><strong>interim</strong></span> <span class='ocrx_word' id='word_1_908' title='bbox 2082 5095 2308 5159; x_wconf 90' lang='lat' dir='ltr'><strong>retinet,</strong></span> <span class='ocrx_word' id='word_1_909' title='bbox 2328 5111 2394 5149; x_wconf 92' lang='lat' dir='ltr'><strong>eo</strong></span> <span class='ocrx_word' id='word_1_910' title='bbox 2415 5093 2563 5164; x_wconf 86' lang='lat' dir='ltr'><strong>quod</strong></span> <span class='ocrx_word' id='word_1_911' title='bbox 2594 5099 2817 5163; x_wconf 89' lang='lat' dir='ltr'><strong>tempus</strong></span> <span class='ocrx_word' id='word_1_912' title='bbox 2837 5090 3039 5146; x_wconf 91' lang='lat' dir='ltr'><strong>statuit</strong></span> <span class='ocrx_word' id='word_1_913' title='bbox 3074 5105 3437 5144; x_wconf 90' lang='lat' dir='ltr'><strong>consumma-</strong></span> 
     </span>
    </p>
   </div>
   <div class='ocr_carea' id='block_1_75' title="bbox 1830 5177 3434 5252">
    <p class='ocr_par' dir='ltr' id='par_1_75' title="bbox 1830 5177 3434 5252">
     <span class='ocr_line' id='line_1_75' title="bbox 1830 5177 3434 5252; baseline -0.003 -13"><span class='ocrx_word' id='word_1_914' title='bbox 1830 5184 2002 5239; x_wconf 88' lang='lat' dir='ltr'><strong>tionis</strong></span> <span class='ocrx_word' id='word_1_915' title='bbox 2024 5184 2210 5239; x_wconf 69' lang='lat' dir='ltr'><strong>saeculi</strong></span> <span class='ocrx_word' id='word_1_916' title='bbox 2242 5184 2426 5249; x_wconf 88' lang='lat' dir='ltr'><strong>istius,</strong></span> <span class='ocrx_word' id='word_1_917' title='bbox 2450 5181 2754 5237; x_wconf 82' lang='lat' dir='ltr'><strong>secundum</strong></span> <span class='ocrx_word' id='word_1_918' title='bbox 2788 5196 2958 5252; x_wconf 89' lang='lat' dir='ltr'><strong>quam</strong></span> <span class='ocrx_word' id='word_1_919' title='bbox 2980 5177 3154 5233; x_wconf 90' lang='lat' dir='ltr'><strong>videri</strong></span> <span class='ocrx_word' id='word_1_920' title='bbox 3176 5179 3434 5234; x_wconf 84' lang='lat' dir='ltr'><strong>concedit</strong></span> 
     </span>
    </p>
   </div>
   <div class='ocr_carea' id='block_1_76' title="bbox 1833 5267 3427 5344">
    <p class='ocr_par' dir='ltr' id='par_1_76' title="bbox 1833 5267 3427 5344">
     <span class='ocr_line' id='line_1_76' title="bbox 1833 5267 3427 5344; baseline -0.003 -15"><span class='ocrx_word' id='word_1_921' title='bbox 1833 5290 1984 5329; x_wconf 90' lang='lat' dir='ltr'><strong>eum.</strong></span> <span class='ocrx_word' id='word_1_922' title='bbox 2001 5273 2119 5327; x_wconf 88' lang='lat' dir='ltr'><strong>Hoc</strong></span> <span class='ocrx_word' id='word_1_923' title='bbox 2139 5272 2441 5344; x_wconf 87' lang='lat' dir='ltr'><strong>Apostolus</strong></span> <span class='ocrx_word' id='word_1_924' title='bbox 2460 5270 2774 5326; x_wconf 89' lang='lat' dir='ltr'><strong>nominavit</strong></span> <span class='ocrx_word' id='word_1_925' title='bbox 2784 5289 2809 5321; x_wconf 67' lang='grc' dir='ltr'><strong>(ι</strong></span> <span class='ocrx_word' id='word_1_926' title='bbox 2832 5268 2979 5340; x_wconf 91' lang='lat' dir='ltr'><strong>quod</strong></span> <span class='ocrx_word' id='word_1_927' title='bbox 2999 5283 3148 5322; x_wconf 90' lang='lat' dir='ltr'><strong>nunc</strong></span> <span class='ocrx_word' id='word_1_928' title='bbox 3159 5267 3427 5338; x_wconf 86' lang='lat' dir='ltr'><strong>detinet,»</strong></span> 
     </span>
    </p>
   </div>
   <div class='ocr_carea' id='block_1_77' title="bbox 1834 5356 3424 5429">
    <p class='ocr_par' dir='ltr' id='par_1_77' title="bbox 1834 5356 3424 5429">
     <span class='ocr_line' id='line_1_77' title="bbox 1834 5356 3424 5429; baseline -0.004 -12"><span class='ocrx_word' id='word_1_929' title='bbox 1834 5362 1937 5417; x_wconf 90' lang='lat' dir='ltr'><strong>Dei</strong></span> <span class='ocrx_word' id='word_1_930' title='bbox 1962 5361 2154 5415; x_wconf 88' lang='lat' dir='ltr'><strong>dicens</strong></span> <span class='ocrx_word' id='word_1_931' title='bbox 2181 5360 2566 5416; x_wconf 87' lang='lat' dir='ltr'><strong>deﬁnitionem</strong></span> <span class='ocrx_word' id='word_1_932' title='bbox 2583 5359 2836 5413; x_wconf 89' lang='lat' dir='ltr'><strong>detinere</strong></span> <span class='ocrx_word' id='word_1_933' title='bbox 2857 5372 3007 5411; x_wconf 89' lang='lat' dir='ltr'><strong>eum.</strong></span> <span class='ocrx_word' id='word_1_934' title='bbox 3028 5356 3187 5411; x_wconf 91' lang='lat' dir='ltr'><strong>Unde</strong></span> <span class='ocrx_word' id='word_1_935' title='bbox 3201 5358 3424 5429; x_wconf 90' lang='lat' dir='ltr'><strong>adjicit:</strong></span> 
     </span>
    </p>
   </div>
   <div class='ocr_carea' id='block_1_78' title="bbox 1838 5445 3429 5527">
    <p class='ocr_par' dir='ltr' id='par_1_78' title="bbox 1838 5445 3429 5527">
     <span class='ocr_line' id='line_1_78' title="bbox 1838 5445 3429 5527; baseline -0.001 -24"><span class='ocrx_word' id='word_1_936' title='bbox 1838 5470 1860 5503; x_wconf 76' lang='grc' dir='ltr'><strong>(ι</strong></span> <span class='ocrx_word' id='word_1_937' title='bbox 1896 5451 1972 5505; x_wconf 92' lang='lat' dir='ltr'><strong>Ut</strong></span> <span class='ocrx_word' id='word_1_938' title='bbox 1988 5449 2265 5503; x_wconf 88' lang='lat' dir='ltr'><strong>reveletur</strong></span> <span class='ocrx_word' id='word_1_939' title='bbox 2290 5449 2442 5503; x_wconf 89' lang='lat' dir='ltr'><strong>idem</strong></span> <span class='ocrx_word' id='word_1_940' title='bbox 2463 5465 2564 5504; x_wconf 90' lang='lat' dir='ltr'><strong>suo</strong></span> <span class='ocrx_word' id='word_1_941' title='bbox 2580 5454 2897 5519; x_wconf 90' lang='lat' dir='ltr'><strong>tempore.»</strong></span> <span class='ocrx_word' id='word_1_942' title='bbox 2927 5445 3098 5510; x_wconf 84' lang='lat' dir='ltr'><strong>Quasi</strong></span> <span class='ocrx_word' id='word_1_943' title='bbox 3117 5446 3215 5517; x_wconf 90' lang='lat' dir='ltr'><strong>qui</strong></span> <span class='ocrx_word' id='word_1_944' title='bbox 3235 5448 3429 5527; x_wconf 74' lang='lat' dir='ltr'><strong>prohi-</strong></span> 
     </span>
    </p>
   </div>
   <div class='ocr_carea' id='block_1_79' title="bbox 1833 5534 3427 5608">
    <p class='ocr_par' dir='ltr' id='par_1_79' title="bbox 1833 5534 3427 5608">
     <span class='ocr_line' id='line_1_79' title="bbox 1833 5534 3427 5608; baseline -0.004 -14"><span class='ocrx_word' id='word_1_945' title='bbox 1833 5539 2035 5594; x_wconf 89' lang='lat' dir='ltr'><strong>beatur</strong></span> <span class='ocrx_word' id='word_1_946' title='bbox 2062 5554 2211 5592; x_wconf 91' lang='lat' dir='ltr'><strong>nunc</strong></span> <span class='ocrx_word' id='word_1_947' title='bbox 2238 5538 2414 5594; x_wconf 90' lang='lat' dir='ltr'><strong>videri</strong></span> <span class='ocrx_word' id='word_1_948' title='bbox 2443 5554 2619 5608; x_wconf 87' lang='lat' dir='ltr'><strong>usque</strong></span> <span class='ocrx_word' id='word_1_949' title='bbox 2640 5542 2793 5601; x_wconf 88' lang='lat' dir='ltr'><strong>tunc,</strong></span> <span class='ocrx_word' id='word_1_950' title='bbox 2818 5551 2885 5589; x_wconf 90' lang='lat' dir='ltr'><strong>eo</strong></span> <span class='ocrx_word' id='word_1_951' title='bbox 2903 5535 3053 5606; x_wconf 91' lang='lat' dir='ltr'><strong>quod</strong></span> <span class='ocrx_word' id='word_1_952' title='bbox 3072 5534 3261 5589; x_wconf 88' lang='lat' dir='ltr'><strong>divina</strong></span> <span class='ocrx_word' id='word_1_953' title='bbox 3287 5535 3427 5589; x_wconf 85' lang='lat' dir='ltr'><strong>deﬁ-</strong></span> 
     </span>
    </p>
   </div>
  </div>
