3868 6138
186 328 268 387 m
476 318 1046 379 ENARRATIONUII
1079 321 1160 379 ni
1195 322 1352 381 ω.
1391 318 1607 381 rsum
1643 322 1781 381 LIB.
1819 290 1997 381 nn.
2040 350 2106 368 -.
2146 323 2230 382 ιιι
2266 322 2490 381 mer.
2531 324 2585 381 n
2621 322 2720 380 sn
2758 322 3006 381 reuss.
3162 308 3165 311 ’
3272 324 3374 382 an

182 465 385 526 μποηθ
417 446 580 503 voluit
618 463 743 501 cum
789 458 956 501 suum
989 447 1301 503 dominium
1352 460 1608 519 quarens
1647 450 1699 504 ei
1715 449 1930 520 Aquod
1958 462 2062 504 nec
2074 451 2232 521 justa
2250 450 2351 504 ﬂat
2368 450 2587 504 ratione
2605 448 2809 504 abillis
2829 448 2925 520 qui
2946 460 3017 504 es
3030 447 3282 518 faciunt;
3320 456 3382 506 et

178 542 356 599 subesse
377 536 666 593 recusavit:
691 536 949 591 imitatur
964 552 1097 607 ergo
1120 537 1415 593 Diabolum
1444 538 1697 609 quisquis
1779 540 2045 609 quoniam
2075 540 2144 593 de
2174 540 2286 593 illis
2304 540 2401 610 qui
2420 546 2556 594 tunc
2573 538 2848 617 increduli
2867 544 3035 594 erunt
3053 538 3212 606 dixit,
3235 539 3380 595 bene

178 631 333 687 idcirco
348 630 663 698 potestatem
681 642 840 679 suam
863 626 1095 696 appetit,
1123 626 1256 696 quia
1281 627 1333 680 ei
1363 628 1458 697 qui
1481 627 1585 681 sibi
1612 633 1699 682 est
1778 628 1974 699 adjicit
1999 647 2009 680 :
2722 616 2725 617 ν
2754 616 2759 621 ”

174 732 363 789 super
407 714 750 769 ordinatione
803 715 1135 785 pmpositus
1188 714 1415 770 subesse
1461 717 1693 771 fastidit.
1856 736 1879 767 α
1915 719 2029 772 Nos
2059 722 2247 772 autem
2277 718 2547 773 debemus
2573 719 2786 787 gratias
2814 730 2981 788 egere
3016 717 3133 772 Deo
3158 730 3382 789 semper

177 805 333 874 amb.)
354 801 748 858 intendendum
791 814 922 856 vero
966 809 1053 858 est
1090 803 1173 858 illi
1218 804 1386 874 parti,
1432 805 1697 875 quoniam
1783 823 1811 858 α
1843 821 1943 877 pro
1988 806 2158 870 vobis,
2212 807 2434 871 fratres,
2487 807 2677 861 dilecti
2724 823 2760 861 a
2803 806 3062 873 Domino,
3114 806 3380 877 quoniam

174 893 503 951 meletiouem
913 892 1421 947 manifestationem
1464 894 1693 959 vocavit,
1783 914 1811 947 ‹‹
1843 896 2131 967 praeelegit
2149 912 2251 951 nos
2271 898 2420 952 Deus
2440 896 2511 951 ab
2530 895 2693 951 initio
2719 896 2779 950 in
2811 896 3051 951 salutem
3084 896 3143 950 in
3171 897 3381 951 sancti-

172 991 214 1039 et
231 982 449 1053 superius
467 980 662 1035 dicens
688 999 700 1034 :
739 1000 761 1033 ι
797 981 941 1036 Cum
969 982 1246 1036 revelatus
1273 982 1446 1036 fuerit
1472 983 1695 1049 homo,»
1785 1002 1810 1036 ι(
1841 985 2103 1040 ﬁcatione
2133 986 2396 1056 Spiritus,
2431 991 2490 1041 et
2519 986 2629 1040 fide
2656 985 2909 1039 veritatis
2937 985 2995 1039 in
3021 985 3170 1056 quod
3197 990 3257 1039 et
3281 1000 3379 1039 vo.

170 1070 500 1127 etiahooloco
523 1088 550 1121 α
575 1069 933 1125 Revelabitur
950 1070 1197 1141 iniquus,
1228 1090 1253 1123 ν
1289 1088 1357 1126 eo
1388 1071 1537 1143 quod
1565 1073 1698 1127 Dia.
1783 1090 1811 1125 α
1842 1075 1989 1128 cavit
2014 1090 2112 1129 vos
2131 1090 2233 1145 per
2254 1074 2635 1145 Evangelium,
2660 1075 2719 1128 in
2742 1074 3168 1145 acquisitionem
3187 1074 3381 1143 gloria

169 1162 506 1229 boumsemper
532 1159 761 1230 quidem
784 1158 854 1213 ab
880 1160 1122 1214 adventu
1152 1160 1377 1215 Domini
1396 1161 1701 1215 meditatur
1785 1180 1811 1214 (ι
1848 1163 2072 1217 Domini
2103 1166 2280 1218 nostri
2307 1165 2440 1218 Jesu
2470 1164 2700 1217 Christi.
2746 1180 2770 1215 δ
2815 1165 3011 1234 Itaque
3053 1169 3111 1217 et
3152 1169 3381 1234 propter

169 1250 267 1305 illud
291 1248 451 1311 facere
477 1248 551 1302 ad
581 1248 935 1304 nocivitatem
978 1250 1291 1313 hominum,
1321 1256 1379 1304 et
1406 1251 1601 1321 utique
1630 1250 1698 1304 il-
1782 1254 1906 1319 hoc,
1942 1251 2142 1323 inquit,
2175 1268 2276 1323 pro
2306 1253 2461 1307 vobis
2488 1251 2701 1323 gratias
2714 1252 2936 1322 agimus
2952 1251 3088 1317 Deo,
3111 1251 3376 1322 quoniam

168 1339 235 1393 iud
259 1338 466 1401 fecisset,
500 1338 551 1392 si
584 1352 699 1392 non
736 1338 1042 1393 secundum
1080 1338 1509 1393 inenarrabilem
1539 1354 1700 1394 suam
1783 1358 1878 1396 vos
1907 1342 2092 1411 elegit,
2118 1341 2198 1395 ita
2220 1347 2283 1395 ut
2303 1348 2679 1413 exspectatam
2702 1341 2963 1395 fruamini
2982 1341 3223 1395 salutem
3257 1356 3382 1411 par-

168 1426 510 1498 providentiam
559 1426 931 1481 continuisset
976 1428 1126 1481 Deus
1173 1443 1323 1481 eum.
1368 1428 1704 1498 Operabitur
1782 1430 2022 1502 ticipans
2049 1431 2275 1501 quidem
2305 1430 2459 1485 vobis
2480 1429 2723 1499 gratiam
2762 1430 3026 1501 Spiritus,
3050 1428 3268 1485 donans
3294 1446 3383 1485 ve-

167 1528 263 1570 rere
283 1524 417 1581 tunc,
448 1520 505 1569 et
539 1514 809 1585 perducet
836 1516 973 1570 illud
1001 1516 1061 1570 in
1080 1523 1294 1587 aperto,
1319 1518 1464 1588 quod
1487 1517 1698 1572 dudum
1784 1534 1846 1573 ro
1874 1519 2029 1574 vobis
2057 1519 2309 1574 veritatis
2343 1518 2531 1574 tidem.
2576 1521 2694 1573 Hoc
2734 1518 2885 1572 enim
2914 1517 3069 1573 vobis
3098 1519 3383 1590 Evangelii

165 1604 241 1659 sibi
264 1603 551 1667 videbatur,
582 1621 711 1659 cum
740 1605 822 1658 illi
849 1605 1021 1659 fuerit
1053 1621 1377 1660 concessum
1416 1620 1577 1660 suam
1604 1622 1701 1660 νοε-
1784 1608 2023 1679 praebuit
2046 1609 2282 1673 vacatio,
2304 1610 2555 1663 futuram
2583 1607 2821 1679 gloriam
2856 1626 2867 1661 :
2902 1623 3003 1679 per
3027 1607 3184 1662 illam
3214 1607 3383 1665 fidem

160 1694 381 1749 lanistam
410 1693 464 1747 in
484 1706 660 1764 opere
678 1694 1009 1764 producere;
1035 1701 1092 1748 et
1117 1695 1419 1749 ostendens
1436 1696 1701 1766 quoniam
1783 1713 1907 1768 qua;
1926 1699 1984 1752 in
2004 1699 2227 1753 Christo
2249 1703 2335 1752 est
2356 1698 2784 1770 repromittens;
2804 1702 2862 1751 et
2880 1703 3010 1768 post
3029 1698 3135 1752 hoc
3158 1713 3170 1751 :
3206 1714 3233 1749 α
3269 1699 3384 1752 ιω.

160 1798 235 1836 nec
258 1783 335 1836 ille
361 1783 475 1837 sine
506 1799 679 1853 paena
707 1782 834 1847 erit,
858 1783 1015 1837 addit
1039 1801 1050 1835 :
1079 1803 1101 1833 ς(
1118 1784 1298 1847 Quem
1320 1784 1592 1839 Dominus
1616 1784 1699 1838 ίηε
1720 1775 1765 1834 Β
1785 1805 1811 1838 α
1841 1802 1968 1857 que,
1991 1787 2213 1851 fratres,
2234 1794 2397 1853 state,
2423 1793 2481 1841 et
2506 1793 2696 1841 tenete
2726 1787 3082 1851 traditiones,
3124 1799 3264 1858 quas
3297 1784 3385 1841 dio

159 1891 180 1921 ε
201 1872 399 1927 terllciet
425 1872 645 1942 Spiritu
678 1871 791 1925 oris
820 1872 927 1937 sui,
959 1878 1018 1926 et
1045 1872 1299 1927 destruet
1326 1873 1699 1927 illustratione
1785 1892 1811 1927 α
1842 1876 2057 1930 dicistis
2086 1877 2199 1929 sive
2229 1891 2330 1946 per
2355 1875 2607 1941 verbum,
2648 1874 2764 1929 sive
2800 1888 2904 1946 per
2938 1875 3245 1946 Epistolam
3281 1890 3385 1929 no-

157 1987 174 2010 .
197 1960 426 2016 adventus
452 1961 566 2015 sui.
603 1961 838 2029 (Ambra)
872 1980 897 2013 ι
931 1961 1168 2015 Evidens
1196 1968 1300 2027 est,
1336 1963 1600 2032 quoniam
1630 1962 1699 2017 de
1786 1982 1812 2016 α
1844 1971 2038 2019 stram.
2074 1984 2099 2013 »
2145 1962 2262 2018 Hoc
2305 1964 2456 2019 enim
2497 1965 2567 2018 ad
2604 1967 2789 2019 totum
2829 1964 3093 2029 reddidit,
3135 1965 3239 2018 hoc
3275 1970 3381 2031 est,

152 2049 326 2103 homine
350 2049 407 2104 id
434 2049 575 2104 dicit
609 2067 620 2103 :
658 2066 760 2104 nec
786 2050 937 2103 enim
967 2050 1235 2105 Satanam
1264 2052 1505 2122 expedit,
1532 2064 1699 2122 quem
1781 2054 1954 2107 nolite
1980 2054 2309 2125 persuaderi
2341 2053 2410 2107 ab
2440 2054 2553 2107 illis
2589 2053 2685 2124 qui
2727 2066 2825 2106 vos
2860 2053 3129 2106 seducere
3167 2053 3379 2115 volunt,

150 2144 425 2193 etenmsst
450 2155 636 2210 parum
681 2138 1014 2203 traditurus,
1063 2139 1162 2193 sed
1210 2139 1392 2205 illum,
1443 2156 1509 2194 co
1550 2139 1697 2211 quod
1782 2143 1878 2197 sed
1912 2149 2138 2197 manete
2166 2143 2223 2196 in
2246 2142 2357 2197 illis
2391 2159 2512 2213 quae
2546 2141 2701 2195 vobis
2738 2141 3096 2205 tradidimus,
3140 2141 3255 2195 sive
3282 2154 3385 2211 per

150 2242 369 2297 organum
395 2227 499 2283 sibi
530 2228 695 2282 illum
726 2229 795 2282 ad
827 2233 1043 2282 tantam
1071 2228 1403 2299 explendam
1424 2230 1696 2285 malitiam
1780 2231 2010 2303 verbum
2044 2238 2367 2303 praesentes,
2406 2231 2522 2284 sive
2565 2236 2625 2284 et
2659 2229 2921 2284 absentes
2970 2242 3073 2299 per
3115 2229 3332 2283 litteras
3368 2248 3378 2281 :

148 2315 326 2371 Damon
343 2323 727 2387 opportunum
747 2317 1179 2387 cogitationibus
1197 2317 1317 2372 suis
1329 2334 1453 2372 esse
1468 2319 1694 2389 reperit,
1781 2316 1984 2374 deinde
2004 2321 2209 2375 iterum
2240 2324 2367 2375 orat
2393 2335 2494 2391 pro
2525 2318 2608 2373 eis
2639 2337 2650 2372 :
2689 2340 2713 2369 «
2746 2320 2871 2389 ipse
2900 2322 3093 2372 autem
3110 2316 3383 2371 Dominus

148 2409 192 2457 et
211 2405 296 2459 hoc
319 2405 373 2461 in
406 2405 886 2476 subsequentibus
925 2406 1177 2477 apertius
1204 2406 1585 2461 manifestavit
1611 2408 1698 2461 di-
1786 2428 1811 2459 «
1845 2417 2038 2464 noster
2054 2412 2219 2463 Jesus
2239 2409 2514 2471 Christus,
2540 2414 2599 2462 et
2616 2408 2767 2462 Deus
2787 2410 2847 2461 et
2864 2411 3026 2477 pater
3052 2412 3259 2469 noster,
3285 2406 3382 2476 qui

146 2509 244 2547 osus
268 2513 278 2545 :
310 2513 333 2545 ι
362 2495 543 2564 Cujus
572 2501 660 2548 est
697 2496 970 2549 adventus
1012 2496 1319 2549 secundum
1356 2496 1699 2566 inoperatio-
1785 2518 1810 2549 α
1843 2498 2041 2552 dilexit
2066 2512 2168 2553 nos
2196 2502 2254 2551 et
2283 2498 2440 2552 dedit
2468 2496 2627 2551 nobis
2656 2496 3093 2551 consolationem
3113 2501 3381 2549 aeternam

149 2600 169 2631 ι
191 2598 294 2636 nem
322 2584 566 2638 Satanan.
604 2604 629 2634 υ
661 2583 849 2637 Alium
891 2584 1192 2654 quemdam
1236 2585 1545 2639 insinuavit
1569 2601 1700 2641 eum
1786 2607 1811 2638 α
1853 2594 1913 2641 et
1941 2602 2098 2658 spem
2128 2586 2333 2641 bonam
2364 2588 2422 2640 in
2442 2586 2646 2655 gratia,
2677 2584 2996 2639 consoletur
3013 2584 3383 2637 eordavestrs

144 2688 235 2725 esse
258 2678 447 2742 praeter
484 2673 786 2737 Satanam,
828 2674 990 2743 cujus
1022 2672 1412 2744 inoperatione
1451 2674 1701 2745 seipsum
1785 2692 1811 2727 α
1844 2683 1902 2730 et
1931 2675 2288 2730 constabiliat
2312 2676 2371 2729 in
2401 2672 2555 2729 omni
2585 2674 2753 2728 verbo
2768 2680 2827 2728 et
2845 2687 3015 2744 opere
3034 2672 3197 2726 bono.
3222 2691 3248 2723 ι)
3271 2672 3380 2735 Qui

143 2759 518 2816 demonstrabit.
554 2761 829 2816 Terribile
861 2768 947 2815 est
965 2768 1152 2816 autem
1186 2763 1335 2832 quod
1355 2763 1507 2828 dicit,
1541 2763 1700 2817 illum
1779 2766 1982 2836 gratia,
2016 2765 2218 2836 inquit,
2238 2778 2343 2819 sua
2357 2770 2623 2819 aeternam
2641 2760 2799 2817 illam
2818 2761 3256 2816 consolationem
3286 2772 3384 2814 no.

140 2848 675 2922 euimtsliaagentem
693 2855 751 2905 et
770 2867 872 2921 per
887 2857 1068 2906 totum
1090 2851 1281 2905 orbem
1302 2867 1497 2906 omnes
1515 2852 1697 2906 homie
1780 2854 1866 2908 bis
1895 2854 2141 2927 donavit,
2174 2854 2231 2907 id
2255 2859 2360 2917 est,
2391 2853 2712 2907 futurorum
2741 2852 3016 2906 bonorum
3048 2862 3225 2921 spem,
3257 2848 3379 2919 ipse
3404 2900 3409 2903 _

142 2952 216 2991 nes
239 2938 512 2995 discedere
548 2956 585 2995 s
612 2940 819 3011 pietate
857 2940 1208 3006 suadentem,
1244 2938 1429 2995 subito
1463 2942 1533 2995 de
1560 2942 1697 2997 caelo
1781 2949 1838 2997 et
1865 2943 2175 2998 secundum
2220 2949 2554 3013 praesentem
2601 2942 2772 2995 vitam
2812 2942 2955 2994 hanc
2996 2943 3291 3011 prospsrst
3326 2944 3384 2992 st

138 3040 364 3098 apparens
391 3030 677 3093 Christus,
710 3035 769 3082 et
800 3029 1152 3083 solummodo
1180 3030 1447 3095 clamans,
1480 3044 1698 3084 cessare
1744 3097 1757 3099 Α
1781 3032 1949 3087 corda
1997 3038 2181 3086 vestra
2218 3046 2315 3086 vos
2371 3029 2728 3097 conﬁrmans,
2770 3036 2836 3084 ut
2871 3042 3056 3093 omne,
3108 3024 3381 3099 quidquid

140 3097 265 3170 hciet
286 3117 351 3171 ab
375 3131 574 3189 Opere,
608 3124 789 3172 totum
830 3118 989 3171 illum
1019 3118 1338 3189 espendens
1370 3136 1380 3171 :
1414 3120 1519 3173 hoc
1547 3120 1699 3173 enim
1720 3097 1763 3157 (ἶ
1782 3121 1921 3175 illud
1950 3120 2080 3175 boni
2109 3126 2214 3185 est,
2239 3127 2297 3175 et
2316 3119 2501 3175 dicere
2523 3120 2781 3174 etfacere
2802 3118 3047 3190 possitis.
3078 3097 3377 3185 (Daphnut.

136 3202 253 3265 dicit,
305 3207 529 3276 Spiritu
586 3211 720 3271 oris,
770 3207 875 3261 hoc
931 3213 1035 3269 est,
1088 3223 1236 3269 voce,
1294 3223 1360 3261 ex
1418 3208 1530 3261 illis
1579 3222 1701 3279 quis
1782 3213 1845 3264 in
1876 3212 2068 3264 Count.
2104 3210 2275 3278 Cass.)
2316 3210 2495 3264 Deum
2533 3222 2757 3281 quoque
2785 3214 2979 3279 aptare
3024 3207 3140 3261 sive
3178 3206 3384 3260 contir-

136 3294 249 3363 spud
268 3311 360 3350 nos
378 3306 520 3351 sunt
559 3312 790 3350 sumens
810 3296 967 3359 illud,
990 3302 1049 3349 et
1079 3295 1288 3361 dicens,
1321 3312 1387 3350 eo
1416 3294 1565 3367 quod
1598 3311 1701 3351 nos
1783 3313 1940 3353 mare
1969 3297 2186 3352 animos
2212 3301 2436 3352 nostros
2466 3296 2536 3351 ad
2565 3310 2730 3351 omne
2758 3310 2899 3368 opus
2927 3295 3137 3349 bonum
3165 3300 3224 3350 et
3250 3306 3384 3365 ope-

133 3381 291 3452 lpiﬁtu
323 3391 670 3457 cooperante
707 3384 996 3439 abutimur
1025 3386 1097 3439 ad
1125 3386 1481 3440 articulatam
1514 3387 1701 3457 laqueo
1782 3387 1897 3440 rari
1924 3387 1983 3441 in
2012 3386 2173 3443 nobis
2203 3402 2270 3442 ea
2298 3400 2422 3457 qum
2450 3384 2557 3441 sibi
2578 3392 2711 3440 sunt
2737 3385 2946 3457 placita
2972 3383 3122 3439 idem
3151 3386 3385 3455 Aposto‘

134 3470 707 3537 lsm.Quesecundum
727 3474 887 3528 illum
907 3480 1058 3535 sunt,
1083 3474 1293 3527 referre
1307 3474 1523 3545 incipit,
1542 3476 1703 3545 cujus
1782 3476 1870 3529 lus
1898 3476 2063 3529 docet
2104 3478 2284 3537 (Hebr.
2336 3476 2449 3544 xm)
2506 3486 2518 3525 ε
2570 3492 2593 3524 α
2650 3474 2801 3529 Deus
2845 3479 3035 3528 autem
3074 3474 3247 3545 pacis,
3287 3473 3383 3543 qui

134 3567 198 3614 est
218 3563 475 3618 adventus
502 3564 819 3617 secundum
848 3563 1292 3633 inoperationem
1325 3564 1565 3627 Satanae,
1599 3564 1703 3618 hoc
1786 3582 1811 3615 ε
1842 3565 2035 3619 eduxit
2064 3565 2135 3618 de
2177 3563 2428 3619 tenebris
2478 3569 2760 3634 pastorem
2807 3574 3075 3633 magnum
3108 3563 3297 3616 ovium
3326 3562 3384 3616 in

134 3658 211 3712 est,
243 3653 541 3723 apparebit
574 3653 658 3706 illi
696 3653 935 3707 Satanas
978 3651 1055 3705 ibi
1096 3651 1424 3723 inoperante
1460 3653 1651 3706 omnia
1683 3669 1694 3705 :
1785 3668 1811 3704 α
1845 3650 2476 3720 sanguineTestamenti
2491 3653 2689 3706 aeterni
2709 3648 2899 3706 Jesum
2914 3650 3387 3721 Christum.aptet

132 3736 293 3794 deinde
317 3743 521 3812 adjicit
549 3750 608 3795 et
636 3742 771 3812 quid
798 3740 890 3795 ille
923 3746 1190 3812 operatur
1216 3742 1272 3795 in
1295 3758 1379 3795 eo.
1407 3762 1429 3789 «
1456 3742 1519 3796 In
1548 3741 1699 3795 omni
1786 3762 1809 3789 α
1840 3758 1937 3795 vos
1967 3742 2023 3795 in
2055 3743 2209 3797 omni
2236 3741 2383 3795 bono
2428 3742 2641 3795 faciens
2680 3740 2738 3794 in
2779 3739 2935 3792 vobis
2980 3739 3126 3808 quod
3166 3740 3387 3809 placeat

132 3846 149 3873 ι
174 3828 353 3885 virtute
376 3836 437 3885 et
463 3831 653 3901 signis
682 3836 739 3884 et
770 3831 1040 3901 prodigiis
1063 3830 1444 3885 mendacibus.
1473 3848 1498 3881 ι)
1524 3831 1701 3885 Multa
1785 3846 1811 3882 ε(
1842 3842 2031 3884 eorum
2061 3846 2122 3883 se
2158 3845 2169 3882 :
2216 3848 2241 3881 ι)
2293 3826 2440 3900 quod
2483 3829 2654 3882 etiam
2691 3826 3281 3881 Thessalonicensibus
3319 3832 3386 3880 ut

130 3914 276 3986 inquit
300 3924 356 3974 et
382 3926 604 3991 magna
630 3920 793 3989 signa
820 3934 1043 3990 quoque
1076 3926 1133 3972 et
1174 3919 1431 3989 prodigia
1466 3920 1699 3973 demon-
1782 3919 2002 3974 eveniat
2022 3919 2103 3972 ita
2120 3923 2400 3989 precatur,
2424 3918 2614 3972 dicens
2641 3932 2653 3970 :
2682 3934 2707 3967 α
2736 3918 2861 3987 ipse
2891 3919 3081 3970 autem
3113 3913 3386 3969 Dominus

124 4005 287 4061 sti-abit
312 4026 414 4079 per
430 4018 594 4082 eum.
620 4009 770 4062 Bene
790 4014 978 4062 autem
998 4008 1209 4079 adjicit,
1239 4007 1659 4073 «mendacibus,
1672 4026 1696 4061 »
1785 4028 1811 4059 ‹‹
1843 4011 2004 4063 Iesus
2026 4008 2284 4062 Christus
2306 4012 2364 4063 et
2382 4008 2532 4062 Deus
2558 4013 2720 4078 pater
2740 4010 2933 4060 noster
2952 4004 3049 4076 qui
3069 4003 3265 4058 dilexit
3283 4016 3385 4057 nos

126 4097 404 4161 ostendens,
435 4097 714 4168 quoniam
734 4097 791 4150 in
813 4098 1205 4168 phantasmate
1232 4097 1413 4167 magis
1442 4112 1610 4167 quam
1642 4098 1700 4151 in
1786 4118 1811 4149 (ι
1845 4103 1903 4151 et
1921 4097 2078 4151 dedit
2094 4097 2533 4152 consolationem
2554 4101 2825 4150 aeternam
2849 4100 2910 4148 et
2923 4106 3082 4165 spem
3100 4092 3304 4147 bonam
3325 4092 3384 4147 in

123 4197 256 4251 opere
279 4186 411 4241 facit
439 4192 539 4242 ea.
580 4186 707 4250 Qua
747 4193 935 4240 autem
981 4187 1200 4240 ratione
1243 4186 1347 4239 hoc
1387 4192 1657 4257 operatur
1675 4187 1700 4238 7
1785 4202 1811 4236 α
1843 4181 2048 4256 gratia,
2072 4185 2401 4239 exhortatur
2419 4185 2589 4238 corda
2604 4189 2792 4238 vestra
2809 4187 2868 4237 et
2885 4181 3249 4237 confirmetin
3268 4191 3385 4235 om.

127 4294 141 4311 ι
170 4272 294 4329 Etin
310 4270 469 4331 omni
490 4275 1197 4346 seductioneinjustitiwin
1217 4275 1305 4328 his
1325 4274 1421 4345 qui
1439 4282 1695 4345 pereunt,
1787 4292 1813 4325 α
1845 4274 1903 4327 ni
1943 4288 2112 4345 opere
2157 4280 2215 4328 et
2263 4288 2523 4328 sermone
2575 4272 2738 4326 bono.
2787 4292 2808 4319 »ι
2864 4272 2999 4325 Post
3041 4270 3147 4324 hoc
3191 4268 3384 4323 scribit

124 4378 141 4405 ε
166 4364 380 4433 ecquod
413 4360 755 4427 clinritatem
787 4364 1039 4418 veritatis
1078 4380 1192 4418 non
1230 4369 1582 4435 receperunt,
1632 4370 1759 4473 utD
1782 4363 1881 4417 eis.

124 4472 141 4491 ς
167 4451 284 4505 salvi
309 4454 542 4508 ﬁerent.
570 4473 596 4504 »
632 4453 724 4508 Sic
750 4458 939 4508 autem
985 4455 1148 4507 vocat
1190 4468 1286 4507 eos
1328 4453 1424 4523 qui
1471 4454 1607 4506 sunt
1642 4448 1759 4506 ei”
2397 4450 2631 4506 CAPUT
2659 4448 2759 4503 ΙΙΙ.

121 4538 413 4609 accipiendi,
440 4544 550 4613 pro
570 4541 776 4611 quibus
792 4541 1131 4595 charitatem
1151 4540 1404 4595 veritatis
1424 4556 1539 4596 non
1570 4556 1648 4594 sui

1850 4561 2217 4628 h‘tApostolus
2239 4558 2547 4613 orationem
2584 4552 2862 4622 suﬂ’mgiz‘,
2895 4552 3169 4628 informat
3200 4564 3283 4605 eos
3312 4550 3374 4605 in

122 4636 356 4696 ceperunt
378 4638 448 4685 ut
469 4630 806 4691 salvantur:
840 4646 967 4684 cum
994 4630 1334 4695 convenerit,
1365 4630 1568 4701 inquit,
1602 4645 1697 4683 eos
1851 4624 2258 4699 regehemti'one
2287 4632 2444 4693 mali,
2478 4633 2642 4696 atque
2667 4628 2867 4679 incitat
2890 4625 2965 4677 ad
2993 4624 3234 4677 laborem
3262 4633 3381 4675 ma-

123 4728 418 4783 permsnere
444 4721 512 4774 in
541 4719 779 4774 veritate
806 4719 1114 4783 charitatis,
1159 4724 1219 4773 et
1258 4734 1369 4774 non
1409 4718 1696 4772 discedere
1852 4716 2051 4756 ηυανη·

123 4802 174 4855 ιι)
194 4806 304 4877 ipsa
331 4826 398 4862 ex
424 4825 547 4880 qua
575 4815 636 4863 et
655 4808 857 4862 salvari
886 4813 1165 4879 poterant.
1193 4825 1217 4859 α
1241 4808 1374 4863 Ideo
1394 4807 1569 4862 mittit
1586 4806 1696 4861 illis
1854 4827 1879 4859 «
1913 4808 1996 4860 De
2032 4812 2250 4872 cetero,
2295 4804 2517 4870 lintres,
2565 4807 2723 4857 orate
2751 4814 2852 4873 pro
2880 4800 3061 4869 nobis,
3095 4807 3161 4858 ut
3187 4811 3376 4856 sermo

126 4919 140 4937 η
164 4892 293 4950 Deus
314 4898 711 4969 operationem
732 4898 941 4953 erroris
958 4904 1024 4951 ut
1042 4898 1275 4952 credant
1301 4896 1610 4960 mendacio,
1637 4900 1694 4949 et
1782 4916 1807 4948 α
1840 4896 2066 4950 Domini
2096 4900 2287 4950 currat
2306 4899 2364 4949 et
2383 4893 2721 4948 clariﬂcetur
2738 4892 2887 4946 sicut
2915 4896 2975 4946 et
3000 4891 3148 4963 apud
3171 4901 3286 4959 vos,
3320 4895 3380 4947 et

125 5004 140 5023 ί
161 4984 471 5051 iudicentur
503 5004 702 5042 omnes
745 4988 840 5057 qui
886 5000 998 5041 non
1040 4985 1401 5041 crediderunt
1444 4985 1689 5051 veritati,
1777 5003 1803 5038 α
1836 4991 1901 5039 ut
1927 4982 2232 5039 liberemur
2252 4984 2322 5038 ab
2346 4981 2681 5054 importunis
2700 4986 2759 5035 et
2775 4981 2940 5035 malis
2967 4979 3306 5036 hominibus.
3344 4998 3371 5033 ιι

127 5094 142 5110 -
166 5073 245 5126 sed
273 5083 691 5131 consenserunt
712 5076 1019 5147 iniquitati.
1057 5094 1081 5127 ι)
1124 5075 1362 5130 Evidens
1402 5081 1506 5141 est,
1558 5090 1693 5146 quo.
1774 5076 2008 5147 (Amer
2046 5074 2132 5128 Ita
2156 5078 2223 5127 ut
2250 5077 2414 5127 orent
2441 5086 2541 5143 pro
2569 5082 2635 5125 eo
2676 5075 2735 5124 et
2776 5084 2879 5141 pro
2925 5070 3050 5140 ejus
3097 5069 3375 5124 desiderio

122 5160 237 5216 niam
255 5166 624 5220 concessione
646 5166 747 5219 Dei
764 5166 924 5236 quasi
944 5181 1084 5236 opus
1096 5166 1219 5235 ejus
1236 5180 1356 5218 esse
1372 5164 1687 5235 adscripsit,
1773 5163 2030 5217 doctrina
2070 5162 2279 5233 ubique
2316 5160 2626 5233 profectum
2657 5159 2913 5230 accipiat,
2943 5158 3108 5211 sicuti
3137 5162 3197 5211 et
3222 5158 3373 5228 apud

123 5249 213 5301 mit
233 5254 380 5307 enim
403 5254 619 5313 dicere.
654 5255 921 5325 quoniam
951 5270 1063 5309 non
1093 5260 1487 5325 permanentes
1518 5254 1577 5306 in
1605 5268 1693 5307 ve.
1774 5252 1918 5317 illos,
1952 5252 2033 5305 ita
2068 5256 2135 5305 ut
2158 5251 2229 5305 ab
2257 5245 2517 5304 omnibus
2544 5244 2763 5303 insidiis
2791 5246 3238 5302 adversariorum
3266 5248 3374 5301 eri-

120 5337 267 5396 ritate.
306 5344 621 5398 intendunt
662 5344 973 5398 seductioni
1014 5350 1071 5398 et
1116 5342 1345 5397 credent
1382 5343 1689 5409 mendacio,
1776 5341 2002 5412 piatur:
2037 5339 2240 5410 quibus
2269 5338 2469 5408 adjicit
2498 5355 2509 5390 ε
2546 5356 2570 5387 ‹‹
2604 5338 2728 5391 Non
2756 5336 2908 5391 enim
2937 5334 3190 5389 omnium
3231 5330 3372 5390 ﬁdes

117 5424 289 5490 iustam
316 5448 549 5502 ptenam
573 5433 897 5500 subeuntes,
929 5449 1030 5505 pro
1063 5432 1267 5504 quibus
1307 5433 1689 5503 relinquentes
1773 5436 1879 5484 est.
1906 5449 1930 5482 »
1966 5428 2083 5483 Hoc
2106 5434 2209 5493 est,
2238 5425 2373 5498 quis
2406 5440 2517 5481 non
2555 5440 2750 5480 omnes
2787 5424 3041 5488 credunt,
3079 5429 3213 5479 sunt
3239 5436 3371 5481 vero

119 5518 371 5575 Veritatem
400 5521 478 5576 sd
496 5521 846 5593 injustitiam
894 5523 1334 5588 declinaverunt,
1386 5527 1450 5577 ut
1485 5521 1636 5575 dicat
1673 5534 1685 5575 :
1773 5521 1869 5592 qui
1889 5524 1947 5573 et
1968 5518 2368 5573 contrasistant
2384 5516 2639 5583 veritati;
2672 5520 2739 5570 ut
2755 5526 2890 5585 ergo
2920 5513 2992 5568 ab
3019 5512 3239 5569 insidiis
3266 5513 3370 5569 lio-

120 5600 375 5664 Dibolum
403 5611 803 5677 adoraverunt,
834 5612 1174 5684 iujustitiam
1210 5624 1336 5667 eam
1368 5624 1592 5677 vocans,
1624 5623 1691 5666 eo
1770 5623 1900 5665 rum
1927 5608 2068 5679 eripi
2100 5607 2294 5679 possit,
2324 5605 2559 5678 dignum
2599 5604 2884 5660 existimat
2909 5604 3194 5660 mannos
3218 5613 3362 5659 esse.
