3868 6138
486 266 589 322 575
1085 265 1148 319 Β.
1187 263 1464 319 RABANI
1500 263 1730 320 MAURI
1768 263 2105 319 ARCHIEP.
2145 262 2471 318 MOGUNT.
2511 261 2811 320 OPERUM
2847 262 3030 320 PARS
3067 262 3160 320 III.
3615 279 3694 332 .376

487 409 514 444 ‹‹
545 391 752 447 Fidelis
795 397 990 446 autem
1030 389 1306 444 Dominus
1345 389 1440 460 qui
1481 388 1834 444 conﬁrmavit
1872 405 1988 454 vos,
2033 387 2511 458 etAquibusdam
2543 392 2600 442 et
2628 388 2887 442 causticis
2909 389 3316 448 medicamentis
3340 411 3520 452 sanare
3533 415 3698 470 aggre-

491 499 518 532 α
549 480 828 535 custodiet
856 497 892 532 a
919 478 1088 532 malo.
1125 496 1152 530 »
1183 479 1300 531 Hoc
1327 477 1398 530 ad
1423 476 1593 530 verba
1613 477 1904 544 orationis,
1931 494 2098 548 quam
2181 476 2352 540 ditur,
2375 476 2641 547 nullaque
2657 477 2777 546 jam
2799 477 3022 530 mitium
3044 479 3324 535 verborum
3345 481 3566 539 fomenta
3585 504 3700 558 prae-

487 569 714 634 fecerat,
748 567 1011 632 reddidit,
1033 566 1163 620 ﬁdei
1184 565 1514 620 ﬁrmitatem
1535 566 1731 620 adesse
1751 565 1861 619 illis
1877 572 2094 636 optans,
2181 563 2375 618 mittit.
2404 565 2529 618 Non
2572 564 2728 618 illam
2769 569 3020 619 teneram
3061 583 3240 620 vocem
3279 585 3338 622 ac
3371 569 3604 627 blandam
3652 584 3702 630 ut

489 657 772 728 simulque
799 661 858 711 et
878 655 1070 709 dicens
1101 673 1112 708 :
1147 654 1414 725 quoniam
1434 671 1600 708 verus
1621 661 1706 708 est
1725 655 1874 709 Deus
1894 655 1990 726 qui
2010 671 2100 708 vo-
2181 651 2258 706 ibi
2288 671 2299 706 :
2339 671 2366 704 «
2399 653 2684 722 Rogamus
2709 659 2897 707 autem
2929 670 3044 719 vos,
3070 653 3286 723 fratres,
3316 658 3425 725 sed,
3453 659 3704 717 denuntia-

488 745 636 800 cavit
684 762 782 799 vos
823 745 884 798 in
923 761 1022 815 spe
1054 743 1342 808 bonitatis,
1379 743 1499 814 ipse
1531 759 1627 796 vos
1657 742 2014 804 conﬁrmabit
2040 743 2098 796 in
2181 757 2308 796 mus
2347 740 2522 808 vobis,
2563 741 2786 808 fratres,
2829 743 2888 796 in
2926 743 3149 797 nomine
3176 745 3387 800 Domini
3421 749 3576 802 nostri
3600 751 3706 805 Jesn

491 835 620 902 ﬁde,
643 833 726 887 ita
745 839 811 887 ut
831 833 1054 904 assequi
1074 832 1304 904 possitis
1333 832 1431 886 illa
1456 831 1603 886 bona
1631 831 1702 885 ab
1732 831 1885 886 omni
1916 831 2099 885 disce-
2182 829 2410 895 Christi,
2435 836 2499 884 ut
2519 829 2864 884 subtrahatis
2886 848 2984 884 vos
3003 831 3073 884 ab
3091 833 3238 886 omni
3255 833 3418 888 fratre
3437 835 3707 892 ambulante

490 924 685 977 dentes
741 921 1154 977 inconvenienti
1205 926 1336 974 actu
1385 939 1396 974 :
1449 919 1652 992 quibus
1698 925 1758 974 et
1792 920 2050 991 adjungit
2082 938 2093 972 :
2180 919 2519 973 inordinate.
2553 938 2578 970 »
2609 919 2692 974 lbi
2720 925 2902 988 rogat,
2931 919 3022 973 hic
3049 919 3358 988 denuntiat;
3394 923 3448 976 in
3473 923 3559 978 illa
3581 924 3707 980 blan-

499 1031 524 1063 ‹‹
560 1011 908 1066 Conﬁdimus
935 1017 1125 1064 autem
1155 1011 1214 1064 in
1243 1009 1482 1069 Domino
1509 1009 1578 1062 de
1615 1009 1788 1074 vobis,
1830 1009 2100 1080 quoniam
2180 1007 2387 1062 dientis
2405 1008 2658 1073 aﬁ‘ectus,
2689 1007 2749 1062 in
2777 1007 2882 1062 hac
2909 1007 3243 1063 obtestantis
3278 1011 3524 1066 severitas
3557 1019 3606 1066 et
3627 1016 3710 1068 mi-

495 1122 520 1152 «
551 1117 676 1172 quae
703 1100 1059 1172 praecipimus
1087 1106 1146 1153 et
1166 1099 1370 1165 facitis,
1397 1103 1455 1152 et
1472 1097 1706 1152 facietis.
1735 1118 1760 1150 »
1789 1099 1934 1152 Nam
1962 1098 2099 1154 dum
2181 1097 2368 1150 nantis
2401 1115 2412 1150 :
2449 1117 2472 1148 «
2507 1097 2907 1151 denuntiamus
2929 1097 3106 1164 vobis,
3137 1097 3350 1164 fratres,
3389 1118 3412 1152 ))
3443 1100 3562 1175 quia
3590 1102 3712 1171 prius

491 1189 628 1244 dicit
656 1206 716 1243 se
756 1189 826 1243 de
871 1189 954 1243 eis
990 1188 1194 1242 bonam
1244 1186 1452 1242 habere
1495 1186 1909 1252 conﬁdentiam,
1959 1203 2098 1256 quo-
2182 1191 2444 1255 rogantes
2482 1185 2898 1256 contempsistis
2920 1186 3134 1254 audire,
3167 1188 3359 1242 saltem
3387 1204 3522 1242 nunc
3545 1189 3718 1244 denun-

494 1277 648 1332 niam
677 1294 903 1332 omnem
929 1278 1052 1347 ejus
1080 1276 1390 1331 doctrinam
1421 1293 1549 1330 cum
1581 1275 1954 1330 sollicitudine
1978 1275 2098 1328 etﬁ-
2179 1274 2388 1328 tiantes
2407 1273 2654 1342 obedite;
2681 1274 2974 1345 ipsamque
2993 1275 3461 1330 denuntiationem
3479 1293 3580 1331 non
3599 1279 3718 1332 nudo

492 1367 668 1433 ciunt,
694 1365 975 1420 sufﬁciens
994 1372 1080 1419 est
1099 1371 1158 1420 et
1179 1365 1476 1419 exhortare
1506 1365 1651 1431 illos,
1683 1371 1748 1418 ut
1777 1364 2098 1435 opinionem
2178 1363 2366 1429 verbo,
2393 1363 2492 1418 sed
2519 1380 2648 1417 cum
2677 1362 3048 1418 obtestatione
3079 1363 3319 1418 nominis
3347 1365 3552 1419 Domini
3577 1367 3720 1420 nostri

492 1471 655 1510 suam
684 1471 854 1525 opere
882 1455 1105 1508 ﬁrmam
1131 1471 1258 1508 esse
1284 1453 1586 1507 ostendant
1615 1471 1627 1506 :
1661 1459 1720 1507 et
1738 1453 1947 1506 iterum
1976 1457 2102 1506 orat
2180 1453 2312 1506 Jesu
2342 1451 2552 1506 Christi
2588 1451 2900 1506 terribilem
2937 1451 3126 1520 infert,
3177 1469 3246 1506 ne
3287 1453 3426 1507 forte
3459 1453 3722 1523 simplicem

494 1561 596 1615 pro
627 1543 740 1597 illis
768 1543 960 1597 dicens
1003 1561 1014 1596 :
1067 1561 1091 1594 «
1127 1543 1398 1597 Dominus
1448 1547 1638 1596 autem
1683 1541 1893 1611 dirigat
1933 1541 2102 1596 corda
2180 1541 2334 1594 velut
2361 1540 2610 1594 humana
2633 1557 2766 1594 voce
2785 1540 3062 1611 prolatam
3088 1557 3311 1595 rursum
3331 1547 3722 1608 contemnerent,

495 1637 683 1686 vestra
705 1631 764 1686 in
779 1631 1056 1686 charitate
1076 1631 1199 1696 Dei,
1219 1637 1278 1685 et
1292 1631 1349 1685 in
1372 1631 1645 1702 patientia
1664 1630 1939 1684 Christi.»
1953 1631 2101 1684 Con-
2126 1691 2162 1702 __
2183 1645 2286 1684 nec
2316 1645 2655 1700 magnopere
2694 1629 2964 1684 ducerent
3000 1629 3430 1696 observandam;
3471 1631 3726 1701 statimque

497 1719 684 1790 tingat
725 1719 882 1774 vobis
928 1691 1259 1790 permanere
1299 1721 1358 1773 in
1373 1691 1464 1774 ’θα
1488 1720 1782 1785 charitate,
1817 1735 1940 1790 quae
1967 1691 2248 1789 ergaBut
2276 1691 2652 1788 peritissimus
2691 1718 2944 1772 medicus
2986 1719 3227 1790 putridis
3265 1691 3519 1772 membris
3562 1691 3727 1789 quibus

495 1825 626 1862 eum
653 1813 758 1874 est,
790 1809 1098 1862 tolerantes
1126 1809 1348 1863 etiamsi
1378 1813 1435 1862 et
1455 1808 1667 1878 aliquid
1687 1808 1982 1862 conveniat
1999 1825 2100 1879 pro
2183 1807 2294 1861 leni
2325 1807 2736 1860 medicamento
2765 1807 3076 1860 remedium
3107 1808 3254 1860 ferre
3280 1823 3390 1861 non
3425 1806 3606 1878 potuit,
3635 1823 3729 1860 me-

495 1914 562 1952 eo
593 1897 731 1968 pati.
757 1898 902 1952 Nam
925 1897 1073 1968 quod
1096 1897 1238 1951 dixit
1261 1897 1362 1952 Dei
1384 1904 1442 1951 et
1460 1897 1689 1963 Christi,
1713 1897 1772 1950 in
1803 1913 2100 1952 commune
2182 1895 2301 1949 deri
2321 1895 2588 1967 spiritalis
2615 1895 2750 1950 ferri
2769 1895 3038 1950 incisione
3074 1902 3374 1968 pertentat,
3408 1915 3431 1946 α
3462 1901 3522 1949 ut
3544 1894 3730 1950 subtra-

493 1985 550 2040 id
576 1986 822 2057 positum
851 2003 972 2040 esse
997 1985 1237 2052 videtur,
1269 1986 1330 2039 id
1361 1991 1465 2053 est,
1507 1986 1564 2039 in
1605 1985 1878 2040 charitate
1913 1992 1970 2039 et
1999 2001 2098 2057 pa-
2182 1984 2330 2038 hatis
2357 2001 2452 2038 vos
2489 2003 2516 2036 »
2557 1983 2836 2055 inquiens,
2881 2003 2906 2036 ‹‹
2939 1985 3010 2038 ab
3050 1985 3208 2039 omni
3246 1985 3418 2039 fratre
3456 1983 3734 2038 ambulante

496 2074 718 2130 tientia.
2182 2073 2502 2128 inordinate
2525 2079 2584 2127 et
2601 2089 2713 2127 non
2733 2073 3040 2128 secundum
3061 2075 3425 2132 traditionem
3447 2089 3600 2144 quam
3614 2089 3735 2125 acce-

573 2183 598 2215 «
631 2163 1042 2218 Denuntiamus
1071 2169 1263 2218 autem
1300 2162 1474 2228 vobis,
1521 2163 1742 2227 fratres,
1773 2163 1834 2216 in
1873 2163 2101 2217 nomine
2183 2168 2442 2233 perunta
2469 2161 2647 2215 nobis.
2683 2182 2710 2213 »
2744 2163 2940 2233 Itaque
2964 2161 3034 2216 ab
3064 2163 3156 2216 his
3186 2163 3284 2233 qui
3304 2178 3492 2216 vacare
3505 2161 3642 2232 operi
3657 2177 3739 2214 no-

500 2271 525 2303 «
554 2251 778 2306 Domini
808 2251 988 2306 nostri
1026 2253 1158 2308 Jesu
1190 2252 1418 2317 Christi,
1451 2258 1516 2306 ut
1544 2251 1887 2306 subtrahatis
1915 2268 2012 2306 vos
2031 2251 2101 2306 ab
2183 2251 2324 2317 lunt,
2349 2250 2511 2320 jubet
2541 2250 2794 2304 subtrahi
2834 2257 2892 2304 et
2923 2251 3073 2305 velut
3097 2251 3358 2306 membra
3384 2251 3482 2305 otii
3517 2255 3742 2319 corrupta

500 2358 526 2392 «
555 2340 709 2395 omni
739 2341 916 2395 fratre
947 2341 1270 2396 ambulante
1299 2341 1635 2408 inordinate,
1675 2347 1732 2395 et
1760 2357 1872 2395 non
1902 2357 2100 2395 secun-
2184 2339 2478 2411 putredine
2506 2339 2773 2405 desecari,
2805 2356 2876 2394 ne
2907 2339 3125 2394 inertiae
3155 2339 3387 2394 morbus
3405 2339 3550 2394 velut
3571 2339 3745 2392 lethale

500 2449 525 2481 «
557 2431 694 2484 dum
723 2429 1088 2484 traditionem
1117 2447 1288 2501 quam
1315 2435 1654 2500 acceperunt
1681 2445 1716 2482 a
1734 2429 1913 2484 nobis.
1939 2449 1965 2482 »
1988 2431 2102 2484 Ma-
2183 2428 2505 2498 contagium
2531 2428 2702 2482 etiam
2727 2445 2894 2482 sanas
2911 2429 3300 2486 membrorum
3321 2435 3504 2500 partes
3521 2427 3640 2482 tabo
3653 2443 3746 2480 ser-

483 2515 766 2573 'nifestum
791 2523 880 2572 est
897 2518 1030 2572 hinc
1050 2518 1338 2572 evidenter
1353 2518 1422 2572 de
1443 2519 1874 2590 indisciplinatis
1892 2518 2097 2579 dicere,
2183 2523 2351 2588 pente
2369 2523 2713 2587 corrumpat,
2729 2517 3093 2588 dicturusque
3112 2519 3187 2572 de
3207 2518 3296 2572 his
3317 2518 3414 2589 qui
3433 2516 3636 2588 operari
3654 2514 3748 2568 suis

499 2622 639 2676 quos
669 2612 727 2660 et
751 2607 1114 2660 vehementer
1141 2607 1390 2678 corripit.
1426 2607 1762 2678 Pmcipiens
1790 2607 1958 2662 etiam
1987 2613 2051 2661 ut
2069 2625 2103 2661 a
2185 2605 2444 2661 manibus
2472 2607 2690 2673 nolunt,
2726 2611 2784 2660 et
2803 2623 3008 2676 panem
3037 2623 3206 2661 suum
3231 2624 3360 2660 cum
3390 2607 3602 2660 silentio
3623 2620 3750 2657 man-

502 2694 780 2764 colloquio
799 2711 994 2748 eorum
1014 2711 1136 2748 sese
1157 2695 1471 2750 cohibeant.
1497 2697 1614 2750 Hoc
1635 2701 1722 2750 est
1749 2697 1918 2761 enim,
1953 2696 2102 2768 quod
2185 2696 2410 2761 ducare,
2435 2713 2470 2748 a
2483 2693 2685 2765 quibus
2702 2696 2871 2748 etiam
2886 2695 3136 2766 praecipit
3159 2695 3618 2760 subtrahendum,
3637 2708 3749 2764 qua-

497 2781 636 2837 dicit
669 2801 682 2836 :
713 2789 971 2854 separate
1000 2784 1083 2837 vel
1116 2801 1141 2835 ((
1171 2783 1484 2838 subtrahite
1517 2801 1632 2849 vos,
1668 2803 1694 2836 »
1727 2785 1832 2838 hoc
1866 2791 1970 2850 est,
2007 2801 2100 2838 ac-
2183 2783 2328 2838 libus
2347 2799 2443 2837 eos
2463 2783 2784 2854 aprincipio
2806 2783 3118 2854 opprobriis
3140 2784 3358 2850 inurat,
3374 2783 3651 2839 attendite.
3667 2781 3755 2835 Im-

501 2871 743 2926 celerate
772 2887 1064 2926 secernere
1092 2888 1189 2925 vos
1219 2871 1289 2926 ab
1316 2872 1428 2926 illis
1457 2873 1552 2942 qui
1581 2873 1726 2926 tales
1763 2879 1914 2938 sunt,
1955 2879 2011 2928 et
2037 2881 2103 2928 ut
2183 2872 2379 2943 primis
2407 2871 2755 2932 inordinatos
2782 2872 2934 2937 dicit,
2969 2890 3072 2927 nec
3093 2875 3408 2928 secundum
3429 2871 3755 2927 traditionem

499 2976 570 3014 ne
598 2959 885 3014 videretur
901 2959 1070 3015 verbo
1085 2966 1310 3015 tantum
1329 2961 1386 3014 id
1405 2961 1632 3016 tradere
1649 2961 1760 3016 ait:
1778 2963 1931 3032 «Ipsi
1949 2962 2102 3016 enim
2122 3008 2164 3032 η
2183 2961 2492 3027 ambulare,
2523 2961 2647 3015 aliis
2687 2960 2870 3015 verbis
2908 2969 3276 3017 contumaces
3311 2981 3426 3029 eos,
3465 2967 3648 3032 utpote
3681 2957 3756 3028 qui

496 3048 655 3103 scitis
684 3048 1159 3120 quemadmodum
1181 3056 1439 3120 oporteat
1458 3049 1670 3104 imitari
1688 3067 1809 3116 nos,
1833 3051 2099 3121 quoniam
2121 3048 2164 3068 “
2182 3051 2382 3104 nolunt
2404 3051 2568 3120 juxta
2593 3049 3004 3104 institutionem
3031 3053 3156 3121 ejus
3183 3052 3466 3116 incedere,
3490 3057 3545 3104 et
3560 3049 3761 3102 inhone-

496 3153 610 3192 non
641 3137 878 3208 inquieti
909 3137 1118 3193 fuimus
1148 3138 1206 3192 in
1235 3138 1389 3194 vobis
1412 3157 1424 3192 :
1453 3159 1478 3191 »
1510 3145 1570 3193 et
1587 3139 1853 3210 quoniam
1873 3140 1982 3194 ista
2000 3141 2100 3195 ad-
2183 3145 2298 3192 stos
2318 3154 2441 3192 esse
2460 3138 2779 3208 designans,
2805 3138 2858 3192 id
2881 3144 2985 3205 est,
3010 3155 3122 3193 non
3144 3139 3544 3210 processionis,
3569 3153 3670 3192 non
3697 3135 3762 3186 vi-

497 3226 607 3280 huc
637 3241 750 3280 non
779 3232 943 3280 erant
972 3243 1178 3297 magna
1207 3227 1435 3298 adjicit:
1475 3246 1500 3280 «
1533 3228 1728 3298 Neque
1753 3228 1903 3282 enim
1924 3229 2102 3299 gratis
2183 3227 2483 3292 sitationis,
2517 3243 2629 3281 non
2655 3227 2828 3292 verbi,
2863 3245 2976 3282 non
3009 3231 3288 3299 temporis
3317 3226 3762 3300 opportunitatem

499 3329 706 3386 panem
736 3315 1195 3370 manducavimus
1223 3315 1373 3387 apud
1402 3316 1667 3387 aliquem,
1702 3337 1727 3370 »
1761 3323 1819 3371 et
1837 3318 1985 3388 quod
2015 3318 2101 3371 his
2183 3332 2491 3386 congruam
2540 3317 2948 3388 honestamque
2983 3323 3290 3385 sectantes,
3340 3317 3598 3372 omnibus
3639 3312 3766 3368 enim

497 3403 684 3474 majus
703 3410 808 3469 est,
846 3423 872 3456 «
904 3403 1003 3458 sed
1025 3403 1083 3458 in
1113 3403 1304 3458 labore
1327 3410 1385 3459 et
1405 3405 1734 3460 lassitudine
1753 3412 1915 3460 nocte
1934 3412 1992 3460 et
2009 3407 2100 3460 die
2182 3405 2333 3458 vitiis
2351 3404 2474 3458 istis
2494 3405 2880 3459 inordinatum
2911 3423 3196 3478 quemque
3227 3423 3462 3462 necesse
3491 3410 3575 3460 est
3599 3402 3764 3471 subja-

497 3497 816 3562 operantes,
841 3498 906 3547 ut
921 3509 1034 3546 non
1053 3509 1416 3563 gravaremus
1433 3510 1775 3565 quemquam
1797 3501 2095 3549 vestrum.»
2181 3510 2326 3548 cere.
2355 3511 2381 3545 ί(
2407 3494 2476 3548 Et
2495 3510 2609 3548 non
2631 3495 2939 3549 secundum
2961 3495 3334 3551 traditionem
3367 3512 3539 3568 quam
3567 3507 3772 3561 accepe-

498 3579 570 3634 Et
600 3580 750 3650 quod
779 3581 964 3650 majus
989 3580 1180 3635 extolli
1207 3588 1394 3652 potest
1419 3581 1615 3652 adjicit
1658 3603 1674 3636 :
1731 3601 1756 3634 «
1801 3583 1927 3636 Non
1969 3583 2100 3654 quia
2181 3587 2316 3636 runt
2345 3600 2380 3636 a
2407 3582 2586 3636 nobis.
2614 3603 2638 3635 »
2673 3584 2738 3637 In
2767 3584 2872 3637 hoc
2901 3583 3136 3638 rebelles
3166 3601 3268 3638 cos
3297 3581 3700 3656 quodammodo
3725 3586 3770 3631 et

497 3682 614 3720 non
633 3666 998 3722 habuerimus
1018 3673 1375 3740 potestatem,
1399 3670 1497 3724 sed
1521 3676 1584 3724 ut
1603 3687 1706 3724 nos
1730 3669 1970 3725 formam
1997 3671 2098 3724 da-
2181 3677 2594 3743 contemptores
2624 3677 2803 3739 notat,
2837 3673 2931 3743 qui
2962 3673 3338 3728 traditionem
3375 3690 3548 3745 quam
3575 3684 3774 3740 accepe-

498 3771 690 3810 remus
722 3755 877 3811 vobis
904 3763 969 3811 ut
997 3756 1316 3812 imitemini.
1353 3778 1378 3810 »
1413 3759 1484 3814 Et
1518 3759 1743 3830 quidem
1784 3758 1944 3814 nobis
1972 3759 2101 3814 licet
2181 3767 2316 3815 runt
2342 3761 2412 3814 ab
2443 3777 2508 3815 eo
2545 3766 2739 3815 tenere
2785 3767 3186 3830 contemnant,‘
3221 3779 3333 3818 nec
3377 3762 3591 3818 imitari
3623 3758 3772 3813 velint

499 3845 752 3916 accipere
781 3861 848 3900 eo
879 3847 1027 3917 quod
1059 3863 1193 3917 erga
1229 3847 1540 3903 doctrinam
1582 3865 1780 3902 vacare
1824 3849 2097 3916 videmur,
2183 3850 2238 3904 ιὰ
2272 3850 2418 3922 quod
2457 3850 2791 3920 magistrum
2822 3867 2934 3905 non
2965 3852 3148 3906 solum
3181 3851 3364 3907 verbo
3394 3851 3649 3906 docuisse
3673 3863 3778 3901 me-

499 3932 598 3986 sed
625 3933 930 3999 noluimus,
965 3941 1031 3988 ut
1058 3934 1180 4005 ipso
1209 3952 1379 4006 opere
1399 3953 1496 3990 vos
1515 3937 1816 3992 doceamus
1837 3937 2102 4008 quemad-
2183 3939 2472 4004 minerint,
2528 3941 2622 3993 sed
2681 3939 2851 3993 etiam
2909 3957 3077 4011 opere
3133 3947 3429 3996 noverunt
3487 3939 3777 4012 perfecisse.

499 4020 730 4074 modum
758 4023 1016 4076 convenit
1043 4022 1225 4078 facere
1256 4041 1269 4078 :
1301 4031 1360 4078 et
1387 4025 1686 4079 ostendens
1716 4027 1982 4097 quoniam
2012 4033 2100 4080 ta-
2187 4047 2213 4079 α
2243 4029 2356 4099 Ipsi
2391 4029 2543 4082 enim
2581 4029 2734 4082 scitis
2773 4029 3252 4099 quemadmodum
3287 4035 3556 4101 oporteat
3593 4023 3780 4082 imitari

502 4108 580 4162 lia
607 4124 782 4178 agens
808 4109 958 4180 apud
985 4111 1111 4164 illos
1139 4113 1464 4182 permansit,
1509 4120 1858 4168 memoratur
1894 4115 2101 4169 iterum
2183 4134 2304 4171 nos.
2350 4137 2375 4170 »
2417 4119 2726 4172 Immanem
2769 4119 3055 4172 cumulum
3095 4119 3568 4189 reprehensionis
3604 4132 3783 4183 exagit-

501 4196 864 4252 traditionem
895 4215 1076 4252 suam.
1114 4218 1139 4250 (ι
1173 4201 1316 4254 Nam
1338 4207 1397 4254 et
1425 4218 1552 4256 cum
1583 4219 1808 4257 eramus
1829 4204 1978 4274 apud
2008 4221 2102 4257 vos
2185 4212 2275 4260 rat
2301 4223 2429 4260 cum
2459 4207 2564 4260 hoc
2601 4221 2698 4260 eos
2725 4207 2929 4260 asserit
2954 4223 3068 4260 non
3098 4207 3410 4262 observare
3437 4207 3586 4279 quod
3609 4213 3665 4259 et
3689 4219 3786 4257 me-

501 4285 608 4340 hoc
625 4285 1066 4357 praedicabamus
1086 4287 1260 4354 vobis,
1287 4291 1552 4359 quoniam
1573 4291 1666 4362 qui
1691 4308 1802 4346 non
1823 4293 1941 4346 vult
1968 4310 2102 4363 opc—
2119 4327 2168 4385 Β
2185 4295 2378 4349 moriaa
2408 4311 2604 4348 eorum
2627 4295 2916 4357 inhaereat,
2943 4301 3002 4349 et
3019 4296 3088 4350 ad
3105 4295 3463 4352 imitandum
3495 4313 3607 4351 non
3627 4293 3788 4348 solum

501 4375 637 4442 rari,
656 4391 760 4429 nec
781 4377 1100 4432 manduoet.
1139 4398 1164 4430 »
1201 4378 1332 4432 Haec
1358 4385 1417 4432 et
1434 4387 1738 4450 praesentes
1759 4381 2098 4446 dicebamus,
2125 4375 2164 4385 ”
2184 4383 2352 4438 verbo
2382 4383 2698 4438 instruente
2723 4383 3044 4449 didicerint,
3071 4385 3170 4440 sed
3191 4387 3378 4440 etiam
3401 4386 3659 4457 exemplo
3679 4397 3792 4451 ope-

502 4464 654 4536 quod
683 4465 830 4536 pigri
857 4482 1038 4537 neque
1071 4467 1411 4522 manducare
1441 4469 1558 4523 sint
1583 4469 1756 4540 digni.
1787 4471 1912 4524 Non
1938 4487 2105 4541 gene-
2187 4489 2314 4528 rum
2337 4477 2672 4543 provocante
2712 4473 3078 4544 susceperint.
3135 4493 3160 4524 «
3208 4475 3368 4538 Quia
3409 4493 3529 4530 non
3577 4469 3794 4543 inquieti

501 4553 700 4608 raliter
727 4555 832 4609 hoc
860 4555 1069 4623 dicens,
1117 4557 1265 4627 quod
1309 4557 1403 4611 ille
1433 4557 1529 4629 qui
1560 4575 1672 4613 non
1701 4565 1968 4630 operatur
1994 4576 2106 4614 non
2187 4561 2396 4616 fuimus
2423 4561 2573 4616 inter
2591 4579 2704 4616 vos.
2743 4581 2766 4614 »
2801 4563 2943 4616 Cum
2964 4579 3024 4616 se
3045 4563 3164 4616 vult
3182 4563 3522 4634 inquietum
3551 4563 3695 4616 inter
3715 4574 3797 4611 ens

501 4641 671 4696 debet
691 4643 1062 4698 manducare:
1097 4645 1322 4700 videtur
1336 4647 1487 4700 enim
1508 4646 1628 4718 ipse
1655 4648 2107 4702 Corinthiisscri-
2187 4667 2300 4705 non
2344 4650 2521 4704 fuisse
2559 4667 2662 4722 per
2703 4651 2888 4722 operis
2927 4651 3253 4706 exercitium
3299 4652 3683 4725 comprobare
3719 4664 3802 4699 eos

504 4729 642 4784 bens
671 4731 840 4801 longa
867 4733 1258 4802 prosecutione
1278 4735 1335 4789 id
1365 4736 1686 4808 explicasse,
1707 4737 1974 4808 quoniam
1997 4737 2106 4791 illis
2189 4739 2284 4810 qui
2311 4739 2530 4810 operari
2555 4739 2773 4806 nolunt,
2806 4739 3028 4794 abunde
3059 4747 3219 4794 notat
3236 4742 3560 4796 otiositatis
3579 4739 3711 4792 vitio
3733 4738 3802 4788 in-

503 4817 742 4874 debetur
767 4819 864 4890 qui
884 4819 1150 4878 doctrinae
1169 4829 1452 4879 vacant'ut
1467 4841 1502 4879 a
1531 4825 1816 4897 discipulis
1843 4843 2106 4898 corpora-
2190 4827 2409 4898 quietos
2429 4845 2653 4900 semper
2671 4829 2928 4882 existere.
2954 4848 2978 4881 α
2996 4831 3190 4900 Neque
3208 4831 3400 4899 gratis
3425 4847 3641 4902 panem
3663 4842 3802 4882 man-

503 4908 644 4964 lium
673 4907 987 4980 percipiant
1015 4911 1388 4967 ministerium
1418 4931 1430 4966 :
1467 4914 1562 4968 sed
1613 4914 1774 4968 illum
1817 4915 1951 4970 dicit
1995 4931 2110 4969 non
2189 4917 2515 4970 ducavimus
2529 4916 2599 4970 ab
2619 4917 2826 4987 aliquo.
2852 4938 2878 4968 »
2905 4918 3012 4971 Per
3030 4917 3254 4988 singula
3267 4919 3455 4972 verba
3478 4920 3802 4988 interpreta-

505 5014 626 5053 esse
659 4997 1003 5070 operarium,
1038 5000 1134 5071 qui
1165 5017 1348 5072 neque
1376 5003 1446 5056 de
1476 5003 1804 5058 melioribus
1841 5003 2110 5059 sollicitus
2189 5005 2767 5059 tionisauxesimfacit
2779 5006 3802 5076 doctorgentium.PrsedicatorEvan-

503 5092 610 5154 est,
643 5103 826 5158 neque
865 5089 1154 5158 corporale
1195 5090 1406 5160 aliquid
1446 5093 1566 5145 vult
1603 5092 1843 5162 Operari.
1884 5093 2110 5147 Otiosus
2189 5093 2344 5165 gelii,
2367 5094 2577 5148 dicitse
2593 5095 3802 5166 nongratispanemabaliquomanducassv.

499 5192 634 5230 vero
647 5183 875 5232 exstans
895 5177 1136 5231 aliorum
1158 5177 1332 5232 vitam
1355 5180 1574 5234 curiose
1589 5181 1840 5248 discutit,
1862 5181 1931 5236 de
1961 5181 2110 5236 mdi-
2193 5183 2289 5253 qui
2319 5183 2474 5238 novit
2498 5183 2800 5238 Dominum
2831 5185 3178 5256 praecepisse,
3211 5191 3276 5239 ut
3302 5186 3409 5255 qui
3445 5183 3801 5255 Evangelinn

507 5263 818 5334 sciplinatis
846 5266 1056 5320 etenim
1102 5265 1184 5320 illi
1228 5272 1318 5321 est
1357 5285 1560 5323 sermo.
1601 5270 1901 5340 (Cassium)
1938 5271 2110 5325 Deni-
2191 5271 2526 5326 denuntiant
2545 5273 2615 5326 de
2635 5273 2932 5344 Evangelia
2952 5274 3144 5328 vivant
3165 5275 3547 5342 (lCor.1x),et
3563 5289 3788 5328 rursum

509 5367 618 5422 que
646 5351 749 5406 hos
774 5353 924 5423 ipsos
945 5371 1085 5424 quos
1113 5355 1171 5410 in
1195 5356 1446 5426 Epistola
1485 5358 1670 5428 prima
1711 5359 1866 5413 molli
1897 5358 2111 5414 foverat
2195 5379 2220 5411 «
2253 5360 2468 5432 Dignus
2497 5367 2582 5416 est
2609 5363 2899 5432 operarius
2927 5362 3050 5416 cibo
3079 5379 3180 5416 suo
3211 5364 3364 5429 (Luc.
3403 5367 3488 5432 Χ).
3527 5364 3678 5416 Cum
3709 5360 3802 5412 uti

508 5440 832 5511 palpatione
854 5441 1170 5510 verborum,
1202 5444 1446 5516 qualiter
1465 5445 1523 5500 in
1547 5448 1810 5514 secunda,
1842 5448 1994 5503 velut
2013 5449 2109 5520 qui
2193 5466 2302 5520 que
2325 5467 2438 5504 non
2456 5453 2633 5522 gratis
2653 5451 2748 5522 qui
2782 5451 3144 5522 EVangelium
3165 5450 3547 5522 praedicabat,
3581 5458 3706 5504 tam
3740 5465 3801 5501 su

510 5543 626 5582 non
651 5527 992 5600 profecerim
1035 5532 1105 5585 ad
1152 5533 1404 5588 remedia
1451 5534 1668 5590 leniora
1709 5536 2111 5592 austerioribus
2193 5538 2364 5594 blime
2391 5544 2450 5594 et
2473 5539 2724 5610 spiritale
2752 5557 2893 5610 opus
2933 5557 3214 5607 exercens,
3247 5537 3452 5594 cibum
3479 5541 3595 5594 sibi
3627 5537 3802 5594 Domi.
