3868 6138
185 263 273 320 577
297 298 303 303 η

522 259 1096 319 ENARRATIONUM
1133 263 1212 318 IN
1251 261 1404 319 EPP.
1447 263 1664 322 PAULI
1704 265 1842 321 LIB.
1881 265 2061 324 xxn.
2093 298 2157 309 —
2203 269 2282 324 IN
2319 266 2543 326 Epls'r.
2585 269 2637 327 Π
2673 273 2776 328 AD
2805 247 3054 332 msss.

3315 271 3428 334 ’578

179 386 297 439 nime
313 383 574 454 jussionis
625 386 956 440 auctoritate
1009 393 1413 458 praesumeret:
1449 389 1584 460 quid
1637 406 1740 444 nos
1755 392 1806 450 Α
1824 388 2014 444 labore
2044 391 2371 462 praeberem.
2407 394 2517 448 Sed
2542 411 2614 450 ne
2641 395 2784 451 forte
2811 399 3017 454 tacitus
3071 416 3311 472 operans
3371 407 3429 456 et

176 474 410 528 faciemus
429 473 628 544 quibus
646 491 758 528 non
793 476 977 530 solum
1008 477 1163 531 nulla
1218 478 1538 548 praedicatio
1587 479 1737 533 verbi

175 563 437 617 commissa
453 568 558 626 est,
581 563 676 616 sed
706 581 808 618 nec
837 565 952 618 ulla
981 566 1208 636 quidem
1239 567 1347 620 nisi
1375 567 1575 622 animae
1633 585 1736 622 no-

175 659 282 706 stra
307 650 468 704 solius
493 667 629 705 cura
657 653 1002 707 mandatur?
1035 671 1147 724 qua
1165 655 1370 710 fiducia
1398 655 1592 710 otiosis
1621 673 1738 711 ma-

175 740 312 794 nibus
326 739 497 809 gratis
526 757 730 810 panem
759 742 1052 796 comedere
1075 743 1427 810 audebimus,
1451 761 1620 816 quem
1645 762 1738 800 vas

174 829 439 890 electionis,
473 829 804 899 Evangelica
822 830 1200 886 sollicitudine
1235 839 1292 887 et
1345 823 1737 904 praedicatione

173 918 484 983 constrictus,
512 918 636 972 sine
663 936 832 990 opere
846 937 1118 975 manuum
1149 922 1441 976 comedere
1461 940 1574 982 non
1595 941 1736 994 pra:-

173 1007 348 1062 sumit?
376 1026 398 1056 ι
415 1007 522 1062 Sed
536 1007 593 1061 in
610 1007 800 1062 labore
833 1028 858 1061 »
891 1009 1095 1080 inquit,
1133 1029 1159 1062 «
1186 1016 1245 1065 et
1269 1011 1601 1082 fatigatione
1612 1029 1740 1084 ope-

173 1104 332 1150 rantes
359 1096 446 1150 die
461 1112 528 1150 ac
546 1101 730 1162 nocte,
759 1113 828 1151 ne
850 1115 1016 1168 quem
1037 1105 1287 1154 vestrum
1307 1117 1689 1172 gravaremus.
1709 1121 1734 1149 ιδ

172 1185 334 1238 Adhuc
375 1184 764 1240 additamenta
817 1203 932 1242 suae
979 1188 1363 1258 castigationis
1413 1197 1732 1260 exaggerat.

172 1275 272 1328 Non
296 1275 436 1328 enim
455 1274 794 1345 simpliciter
819 1276 976 1340 dixit,
1009 1293 1121 1332 non
1161 1279 1510 1332 comedimus
1537 1295 1738 1350 panem

171 1361 226 1415 ab
247 1362 414 1433 aliquo
440 1370 714 1429 vestrum,
739 1370 797 1419 et
820 1365 1110 1436 hucusque
1128 1368 1304 1422 stetit.
1335 1369 1566 1422 Poterat
1587 1369 1738 1422 enim

169 1453 310 1506 videri
329 1453 554 1522 proprio
609 1453 902 1524 otioseque
931 1460 1158 1526 sumptu
1219 1473 1284 1510 ac
1321 1457 1610 1510 recondita
1638 1474 1738 1528 pe-

1821 479 2044 534 erudire
2061 497 2157 534 eos
2180 482 2370 536 volens
2390 485 2678 555 exemplis,
2695 486 2927 542 minime
2937 487 3062 542 illos
3082 489 3251 544 etiam
3282 507 3426 562 prae-

1819 573 2108 638 ceptorum
2126 571 2355 625 monitis
2367 571 2696 628 instruxisse
2715 575 3214 641 videretur,intert.
3243 597 3269 630 ((
3281 579 3426 634 Nam

1819 662 1878 711 et
1912 673 2042 710 cum
2061 675 2310 713 essemus
2321 661 2469 731 apud
2489 678 2606 728 vos,
2621 662 2724 718 hoc
2738 664 3210 721 denuntiabamus
3245 667 3419 734 vobis,

1819 745 2083 815 quoniam
2098 746 2146 800 si
2169 747 2296 818 quis
2305 765 2419 803 non
2432 750 2552 804 vult
2571 753 2792 822 cperari
2813 770 2916 808 nec
2934 755 3253 810 manducet.
3271 774 3298 808 ι)
3315 757 3429 810 Ad-

1819 833 1928 887 huc
1944 833 2169 889 illorum
2189 837 2484 902 desidiam,
2501 839 2597 909 qui
2609 839 2850 896 scientes
2863 859 2993 896 eum
3011 849 3076 898 ut
3090 844 3425 914 magistrum

1820 919 2029 976 bonum
2057 922 2322 978 doctrinae
2345 926 2533 996 gratia
2559 933 2617 981 et
2642 928 3014 985 institutionis
3053 930 3285 988 obtentu
3308 933 3426 988 suis

1820 1010 2079 1066 manibus
2098 1018 2412 1084 operatum,
2447 1014 2658 1070 imitari
2692 1023 3078 1086 contemnunt,
3103 1025 3162 1076 et
3181 1020 3423 1092 diligen-

1819 1098 1957 1152 tiam
1970 1100 2286 1156 cautionem
2293 1119 2402 1173 que
2414 1119 2578 1158 suam
2607 1113 2926 1177 exaggerat,
2942 1109 3152 1174 dicens,
3178 1125 3289 1164 non
3301 1116 3426 1166 tan-

1819 1192 1942 1242 tum
1970 1205 2030 1242 se
2050 1189 2152 1243 hoc
2182 1189 2294 1244 illis
2327 1193 2579 1264 exemplo
2619 1195 2917 1251 tradidisse
2947 1205 3298 1268 praesentem,
3325 1200 3423 1254 sed

1819 1276 1991 1330 etiam
2013 1277 2193 1332 verbis
2203 1279 2418 1350 jugiter
2437 1282 2787 1352 praedicasse,
2805 1291 2870 1339 ut
2885 1285 2932 1339 si
2945 1285 3070 1356 quis
3088 1287 3300 1342 scilicet
3309 1305 3424 1344 non

1819 1365 1938 1418 vult
1967 1367 2190 1436 operari
2229 1385 2331 1422 nec
2375 1371 2694 1426 manducet.
2727 1373 2852 1426 Non
2905 1375 3025 1444 jam
3053 1375 3297 1432 doctoris
3336 1377 3422 1431 vel

1819 1454 2021 1508 medici
2051 1455 2231 1510 utitur
2249 1458 2321 1510 ad
2351 1474 2446 1512 eos
2472 1460 2723 1526 consilio,
2759 1462 2855 1516 sed
2883 1462 3231 1519 districtione
3250 1465 3308 1519 in
3327 1482 3424 1520 eos
3501 1516 3507 1530 ,

168 1540 320 1606 cunis,
349 1541 430 1594 vel
445 1541 693 1596 aliorum
715 1542 846 1597 licet
874 1560 986 1598 non
1025 1544 1284 1609 istorum,
1313 1545 1610 1600 collatione
1638 1563 1738 1601 seu
1814 1542 2126 1613 judiciariae
2155 1547 2633 1616 pronuntiationis
2668 1550 2970 1614 invehitur,
3004 1559 3062 1606 et
3105 1554 3425 1624 Apostolica

167 1629 452 1683 muneribus
480 1635 836 1686 sustentatus
845 1631 1036 1698 fuisse,
1067 1652 1092 1684 α
1112 1635 1210 1688 sed
1232 1635 1291 1688 in
1305 1634 1515 1702 labore,
1531 1635 1735 1706 inquit,
1754 1708 1794 1713 _
1818 1638 2095 1702 potestate
2113 1642 2422 1706 resumpta,
2435 1637 2589 1692 velut
2603 1655 2633 1692 e
2650 1637 2920 1694 tribunali
2941 1640 3000 1694 in
3009 1647 3426 1713 contemptores

166 1724 212 1770 et
236 1717 546 1787 fatigatione
587 1726 751 1774 nocte
791 1727 849 1775 et
879 1721 968 1776 die
994 1728 1311 1793 operantes,
1345 1743 1373 1776 »
1398 1724 1454 1777 id
1475 1730 1580 1790 est,
1633 1708 2156 1780 no-Bsententiam
2191 1723 2329 1777 dicit
2359 1741 2371 1776 :
2399 1724 2497 1778 illa
2514 1741 2716 1798 nempe
2745 1733 3042 1798 potestate,
3073 1708 3255 1802 quam
3295 1747 3424 1786 cum

165 1812 258 1860 stro
281 1825 436 1878 opere
458 1810 786 1880 specialiter
804 1812 1106 1866 sustentati
1137 1818 1230 1866 :et
1244 1813 1368 1878 hoc,
1399 1813 1602 1884 inquit,
1624 1831 1738 1869 non
1819 1807 2276 1866 interminatione
2322 1812 2569 1868 scribens
2623 1816 2693 1868 ad
2745 1817 3065 1872 Corinthios
3093 1835 3128 1872 a
3183 1819 3424 1875 Domino

165 1913 246 1966 pro
260 1903 437 1951 nostra
466 1899 766 1953 voluntate
799 1900 1280 1971 perpetrabamus,
1321 1919 1424 1956 nec
1451 1919 1553 1974 pro
1584 1903 1736 1957 dele-
1819 1897 1926 1952 sibi
1946 1899 2190 1953 asseruit
2215 1900 2426 1966 datam,
2459 1919 2586 1956 cum
2617 1919 2712 1957 eos
2742 1904 2801 1958 in
2819 1905 3024 1961 delicto
3051 1907 3266 1978 positos
3286 1925 3426 1980 prae-

165 1985 394 2050 ctatione,
417 1991 483 2040 ut
505 1987 740 2058 requies
760 1993 819 2041 et
831 1989 1158 2044 exercitium
1181 1991 1429 2062 corporis
1443 1991 1733 2058 invitabat,
1817 1993 2094 2054 moneret,
2126 1993 2191 2042 ut
2218 1995 2350 2042 ante
2376 1991 2678 2045 adventum
2726 2009 2890 2047 suum
2937 1996 3271 2067 semetipsos
3305 2014 3425 2052 cor-

165 2074 242 2127 sed
265 2081 322 2128 ut
345 2076 658 2130 necessitas
697 2083 754 2131 et
782 2077 974 2153 inopia
999 2078 1177 2132 victas
1206 2095 1319 2133 non
1356 2080 1478 2134 sine
1518 2080 1734 2150 ingenti
1817 2075 2002 2144 rigere
2013 2075 2363 2144 festinarent,
2382 2079 2476 2132 .ita
2490 2081 2817 2152 praecipiens
2841 2103 2854 2134 :
2884 2099 2910 2133 «
2933 2083 3217 2153 Rogamus
3235 2102 3333 2140 vos
3351 2102 3424 2140 ne

181 2163 452 2234 atigatione
480 2165 742 2236 corporis
755 2167 938 2221 facere
964 2167 1351 2238 compellebat.
1394 2170 1521 2224 Non
1551 2170 1733 2224 solum
1816 2180 2062 2234 pmsens
2095 2166 2400 2237 compellar
2423 2168 2632 2222 audere
2659 2169 2718 2222 in
2748 2171 3020 2240 quosdam
3037 2173 3424 2242 potestateilla

167 2269 370 2324 namque
397 2271 500 2324 per
537 2259 720 2308 totum
739 2254 851 2309 diei
878 2257 1144 2326 spatium,
1169 2257 1266 2311 sed
1294 2257 1467 2312 etiam
1479 2265 1733 2329 tempore
1819 2267 1942 2321 quae
1961 2253 2096 2306 data
2116 2259 2203 2308 est
2216 2254 2354 2308 mihi
2365 2255 2425 2308 in
2457 2255 2620 2309 ovobis
2643 2259 2723 2324 (ll
2739 2258 2860 2312 Dor.
2897 2267 2974 2327 x).
3002 2279 3028 2310 »
3061 2259 3130 2313 Et
3174 2260 3380 2316 iterum
3405 2281 3416 2315 :

165 2342 328 2408 noctis,
358 2344 508 2413 quod
540 2343 716 2420 quigti
745 2344 992 2416 corporis
1043 2345 1266 2400 videtur
1291 2345 1595 2413 indultum,
1631 2347 1732 2401 hoc
1823 2357 1850 2391 «
1883 2340 1941 2394 Si
1971 2341 2123 2395 enim
2139 2343 2365 2398 voluero
2376 2342 2588 2414 aliquid
2603 2345 2836 2414 gloriari
2856 2346 2926 2400 de
2951 2352 3230 2418 potestate
3250 2365 3420 2420 quam

165 2447 277 2500 opus
301 2448 574 2486 manuum
632 2417 730 2503 pro
759 2450 896 2488 esca;
926 2433 1300 2489 sollicitudine
1351 2435 1734 2490 indesinenter
1819 2428 1975 2483 dedit
2001 2429 2142 2484 mihi
2169 2431 2462 2489 Dominus,
2483 2432 2540 2486 in
2570 2432 2957 2502 aediﬁcatione,
2989 2439 3048 2490 et
3074 2452 3186 2492 non
3215 2437 3276 2492 in
3321 2438 3422 2493 de-

164 2519 415 2588 urgebam.
450 2522 576 2575 Nec
619 2527 810 2576 tamen
851 2538 912 2576 se
956 2523 1138 2576 solum
1177 2523 1428 2577 totaliter
1465 2523 1616 2578 inter
1641 2541 1736 2579 eos
1819 2518 2126 2572 structione
2145 2525 2350 2586 vestra,
2365 2537 2476 2574 non
2506 2521 2830 2576 erubescam
2851 2525 2930 2590 (ll
2958 2525 3078 2578 Cor.
3104 2529 3238 2594 xm).
3271 2545 3296 2579 ››
3320 2527 3424 2582 Illa

164 2616 527 2664 conversatum
573 2610 744 2664 fuisse
773 2616 1034 2675 testatur,
1069 2627 1140 2666 ne
1178 2612 1323 2666 forte
1363 2629 1476 2666 non
1511 2629 1733 2684 magna,
1817 2605 2050 2677 inquam
2077 2613 2355 2678 potestate
2371 2611 2717 2680 pronuntiat,
2752 2611 2992 2683 «Siquis
3011 2629 3126 2668 non
3153 2615 3275 2669 vult
3286 2631 3420 2687 cpe-

163 2711 246 2750 nec
275 2698 555 2768 generalis
573 2699 862 2753 videretur
901 2700 1019 2753 haec
1057 2699 1254 2766 forma,
1295 2701 1344 2754 si
1389 2700 1565 2772 ipsius
1616 2706 1740 2755 ωτι-
1821 2695 2076 2762 rari,nec
2091 2697 2409 2757 manducet,
2427 2715 2583 2752 »non
2601 2699 2789 2769 gladio
2801 2701 3013 2755 carnali
3025 2703 3420 2771 eosaddicens,

166 2792 265 2839 tum
321 2787 650 2842 traderetur
704 2788 958 2859 exemplo
991 2807 1002 2842 ε
1049 2789 1146 2843 sed
1185 2789 1356 2843 etiam
1398 2806 1593 2844 omnes
1643 2790 1740 2862 qui
1822 2783 1920 2838 sed
1941 2785 2278 2840 auctoritate
2307 2787 2487 2841 sancti
2505 2787 2747 2858 Spiritus
2785 2788 2956 2860 hujus
2983 2790 3109 2844 vitm
3131 2791 3212 2845 eis
3243 2792 3420 2847 inter-

169 2881 303 2928 erant
323 2893 520 2930 secum
569 2877 641 2930 ad
700 2876 1076 2931 ministerium
1131 2878 1415 2949 Evangelii
1465 2879 1736 2950 deputati,
1821 2872 2012 2927 dicens
2041 2873 2434 2940 substantiam,
2465 2882 2530 2931 ut
2557 2877 2604 2930 si
2634 2876 2778 2932 forte
2806 2895 3028 2950 poenam
3048 2879 3250 2935 futurae
3269 2897 3422 2936 mor-

163 2963 208 3016 id
233 2969 325 3031 est,
365 2965 660 3020 Silvanum
715 2972 774 3019 et
812 2965 1190 3032 Timotheum,
1224 2967 1320 3038 qui
1374 2967 1491 3022 haec
1545 2967 1741 3022 eadem
1764 2960 1896 3038 “tis
1922 2961 2154 3018 minime
2183 2963 2494 3033 cogitantes
2539 2965 2723 3020 adhuc
2757 2967 2960 3021 vellent
2985 2984 3176 3022 amore
3195 2968 3423 3024 otiiexi-

163 3067 265 3106 cum
292 3071 354 3108 eo
381 3053 663 3117 scribunt,
695 3054 896 3108 asserit
935 3055 1104 3109 simili
1131 3072 1298 3126 opere
1328 3055 1630 3110 laborasse.
1673 3058 1738 3111 In
1761 3053 1968 3105 Ustere
1989 3057 2368 3120 contumaces,
2391 3054 2590 3108 saltem
2624 3055 2956 3110 necessitate
3001 3057 3245 3112 naturali
3287 3075 3422 3114 con-

163 3157 217 3194 eo
237 3143 412 3210 etiam,
445 3144 606 3214 quod
635 3143 770 3197 dicit
811 3163 828 3197 :
863 3161 890 3194 α
914 3159 986 3198 ne
1009 3161 1178 3215 quem
1204 3149 1454 3200 vestrum
1472 3161 1737 3216 gravare-
1819 3139 1997 3194 stricti
2019 3146 2077 3194 et
2105 3147 2259 3196 metu
2307 3143 2600 3212 praesentis
2641 3142 2926 3210 interitus,
2970 3146 3240 3200 salutaria
3286 3165 3424 3219 prm-

161 3246 278 3296 mus,
299 3253 322 3284 θ
344 3232 746 3288 verecundiam
759 3232 840 3286 eis
854 3232 1058 3288 incutit
1081 3249 1372 3304 magnam:
1407 3233 1455 3287 si
1476 3233 1738 3288 enimille
1819 3234 1981 3298 cepta
2010 3229 2292 3301 suscipere
2334 3237 2626 3302 cogantur-
2673 3232 2832 3296 Quod
2873 3235 3124 3305 apertilIs
3169 3235 3422 3292 indicans

163 3319 608 3392 quiEvangelium
623 3321 1141 3392 praedicabatsignis
1161 3323 1300 3377 illud
1329 3322 1737 3394 virtutibusque
1819 3316 1956 3372 dicit
1993 3337 2009 3372 :

161 3411 556 3471 commendans,
595 3426 664 3463 ne
683 3415 946 3478 gravaret
965 3410 1306 3481 quempiam,
1329 3411 1507 3480 gratis
1534 3427 1738 3482 panem
1893 3425 1920 3457 ‹‹
1938 3407 2268 3463 Audivimus
2289 3409 2439 3464 enim
2451 3411 2721 3480 quosdam
2742 3411 3096 3467 ambulantes
3106 3413 3164 3466 in
3177 3413 3333 3470 vobis
3343 3414 3423 3468 in-

161 3498 477 3553 manducare
523 3513 637 3552 non
667 3498 856 3563 audet,
899 3499 1178 3569 quomodo
1206 3498 1287 3553 illi
1317 3515 1429 3554 non
1457 3499 1740 3554 aestiment
1822 3496 2665 3568 «quiete,nihiloperantes,sed
2676 3500 3154 3570 curioseagentes.
3175 3504 3274 3568 »(A
3287 3505 3423 3569 mb.)

161 3601 208 3638 se
229 3603 452 3656 gravare
475 3587 575 3658 qui
597 3587 846 3658 quotidie
857 3603 988 3640 eum
1003 3587 1167 3642 otiosi
1193 3593 1566 3659 vacantesque
1594 3605 1739 3660 prae-
1821 3584 2053 3638 Curiose
2090 3601 2256 3654 agere
2286 3585 2496 3652 dicens,
2519 3587 2680 3658 quasi
2709 3587 2804 3658 qui
2835 3589 2949 3642 otio
2986 3589 3166 3654 abusi,
3201 3591 3273 3643 ad
3319 3591 3426 3645 hoc

161 3678 440 3730 sumunth
478 3677 607 3730 Non
623 3676 784 3747 quasi
799 3692 910 3730 non
929 3675 1264 3731 haberemus
1277 3677 1735 3748 potestatem,ait,
1820 3679 2026 3728 vacant
2066 3679 2132 3727 ut
2185 3673 2423 3728 aliorum
2481 3675 2801 3730 examinant
2844 3675 3034 3742 vitam,
3096 3677 3245 3747 quod
3301 3678 3425 3733 ﬁeri

161 3764 310 3819 sedut
325 3765 676 3836 nometipsos
696 3764 934 3819 formam
953 3765 1218 3820 daremus
1244 3764 1482 3820 vobisad
1519 3766 1742 3821 imitan—
1822 3761 1983 3832 quasi
2011 3761 2406 3816 inconveniens
2431 3763 2728 3830 abdicabit,
2761 3765 3087 3836 praecipiens
3099 3765 3326 3835 quidem
3353 3767 3424 3820 il-

162 3850 275 3905 dum
289 3870 406 3908 nos.
425 3874 455 3906 »
480 3853 690 3907 Pandit
707 3869 950 3920 causam,
973 3870 1076 3907 cur
1087 3853 1191 3907 sibi
1205 3858 1428 3908 tantum
1447 3853 1744 3908 laborisin-
1824 3849 1912 3918 lis,
1939 3856 2004 3904 ut
2031 3856 2296 3922 separent
2319 3868 2380 3906 se
2407 3869 2442 3906 a
2486 3851 2710 3919 talibus,
2765 3852 2956 3907 dicens
3009 3853 3274 3924 quoniam
3321 3871 3424 3909 nec

160 3939 354 4008 dixerit,
371 3962 396 3994 α
419 3947 510 4008 ut,
527 3941 746 4013 inquit,
775 3943 1016 3998 formam
1054 3943 1317 3997 daremus
1344 3941 1498 3996 vobis
1516 3943 1587 3997 ad
1614 3943 1742 3997 imi-

162 4031 370 4085 tandum
393 4048 520 4095 nos,
538 4050 564 4082 ι
581 4036 646 4085 ut
654 4031 700 4085 si
720 4031 860 4085 forte
872 4032 1184 4086 doctrinam
1203 4031 1500 4086 verborum
1511 4031 1742 4086 auribus

163 4119 675 4191 vestrisfrequenter
706 4120 985 4190 ingestam
1007 4119 1266 4174 oblivioni
1297 4120 1614 4186 traderetis,
1630 4121 1742 4175 sal-

118 4247 128 4258 .
160 4211 258 4260 tem
268 4209 710 4263 conversationis
729 4210 984 4280 exempla
1001 4207 1106 4263 sub
1137 4209 1425 4264 oculorum
1456 4209 1567 4264 ﬁde
1589 4209 1743 4264 vobis

163 4296 349 4350 tradita
375 4297 708 4352 memoriter
727 4297 1047 4352 retineretis
1078 4316 1090 4350 :
1126 4297 1276 4352 haud
1287 4297 1462 4352 levior
1477 4314 1672 4352 eorum
1686 4303 1746 4352 et

163 4381 212 4436 in
239 4385 337 4438 hoc
357 4386 740 4456 reprehensio,
770 4403 898 4440 cum
936 4386 1090 4453 dicit,
1124 4403 1184 4440 se
1224 4387 1381 4440 nulla
1418 4386 1548 4452 alia,
1573 4403 1742 4458 quam

161 4474 380 4544 exempli
426 4474 614 4544 gratia
647 4473 897 4528 laborem
951 4475 1102 4529 hunc
1134 4480 1190 4530 et
1235 4475 1622 4546 fatigationem
1653 4476 1742 4531 die

163 4567 425 4632 noctuque
464 4563 713 4635 corporis
725 4564 993 4634 exegisse,
1027 4569 1084 4619 et
1109 4580 1206 4619 eos
1234 4564 1602 4619 nihilominus
1613 4582 1742 4621 eru-

165 4646 256 4704 diri
297 4652 465 4717 nolle,
501 4659 733 4724 propter
761 4669 900 4723 quos
929 4652 1048 4724 ipse
1070 4653 1461 4708 necessitatem
1498 4670 1611 4708 non
1640 4654 1744 4708 ha-

163 4734 301 4806 bens,
332 4740 442 4794 sibi
473 4746 698 4796 tantum
723 4741 1065 4812 fatigationis
1091 4743 1372 4797 indixerit.
1397 4743 1466 4796 Et
1495 4743 1742 4813 quidem,

166 4825 346 4899 inquit,
375 4847 505 4885 cum
524 4829 886 4884 habuerimus
908 4836 1264 4902 potestatem,
1295 4837 1353 4885 et
1379 4836 1747 4902 paterentno-

166 4913 238 4969 bis
263 4918 559 4973 facultates
605 4919 857 4974 omnium
888 4919 1147 4986 fratrum,
1179 4924 1348 4990 atque
1395 4919 1741 4986 substantiae,

167 5009 216 5058 et
229 5008 418 5062 utendi
445 5009 526 5062 eis
553 5008 779 5063 Domini
801 5008 978 5062 nostri
1013 5025 1235 5063 nossem
1265 5025 1357 5062 me
1381 5008 1588 5062 habere
1617 5025 1746 5080 per-

169 5093 402 5160 missum,
451 5115 568 5152 non
608 5113 734 5151 sum
781 5102 972 5152 tamen
1026 5113 1163 5152 usus
1212 5097 1317 5152 hac
1345 5102 1642 5168 potestate,
1674 5114 1746 5152 ne

169 5184 300 5252 quod
337 5202 373 5240 a
400 5203 489 5242 me
516 5185 660 5240 bene
687 5186 913 5241 aclicite
941 5186 1118 5252 ﬁeret,
1151 5185 1276 5241 aliis
1311 5185 1411 5241 otii
1439 5186 1589 5242 noxii
1609 5204 1747 5257 prae-

168 5267 311 5327 beret
329 5275 643 5346 exemplum
670 5293 683 5340 ;
715 5280 774 5330 et
800 5274 1004 5329 idcirco
1045 5274 1407 5344 Evangelium
1438 5275 1746 5346 praedicans

169 5359 296 5415 meis
322 5363 757 5434 manibusatque
767 5379 934 5434 opere
957 5363 1130 5417 malui
1145 5363 1467 5429 sustentari,
1502 5369 1568 5418 ut
1593 5363 1747 5418 vobis

169 5464 380 5520 quoque
396 5451 706 5507 volentibus
735 5452 844 5506 iter
888 5452 1110 5506 virtutis
1139 5451 1416 5519 incedere,
1447 5452 1596 5507 viam
1622 5469 1747 5524 per-

173 5535 411 5595 fectionis
437 5541 734 5612 aperirem,
766 5546 825 5596 et
842 5539 1278 5596 conversationis
1335 5540 1576 5597 formam
1617 5556 1746 5613 meo

1824 3939 2164 3994 manducare
2200 3939 2315 3994 sint
2363 3939 2517 4011 digni
2547 3940 2595 3994 si
2624 3957 2736 3996 non
2765 3941 2986 4014 operari
3013 3942 3293 3997 voluerint
3324 3962 3336 3997 :
3369 3949 3428 3999 et

1823 4026 2202 4082 abundantius
2215 4028 2354 4084 illud
2385 4029 2866 4100 pandensadjicit:
2906 4049 2932 4082 «
2963 4030 3079 4086 Illis
3108 4035 3300 4086 autem
3330 4032 3425 4104 qui

1826 4116 2148 4187 huiusmodi
2172 4124 2308 4173 sunt
2333 4119 2706 4190 praecipimus,
2734 4125 2793 4174 et
2811 4119 3166 4175 obsecramus
3195 4137 3298 4192 per
3315 4122 3426 4176 Do-

1823 4205 2040 4261 minum
2071 4212 2326 4262 nostrum
2355 4209 2548 4263 Jesum
2579 4209 2884 4277 Christum,
2915 4215 2982 4264 ut
2997 4226 3124 4264 cum
3154 4211 3432 4266 modestia

1825 4301 2121 4366 operantes
2133 4313 2296 4351 suum
2310 4313 2513 4368 panem
2526 4298 2884 4352 manducent.
2903 4317 2928 4350 »
2943 4299 3068 4352 Non
3080 4299 3332 4353 absolute
3344 4299 3429 4354 di-

1824 4401 1956 4439 cens
1985 4391 2051 4440 ut
2074 4393 2397 4456 operentur,
2430 4387 2530 4441 sed
2559 4387 2766 4456 adjecit
2808 4403 2936 4440 cum
2965 4389 3244 4450 modestia,
3278 4388 3428 4458 quod

1824 4479 1988 4528 erant
2014 4475 2344 4542 adimentes,
2368 4480 2433 4530 ut
2459 4491 2530 4528 ne
2549 4474 2674 4528 vitae
2702 4474 2886 4528 aliena
2923 4475 3140 4528 curiose
3169 4481 3426 4544 agerent.

1825 4562 2061 4617 Volebat
2075 4563 2225 4618 enim
2251 4570 2316 4618 ut
2340 4563 2461 4617 sine
2480 4563 2598 4617 ulla
2623 4561 2947 4617 curiositate
2970 4561 3068 4615 illa
3097 4567 3424 4634 operentur.

1827 4667 1950 4722 quae
1982 4657 2246 4722 poterant
2287 4651 2391 4704 sibi
2439 4651 2574 4722 ipsis
2629 4649 2889 4704 sufﬁcere
2945 4650 3017 4704 ad
3069 4652 3431 4707 sustentatio-

1827 4756 1978 4794 nem.
2013 4741 2305 4808 (0assian.)
2332 4740 2466 4794 Post
2493 4743 2712 4792 tantum
2745 4737 2936 4808 itaque
2989 4739 3233 4810 rigorem
3256 4758 3427 4796 evan-

1825 4828 2017 4898 gelicae
2047 4826 2432 4894 districtionis,
2464 4843 2613 4881 nunc
2641 4842 2870 4881 causam
2899 4827 3128 4900 exponit
3155 4846 3254 4884 cur
3309 4831 3427 4886 haec

1826 4917 2089 4970 universa
2110 4916 2446 4987 praemiserit
2475 4935 2486 4968 :
2525 4935 2551 4967 «
2605 4915 2934 4972 Audivimus
2983 4918 3133 4972 enim
3163 4919 3313 4974 inter
3332 4937 3428 4975 vos

1829 5005 2101 5076 quosdam
2121 5004 2410 5059 ambulare
2435 5003 2704 5074 inquiete,
2730 5005 2871 5059 nihil
2891 5013 3206 5078 operantes,
3222 5007 3320 5062 sed
3337 5025 3431 5064 cu-

1827 5094 1974 5149 riose
1985 5099 2237 5165 agentes.
2257 5113 2282 5146 »
2300 5094 2593 5164 Nusquam
2611 5110 2705 5148 eos
2727 5093 2822 5165 qui
2842 5094 3014 5150 dediti
3032 5111 3154 5150 esse
3167 5096 3322 5166 operi
3333 5113 3432 5152 no-

1827 5184 1970 5248 lunt,
1986 5197 2098 5238 uno
2130 5188 2354 5238 tantum
2381 5180 2580 5238 morbo
2603 5188 2898 5254 corruptos
2916 5184 3280 5254 pronuntiare
3292 5201 3429 5242 con-

1825 5277 2018 5328 tentus
2046 5276 2134 5328 est
2163 5290 2175 5326 :
2209 5272 2268 5326 in
2316 5271 2488 5344 priori
2528 5288 2774 5343 namque
2801 5271 3046 5343 Epistola
3083 5272 3432 5332 inordinatos

1829 5377 1924 5416 eos
1954 5361 2218 5432 appellat,
2241 5377 2344 5415 nec
2365 5360 2674 5416 secundum
2692 5359 3053 5434 traditionem
3074 5361 3228 5416 illam
3239 5363 3434 5420 ambu-

1828 5450 1966 5516 lare,
1993 5466 2162 5521 quam
2187 5455 2528 5522 acceperunt
2560 5449 2631 5504 ab
2655 5465 2741 5504 eo.
2773 5448 3061 5520 Inquietos
3089 5450 3262 5506 etiam
3305 5469 3428 5508 esse

1827 5539 2044 5605 deﬁnit,
2067 5544 2126 5594 et
2145 5537 2325 5609 gratis
2355 5555 2560 5611 panem
2609 5537 2973 5596 manducare.
3022 5538 3270 5596 Rursum
3315 5541 3425 5602 hic.
