3866 6158
491 253 598 312 579
1074 254 1142 312 Β.
1179 252 1454 312 RABAM
1488 251 1722 312 MAURI
1757 251 2018 312 ΑΒΟἩΠ

2159 252 2461 312 αοαωπ.
2503 251 2801 312 ΟΡΠΠΠῙ
2837 251 3024 312 PARS
3062 251 3162 312 Ill.
3603 254 3686 318 διο

495 399 528 434 α
551 377 882 445 audivimus,
903 377 1107 450 inquit,
1129 377 1403 449 quosdam
1427 377 1576 433 inter
1585 394 1682 434 vos
1691 377 1980 435 ambulare
2006 379 2091 436 in~
2105 382 2156 443 Α
2171 379 2482 451 apostolica
2507 377 2777 434 mandata
2793 377 3129 442 custodiant,
3157 374 3430 448 subiungit
3447 379 3694 438 confestim

497 469 706 540 quiete,
741 488 766 522 »
797 474 856 522 et
881 467 1174 538 subiungit
1191 467 1382 522 statim
1404 467 1714 522 secundum
1743 467 2090 538 languorem.
2175 469 2352 540 patris
2380 466 2853 538 indulgentissimi
2881 466 3191 532 lenitatem,
3217 472 3273 520 et
3321 471 3380 522 ut
3405 466 3534 524 ﬁlios
3573 485 3695 535 suos,

497 557 595 628 qui
607 555 1011 628 inquietudinis
1022 557 1290 626 hujusest
1306 556 1484 622 radix,
1502 555 1698 622 «nihil,
1729 556 1933 627 inquit,
1969 574 2096 630 ope-
2175 575 2344 628 quem
2369 574 2508 626 erga
2535 555 2826 626 pmdictos
2837 572 2937 626 pro
2959 555 3226 612 charime
3237 553 3574 612 fraternitatis
3598 559 3701 614 alie-

497 651 708 701 rantes.
736 663 762 698 ››
793 645 1049 702 Tertium
1067 661 1294 717 quoque
1306 644 1568 702 morbum
1595 645 1692 716 qui
1718 661 1786 700 ex
1803 645 1914 702 isto
1943 646 2096 702 velut
2175 653 2329 702 ctum
2359 646 2602 702 debeant
2645 645 2910 710 retinere,
2943 642 3198 700 similiter
3225 644 3394 704 docet.
3427 662 3453 698 (ί
3481 645 3543 700 Et
3563 647 3701 703 nolit:

498 734 1098 806 quidamramunculus
1125 734 1327 802 oritur,
1361 753 1386 788 α
1417 735 1516 790 sed
1544 734 1764 792 curiose
1779 741 2030 805 agentes.
2064 755 2091 802 ῃ
2177 735 2338 806 quasi
2366 735 2660 791 inimicum
2703 733 3044 799 existimare,
3093 733 3189 788 sed
3233 732 3478 803 corripite
3519 739 3576 790 ut
3610 733 3702 791 fra-

498 824 697 894 ltaque
733 823 916 879 fomiti
971 823 1237 879 vitiorum
1277 829 1566 881 tantorum
1605 840 1912 894 congruam
1947 819 2100 880 nunc
2177 830 2346 882 trem.
2375 825 2630 896 »_(Amb.)
2659 824 2796 888 Hoc,
2819 822 3022 893 inquit,
3035 821 3215 878 facere
3228 821 3460 888 volovos,
3471 827 3528 878 ut
3543 838 3638 878 non
3659 823 3702 880 in

493 911 948 970 emendationem
959 913 1214 968 conferre
1225 912 2098 984 festinat,etillaApostolicaqua
2177 919 2340 984 parte
2366 913 2582 970 inimici
2608 929 2741 971 eum
2769 911 3042 977 habeatis,
3073 911 3172 967 sed
3200 915 3264 966 ut
3299 909 3466 968 modis
3491 911 3706 969 omnibus

495 1017 633 1058 usus
657 1001 846 1058 fuerat
867 1001 1034 1072 paulo
1079 1007 1212 1056 ante
1262 1001 1518 1072 deposita
1559 1005 1858 1072 potestate,
1891 1001 2098 1057 iterum
2178 1002 2580 1074 increpatione,
2614 999 3018 1067 obsecratione,
3047 999 3299 1056 doctrina
3329 999 3582 1056 reducatis
3603 1016 3707 1058 eum

489 1083 568 1146 "ad
588 1090 801 1146 viscera
816 1090 896 1161 pii
931 1090 1108 1162 patris
1129 1091 1214 1146 vel
1241 1089 1536 1146 clementis
1551 1090 1853 1146 revertitur
1873 1090 2095 1158 medici,
2179 1092 2251 1147 ad
2270 1091 2330 1147 id
2349 1091 2501 1163 quod
2513 1092 2812 1148 honestum
2839 1096 2945 1147 est.
2981 1089 3272 1157 (Caesiam)
3297 1088 3566 1146 Severitati
3583 1089 3706 1158 judi-

497 1185 558 1234 et
581 1179 734 1237 velut
750 1179 880 1234 ﬁliis
907 1179 1295 1250 susceptisque
1322 1179 1440 1236 suis
1493 1179 1726 1235 consilio
1770 1179 1982 1235 salubri
2007 1179 2100 1235 in-
2181 1179 2367 1237 eiariss
2407 1185 2703 1250 paternam
2744 1177 3125 1236 intermiscuit
3153 1176 3432 1248 pietatem,
3459 1181 3511 1234 et
3533 1183 3710 1234 senten-

497 1267 609 1324 fert
617 1267 1154 1333 remediasanitatis,
1169 1267 1393 1324 dicens:
1426 1287 1450 1322 ‹‹
1467 1268 1567 1323 His
1577 1273 1768 1324 autem
1784 1267 1880 1338 qui
1908 1268 2102 1338 hujus-
2151 1325 2154 1328 ,
2181 1269 2319 1326 tiam
2336 1268 2643 1339 apostolico
2667 1267 2854 1337 rigore
2901 1266 3199 1338 prolatam,
3229 1265 3476 1322 clementi
3502 1281 3712 1324 manule-

499 1356 649 1412 modi
659 1361 795 1412 sunt
805 1356 1204 1412 denuntiamus
1233 1362 1291 1412 et
1307 1355 1736 1412 obsecramusin
1751 1356 1988 1412 Domino
2005 1358 2100 1412 Je-
2181 1357 2379 1415 tudine
2403 1355 2757 1427 temperavit.
2807 1357 2953 1411 Nam
2980 1360 3039 1412 et
3065 1353 3247 1412 notari
3287 1353 3442 1424 jubet
3465 1370 3596 1418 eum,
3639 1355 3711 1424 qui

497 1463 585 1511 su,
601 1450 667 1502 ut
685 1461 814 1501 cum
845 1445 1068 1500 silentio
1088 1453 1387 1516 operantes
1429 1462 1634 1517 panem
1667 1462 1833 1501 suum
1867 1445 2101 1501 mandu-
2176 1445 2410 1502 obedire
2423 1445 2542 1502 suis
2560 1444 2854 1516 praeceptis
2870 1443 3284 1514 contempserit,
3299 1448 3354 1496 et
3378 1458 3496 1498 cum
3519 1442 3604 1498 illo
3627 1457 3714 1498 non

499 1539 646 1590 cent.
663 1553 688 1586 »
704 1534 915 1588 Causas
926 1539 1214 1590 tantorum
1227 1534 1500 1600 ulcerum,
1525 1551 1648 1605 quas
1665 1534 1734 1588 de
1745 1533 1932 1590 radice
1954 1533 2100 1589 otio-
2181 1534 2531 1592 commisceri
2563 1553 2576 1590 ς
2604 1539 2662 1590 et
2679 1540 2870 1590 tamen
2897 1533 3016 1588 haec
3037 1533 3159 1588 fieri
3187 1548 3299 1588 non
3317 1531 3426 1587 odii
3458 1531 3578 1588 vitio
3601 1547 3712 1600 pns-

499 1622 683 1680 sitatis
719 1626 1155 1693 emergunt,uno
1189 1622 1533 1694 operationis
1560 1622 1796 1678 salutari
1825 1628 2101 1693 praecepto
2183 1623 2336 1694 cipit,
2361 1623 2458 1679 sed
2487 1623 2746 1680 fraternae
2767 1621 3084 1678 dilectionis
3115 1627 3174 1678 et
3208 1637 3397 1678 eorum
3423 1619 3714 1677 emendatio-

499 1711 734 1776 curavit,
755 1716 824 1766 ut
836 1711 1208 1782 peritissimus
1217 1711 1563 1768 medicorum
1578 1751 1592 1778 ,
1609 1715 1840 1766 caeteras
1879 1726 2101 1781 quoque
2117 1701 2164 1761 Β
2183 1712 2270 1768 nis
2289 1712 2518 1778 intuitu,
2543 1729 2570 1763 «
2611 1711 2818 1774 Nolite,
2836 1710 3039 1781 inquit,
3061 1709 3401 1766 commisceri
3429 1724 3544 1766 cum
3567 1707 3647 1764 illo
3670 1711 3718 1764 ut

503 1799 852 1858 valetudines
877 1801 1056 1856 malas
1083 1800 1281 1856 eodem
1310 1799 1520 1872 cespite
1536 1799 1879 1870 pullulantes
1919 1799 2100 1855 sciens
2179 1800 2574 1866 confundatur,
2609 1821 2635 1853 »
2687 1805 2752 1856 ut
2771 1799 2868 1870 qui
2888 1815 3000 1856 non
3029 1804 3119 1856 est
3143 1799 3282 1856 meis
3305 1797 3572 1870 praceptis
3597 1794 3716 1852 miti-

503 1889 760 1960 protinus
771 1889 1433 1960 exstinguendasorigine
1460 1889 1639 1945 morbi
1654 1887 1976 1960 principalis
2003 1904 2098 1944 ex-
2181 1876 2646 1955 busemendatus,
2677 1889 2877 1946 saltem
2905 1888 3130 1960 publica
3149 1887 3398 1946 omnium
3416 1891 3632 1944 vestrum
3653 1901 3718 1940 se-

499 1977 725 2034 stincta.
784 1978 856 2033 Et
899 1978 1166 2048 quoniam
1211 1978 1293 2034 illi
1334 1978 1432 2048 qui
1467 1977 1794 2048 huiusmodi
1835 1984 2016 2042 erant,
2043 1983 2101 2033 et
2177 1979 2508 2050 gregatione
2531 1978 2813 2046 confusus,
2846 1978 2918 2036 ad
2964 1978 3253 2035 tramitem
3306 1975 3492 2034 salutis
3527 1973 3718 2044 incipiat

501 2065 724 2138 operari
737 2066 970 2122 minime
990 2065 1268 2132 volebant,
1301 2065 1566 2122 seditiose
1591 2083 1717 2137 qua:
1753 2083 1868 2122 non
1903 2082 2102 2122 conve-
2179 2067 2484 2138 aliquando
2503 2066 2770 2124 revocari.
2804 2087 2830 2120 α
2863 2068 2991 2138 Ipse
3008 2072 3203 2122 autem
3221 2067 3366 2122 Deus
3386 2063 3526 2136 pacis
3542 2064 3624 2120 det
3645 2079 3718 2117 vo-

501 2155 751 2221 niebant,
773 2155 869 2210 illa
889 2155 1268 2226 perﬁciebant,
1285 2155 1576 2212 occasione
1603 2172 1690 2220 ea,
1715 2155 1850 2226 quia
1867 2159 2100 2211 caetero-
2183 2155 2268 2210 bis
2294 2171 2489 2226 pacem
2527 2171 2748 2226 semper
2787 2155 2844 2212 in
2897 2155 3051 2212 omni
3097 2154 3285 2210 modo.
3333 2152 3584 2210 Dominus
3620 2165 3720 2208 cum

502 2261 633 2308 rum
646 2243 954 2300 liberalitas
972 2243 1262 2315 prestabat
1290 2243 1420 2309 illis,
1441 2261 1568 2301 cum
1611 2244 1764 2300 omni
1792 2243 2098 2309 celeritate,
2181 2243 2444 2303 omnibus
2469 2243 2644 2299 vobis.
2675 2245 2874 2300 Amen.
2911 2263 2938 2298 »
2971 2243 3174 2311 (Δηώ.)
3220 2243 3430 2301 Deinde
3453 2247 3566 2296 orat
3587 2238 3722 2296 tribui

501 2333 598 2388 illa
617 2349 741 2403 quia
770 2339 936 2388 erant
963 2333 1281 2388 necessaria
1305 2333 1467 2404 quasi
1509 2333 1764 2404 ejusdem
1800 2333 1931 2389 ﬁdei
1973 2348 2104 2388 con-
2183 2333 2267 2389 eis
2291 2349 2486 2404 pacem
2514 2348 2551 2390 a
2577 2333 2712 2400 Deo,
2743 2333 2824 2390 ita
2851 2338 2917 2387 ut
2942 2349 3170 2404 semper
3197 2349 3320 2388 eam
3350 2329 3588 2394 habeant,
3614 2333 3722 2383 etut

497 2421 735 2488 stitutis,
771 2423 920 2493 quod
940 2427 998 2477 et
1025 2421 1087 2478 in
1131 2421 1314 2492 prima
1363 2421 1613 2492 Epistola
1666 2421 2104 2492 interpretantes
2183 2422 2367 2478 modis
2394 2421 2654 2496 omnibus
2675 2438 2897 2493 semper
2917 2422 3030 2478 illis
3048 2421 3198 2478 adsit
3226 2439 3263 2476 a
3289 2421 3418 2487 Deo.
3443 2439 3469 2472 α
3498 2417 3723 2477 Sallustio

499 2509 756 2580 signasse
783 2509 884 2566 visi
903 2527 1118 2576 sumus,
1140 2510 1334 2580 adjicit
1351 2511 1426 2564 ad
1451 2511 1580 2566 illos
1616 2510 1712 2581 qui
1739 2509 2097 2581 praebebant:
2185 2528 2313 2566 mea
2339 2527 2512 2568 manu
2543 2511 2723 2568 Pauli.
2775 2531 2802 2566 »
2848 2511 3260 2568 Salutationem
3298 2508 3502 2566 vocavit
3524 2504 3724 2564 subscri-

576 2616 603 2652 α
620 2599 734 2654 Vos
759 2602 970 2664 autem,
986 2598 1212 2662 fratres,
1251 2615 1324 2654 ne
1352 2598 1626 2655 deﬁciatis
1652 2599 1864 2655 bonum
1899 2598 2104 2654 facien-
2185 2599 2464 2670 ptionem:
2481 2616 2584 2670 pro
2597 2600 2694 2655 illo
2705 2599 2856 2656 enim
2871 2600 3018 2670 quod
3029 2617 3134 2660 nos
3147 2600 3388 2656 solemus
3403 2613 3592 2673 ponere
3599 2595 3724 2650 Ιηοο-

506 2706 532 2738 α
561 2692 670 2742 tes.
709 2706 734 2738 ο
761 2688 964 2755 (Ανηὺ.)
995 2688 1120 2744 Hoc
1141 2694 1247 2753 est,
1288 2703 1386 2744 vos
1415 2687 1784 2758 exsequimini
1813 2687 2104 2758 proprium
2184 2689 2398 2754 lumen,
2418 2694 2553 2753 etc.,
2571 2687 2666 2746 ille
2686 2689 3080 2760 semperponit
3111 2689 3340 2759 «gratia
3365 2685 3571 2746 Domini
3583 2680 3725 2741 uentri

503 2790 662 2846 opus,
699 2781 759 2832 et
786 2791 859 2830 ne
881 2781 1112 2846 propter
1163 2776 1405 2832 aliorum
1433 2775 1710 2832 malitiam
1740 2775 2040 2832 discedatis
2067 2792 2104 2830 a
2183 2777 2318 2834 Iesu
2347 2777 2576 2834 Christi.
2617 2798 2643 2832 ι)
2675 2779 2834 2833 Hanc
2857 2793 2991 2848 ergo
3019 2777 3414 2836 salutationem
3442 2779 3586 2832 vocat
3610 2791 3620 2827 :
3647 2785 3727 2826 nec

502 2862 648 2920 bono
675 2879 846 2934 opere
873 2881 886 2918 :
919 2863 1052 2920 licet
1103 2863 1185 2919 illi
1221 2863 1377 2936 pravi
1403 2864 1520 2920 sint
1534 2881 1638 2920 suo
1671 2865 1976 2936 proposito,
2001 2864 2101 2919 sed
2185 2865 2337 2924 enim
2365 2865 2587 2922 videtur
2639 2865 2860 2938 aliquos
2903 2865 2962 2922 in
3017 2866 3301 2937 Epistolas
3326 2882 3425 2922 sua
3465 2864 3724 2920 salutasse;

499 2951 654 3007 vobis
674 2949 1436 3009 mercessimilisobvestmm
1457 2953 1570 3009 erit
1587 2951 1954 3024 propositum,
1967 2969 2096 3009 cum
2186 2973 2212 3005 (ί
2235 2954 2396 3019 Quod
2425 2960 2513 3012 est
2530 2955 2756 3024 signum
2774 2955 2834 3012 in
2864 2955 3018 3010 omni
3033 2955 3308 3026 Epistola.
3329 2951 3603 3012 Itascribo.
3620 2949 3728 3004 Gra-

498 3039 762 3096 tribuitis.
787 3041 1082 3108 (Caesiam)
1099 3060 1126 3094 α
1143 3040 1350 3108 Nolite,
1377 3041 1582 3112 inquit,
1605 3042 1845 3098 deﬁcere
1871 3041 2100 3098 benefa-
2121 3027 2268 3100 Cﬁa
2279 3043 2500 3100 Domini
2548 3045 2728 3100 nostri
2755 3045 2888 3100 Jesu
2918 3044 3132 3100 Christi
3163 3061 3292 3101 cum
3315 3042 3557 3100 omnibus
3587 3037 3724 3094 vobis.

495 3128 810 3186 eientes:id
822 3134 927 3194 est,
945 3129 1356 3186 humanitatem
1367 3137 1610 3186 vestram
1622 3147 1885 3201 ergaeos,
1899 3130 2102 3186 siforte
2180 3133 2381 3188 Amen.
2418 3155 2442 3182 »
2477 3133 2597 3188 Hoc
2639 3133 2816 3203 igitur
2857 3133 3017 3204 quasi
3047 3133 3337 3204 signaculo
3363 3136 3486 3188 utor
3530 3129 3584 3186 in
3606 3123 3727 3182 omni

493 3217 848 3289 neglexerint
859 3217 1155 3274 observare
1165 3219 1317 3290 quod
1333 3219 1598 3286 diximus,
1611 3219 1876 3274 similiter
1891 3219 2102 3290 imper-
2183 3221 2454 3292 Epistola,
2483 3220 2736 3278 scribens
2761 3221 2902 3278 illud
2927 3237 3055 3278 mea
3095 3238 3272 3280 manu
3309 3221 3450 3292 quod
3499 3226 3552 3274 et
3577 3216 3628 3272 in
3647 3215 3730 3272 hac

495 3305 620 3362 tite.
641 3307 716 3362 Ut
741 3307 1036 3378 castigavit
1065 3307 1191 3361 illos
1215 3307 1311 3378 qui
1341 3313 1504 3362 erant
1519 3307 1730 3362 inﬁrmi
1758 3324 1830 3361 ne
1851 3307 1966 3363 otio
1992 3307 2105 3364 dis—
2185 3308 2436 3382 Epistola
2462 3309 2586 3374 feci,
2607 3309 2692 3366 ita
2711 3317 2776 3365 ut
2793 3327 2958 3367 nemo
2971 3311 3197 3368 dubitet
3222 3327 3373 3368 meas
3395 3325 3509 3365 esse
3534 3306 3726 3364 litteras.

495 3395 664 3452 soluti
691 3395 1070 3467 inquietudini
1100 3401 1162 3452 et
1186 3395 1503 3452 curiositati
1537 3413 1770 3468 cperam
1791 3395 2010 3462 darent,
2025 3396 2106 3450 ita
2185 3399 2305 3454 Hoc
2330 3404 2522 3454 autem
2550 3397 2770 3456 videtur
2797 3399 2904 3456 hoc
2929 3400 2991 3456 in
3020 3401 3146 3456 loco
3172 3400 3441 3471 adjecisse
3471 3412 3575 3455 non
3596 3392 3730 3450 abso-

497 3483 599 3542 hos
625 3484 722 3556 qui
739 3484 863 3540 sani
878 3489 1016 3557 sunt
1033 3490 1359 3556 praemonet,
1397 3490 1463 3540 ut
1477 3484 1912 3550 humanitatem,
1934 3501 2104 3556 quam
2186 3486 2320 3551 lute,
2363 3487 2460 3543 sed
2509 3487 2644 3558 quia
2685 3487 2768 3544 illi
2814 3489 2910 3559 qui
2964 3489 3036 3544 de
3072 3487 3548 3546 consummatione
3578 3478 3730 3540 seculi

495 3571 658 3630 bonis
682 3588 750 3628 ac
777 3572 944 3628 malis
971 3572 1266 3644 impertire
1277 3572 1506 3630 Domini
1525 3573 2101 3644 praeceptojubemur,
2186 3574 2580 3646 loquebantur,
2597 3582 2655 3634 et
2669 3575 2932 3634 dicebant
2949 3593 3074 3634 eam
3103 3595 3230 3636 esse
3258 3577 3732 3650 prepinquam.per-

493 3659 546 3716 si
563 3659 710 3718 forte
737 3661 970 3734 quidam
988 3661 1146 3732 pravi
1176 3661 1250 3718 ad
1279 3677 1478 3720 sanam
1502 3661 1820 3718 doctrinam
1857 3661 2105 3720 converti
2186 3663 2500 3722 suadebant
2527 3664 2610 3722 eis
2636 3665 2798 3736 quasi
2819 3666 2917 3736 qui
2937 3673 2998 3722 et
3009 3683 3076 3722 ex
3105 3667 3361 3738 Epistola
3399 3659 3630 3735 Apostoli
3650 3657 3732 3714 hoc

493 3749 800 3816 noluerint,
837 3765 953 3807 non
979 3749 1318 3807 abscindant
1344 3749 1416 3806 ab
1442 3750 1544 3812 eis,
1573 3750 1673 3808 sed
1703 3749 2030 3808 benefacere
2047 3756 2107 3806 et
2185 3751 2336 3809 idem
2384 3754 2768 3823 sigrdﬁcantm
2812 3754 3084 3820 dicerent,
3149 3755 3412 3827 quodque
3453 3758 3508 3809 et
3550 3751 3654 3821 ipse
3685 3745 3732 3802 in

493 3837 682 3896 fovere
705 3837 1346 3896 eostamconsolationis
1356 3845 1415 3896 et
1432 3839 1800 3910 correptionis
1815 3853 2098 3905 sermone,
2183 3841 2570 3912 superioribus
2621 3842 2980 3912 signiﬁcavit,
2997 3843 3264 3904 scribens
3302 3843 3382 3900 eis
3412 3857 3516 3898 non
3542 3847 3732 3911 pertuso

493 3943 668 3998 quam
695 3926 982 3984 beneﬁciis
1009 3927 1189 3983 solitis
1219 3933 1278 3984 et
1304 3927 1656 3984 humanitate
1681 3944 1796 3985 non
1817 3927 2098 3986 desinant.
2183 3919 2304 3986 deri
2316 3929 2388 3986 ab
2411 3931 2525 3988 illis
2569 3931 2665 4002 qui
2694 3948 2796 4002 per
2821 3931 3129 4002 Epistolam
3157 3931 3411 4004 Apostoli
3439 3930 3548 3987 haec
3568 3942 3622 3984 se
3662 3920 3730 3980 di-

497 4015 744 4072 Rumum
766 4021 961 4070 tamen
979 4031 1052 4071 ne
1079 4015 1224 4070 forte
1251 4015 1360 4070 hac
1383 4015 1616 4072 lenitate
1643 4015 1926 4086 provocati
1971 4016 2099 4088 qui-
2181 4033 2308 4074 cere
2333 4019 2738 4090 promittebant
2770 4039 2783 4088 ;
2809 4021 3123 4076 necessario
3163 4038 3300 4092 ergo
3329 4021 3431 4078 hoc
3460 4018 3517 4076 in
3554 4010 3727 4072 locati.

496 4102 629 4158 dam
646 4101 939 4173 praeceptis
959 4101 1320 4172 ejusobedire
1335 4108 1715 4170 contemnant,
1751 4103 2100 4161 intermiscet
2175 4107 2465 4177 gnificavit
2487 4107 2548 4166 in
2577 4108 2779 4180 quibus
2806 4109 3111 4181 scripserat
3138 4111 3211 4166 de
3257 4109 3347 4168 his
3373 4107 3445 4165 ad
3485 4121 3592 4170 eos,
3619 4115 3729 4174 quo-

491 4189 862 4262 apostolicam
883 4189 1262 4258 severitatem,
1294 4197 1351 4248 et
1371 4191 1454 4247 ait
1485 4209 1498 4244 :
1526 4210 1553 4244 (ί
1578 4192 1739 4256 Quod
1769 4193 1820 4248 si
1837 4192 1964 4263 quis
1983 4209 2098 4250 non
2177 4195 2334 4252 niam
2345 4197 2469 4267 ejus
2491 4202 2582 4255 est
2611 4197 2864 4268 Epistula
2879 4198 2950 4255 ob
2977 4199 3380 4257 salutationem
3409 4193 3729 4254 callicinum

497 4277 690 4336 obedit
717 4277 882 4334 verbo
908 4283 1121 4346 nostro,
1145 4295 1247 4350 per
1277 4279 1584 4351 Epistulam
1622 4281 1772 4338 hunc
1797 4288 2009 4348 notate,
2041 4287 2101 4338 et
2115 4347 2156 4357 λ
2179 4285 2498 4351 ostendere,
2529 4286 2678 4357 quod
2700 4293 2760 4344 et
2785 4287 2891 4344 hoc
2937 4287 3019 4342 illi
3047 4287 3126 4344 sit
3167 4289 3228 4345 in
3275 4282 3668 4345 consuetudine»
3683 4279 3731 4331 σί

495 4368 672 4424 nolite
689 4368 1038 4424 commisceri
1066 4347 1196 4424 cum
1224 4347 1342 4435 illo;
1375 4375 1441 4428 ut
1461 4369 1856 4426 confundatur.
1909 4390 1936 4423 »
2115 4347 2163 4406 θ
2179 4372 2329 4442 quod
2358 4385 2462 4430 sua
2484 4347 2660 4433 manu
2673 4381 2938 4432 consuete
2951 4375 3290 4443 subscribat,
3321 4381 3384 4432 ut
3395 4373 3530 4432 nihil
3552 4372 3732 4428 contr?

497 4473 750 4532 namque
791 4473 908 4525 eos,
967 4474 1068 4529 pro
1111 4457 1428 4514 reverentia
1467 4474 1574 4516 sua
1591 4465 1652 4516 et
1677 4459 1924 4516 utilitate
1953 4476 2100 4516 com-
2178 4459 2329 4516 rium
2355 4461 2756 4533 recipiantillis
2770 4481 2896 4534 quas
2913 4465 3005 4520 hic
3039 4465 3256 4537 scripta
3284 4469 3416 4523 sunt
3437 4461 3508 4522 ad
3527 4475 3629 4523 eos.
3647 4453 3732 4512 853

498 4545 677 4614 muni,
721 4547 859 4620 quid
912 4551 1175 4618 oporteat
1213 4545 1529 4615 observare,
1563 4563 1787 4620 quaque
1841 4548 2100 4606 cautione
2181 4549 2433 4621 quolibet
2455 4550 2661 4610 iisdem
2674 4552 3000 4612 suadeatur.

761 4819 1302 4954 LIBER
1499 4825 2478 4958 VICESIMUS
2673 4829 3576 4968 TERTIUS..

957 5139 1526 5223 EXPOSITIO
1575 5137 1696 5220 IN
1736 5139 2346 5222 EPISTOLAM
2381 5143 2422 5222 Ι
2468 5142 2588 5225 IN
2629 5145 3309 5230 TIMOTHEUM.

1953 5283 2344 5302 m

1033 5355 1562 5414 ARGUMENTUM.
2179 5363 2374 5416 Asiam
2400 5362 2560 5418 univs

2202 5363 2374 5416 uiam
2400 5362 3090 5433 universasquanillicsunt
3115 5360 3386 5418 Ecclesiae
3410 5353 3729 5433 gallum“;

573 5461 604 5494 ί(
631 5443 870 5500 ﬂuctu
893 5448 1183 5519 apostolus
1227 5447 1437 5502 Paulus
1485 5447 1712 5504 beatum
1740 5448 2098 5505 Timotheum
2181 5449 2389 5506 Scribit
2442 5451 2617 5522 igitur
2638 5431 2734 5506 adi
2756 5469 2888 5506 eum
2925 5452 2986 5506 in
3009 5452 3192 5524 prima
3227 5447 3476 5522 Epistula
3499 5456 3652 5516 qm
3675 5431 3734 5492 'd

503 5528 1351 5610 «Ephelireliquitsncilieet
1397 5541 1466 5594 ut
1503 5551 1734 5596 omnem
1783 5549 2030 5612 peregre

2207 5554 2427 5597 magna
2443 5539 2810 5614 manu
2829 5539 3240 5608 annitimus,-in
3257 5534 3524 5612 panupio
3537 5526 3734 5605 alii”
