3868 6138
561 249 1134 310 ENARRATIONUM
1285 249 1441 308 EPP.
1481 248 1698 310 PAULI
1721 251 1874 312 ΗΒ.
1912 251 2120 312 XXIII.
2167 281 2233 296 —
2285 253 2366 310 IN
2405 249 2629 312 EPIS'I‘.
2669 250 2716 308 I.
2751 249 2853 306 AD
2886 247 3038 306 TIM.

3214 247 3446 324 ,ssz

212 375 433 448 Epistolc
455 375 644 432 statim
689 348 1052 430 commoneas
1091 348 1244 441 eum,
1291 381 1357 432 ut
1381 391 1514 432 suos
1547 375 1760 432 cautis-
1774 377 2015 438 Λακεδιὶο
2036 377 2267 450 quidem
2287 377 2460 434 etiam
2487 375 2648 432 valde
2681 374 2990 430 desidiosos
3021 375 3128 432 scit
3166 375 3442 442 animare,

208 467 323 522 sime
344 465 594 528 instruat,
643 480 756 519 non
794 463 1087 520 intendere
1112 463 1228 518 illis
1277 464 1374 535 qui
1399 464 1536 536 legis
1575 470 1758 520 custo-

207 552 666 611 diaruChristianis
695 553 860 610 modo
892 552 1360 609 subintroducere
1393 553 1589 609 volunt
1620 554 1758 621 μιθ-

207 650 278 699 oet
296 658 408 698 vero
425 658 553 699 eum
579 642 640 697 in
655 641 1127 712 subsequentibus
1154 659 1280 714 quae
1307 642 1602 700 conveniat
1627 659 1760 698 eum

205 733 374 788 facem
399 730 766 787 Ecclesiarum
785 731 1262 802 dispensationem
1277 731 1758 803 indeptum.Unde

203 827 247 878 et
265 820 324 876 de
345 818 600 877 omnibus
641 819 803 876 illum
850 819 1086 876 instruit
1110 820 1318 876 docens
1348 836 1497 886 eum,
1530 821 1758 891 qualem

201 925 297 966 eae
319 925 768 982 unumquemque
795 908 1094 966 conveniat
1121 925 1320 964 eorum
1367 909 1464 980 qui
1506 908 1757 980 quolibet

199 997 332 1054 modo
355 997 411 1052 in
447 995 824 1054 ecclesiastico
851 997 1050 1054 ordine
1079 997 1445 1067 deputantur,
1471 997 1558 1051 vel
1585 997 1754 1052 mim-

195 1085 334 1142 δια-ἕο
349 1085 497 1156 fungi
525 1085 819 1153 videntur;
851 1087 1001 1157 quod
1034 1091 1094 1142 et
1109 1085 1436 1144 cautissime
1472 1085 1756 1157 explicans

195 1175 384 1229 instruit
435 1190 566 1228 eum
607 1175 678 1229 de
721 1175 833 1230 illis
886 1191 1010 1246 quae
1045 1175 1285 1230 deceant
1338 1173 1752 1247 presbyterum,

193 1279 346 1335 quave
387 1263 709 1326 diaconum.
755 1263 950 1334 quales
981 1263 1154 1318 etiam
1199 1263 1495 1320 conveniat
1529 1279 1653 1318 esse
1684 1262 1756 1316 vi-

192 1351 317 1414 duas,
333 1357 391 1407 et
417 1351 488 1406 de
530 1352 752 1408 ceteris
779 1351 1042 1408 similiter
1059 1352 1322 1408 omnibus
1351 1369 1419 1407 ea
1447 1369 1572 1423 quae
1617 1367 1756 1406 con-

193 1439 444 1496 veniebant
489 1439 808 1508 inetruens,
856 1440 1161 1513 perfectam
1208 1441 1269 1496 in
1323 1441 1448 1512 ipsa
1504 1440 1756 1512 Epistola

189 1528 457 1586 doctrinm
489 1529 650 1585 visus
678 1536 765 1585 est
789 1529 1236 1601 deprompsisse;
1269 1535 1614 1586 memoratus
1624 1545 1754 1584 vero

187 1623 255 1673 est
273 1623 324 1674 et
339 1617 601 1688 quodam
631 1619 701 1673 de
724 1619 986 1689 dogmate
1014 1618 1071 1674 in
1092 1618 1449 1689 mediaparte
1471 1617 1751 1688 Epistolas,

1838 467 2103 538 praecepti
2133 483 2264 522 vero
2295 465 2514 538 pondus
2531 471 2588 520 et
2607 465 2768 520 illum
2788 463 2886 535 qui
2905 464 3199 520 alacritate
3217 470 3446 546 tenetur

1839 554 2061 626 pigrum
2076 572 2223 627 saepe
2240 555 2438 611 fecisse
2451 554 2692 610 videtur:
2715 553 3123 608 intendendum
3149 559 3236 609 est
3249 559 3440 610 autem

1839 650 1898 700 et
1923 645 2114 700 sensui
2131 645 2440 711 dictorum;
2473 660 2576 698 nec
2601 643 2752 698 enim
2783 643 2888 696 hoc
2914 643 3034 696 vult
3059 641 3263 709 dicere,
3295 643 3442 699 sicut

1838 749 2054 799 sensus,
2071 733 2167 804 qui
2193 733 2253 788 in
2282 739 2546 805 promptu
2576 738 2681 796 est,
2699 731 3014 801 significare
3033 731 3273 798 videtur,
3296 748 3436 802 quo-

1837 821 1989 877 niam
2017 822 2238 893 rogavit
2254 839 2383 878 eurn
2406 827 2472 876 ut
2491 820 2800 876 sustineret
2827 820 3050 892 Ephesi,
3069 820 3150 875 ita
3168 826 3232 874 ut
3249 821 3439 892 praeci-

1837 916 1998 982 peret
2023 909 2360 982 quibusdam
2397 927 2469 966 ne
2506 909 2672 964 aliter
2701 909 2985 975 docerent,
3019 925 3120 964 nec
3157 909 3305 964 enim
3334 925 3436 982 pro

1838 998 1944 1054 hoc
1957 999 2076 1054 solo
2093 999 2322 1071 reliquit
2343 1015 2472 1054 eum
2498 997 2630 1059 illic,
2654 997 2753 1053 sed
2773 1004 2838 1054 ut
2854 997 3046 1051 omnia
3063 1013 3166 1068 pro
3183 996 3281 1051 illa
3295 995 3438 1052 face-

1837 1094 1926 1143 ret
1953 1087 2349 1154 sollicitudine,
2365 1104 2534 1158 quam
2549 1103 2686 1157 erga
2707 1086 2982 1142 Ecclesias
3003 1085 3104 1142 Dei
3124 1085 3436 1158 expendere

1837 1177 2022 1232 fuerat
2039 1177 2350 1240 ordinatus,
2375 1177 2444 1230 de
2467 1175 2669 1246 quibus
2685 1175 2857 1232 etiam
2877 1175 3136 1232 omnibus
3149 1175 3438 1247 scripsisse

1839 1266 2060 1320 videtur
2079 1266 2150 1320 ad
2171 1280 2302 1321 eum
2323 1266 2382 1320 in
2405 1265 2656 1338 Epistola
2677 1283 2689 1332 ;
2723 1271 2858 1320 sunt
2894 1270 3085 1320 autem
3106 1281 3303 1320 sensus
3323 1265 3435 1320 duo

1833 1354 2107 1425 complexi
2136 1354 2240 1409 sibi
2269 1354 2505 1410 invicem
2537 1373 2550 1408 :
2585 1353 2768 1424 primo
2798 1370 2965 1408 sensu
3003 1353 3308 1408 secundum
3339 1370 3435 1408 ex-

1834 1442 2228 1498 clamationem
2242 1443 2566 1515 imperfecte
2578 1459 2838 1514 expresso
2854 1441 3024 1498 uttali
3035 1442 3251 1496 ratione
3264 1441 3434 1498 etiam

1835 1548 2012 1588 unum
2040 1549 2163 1587 esse
2201 1531 2352 1603 quod
2403 1531 2616 1588 dictum
2660 1535 2747 1588 est
2790 1531 3092 1586 videretur.
3125 1531 3260 1586 Vult
3285 1531 3436 1585 enim

1837 1619 2020 1675 dicere
2043 1639 2055 1673 :
2101 1621 2258 1676 Sicut
2282 1627 2339 1676 te
2368 1620 2560 1691 rogavi
2585 1619 2944 1685 Macedoniae,
2975 1619 3351 1692 proﬁciscens,
3374 1625 3440 1676 ut

185 1706 239 1762 de
259 1706 444 1777 quibus
468 1708 560 1763 vel
593 1707 832 1764 maxime
860 1707 1241 1764 necessarium
1285 1707 1392 1762 sibi
1437 1706 1754 1762 doctrinam
1769 1697 1816 1757 Β
1835 1709 2141 1764 sustineres
2170 1709 2399 1780 Ephesi,
2413 1709 2766 1780 diligentiam
2791 1708 2903 1763 illis
2922 1707 3194 1764 adhibens
3213 1708 3308 1780 qui
3323 1707 3436 1762 illic

183 1811 278 1851 meo
300 1795 690 1866 perspiciebat.
737 1796 896 1852 Nihil
939 1813 1068 1852 vero
1102 1813 1169 1852 ex
1198 1795 1309 1851 illis
1357 1795 1587 1866 reliquit
1627 1811 1752 1867 quae

185 1883 238 1938 ad
259 1899 542 1940 commune
589 1891 988 1942 ornamentum
1035 1885 1319 1956 pertinere
1372 1889 1654 1956 poterant,
1702 1884 1751 1939 si

181 1977 338 2030 Mer!
355 1973 478 2043 quis
508 1974 729 2045 scripta
753 1975 878 2044 ejus
907 1991 1037 2029 cum
1055 1973 1398 2044 competenti
1419 1973 1640 2028 cautela
1664 1973 1750 2027 vel

180 2060 418 2130 legmvel
435 2063 732 2118 custodire
760 2063 1003 2120 voluerit
1027 2081 1038 2116 :
1074 2063 1218 2118 hanc
1237 2063 1412 2133 igitur
1439 2061 1750 2134 Epistulam

177 2149 504 2220 meoiudicio
551 2167 754 2208 omnes
798 2151 1120 2208 cautissime
1163 2150 1453 2222 episcopos
1502 2151 1752 2206 ediscere

179 2238 520 2296 conveniebat.
566 2240 657 2296 Sic
699 2241 852 2296 enim
902 2241 1204 2312 diligenter
1239 2240 1502 2296 instructi
1543 2256 1750 2310 cogno-

175 2342 296 2381 scere
319 2334 590 2398 poterant
620 2329 919 2392 Ecclesiae
948 2329 1172 2385 Domini
1219 2329 1321 2385 Dei
1351 2329 1658 2385 secundum
1689 2333 1753 2383 ut

177 2414 340 2470 decens
386 2423 473 2472 est
522 2417 618 2472 vel
665 2434 860 2486 regere
886 2418 972 2473 vel
1027 2417 1375 2489 dispensare,
1409 2417 1559 2472 beati
1587 2417 1749 2472 Pauli

174 2502 352 2572 legibus
369 2505 751 2562 insanientes
797 2524 810 2559 :
859 2523 929 2561 ea
953 2506 1108 2561 enim
1144 2523 1267 2578 quae
1295 2507 1368 2561 ad
1390 2506 1748 2562 Timotheum

168 2598 277 2647 tunc
297 2593 518 2664 scripsit
553 2594 884 2666 relinquens
911 2612 1042 2652 eum
1082 2595 1289 2666 Ephesi
1325 2594 1588 2656 omnibus
1615 2611 1748 2650 eum

168 2679 387 2738 laciniis
413 2700 548 2754 que
581 2684 891 2740 secundum
919 2685 1114 2740 Asiam
1127 2684 1464 2740 videbantur
1483 2699 1604 2739 esse
1613 2699 1746 2754 pro-

173 2785 369 2840 ponens,
397 2772 521 2830 hoc
547 2773 708 2828 omni
746 2773 1026 2845 episcopo,
1057 2773 1156 2844 qui
1176 2773 1481 2828 Ecclesiam
1500 2772 1604 2827 Dei
1631 2787 1748 2827 cre-

170 2857 294 2915 ditus
325 2866 410 2915 est
445 2861 801 2932 gubernare,
831 2863 1014 2933 aptari
1045 2879 1232 2934 posse,
1283 2877 1450 2918 nemo
1503 2859 1742 2916 dubitet.

167 2947 454 3020 Incipienda
490 2957 591 3007 est
615 2967 754 3021 ergo
778 2951 880 3006 illa
917 2951 1192 3024 expositio
1227 2967 1399 3022 quam
1426 2966 1528 3021 per
1553 2954 1745 3022 partes

1833 1804 1986 1864 sunt,
1999 1797 2148 1868 quod
2169 1803 2227 1852 et
2251 1797 2417 1851 facite
2445 1801 2558 1866 (sic)
2582 1797 2944 1852 commissum
2972 1795 3075 1852 tibi
3105 1813 3245 1868 opus
3274 1813 3438 1868 expe-

1832 1887 2010 1950 diens,
2034 1893 2091 1940 et
2109 1885 2301 1941 omnia
2317 1885 2553 1940 sollicite
2575 1886 2814 1956 implens
2834 1903 2955 1956 qua:
2976 1885 3047 1940 ad
3075 1901 3434 1942 communem

1832 1975 2119 2047 pertinent
2143 1974 2568 2030 correctionem.
2593 1975 2710 2028 Hoc
2737 1973 2914 2044 igitur
2933 1979 3019 2028 est
3049 1974 3197 2046 quod
3225 1973 3344 2029 vult
3363 1973 3436 2028 si-

1829 2064 2099 2134 gniﬁcare
2127 2080 2228 2136 per
2255 2059 2392 2120 illud
2433 2062 2582 2134 quod
2612 2062 2782 2118 dixit:
2821 2081 2847 2113 «
2879 2061 3035 2116 Sicut
3062 2062 3254 2133 rogavi
3282 2068 3340 2116 te
3370 2068 3435 2118 ut

1833 2153 2142 2209 sustineres
2172 2151 2374 2224 Ephesi
2393 2168 2522 2207 cum
2551 2151 2692 2206 irem
2713 2149 2770 2205 in
2791 2151 3194 2218 Macedoniam,
3224 2170 3248 2202 »
3283 2151 3432 2222 quod

1833 2247 1892 2298 et
1908 2243 2232 2313 imperfecte
2251 2241 2458 2296 dictum
2481 2256 2603 2295 esse
2631 2238 2862 2305 astruxi,
2882 2239 2944 2294 B.
2960 2239 3134 2294 Paulo
3153 2244 3432 2294 consuetis
3477 2253 3497 2264 ί

1832 2331 1890 2386 in
1915 2312 2076 2386 illum
2103 2312 2337 2402 loquelae
2368 2329 2619 2385 studium
2649 2327 3028 2394 adhibentem,
3060 2325 3198 2382 illud
3237 2331 3429 2382 autem

1832 2421 1981 2492 quod
2003 2420 2108 2473 sibi
2129 2419 2424 2474 videbatur
2450 2435 2553 2490 pro
2587 2434 2692 2472 sua
2717 2417 2944 2482 virtute,
2975 2421 3040 2470 ut
3065 2421 3306 2487 poterat,
3341 2433 3431 2470 ex-

1830 2510 2094 2581 plicante.
2109 2509 2253 2562 Nam
2264 2525 2370 2563 nec
2384 2507 2738 2578 disciplinam
2753 2505 2974 2560 dicendi
2999 2505 3317 2570 studuerat,
3330 2505 3429 2560 sed

1831 2615 1934 2654 nec
1959 2615 2062 2669 pro
2089 2597 2195 2652 hoc
2221 2596 2472 2652 studium
2500 2594 2924 2650 accommodare
2962 2593 3295 2648 conveniens
3322 2593 3429 2649 sibi

1829 2703 1950 2741 esse
1978 2685 2350 2740 existimabat.
2385 2683 2600 2740 Deinde
2627 2683 2834 2754 adjecit
2863 2701 2876 2736 :
2911 2701 2936 2734 ‹‹
2967 2683 3041 2738 Ut
3067 2681 3430 2738 denuntiares

1829 2774 2185 2846 quibusdam,
2224 2794 2248 2826 »
2285 2780 2343 2829 et
2380 2771 2616 2844 reliqua,
2647 2772 2752 2826 hoc
2781 2771 2992 2839 dicens,
3026 2770 3175 2842 quod
3203 2769 3286 2824 vel
3306 2787 3428 2825 ma-

1828 2863 1993 2929 xime,
2025 2867 2160 2917 ante
2195 2861 2388 2917 omnia
2429 2866 2622 2916 autem
2647 2875 2953 2931 prosumo
3003 2857 3251 2925 volebat;
3295 2857 3429 2930 quid

1827 2968 1960 3022 ergo
1987 2951 2127 3006 illud
2155 2951 2283 3006 est?
2315 2968 2341 3002 «
2371 2949 2509 3004 Volo
2537 2953 2614 3012 te,
2647 2947 2853 3018 inquit,
2875 2952 3006 3002 ante
3026 2947 3218 3002 omnia
3240 2952 3304 3002 ut
3329 2947 3429 3002 de-

164 3018 388 3109 slpedire
431 3057 552 3096 nos
601 3018 882 3106 convenit,
941 3018 1010 3095 eo
1041 3040 1194 3112 quod
1235 3018 1636 3110 argumentum
1683 3039 1744 3094 in
1764 3018 1809 3078 (ἶ
1832 3060 1858 3092 ‹‹
1891 3018 2134 3094 horteris
2163 3039 2289 3093 illos
2317 3038 2414 3110 qui
2442 3037 2502 3092 in
2529 3035 2762 3092 ecclesia
2806 3035 2920 3090 alia
2966 3035 3202 3108 cupiunt
3229 3035 3430 3091 docere

162 3124 283 3184 hisce
305 3127 663 3186 cnﬁdenter
688 3145 726 3184 a
744 3127 905 3184 nobis
925 3145 1252 3200 expressum
1281 3146 1406 3185 esse
1427 3128 1668 3184 videtur.

653 3235 888 3290 CAPUT
917 3235 1224 3292 PRIMUM.

161 3337 308 3394 Monet
341 3342 701 3396 Timotheum
746 3341 1034 3410 Apostolus
1067 3343 1391 3396 neattmdot
1410 3344 1741 3409 genealogiis

1829 3150 1856 3181 ς(
1887 3133 2261 3200 praeterquam
2292 3124 2519 3198 pietatis
2550 3125 2801 3196 postulat
2825 3123 2989 3179 ratio.
3027 3142 3052 3177 »
3077 3121 3314 3179 Evidens
3345 3129 3432 3180 est

1826 3217 1976 3272 enim
2005 3216 2154 3288 quod
2172 3215 2333 3282 dixit,
2350 3234 2376 3266 ί(
2392 3220 2456 3270 ut
2471 3213 2770 3268 denunties
2791 3211 3148 3284 quibusdam,
3169 3231 3194 3264 ››
3219 3212 3289 3267 de
3311 3212 3428 3268 suis

1826 3307 1978 3364 enim
2005 3305 2063 3360 id
2083 3305 2221 3360 dicit
2239 3310 2298 3360 et
2310 3320 2424 3360 non
2455 3303 2524 3357 de
2553 3301 2772 3358 alienis.
2790 3303 2909 3357 Nec
2936 3301 3086 3356 enim
3107 3301 3313 3358 exteris
3327 3301 3428 3358 de-

577 3389 1387 3479 ὧὲνὸἱιὶἰῖἦῷῗὸνᾶἱῶ⁷ῶί
1408 3389 1745 3480 sagas:

1832 3393 2090 3450 nuntiare
2125 3399 2249 3448 erat
2285 3391 2568 3448 Timothei
2598 3398 2734 3446 tunc
2761 3390 2848 3446 vel
2867 3390 3114 3446 maxime
3139 3389 3429 3463 magistris

211 3478 470 3539 utinm
497 3485 584 3539 ad
597 3488 987 3552 spectantum,
1027 3490 1076 3537 et
1107 3478 1324 3540 inducit
1342 3499 1467 3538 eum
1497 3478 1574 3538 (id
1587 3485 1746 3537 ναίε-
1824 3483 2070 3555 pietatis,
2087 3498 2201 3537 non
2211 3481 2698 3552 solumincrepare
2711 3478 3010 3534 contrariis
3023 3478 3257 3535 minime
3267 3495 3429 3536 usur-

212 3556 424 3610 tandum
452 3556 778 3610 doctoribus
789 3555 1077 3622 falsitatis.

218 3677 242 3712 ι
267 3660 476 3718 Paulus
488 3661 803 3733 Apostolus
817 3660 1028 3717 Christi
1047 3661 1182 3716 Jesu
1222 3661 1535 3716 secundum
1563 3661 1747 3732 impe-

1827 3569 2224 3643 pantibus,sed
2254 3587 2284 3624 e
2305 3568 2588 3624 contrario
2606 3567 2849 3640 plurima
2869 3567 2940 3622 ab
2959 3567 3070 3622 illis
3098 3567 3245 3622 male
3254 3565 3428 3626 susti-

1826 3657 2271 3716 nentibus.Dicit
2307 3664 2500 3714 autem
2533 3673 2648 3711 non
2684 3655 2889 3710 debere
2913 3655 3079 3711 aliter
3105 3655 3325 3722 docere,
3358 3653 3428 3712 de

161 3765 180 3798 α
203 3749 340 3806 rium
364 3750 471 3806 Dei
528 3749 839 3806 Salvatoris
867 3749 1064 3816 nostri,
1103 3755 1162 3806 et
1205 3749 1416 3805 Christi
1441 3751 1470 3804 J
1475 3765 1594 3815 esu,
1625 3748 1746 3821 spei
1827 3749 1940 3804 illis
1960 3747 2153 3802 dicens
2182 3746 2279 3817 qui
2310 3762 2376 3800 ex
2395 3744 2819 3800 circumcisione
2849 3743 3223 3810 crediderant,
3255 3743 3350 3816 qui
3370 3749 3429 3800 et

163 3856 185 3884 ι
203 3845 400 3895 nostra
425 3838 740 3896 Timotheo
773 3837 1102 3896 charissima
1146 3838 1264 3894 ﬁlio
1307 3837 1368 3894 in
1405 3838 1536 3905 fide,
1561 3837 1748 3908 gratia
1829 3837 2010 3892 multa
2037 3834 2314 3907 quasipro
2335 3833 2458 3905 lege
2481 3833 2796 3904 loquentes,
2819 3848 2915 3888 eos
2943 3831 3040 3903 qui
3071 3848 3136 3886 ex
3163 3830 3428 3904 gentibus

166 3945 188 3976 ι
213 3927 604 3984 misericordia
631 3933 694 3984 et
718 3943 824 3998 pax
850 3944 886 3982 a
921 3928 1040 3984 Deo
1067 3932 1249 3998 patre,
1279 3933 1337 3982 et
1365 3926 1586 3982 Christo
1614 3927 1643 3980 J
1647 3941 1748 3981 esu
1829 3931 1992 3980 erant
2007 3925 2210 3979 docere
2237 3921 2640 3978 annitebantur
2667 3927 2862 3977 contra
2875 3920 3181 3977 Christiani
3200 3921 3428 3993 dogma-

165 4032 188 4064 ε
213 4013 447 4072 Domino
486 4021 713 4073 nostro.
746 4035 773 4069 ι
814 4018 1007 4086 (Δηώ.)
1039 4016 1276 4072 Videtur
1312 4015 1511 4072 beatus
1537 4015 1749 4071 Paulus
1828 4014 1904 4070 tis
1931 4015 2124 4069 ritum.
2157 4013 2305 4068 Nam
2333 4016 2392 4066 et
2419 4010 2477 4066 in
2506 4010 2767 4066 omnibus
2797 4009 3047 4082 epistolis
3085 4009 3426 4083 propemodo

161 4101 210 4158 in
233 4105 666 4177 pmmiptione
719 4105 1010 4176 praesentis
1049 4105 1310 4176 Epistolas
1352 4111 1550 4160 contra
1585 4120 1748 4158 suam
1827 4104 2064 4158 Beatum
2088 4101 2214 4174 quis
2242 4101 2488 4156 inveniet
2515 4101 2756 4156 Paulum
2783 4099 2853 4155 de
2878 4099 2989 4156 illis
3015 4099 3260 4172 plurima
3286 4099 3428 4154 scri-

160 4195 618 4250 ooasuetudinem
645 4194 916 4264 adiecisse
950 4193 1196 4264 gratiam
1239 4199 1298 4249 et
1333 4210 1550 4264 pacem,
1577 4199 1748 4264 atque
1828 4192 2077 4259 bentem,
2099 4208 2166 4246 eo
2185 4191 2336 4263 quod
2351 4189 2588 4245 etmulti
2624 4197 2760 4244 tunc
2786 4195 2950 4244 erant
2977 4189 3072 4260 qui
3101 4187 3426 4259 hujusmodi

159 4281 614 4349 misericordiam,
631 4283 702 4338 ab
727 4284 931 4340 aﬂ‘ectu
961 4284 1195 4354 majore,
1209 4299 1378 4354 quem
1397 4299 1532 4353 erga
1555 4282 1746 4338 Timo-
1761 4333 1812 4392 Β
1829 4280 2217 4354 proponebant
2243 4279 2576 4346 doctrinam,
2601 4279 2748 4350 quod
2777 4282 2835 4332 et
2863 4278 3064 4332 melius
3091 4291 3426 4347 cognoscere

159 4369 324 4392 aL--___
345 4374 370 4392 ι
390 4373 450 4392 -L
475 4390 488 4392 -
510 4391 524 4392 η
548 4391 557 4392 κ
598 4373 643 4392 ,κε
660 4373 682 4392 J
700 4371 750 4392 ,ι
766 4379 886 4392 ,Αμη
931 4373 995 4392 ι.-
1015 4389 1031 4392 -
1064 4389 1121 4392 ,4,
1143 4373 1207 4392 Αξᾲ
1240 4389 1259 4392 _
1278 4372 1356 4392 ,ΙΞΑ
1373 4371 1434 4392 ,ΑΞ
1450 4388 1508 4392 -_.
1525 4389 1543 4392 _
1575 4371 1743 4392 11-2---
1838 4371 1956 4392 μυί-
1977 4369 2179 4392 _--L__.£L
2211 4369 2253 4392 -2
2273 4367 2793 4392 :_AA___Aa-a2,.-.-m
2814 4371 3060 4392 νιΑιιι-υι-νι
3106 4382 3269 4392 Ι-ιςιι-ινι
3294 4382 3392 4392 κει-Λ

157 4369 568 4428 theumhabere
597 4371 909 4440 videbatur,
928 4373 1037 4428 hac
1063 4373 1211 4428 vocis
1234 4371 1550 4442 adiectione
1575 4371 1748 4426 fuisse
1761 4367 1812 4392 ”
1832 4371 1958 4442 quis
1977 4369 2184 4442 poterit
2209 4369 2258 4424 si
2271 4367 2798 4440 interpretationem
2813 4371 3084 4432 nostram,
3104 4382 3272 4437 quam
3293 4382 3426 4437 pro-

155 4456 396 4528 abusum,
427 4477 840 4519 consumens
891 4478 1022 4516 vero
1068 4461 1546 4533 praescriptionem
1575 4461 1632 4515 in
1661 4459 1749 4514 his
1831 4459 2134 4531 pemodum
2162 4474 2264 4530 per
2293 4473 2492 4512 omnes
2516 4455 2780 4527 epistolas
2809 4453 3110 4524 explicasse
3147 4453 3424 4521 videmur,

156 4545 334 4620 incipit
355 4552 444 4606 sic
475 4570 490 4605 :
529 4569 557 4602 ι
588 4549 748 4633 Sicut
768 4549 963 4620 rogavi
991 4556 1048 4606 te
1081 4555 1147 4607 ut
1173 4550 1482 4606 sustineres
1515 4548 1740 4620 Ephesi,
1825 4548 2124 4603 decurrere
2141 4545 2394 4612 voluerit,
2417 4545 2480 4600 in
2495 4543 2697 4615 quibus
2726 4541 3074 4596 ostendimus
3093 4541 3157 4596 B.
3185 4541 3426 4598 Paulum

161 4639 480 4696 senarium
501 4639 564 4694 in
587 4629 995 4707 Kacedoniam,
1025 4646 1090 4695 ut
1114 4639 1477 4698 denuntiares
1509 4638 1744 4710 quibus-
1825 4637 2008 4693 multa
2025 4636 2096 4690 de
2121 4635 2212 4690 his
2227 4634 2400 4690 fuisse
2416 4635 2687 4688 locutum.
2705 4631 2849 4685 Nam
2881 4629 3028 4702 quod
3059 4629 3217 4698 dixit,
3253 4648 3280 4683 «
3310 4645 3424 4686 non

160 4743 178 4770 σ
205 4726 328 4783 dum
355 4745 480 4786 non
527 4727 694 4784 aliter
723 4728 944 4795 docere,
975 4743 1158 4799 neque
1189 4728 1500 4784 intendere
1519 4727 1741 4796 fabulis,
1826 4725 2122 4781 intendere
2149 4723 2352 4778 fabulis
2381 4727 2440 4778 et
2463 4718 2806 4791 genealogus
2839 4718 3101 4787 infinitis,
3135 4739 3160 4773 »
3193 4719 3253 4775 in
3279 4735 3427 4774 com-

163 4837 178 4852 α
205 4816 630 4886 etgenealogiis
661 4815 921 4884 inﬁnitis,
953 4832 1078 4888 que
1111 4815 1449 4888 quaestiones
1477 4821 1747 4888 praestant
1827 4830 2000 4870 mune
2028 4812 2256 4885 quidem
2276 4811 2346 4866 de
2365 4808 2626 4866 omnibus
2645 4807 2804 4874 dixit,
2836 4808 3081 4864 maxime
3099 4808 3170 4864 de
3204 4808 3318 4864 illis
3329 4809 3426 4882 qui
3540 4815 3544 4820 “

162 4919 182 4946 ⁸
205 4905 1078 4977 ulgis,qu&ndinp911uti0nem
1090 4905 1213 4972 Dei,
1229 4922 1358 4976 qum
1371 4911 1460 4960 est
1475 4905 1533 4960 in
1551 4905 1680 4960 (ide.
1713 4923 1740 4958 ιι

1832 4921 1896 4959 ex
1918 4901 2182 4974 gentibus
2208 4906 2359 4964 sunt,
2393 4899 2491 4972 qui
2538 4897 2894 4954 intendentes
2933 4897 3046 4954 illis
3099 4915 3222 4970 que
3251 4915 3287 4952 a
3331 4897 3427 4954 Ju-

157 4992 284 5050 lnte
299 4994 506 5051 omnia
521 4993 668 5051 beati
699 4994 860 5050 Pauli
877 4995 1170 5050 humilitas
1191 4995 1364 5066 digna
1384 5000 1472 5050 est
1499 4993 1747 5050 demira-
1828 4992 1965 5048 dieis
1993 4989 2341 5057 dicebantur;
2374 5005 2520 5061 saepe
2562 4987 2624 5044 in
2653 4987 2916 5059 dogmate
2947 4986 3176 5058 pietatis
3222 5001 3426 5042 nocere

157 5081 292 5138 ﬁne
303 5084 590 5156 quoniam
601 5083 992 5154 discipulosuo
1003 5083 1255 5140 scribens
1267 5099 1382 5140 non
1392 5083 1536 5139 dixit
1556 5101 1568 5135 :
1589 5082 1749 5139 Sicut
1827 5080 2178 5148 videbantur,
2198 5079 2348 5152 quod
2357 5085 2416 5133 et
2428 5078 2641 5133 Galatas
2658 5075 2912 5150 perpessi
2933 5074 3104 5132 fuisse
3125 5073 3425 5133 inveniun-

161 5173 398 5244 μηθενὶ,
413 5178 528 5229 aut
553 5171 801 5244 probavi,
818 5177 924 5228 aut
944 5172 1080 5238 dixi,
1113 5173 1215 5228 sed
1241 5171 1744 5244 dixitsimpliciter,
1827 5175 1942 5238 tur,
1973 5169 2072 5242 qui
2098 5185 2226 5226 cum
2264 5166 2620 5222 observantia
2668 5173 3000 5222 ceterorum
3046 5179 3169 5236 qua:
3205 5163 3268 5218 in
3298 5163 3426 5237 lege

159 5258 284 5316 linat
299 5261 529 5333 rogavi,
559 5261 645 5318 vel
690 5260 1013 5318 obsecratus
1040 5277 1168 5318 sum
1201 5277 1216 5314 :
1275 5261 1357 5317 sic
1391 5261 1610 5317 sanctis
1637 5261 1746 5320 illis
1825 5259 2054 5316 fuerant
2079 5256 2330 5322 deﬁnita,
2348 5255 2520 5312 etiam
2547 5272 2652 5310 nec
2681 5271 2716 5308 a
2743 5251 3163 5310 circumcisione
3178 5269 3299 5308 sese
3330 5269 3424 5307 co-

157 5349 394 5406 tidiani
409 5356 546 5406 ent
562 5350 850 5408 universos
877 5350 1266 5406 obsecratione
1307 5351 1378 5406 ad
1393 5367 1534 5422 opus
1563 5350 1746 5423 pieta-
1827 5348 2164 5414 tribuerunt;
2195 5345 2544 5417 genealogiis
2567 5361 2697 5399 vero
2729 5360 2824 5398 eos
2865 5341 3160 5397 intendere
3191 5342 3427 5400 minime

157 5435 222 5491 th
241 5437 516 5504 invitare,
535 5439 616 5496 ita
641 5445 708 5496 ut
731 5444 792 5496 et.
820 5440 1172 5496 alacritatem
1219 5440 1420 5496 iisdem
1448 5457 1578 5496 cum
1606 5457 1745 5512 qua-
1829 5437 2126 5492 convenire
2155 5435 2313 5502 dixit,
2327 5451 2394 5490 eo
2415 5434 2566 5505 quod
2588 5431 2770 5488 Judaei
2790 5438 2926 5486 tunc
2953 5431 3193 5488 multam
3223 5447 3428 5504 expen-

899 5529 1277 5603 imponarant,
1308 5545 1380 5590 eo
1404 5527 1559 5602 quod
1583 5526 1748 5586 abso»
1827 5520 3284 5593 dabantmlhdtudinsmutodanderentChrm
3307 5535 3425 5578 non
