3866 6158
461 271 564 360 583

983 277 990 282 ’
1045 305 1108 358 Β.
1151 303 1423 358 RABANI
1461 303 1694 359 MAURI
1732 303 2072 359 ARCHIEP.
2113 301 2438 361 MOGUNT.
2473 303 2780 388 operum
2817 304 3002 360 PARS
3036 305 3134 361 III.

3574 311 3657 366 584

459 430 863 500 promissorum
883 428 1177 500 sequentia
1191 445 1258 482 ex
1266 428 1552 483 Abraham
1568 435 1626 483 et
1639 427 1814 484 David
1829 429 2056 484 descen-
2069 430 2122 489 Α
2139 446 2168 480 (‹
2199 429 2461 500 nequede
2471 429 2676 500 quibus
2692 429 2995 484 aﬁirmant.
3005 429 3263 494 »Horum,
3275 430 3663 504 inquit,diligen-

459 518 628 583 disse,
659 523 717 572 et
736 523 964 588 propter
1002 517 1108 572 hoc
1132 517 1536 572 annitebantur
1562 519 1732 572 etiam
1761 517 2056 588 progenies

461 613 675 661 veteres
703 606 1024 672 memorari,
1058 605 1326 674 dicentes,
1349 607 1821 678 quemadmodum
1841 606 1935 660 ille
1963 622 2056 660 or-

457 700 548 748 tus
567 700 652 749 est
673 711 739 748 ex
759 694 874 759 illo,
899 695 1372 765 quemadmodum
1405 712 1532 750 vero
1553 696 1646 750 ille
1675 695 1746 749 ab
1765 695 1862 748 illo
1890 699 2057 748 natus

456 789 545 837 est
576 801 588 836 :
621 799 686 837 ex
718 782 920 854 quibus
953 783 1126 838 etiam
1155 784 1364 838 multos
1391 784 1714 839 conturbari
1744 782 2052 846 eveniebat,

455 888 521 926 ex
547 871 659 926 illis
687 873 772 926 vel
803 872 1043 926 maxime
1073 873 1168 944 qui
1197 889 1266 928 ex
1287 873 1550 944 gentibus
1569 873 1944 936 crediderant,
1961 871 2056 944 qui

454 959 594 1015 nihil
625 961 945 1016 cautissime
966 978 1029 1016 ex
1053 961 1301 1033 antiquis
1315 961 1475 1016 libris
1496 962 1636 1017 scire
1657 967 1938 1033 poterant.
1957 960 2058 1016 His

454 1065 587 1120 ergo
624 1049 902 1122 praecipio,
951 1051 1150 1116 ait,'ut
1185 1050 1530 1122 genealogiis
1579 1067 1692 1104 non
1739 1049 2054 1115 intendant,

453 1155 594 1210 quas
611 1137 754 1193 bene
775 1144 834 1193 et
847 1139 1096 1194 inﬁnitas
1112 1157 1233 1194 esse
1253 1139 1410 1205 dixit,
1436 1156 1502 1194 eo
1531 1140 1677 1210 quod
1709 1139 1811 1205 illi,
1845 1138 1940 1210 qui
1968 1144 2058 1192 ta-

452 1227 530 1282 lia
557 1227 926 1299 explicabant,
951 1234 1215 1300 poterant
1241 1229 1408 1282 modo
1433 1227 1542 1293 hic,
1565 1228 1729 1283 modo
1757 1227 1869 1281 illic
1887 1243 2056 1281 suum

453 1323 668 1370 vertere
717 1333 1055 1384 sermonem,
1091 1323 1148 1372 ct
1176 1334 1324 1372 nunc
1375 1317 1602 1388 quidem
1658 1317 1828 1385 hujus
1869 1315 2054 1369 dicere

453 1405 800 1476 progeniem,
837 1423 987 1460 nunc
1025 1423 1156 1460 vero
1203 1405 1456 1463 alterius.
1491 1411 1549 1459 et
1595 1405 1802 1458 iterum
1832 1403 1902 1458 ab
1946 1403 2053 1458 isto

448 1493 716 1549 transisse
755 1495 826 1549 ad
861 1494 1286 1565 alterum,quod
1304 1494 1362 1548 in
1381 1493 1724 1564 genealogiis
1763 1493 1886 1546 ﬁeri
1914 1493 2057 1546 solet

449 1583 782 1648 necessario,
799 1583 1022 1655 quando
1044 1583 1170 1654 quis
1190 1583 1515 1654 progeniem
1533 1599 1598 1636 ex
1612 1581 1803 1636 multis
1829 1581 2056 1635 descen-

449 1671 676 1726 dentem
690 1672 932 1726 voluerit
949 1671 1344 1744 interpretari:
1373 1671 1622 1725 inﬁnitas
1651 1670 1966 1736 nominans,
1987 1686 2054 1724 eo

2135 517 2276 572 tiam
2293 518 2522 588 quidam
2550 519 2630 573 sic
2661 519 2928 574 facientes
2957 535 2992 572 a
3020 519 3223 590 pietate
3268 517 3476 589 quidem
3517 523 3664 576 exteri

2137 605 2270 660 facti
2297 611 2448 672 sunt,
2482 622 2618 678 erga
2651 607 3032 678 vaniloquium
3062 622 3188 661 vero
3215 612 3473 673 vacantes,
3492 609 3667 662 conﬁn-

2137 699 2282 765 gunt
2301 711 2362 749 se
2391 695 2506 760 illa,
2521 712 2645 766 qum
2667 695 3192 766 legissunt,docere,
3215 695 3306 766 qui
3333 695 3488 750 etiam
3515 713 3620 766 qua:
3642 714 3670 751 a

2139 799 2199 836 se
2229 783 2492 838 dicuntur
2520 784 2753 839 minime
2779 784 3130 854 intelligunt;
3153 789 3210 838 et
3236 783 3482 855 quoniam
3504 785 3670 838 verisi-

2138 871 2272 926 mile
2301 889 2424 927 esse
2452 872 2748 928 videbatur
2765 879 2831 928 ut
2845 889 2956 928 non
2977 871 3346 943 intelligerent
3370 872 3485 944 ipsi,
3496 872 3558 928 de
3574 874 3674 944 qui-

2139 959 2242 1015 bus
2272 960 2484 1028 dicunt,
2529 963 2739 1033 optime
2773 961 2984 1033 adjicit,
3019 979 3046 1013 «
3079 978 3258 1033 neque
3275 961 3342 1016 de
3357 960 3538 1033 quibus
3552 961 3674 1016 aﬁir-

2143 1067 2168 1100 «
2201 1056 2379 1116 mant,
2413 1070 2440 1099 ’θ
2467 1067 2598 1109 nam
2620 1051 2717 1122 qui
2749 1051 2982 1106 minime
3012 1050 3197 1106 sciunt
3212 1067 3312 1122 pro
3339 1049 3526 1122 quibus
3547 1050 3674 1122 loqui

2139 1153 2236 1192 eos
2253 1139 2630 1203 conveniat,hi
2640 1141 2869 1212 propria
2892 1139 3153 1195 videntur
3165 1139 3440 1210 ignorare;
3467 1145 3520 1193 et
3542 1145 3596 1194 ut
3619 1155 3674 1194 ne

2139 1226 2424 1282 videretur
2441 1229 2624 1299 legem
2639 1229 2916 1294 incusare,
2950 1226 3146 1300 adjicit
3177 1247 3190 1280 :

2211 1335 2236 1367 «
2272 1316 2489 1371 Scimus
2504 1318 2771 1388 quoniam
2791 1317 2940 1372 bona
2963 1323 3051 1372 est
3073 1318 3180 1384 lex,
3194 1317 3240 1371 si
3257 1317 3377 1388 quis
3391 1333 3454 1370 ea
3467 1317 3676 1387 legitime

2135 1410 2347 1459 utatur.
2381 1424 2408 1458 »
2442 1406 2572 1460 Haec
2612 1413 2804 1460 autem
2835 1423 3045 1473 assem,
3093 1422 3204 1460 non
3235 1405 3409 1474 legem
3435 1404 3676 1468 incusans,

2136 1493 2233 1548 sed
2261 1493 2644 1565 insipientiam
2689 1495 2916 1550 illorum
2955 1511 3216 1565 arguens,
3249 1494 3344 1564 qui
3371 1495 3601 1548 nesciunt
3627 1509 3680 1547 ea

2135 1583 2246 1636 uti:
2281 1583 2328 1636 si
2349 1600 2482 1637 vero
2498 1584 2624 1655 quis
2652 1601 2790 1638 usus
2821 1601 2889 1638 ea
2906 1584 3078 1638 fuerit
3103 1583 3250 1638 sicut
3262 1582 3520 1647 convenit,
3547 1583 3682 1636 valde

2137 1677 2194 1725 et
2221 1671 2387 1725 laude
2406 1671 2798 1743 dignissimam
2828 1678 2886 1726 et
2913 1671 3287 1727 venerabilem
3307 1671 3479 1741 legem
3495 1686 3682 1725 essere-

450 1761 600 1832 quod
617 1761 838 1815 nullum
858 1761 1028 1816 ﬁnem
1049 1759 1312 1827 habeant,
1333 1760 1431 1814 sed
1451 1777 1553 1814 nec
1580 1759 1819 1814 deﬁcere
1837 1758 2055 1830 possint
2072 1744 2119 1804 Β
2135 1759 2300 1831 cipio.
2334 1760 2403 1815 Et
2421 1766 2486 1814 ut
2506 1777 2576 1816 ne
2595 1761 2850 1816 videatur
2865 1759 3341 1816 conversationem
3365 1759 3494 1830 legis
3511 1759 3680 1814 iterum

453 1849 772 1904 occasiones
827 1849 1126 1903 verborum
1173 1849 1232 1902 in
1280 1848 1488 1902 talibus
1516 1848 1602 1902 vel
1633 1847 1874 1902 maxime
1902 1863 2054 1918 quaa-

455 1937 750 2006 stionibus,
783 1955 922 2009 quas
947 1937 1118 2008 etiam
1148 1937 1465 1992 occasiones
1491 1937 1882 1991 narrationum
1905 1941 1963 1990 et
1979 1935 2056 1990 fa-

453 2025 612 2081 bulas
641 2044 764 2082 esse
793 2027 950 2092 dixit,
983 2044 1048 2082 eo
1097 2027 1246 2098 quod
1276 2043 1378 2080 nec
1407 2022 1622 2097 aliquid
1651 2025 1864 2080 habent
1899 2025 1959 2078 in
1995 2041 2056 2079 se

455 2117 853 2181 necessarium,
869 2117 968 2170 sed
994 2116 1172 2170 solam
1199 2114 1581 2170 narrationem
1608 2114 1934 2169 contineant
1959 2129 2056 2166 va-

453 2222 586 2260 nam
622 2206 922 2276 quamdam
949 2211 1006 2260 et
1029 2205 1360 2270 fabulosam,
1402 2203 1668 2276 quoniam
1695 2204 1790 2258 ille
1811 2203 1970 2258 illum
1990 2219 2056 2256 ex

452 2294 552 2348 illa
563 2294 790 2366 genuit;
817 2300 875 2348 et
893 2295 1270 2366 interpretans
1291 2293 1426 2364 quid
1443 2293 1728 2348 inﬁnitum
1759 2307 1881 2347 esse
1897 2291 2051 2356 dicit,

453 2383 664 2454 optime
701 2383 924 2454 adjecit,
961 2401 987 2434 «
1021 2399 1144 2454 quae
1187 2382 1525 2454 quaestiones
1563 2387 1831 2453 praestant
1874 2379 2054 2451 magis

460 2491 485 2522 «
519 2489 690 2543 quam
709 2471 1184 2542 dispensationem
1205 2471 1305 2526 Dei
1328 2471 1387 2524 in
1407 2472 1580 2525 ﬁde.»
1594 2471 1833 2536 Talium,
1847 2469 2049 2540 inquit,

455 2561 706 2615 narratio
723 2565 780 2615 et
798 2560 1131 2626 sollicitudo,
1147 2576 1269 2631 quae
1287 2560 1358 2613 de
1375 2558 1583 2615 talibus
1599 2565 1702 2625 est,
1719 2558 2055 2631 quaestiones

457 2649 685 2719 quidem
705 2648 958 2718 copiosas
977 2647 1246 2719 quasdam
1270 2653 1327 2702 et
1347 2648 1598 2702 inﬁnitas
1614 2653 1881 2719 praestare
1910 2647 2057 2702 vide-

452 2741 575 2790 tur:
601 2735 902 2808 prohibent
924 2753 1054 2790 vero
1074 2736 1320 2790 divinam
1341 2752 1676 2806 cognoscere
1697 2735 2057 2806 dispensatio-

457 2841 606 2891 nem,
639 2825 949 2880 secundum
982 2841 1151 2896 quam
1180 2825 1330 2878 Deus
1379 2829 1629 2878 nostram
1676 2825 1912 2879 salutem
1956 2841 2058 2896 per

463 2914 750 2968 Christum
769 2913 990 2986 operari
1020 2913 1282 2984 dignatus
1310 2917 1414 2976 est,
1437 2913 1526 2966 cui
1555 2913 1641 2966 vel
1663 2913 1903 2968 maxime
1927 2930 2055 2968 cum

459 3002 612 3056 omni
647 3003 756 3057 ﬁde
785 3002 1078 3056 intendere
1107 3001 1366 3056 convenit
1392 3001 1518 3058 illos
1541 3001 1638 3072 qui
1669 3001 1922 3068 audiunt,
1960 3001 2054 3074 qui

463 3099 520 3146 et
549 3091 687 3163 ipsis
708 3091 876 3146 rebus
903 3090 1156 3145 veritatis
1176 3089 1382 3144 habere
1393 3095 1630 3162 possunt
1645 3089 2050 3161 probationem,

457 3196 699 3251 quorum
727 3179 982 3234 doctrina
1011 3179 1242 3234 minime
1268 3179 1660 3250 praetermissa,
1676 3180 2054 3234 successiones

453 3285 566 3323 non
587 3268 843 3324 convenit
855 3269 1134 3322 discutere
1151 3285 1444 3338 generum,
1463 3283 1593 3322 nam
1615 3268 1746 3339 quia
1755 3274 1890 3322 tunc
1905 3269 2053 3323 mala

456 3363 624 3412 erunt
641 3358 711 3411 de
725 3357 878 3412 hisce
898 3356 1096 3420 verbis,
1111 3357 1326 3428 liquido
1340 3357 1397 3411 id
1417 3355 1688 3428 probatur
1707 3374 1774 3410 ex
1801 3358 2049 3413 Matthaei

451 3452 510 3501 et
537 3447 699 3501 Lucae
730 3445 1210 3516 Evangelistarum
1239 3445 1582 3500 narratiohe.
1606 3446 1842 3517 Utrique
1871 3447 2047 3518 expli-

453 3540 719 3589 caverunt
747 3534 896 3589 enim
926 3534 1397 3606 quemadmodum
1424 3533 1634 3588 Christi
1661 3534 1952 3604 generatio
1981 3551 2048 3589 ex

450 3623 686 3694 antiquo
707 3623 1013 3690 descendit,
1039 3640 1152 3678 non
1179 3629 1374 3678 tamen
1401 3639 1503 3694 pro
1532 3623 1632 3677 illa
1659 3622 1782 3694 ipsa
1807 3640 2048 3694 genera-

447 3712 602 3766 tione
630 3712 702 3766 ad
729 3711 903 3766 David
941 3711 1136 3782 utique
1175 3716 1467 3776 venerunt,
1499 3711 1596 3766 sed
1642 3711 1940 3766 Matthaaus
1976 3711 2048 3764 ad

448 3801 618 3855 aliam
643 3800 1030 3871 genealogiam
1067 3817 1132 3854 ex
1159 3799 1336 3854 David
1391 3799 1744 3854 descendisse
1777 3798 2002 3854 videtur
2029 3817 2042 3853 :

446 3889 628 3944 Lucas
647 3906 776 3944 vero
797 3890 866 3943 ad
888 3889 1058 3944 aliam
1077 3894 1302 3944 coactus
1323 3894 1410 3944 est
1425 3888 1614 3942 venire
1642 3888 2043 3956 narrationem,

447 3974 518 4032 ab
543 3977 655 4032 illis
690 3977 1092 4048 questionibus
1121 3995 1244 4048 quae
1272 3981 1407 4032 tunc
1451 3978 1538 4031 vel
1565 3977 1806 4032 maxime
1835 3976 2046 4032 moveri

448 4065 800 4132 videbantur,
820 4065 970 4136 quod
990 4064 1161 4119 etiam
1190 4065 1511 4120 cautissime
1540 4065 1636 4136 qui
1669 4066 1810 4120 scire
1839 4065 2048 4137 poterit

379 4215 384 4220 ,
447 4149 972 4224 interpretationem
992 4161 1245 4208 nostram
1265 4154 1588 4218 decurrens,
1604 4170 1774 4224 quam
1794 4155 1863 4208 de
1875 4156 2049 4210 Evan-

445 4242 586 4314 gelis
599 4242 936 4313 expressisse
968 4241 1069 4295 visi
1107 4257 1326 4308 sumus;
1357 4247 1414 4296 et
1441 4241 1630 4296 dicens
1655 4242 1752 4296 illa
1771 4259 1894 4314 quae
1920 4260 2050 4298 con-

447 4329 744 4385 veniebant
773 4329 1076 4402 praecipere
1097 4329 1196 4393 eis,
1218 4335 1277 4384 et
1302 4346 1336 4382 a
1369 4329 1572 4400 quibus
1591 4346 1651 4384 se
1679 4329 1938 4385 cohibere
1953 4331 2046 4384 de-

446 4417 661 4478 berent.
681 4419 818 4473 dicit
845 4417 1236 4490 compendiose
1256 4424 1314 4472 et
1333 4417 1430 4472 illa
1449 4435 1572 4489 qua:
1599 4419 1896 4474 emendare
1915 4436 2044 4474 cum

447 4507 708 4564 ﬁdelibus
716 4506 957 4574 videbat,
971 4507 1054 4562 ita
1071 4512 1137 4562 ut
1153 4506 1501 4578 diligentiam
1515 4524 1710 4562 eorum
1731 4507 2040 4563 adhiberet.

451 4615 476 4646 «
508 4596 681 4662 Finis,
736 4596 940 4668 inquit,
993 4596 1257 4668 praecepti
1305 4601 1392 4651 est
1429 4595 1692 4663 charitas,
1724 4613 1789 4651 ex
1834 4597 2043 4652 mundo

451 4703 477 4736 «
510 4686 678 4740 corde
697 4690 756 4739 et
780 4685 1118 4740 conscientia
1147 4684 1313 4751 bona,
1337 4691 1396 4740 et
1425 4685 1533 4740 ﬁde
1561 4702 1674 4740 non
1694 4687 1842 4740 ﬁcta.
1860 4705 1886 4738 n
1901 4685 2046 4740 Prie-

447 4773 634 4844 cipere
658 4779 848 4828 autem
875 4779 933 4828 te
952 4774 1038 4828 vel
1055 4774 1298 4828 maxime
1315 4774 1480 4846 cupio
1499 4774 1626 4841 illis,
1652 4775 1802 4845 quod
1830 4780 1889 4828 et
1915 4774 2044 4828 ﬁnis

447 4867 534 4916 est
547 4867 752 4916 nostra;
769 4861 1054 4928 doctrinae,
1074 4868 1138 4916 ut
1155 4862 1443 4918 discedant
1469 4863 1540 4917 ab
1560 4863 1713 4918 omni
1737 4863 2044 4934 quaestione

448 4967 606 5016 vana,
624 4967 738 5006 non
765 4949 1064 5006 intendant
1087 4968 1216 5006 vero
1245 4951 1358 5006 illis
1383 4951 1480 5022 qui
1503 4951 1760 5006 fabulosa
1789 4952 2044 5022 quaedam

445 5056 678 5096 narrare
703 5039 955 5112 cupiunt,
970 5039 1180 5094 salvam
1209 5055 1338 5095 vero
1367 5047 1536 5110 atque
1565 5039 1841 5110 integram
1860 5040 2046 5096 chari-

445 5134 620 5186 tatem
649 5146 784 5201 erga
798 5145 1151 5185 communem
1166 5129 1466 5184 Dominum
1495 5129 1816 5184 custodiant
1831 5130 2041 5185 mundo

444 5219 610 5274 corde
639 5223 698 5272 et
725 5217 971 5290 perfecta
1003 5215 1360 5272 conscientia.
1394 5217 1466 5273 Et
1499 5218 1800 5273 ostendens
1830 5223 2042 5290 quanta

442 5306 711 5362 nocivitas
735 5306 1062 5362 adnascitur
1088 5305 1202 5362 illis
1249 5305 1344 5377 qui
1393 5321 1504 5361 non
1544 5306 1627 5361 ita
1672 5323 1808 5378 erga
1836 5307 2042 5378 dogma

443 5393 668 5466 pietatis
689 5395 1020 5462 consistunt,
1038 5394 1232 5467 adjicit
1254 5413 1266 5449 :
1296 5412 1322 5446 (ι
1340 5395 1389 5449 Α
1409 5394 1612 5466 quibus
1637 5395 1867 5467 quidam
1886 5395 2043 5451 aber-

447 5492 475 5535 ί(
506 5487 696 5538 rantes
723 5484 976 5540 conversi
996 5489 1130 5540 sunt
1149 5484 1209 5539 in
1234 5483 1902 5556 vaniloquium,volentes
1921 5500 2041 5540 esse

447 5592 472 5624 «
495 5571 638 5643 legis
656 5573 933 5641 doctores,
945 5589 1058 5629 non
1074 5573 1452 5644 intelligentes
1473 5589 1658 5645 neque
1684 5591 1808 5645 quae
1825 5574 2038 5642 dicunt,

2137 1847 2598 1903 subintroducere
2619 1849 2781 1920 quasi
2828 1865 2934 1904 usu
2972 1850 3182 1920 aliquo,
3214 1848 3402 1920 adjicit
3427 1865 3439 1900 :
3471 1865 3495 1900 α
3524 1847 3682 1903 Sciens

2140 1954 2168 1990 α
2192 1937 2297 1992 hoc
2318 1938 2584 2008 quoniam
2609 1939 2765 2008 justo
2783 1939 2870 1992 lex
2891 1955 3000 1994 non
3023 1945 3112 1993 est
3137 1937 3336 2010 posita,
3367 1937 3459 1992 sed
3475 1935 3678 2006 injustis,

2143 2045 2168 2077 «
2191 2033 2249 2080 et
2275 2043 2389 2080 non
2410 2026 2668 2094 subditis,
2689 2027 2895 2098 impiis,
2920 2033 2978 2082 et
2989 2025 3390 2099 peccatoribus,
3419 2024 3681 2086 sceleratis,

2144 2133 2169 2166 «
2193 2120 2252 2169 et
2259 2115 2674 2184 contaminatis,
2690 2116 2990 2188 parricidis
3001 2122 3060 2170 et
3075 2113 3682 2180 matricidis,bomicidis,

2143 2221 2170 2255 «
2199 2203 3036 2268 fornicatoribus,masculorum
3049 2200 3690 2274 concubitm'ibus.plagia-

2143 2309 2170 2344 α
2197 2293 2316 2358 riis,
2350 2293 2731 2359 mendacibus,
2785 2293 3052 2366 perjuris.
3079 2313 3106 2347 ))
3161 2294 3305 2348 Illud
3359 2298 3536 2348 autem
3575 2290 3684 2355 scio,

2137 2382 2404 2452 quoniam
2432 2383 2520 2436 lex
2549 2387 2774 2438 actuum
2797 2382 3313 2437 inconvenientium
3329 2379 3689 2436 abdicationem

2136 2471 2402 2534 continet,
2415 2471 2599 2542 posita
2625 2476 2713 2526 est
2741 2471 2891 2526 enim
2917 2477 2982 2527 ut
3011 2471 3312 2543 prohibeat
3326 2487 3510 2525 omnes
3523 2467 3692 2538 iniqui-

2137 2564 2301 2614 tates.
2322 2560 2608 2631 Ergaillos
2629 2560 2726 2632 qui
2747 2567 2982 2632 peccant
3017 2561 3340 2615 necessaria
3357 2565 3440 2614 est
3463 2557 3588 2628 legis
3611 2556 3692 2611 de-

2136 2647 2506 2710 ﬁnitio,docet
2517 2649 2669 2704 enim
2683 2648 3136 2704 eosminimeilla
3165 2650 3366 2704 facere.
3409 2647 3510 2712 Qui
3534 2651 3690 2700 autem

2138 2738 2310 2791 semel
2339 2743 2472 2792 sunt
2495 2737 2792 2808 justiﬁcati
2813 2744 2870 2793 et
2888 2738 2959 2792 ab
2989 2739 3146 2794 omni
3176 2743 3398 2810 peccato
3417 2735 3692 2807 superiores

2137 2825 2338 2892 effecti,
2371 2828 2660 2898 superflua
2688 2833 2775 2882 est
2801 2827 2914 2882 illis
2933 2827 3040 2894 lex,
3083 2827 3184 2900 qui
3224 2828 3308 2882 vel
3336 2825 3562 2880 maxime
3578 2822 3692 2893 legis

2136 2914 2427 2984 possident
2448 2915 2834 2970 directionem.
2869 2917 2987 2970 Hoc
3015 2922 3210 2971 autem
3234 2922 3321 2970 est
3348 2914 3488 2986 apud
3515 2910 3690 2982 nosqui

2137 3019 2432 3074 peccamus
2461 3004 2894 3076 [exspectamus]
2935 3005 3408 3060 resurrectionem
3444 3008 3499 3058 et
3537 3001 3692 3056 incor-

2136 3092 2458 3163 ruptionem
2474 3109 2601 3148 cum
2614 3105 2737 3164 'qua
2756 3100 2815 3148 et
2829 3093 3255 3149 invertibilitate
3274 3087 3693 3165 perpetuapersi-

2135 3185 2603 3252 stemus,peccare
2614 3182 2767 3236 ultra
2775 3181 3006 3236 minime
3015 3182 3289 3247 valentes,
3305 3189 3362 3236 et
3371 3185 3585 3253 prapter
3608 3177 3696 3231 hoc

2133 3269 2255 3340 lege
2266 3286 2380 3324 non
2388 3269 2921 3342 indigemuszitaque
2935 3269 3096 3325 nobis
3109 3271 3208 3343 qui
3219 3271 3546 3326 credidimus
3555 3272 3695 3338 etpet

2132 3357 2371 3412 formam
2383 3357 2736 3430 baptismatis
2747 3359 2806 3414 in
2827 3359 2937 3414 illis
2961 3361 3082 3430 jam
3105 3356 3695 3430 exstitimus,superllua

2133 3452 2219 3502 est
2241 3447 2380 3517 legis
2408 3447 2682 3515 deﬁnitio,
2699 3447 2796 3520 qui
2816 3448 2968 3502 ultra
2995 3449 3294 3520 apeccatis
3323 3465 3423 3503 nos
3449 3445 3694 3501 abstinere

2129 3551 2242 3589 non
2261 3552 2326 3590 ex
2345 3536 2468 3607 lege
2486 3537 2840 3602 instruimur,
2858 3536 3466 3592 sed'docemurimitari
3477 3535 3590 3590 illas
3600 3548 3692 3595 res,

2130 3623 2186 3678 in
2197 3640 2437 3694 quorum
2448 3624 2688 3680 formam
2711 3625 2831 3696 jam
2841 3641 2992 3680 nunc
3015 3625 3398 3681 consistimus.
3420 3625 3485 3680 Et
3507 3622 3696 3678 eviden-

2129 3711 2243 3766 tius
2253 3717 2382 3783 post
2390 3713 2874 3768 enumerationem
2885 3720 3249 3786 peccatorum
3261 3715 3465 3785 adjecit
3478 3731 3490 3766 :
3516 3730 3541 3764 cr
3572 3711 3632 3766 Et
3652 3707 3692 3762 si

2134 3818 2160 3852 (ι
2185 3800 2318 3872 quid
2354 3801 2508 3856 aliud
2538 3819 2688 3857 sana:
2727 3802 2995 3858 doctrinae
3051 3804 3385 3859 adversatur
3425 3799 3694 3856 secundum

2133 3907 2158 3942 «
2177 3889 2539 3961 Evangelium
2558 3891 2750 3961 gloriae
2771 3891 2929 3946 Beati
2943 3891 3225 3964 Dei,quod
3241 3892 3508 3947 creditum
3521 3894 3600 3944 est
3611 3885 3696 3940 mi-

2131 3996 2158 4030 «
2177 3977 2256 4032 hi.
2267 3997 2292 4030 »
2300 3979 2374 4033 Ut
2383 3979 2534 4034 dicat
2544 3979 2810 4051 quoniam
2823 3981 3166 4052 omnia,quae
3177 3998 3353 4054 prava
3363 3982 3698 4045 sunt,contra-

2127 4065 2212 4120 ria
2221 4071 2356 4122 sunt
2365 4073 2571 4123 nostra;
2585 4067 3049 4140 doctﬁnaa,quam
3068 4071 3478 4142 consequenter
3486 4068 3697 4135 Evange

2128 4154 2204 4209 lio
2213 4156 2406 4226 gloriae
2425 4156 2688 4224 facimus;
2709 4158 2951 4228 gloriam
2971 4158 3202 4229 quidem
3213 4157 3575 4224 dicens,illam
3584 4152 3698 4209 dicit

2128 4257 2252 4314 quae
2279 4244 2337 4298 in
2350 4243 2541 4304 futuro
2561 4246 2763 4300 saeculo
2784 4252 2914 4317 post
2931 4248 3405 4302 resurrectionem
3419 4245 3590 4301 aderit
3610 4243 3696 4295 ho-

2127 4332 2392 4400 minibus,
2427 4334 2588 4404 quasi
2618 4334 2715 4406 qui
2745 4340 2804 4388 et
2849 4334 2910 4389 in
2938 4337 3232 4390 meliorem
3277 4333 3562 4391 transituri
3587 4333 3698 4386 sunt

2127 4427 2358 4476 statum.
2395 4440 2420 4473 ‹‹
2445 4422 2772 4477 Seminatur
2798 4423 2969 4490 enim,
3000 4423 3100 4491 ait,
3137 4425 3199 4480 in
3221 4423 3696 4497 corruptione,sur-

2131 4527 2157 4562 «
2187 4515 2286 4581 get
2300 4510 2358 4564 in
2379 4511 2798 4583 incorruptione
2821 4531 2834 4580 ;
2848 4511 3165 4568 seminatur
3182 4513 3243 4568 in
3257 4512 3695 4575 inﬁrmitate,sur-

2131 4616 2157 4650 «
2187 4604 2286 4670 get
2313 4599 2372 4654 in
2399 4599 2632 4667 virtute;
2658 4600 3432 4672 seminaturinignobilitate,
3449 4603 3626 4670 surget
3649 4595 3698 4648 in

2129 4705 2156 4737 (‹
2184 4687 2384 4758 gloria.
2411 4707 2438 4741 »
2470 4689 2830 4760 Evangelium
2860 4705 2990 4744 vero
3009 4695 3173 4744 vocat
3199 4690 3356 4747 illam
3380 4684 3698 4762 predicatio-

2125 4791 2275 4842 nem,
2311 4793 2434 4847 quae
2462 4777 2532 4832 de
2582 4777 2883 4849 Evangelio
2907 4784 3012 4844 est,
3059 4779 3212 4849 quod
3242 4785 3304 4834 et
3320 4781 3701 4848 consequenter

2127 4865 2402 4920 creditum
2430 4865 2537 4920 sibi
2558 4883 2680 4921 esse
2709 4866 2866 4932 dixit,
2895 4871 2962 4921 ut
2987 4866 3218 4922 doceret
3247 4884 3444 4923 omnes
3471 4863 3699 4921 homines

2127 4952 2680 5026 debere’exspectare
2699 4955 2796 5010 illa
2823 4970 2920 5027 per
2944 4971 3068 5010 eam
3089 4956 3261 5011 ﬁdem
3282 4973 3406 5029 qua:
3419 4957 3478 5010 in
3503 4952 3700 5010 Christo

2128 5047 2230 5097 est.
2257 5042 2509 5098 Gloriam
2527 5049 2718 5098 autem
2738 5043 2879 5098 dixit
2905 5045 3064 5099 Beati
3081 5045 3202 5111 Dei,
3244 5052 3312 5101 ut
3339 5045 3486 5100 dicat
3513 5057 3626 5114 quae
3640 5035 3700 5092 ab

2122 5130 2220 5186 illo
2249 5131 2410 5188 nobis
2429 5132 2718 5188 tribuitur.
2750 5135 2885 5188 Jure
2913 5133 3149 5190 Beatum
3180 5135 3365 5190 Deum
3383 5135 3490 5189 hoc
3515 5133 3570 5188 in
3596 5131 3700 5184 loco

2121 5227 2300 5286 vocat,
2335 5237 2402 5276 eo
2425 5223 2574 5293 quod
2603 5223 2752 5278 idem
2772 5221 2830 5278 in
2853 5227 3059 5278 natura
3089 5221 3498 5280 beatitudinem
3519 5218 3701 5277 habent

2121 5314 2354 5381 propter
2378 5327 2540 5366 suam
2568 5309 3068 5378 invertibilitatem,
3101 5311 3264 5368 nobis
3300 5327 3433 5368 vero
3461 5308 3630 5382 gratis
3649 5303 3694 5358 id

2123 5397 2354 5453 tribuat.
2391 5399 2520 5454 Hec
2576 5416 2710 5470 ergo
2765 5400 3089 5471 praedicatio
3118 5405 3204 5455 est
3253 5400 3324 5454 de
3366 5398 3565 5455 futuris
3591 5408 3698 5466 quae

2125 5485 2448 5559 exspectare
2464 5504 2659 5544 omnes
2669 5488 2955 5556 docemur,
2973 5494 3414 5560 consequentem
3435 5493 3491 5543 et
3507 5483 3697 5542 facien-

2121 5581 2212 5632 tes
2241 5576 2578 5646 doctrinam,
2599 5576 3524 5655 praeparamusenimpmnesillam
3538 5574 3692 5629 vitam
