3868 6138
222 285 298 340 585

568 275 1142 332 ENARRATIONUM
1178 277 1257 332 IN
1294 277 1448 332 EPP.
1490 277 1704 332 PAULI
1743 277 1880 332 LIB.
1922 277 2123 334 XXIII.
2160 310 2224 320 —
2259 279 2337 335 IN
2375 279 2597 336 EPIST.
2640 283 2664 336 Ι
2702 282 2799 338 ΑΙ)
2836 284 2987 341 ΤΙΜ.

3312 289 3416 346 586

218 411 261 465 in
283 404 498 480 presenti
524 404 722 457 saeculo
749 403 981 470 imitari,
1006 409 1176 474 prout
1196 407 1383 474 potest
1409 407 1669 456 caventes
1707 419 1742 455 a
1759 403 1809 462 A
1823 419 1934 473 qua
1948 409 2172 475 sumpta
2192 405 2376 458 fuerat
2393 411 2520 476 post
2538 406 2738 463 coelum
2767 425 2917 480 aqua
2937 411 3124 476 rediit,
3141 413 3276 467 dum
3288 421 3418 486 post

214 496 417 570 peccatis,
448 511 507 548 eo
523 493 665 564 quod
687 492 815 546 licet
831 493 912 547 eis
941 491 1299 547 credentibus
1328 491 1740 563 perbaptisma-

215 588 267 642 tis
289 586 487 639 formam
507 587 787 636 consortes
816 581 1045 636 illorum
1069 581 1191 636 ﬁeri
1219 581 1513 645 bonorum,
1534 580 1740 634 talibus

213 692 307 728 vero
321 671 636 727 exstantibus
665 672 952 742 superﬂua
971 675 1056 724 est
1083 670 1195 724 illis
1213 671 1502 735 lex,unum
1515 670 1741 740 quidem

214 763 309 834 quia
323 761 466 815 rebus
491 760 621 830 ipsis
643 759 751 813 frui
782 759 936 813 illam
959 766 1301 830 exspectant,
1337 759 1393 812 in
1407 759 1610 830 quibus
1624 759 1740 813 exi-

209 857 371 906 stentes
387 864 488 902 non
518 848 728 902 habent
759 848 1136 902 necessariam
1165 849 1305 918 legis
1325 848 1737 910 diﬂinitionem,

209 941 396 993 alterum
424 953 544 991 vero
594 937 860 1006 quoniam
910 954 1132 991 omnem
1164 937 1318 991 omni
1337 937 1602 1007 legitimae
1640 937 1740 990 do-

206 1027 354 1081 ctrinae
369 1027 593 1080 formam
614 1026 928 1096 praecellere
958 1026 1198 1091 videtur,
1230 1032 1288 1080 et
1316 1026 1415 1079 illa
1439 1025 1596 1090 fides,
1621 1042 1742 1096 qua:

205 1117 255 1170 de
269 1115 360 1169 illis
376 1122 471 1180 est,
484 1114 554 1168 ad
581 1131 806 1169 omnem
836 1115 1107 1168 virtutum
1136 1115 1412 1168 cautelam
1435 1131 1530 1168 eos
1545 1114 1745 1186 perdu-

205 1221 297 1259 cere
305 1209 484 1274 potest,
505 1203 708 1258 deinde
722 1204 881 1274 quasi
895 1221 960 1258 ex
971 1203 1250 1258 dictorum
1267 1203 1561 1274 sequentia
1577 1203 1745 1257 verti-

202 1301 286 1357 tur,
312 1297 365 1346 ut
396 1293 605 1362 gratias
635 1300 767 1363 agat
795 1293 930 1357 Deo,
962 1293 1228 1363 quoniam
1276 1293 1637 1346 commissum
1659 1298 1746 1345 est

202 1381 279 1435 sibi
297 1381 638 1451 Evangelium
665 1398 790 1434 cum
823 1398 934 1435 non
965 1386 1113 1435 esset
1127 1381 1352 1451 dignus.
1395 1380 1588 1435 Utitur
1611 1397 1742 1447 vero

201 1471 281 1524 illis
297 1487 402 1540 quae
420 1485 557 1539 erga
575 1487 636 1524 se
665 1476 844 1536 erant,
871 1470 1122 1524 referens
1157 1470 1228 1524 ad
1253 1469 1631 1524 ostensionem
1656 1469 1742 1522 di-

200 1565 371 1613 ctorum
399 1558 678 1629 simulque
705 1559 1101 1613 demonstrans
1159 1559 1425 1629 quoniam
1456 1559 1744 1613 universos

1820 495 1982 546 tanta
1991 509 2103 548 suae
2119 494 2609 564 contemplationis
2621 512 2825 551 arcana
2838 505 3188 569 peccatorem
3202 519 3262 556 se
3277 503 3419 557 Pau-

1822 579 1908 634 lus
1932 581 2278 649 meminit,ut
2307 583 2571 653 prodesse
2590 585 2879 641 humiliter
2897 590 3282 659 peccatoribus
3293 609 3416 663 pos-

1823 669 1915 722 sit.
1952 670 2184 736 (Ambr.)
2216 671 2284 724 Et
2313 677 2611 742 postquam
2641 674 2711 728 de
2759 692 2817 728 se
2844 677 3058 746 gratias
3092 679 3163 732 ad
3183 679 3418 734 deman-

1822 758 2151 812 strationem
2183 760 2596 828 praedictorum,
2635 763 2781 818 sicut
2801 765 2941 819 dixit
2963 766 3080 833 illa,
3107 783 3230 837 qua:
3259 769 3329 823 de.
3357 787 3418 824 se

1822 847 2067 911 fuerunt,
2103 847 2252 901 visus
2283 855 2369 902 est
2397 850 2654 904 retulisse
2673 852 2945 922 adjiciens
2974 854 3089 909 ait:

1898 955 1923 988 «
1957 935 2145 990 Fidele
2175 937 2404 991 verbum
2437 944 2494 992 et
2513 939 2665 993 omni
2695 943 3013 1012 acceptione
3029 944 3423 1019 dignum,quia

1829 1043 1854 1076 «
1887 1024 2144 1079 Christus
2165 1026 2192 1079 J
2199 1042 2327 1080 esus
2346 1026 2498 1081 venit
2540 1028 2599 1082 in
2628 1029 2777 1083 hunc
2801 1032 3076 1086 mundum
3102 1040 3423 1105 peccatores

1829 1132 1855 1164 ς(
1887 1114 2066 1168 salvos
2095 1113 2296 1180 facere,
2322 1132 2561 1187 quorum
2597 1118 2813 1188 primus
2846 1137 2948 1190 ego
2977 1137 3125 1176 sum.
3152 1142 3178 1173 »
3212 1123 3421 1179 Verum

1826 1208 1913 1256 est
1933 1219 2066 1273 ergo
2092 1203 2361 1274 quoniam
2383 1204 2641 1260 Christus
2664 1224 2765 1278 pro
2787 1215 3143 1279 peccatorum
3158 1218 3310 1268 venit
3337 1231 3424 1268 sa-

1825 1291 1960 1356 lute,
1994 1291 2139 1346 sicut
2160 1309 2225 1346 ex
2254 1310 2344 1346 me
2392 1299 2478 1347 est
2525 1294 2583 1348 id
2615 1296 2948 1367 perspicere.
2999 1299 3188 1355 Fidele
3229 1307 3419 1357 autem

1826 1379 2058 1435 verbum
2086 1381 2292 1446 dicens,
2318 1399 2513 1436 verum
2543 1383 2761 1438 dicetur
2793 1385 3022 1440 verbum
3046 1405 3056 1439 :
3098 1389 3423 1460 acceptione

1825 1485 1955 1522 vero
1985 1469 2219 1540 dignum
2242 1469 2369 1524 ideo
2390 1471 2547 1537 dixit,
2578 1489 2647 1526 eo
2691 1474 2837 1543 quod
2891 1475 3073 1530 omnis
3103 1476 3422 1550 quicunque

1825 1558 1996 1612 fuerit
2020 1558 2113 1612 ille
2135 1559 2386 1631 recipiet,
2419 1561 2652 1616 credens
2683 1562 2817 1632 quia
2845 1563 2995 1618 Deus
3038 1565 3295 1621 homines
3313 1567 3421 1621 mi-

199 1649 408 1702 Christus
427 1647 681 1712 salvavit,
705 1648 762 1701 in
791 1648 996 1702 futuris
1022 1648 1149 1702 illos
1184 1648 1530 1702 constituens
1561 1647 1740 1713 bonis,
1769 1724 1786 1725 ί
1828 1648 2133 1702 sericordia
2147 1648 2343 1713 salvat,
2373 1666 2501 1702 cum
2521 1650 2657 1704 sinit
2676 1657 2997 1721 peccatores
3014 1660 3246 1725 propter
3262 1671 3424 1711 suam

199 1736 240 1788 in
264 1736 439 1805 quibus
459 1741 515 1789 et
542 1737 911 1808 persistentes
942 1736 1285 1790 invertibiles
1303 1737 1453 1791 ultra
1472 1737 1592 1790 sine
1622 1754 1749 1808 pec-
1767 1724 1814 1784 Β
1830 1737 2238 1803 infirmitatem,
2264 1737 2620 1808 acceptabilis
2650 1757 2781 1794 vero
2797 1747 2884 1795 est
2913 1724 3175 1797 omnibus
3204 1743 3427 1800 bonitas

196 1833 304 1891 cato,
326 1825 398 1878 ita
420 1830 484 1880 ut
511 1831 577 1879 et
608 1827 894 1897 superﬂua
923 1826 1033 1879 illis
1063 1826 1378 1880 necessaria
1406 1826 1492 1879 lex
1523 1843 1642 1880 esse
1665 1826 1747 1880 vi-

195 1913 370 1978 deatur,
403 1914 554 1984 quod
578 1920 635 1968 et
663 1915 796 1986 ipsis
817 1915 996 1985 magis
1008 1915 1325 1969 ostenditur
1336 1914 1537 1980 verbis,
1562 1914 1749 1969 dicens

189 2003 304 2057 enim
325 2024 348 2054 ¢
379 2003 692 2057 secundum
725 2004 1088 2074 Evangelium
1100 2003 1294 2074 gloria:
1314 2003 1464 2058 beati
1477 2004 1578 2058 Dei
1600 2003 1748 2074 quod

189 2092 416 2146 creditum
437 2098 525 2146 est
549 2092 711 2158 mihi,
750 2112 776 2144 »
800 2093 994 2163 adjicit
1019 2111 1031 2146 :
1058 2111 1082 2143 «
1116 2093 1188 2148 Et
1201 2093 1416 2163 gratias
1445 2109 1550 2162 ago
1571 2092 1622 2146 ei
1654 2092 1750 2162 qui

192 2197 300 2234 eme
329 2181 663 2235 confortavit
705 2181 928 2235 Christo
958 2182 1091 2235 Jesu
1144 2181 1383 2236 Domino
1412 2182 1624 2247 nostro,
1655 2180 1751 2251 qui

190 2270 421 2324 eﬁdelem
451 2288 544 2324 me
597 2270 954 2338 existimavit,
995 2286 1209 2341 ponens
1265 2269 1321 2323 in
1351 2269 1747 2336 ministerium,

192 2376 209 2404 ε
226 2358 307 2428 qui
324 2359 473 2430 prius
509 2359 601 2413 fui
629 2358 1011 2430 blasphemus,
1036 2365 1094 2413 et
1110 2365 1452 2430 persecutor,
1485 2364 1542 2412 et
1561 2363 1754 2412 contu-

189 2467 206 2492 ι
225 2448 481 2502 meliosus.
522 2468 555 2500 )›
594 2447 840 2514 Gratias,
871 2447 1075 2518 inquit,
1111 2448 1319 2501 multas
1340 2447 1520 2501 refero
1541 2463 1642 2518 pro
1666 2447 1752 2501 his

185 2534 370 2590 Christo
391 2537 485 2608 qui
517 2537 588 2591 in
614 2537 717 2590 tali
745 2554 836 2591 me
865 2554 1032 2607 opere
1051 2535 1400 2600 confortavit,
1430 2536 1510 2588 ita
1529 2541 1594 2589 ut
1624 2535 1750 2588 uni-

183 2641 307 2678 verso
325 2625 440 2680 orbi
459 2625 835 2696 Evangelium
865 2625 1244 2696 praedicarem.
1281 2625 1398 2678 Nec
1420 2627 1543 2678 erat
1563 2629 1750 2678 autem

180 2714 400 2783 possibile
420 2715 529 2768 hoc
557 2732 747 2786 posse,
769 2715 818 2768 si
838 2731 950 2768 non
981 2715 1103 2783 ejus
1137 2712 1527 2784 cooperatione
1549 2712 1750 2783 dignus

181 2801 374 2857 fuissem
393 2804 659 2867 ell'ectus,
683 2808 740 2856 et
765 2802 1030 2873 quoniam
1051 2819 1156 2856 sua
1175 2801 1514 2855 revelatione
1548 2801 1619 2854 ad
1640 2801 1754 2872 pie-

179 2895 320 2944 tatem
336 2909 422 2945 me
443 2890 1093 2956 tradens,ministerium
1108 2891 1258 2944 aliud
1279 2890 1447 2944 saluti
1467 2891 1754 2961 imponere

1831 1825 2072 1880 maxime
2101 1826 2362 1897 Dei,qua2
2385 1827 2544 1881 valde
2567 1834 2654 1882 est
2674 1845 2898 1899 magna,
2931 1837 2990 1885 et
3035 1833 3213 1887 multo
3245 1834 3428 1904 copio-

1831 1914 1946 1967 sior
1983 1931 2116 1984 erga
2161 1932 2263 1968 nos
2309 1916 2522 1979 effecta,
2559 1917 2740 1970 omnis
2769 1924 2955 1974 autem
3000 1921 3319 1992 quicunque
3345 1923 3424 1977 illi

1831 2003 2214 2058 delectaturin
2245 2004 2396 2058 hisce
2427 2005 2800 2072 sermonibus,
2833 2023 2962 2062 cum
2990 2009 3067 2063 sit
3085 2010 3204 2081 ipse
3234 2011 3427 2077 homo,

1832 2096 1890 2145 et
1909 2091 2055 2146 bona
2079 2093 2148 2146 de
2178 2092 2504 2147 hominibus
2533 2093 2732 2148 audire
2769 2095 2976 2166 cupiat,
3027 2103 3084 2151 et
3128 2099 3298 2154 latius
3325 2101 3431 2154 hoc

1832 2188 2162 2236 consecutus
2183 2199 2307 2236 sum
2338 2181 2486 2236 idem
2515 2182 2706 2236 dicens
2755 2183 2967 2253 adjicit.
3007 2202 3032 2235 «
3061 2187 3168 2240 Sed
3200 2194 3432 2258 propter

1837 2287 1865 2321 ε(
1895 2270 2001 2324 hoc
2027 2270 2473 2330 misericordiam
2489 2277 2824 2326 consecutus
2853 2289 2998 2340 sum,
3031 2280 3098 2328 ut
3122 2274 3179 2329 in
3207 2292 3300 2329 me
3318 2277 3430 2347 pri-

1837 2377 1864 2410 α
1890 2375 2046 2412 mum
2061 2359 2318 2412 ostendat
2331 2359 2587 2413 Christus
2599 2361 2626 2414 J
2631 2377 2759 2414 esus
2771 2377 2994 2415 omnem
3012 2364 3346 2434 patientiam
3359 2366 3429 2420 ad

1839 2465 1864 2498 «
1895 2446 2350 2501 informationem
2373 2464 2567 2502 eorum
2590 2449 2684 2519 qui
2719 2456 2852 2504 sunt
2871 2451 3140 2506 credituri
3161 2452 3241 2506 illi
3260 2453 3319 2508 in
3346 2454 3431 2508 vi-

1839 2554 1866 2587 «
1888 2541 2006 2588 tam
2028 2541 2316 2590 mternam.
2345 2555 2370 2586 »
2385 2537 2516 2590 Ideo
2529 2554 2620 2590 me
2641 2537 2963 2593 ministrum
2985 2541 3290 2596 vocationis
3299 2558 3434 2612 gen-

1833 2623 1978 2678 tium
2007 2624 2076 2678 de
2104 2624 2311 2678 talibus
2325 2625 2514 2695 elegit,
2530 2631 2595 2679 ut
2614 2643 2678 2679 ex
2699 2643 2788 2680 me
2799 2627 3161 2683 manifestum
3174 2629 3435 2685 omnibus

1832 2713 2020 2779 faciat,
2036 2714 2303 2784 quoniam
2323 2714 2623 2768 clementia
2646 2715 2748 2768 Dei
2767 2721 2825 2769 et
2841 2715 3092 2772 bonitate
3113 2734 3310 2774 omnes
3338 2719 3434 2790 qui

1835 2803 2074 2856 credunt
2101 2803 2160 2856 in
2180 2819 2311 2857 eum
2326 2802 2982 2870 salvabuntur,aaternam
2994 2805 3227 2877 petituri
3238 2807 3431 2862 vitam.

1837 2891 1896 2945 Si
1917 2897 2106 2945 autem
2134 2890 2400 2946 doctrinae
2417 2891 2677 2946 minister
2693 2893 2823 2946 talis
2844 2900 3101 2965 sumptus
3131 2900 3233 2962 est,
3242 2897 3436 2967 quales

175 2985 241 3032 est
264 2980 543 3051 dignatus,
587 2981 822 3051 dignum
850 2997 940 3033 me
961 2979 1247 3033 existimas
1273 2979 1526 3049 quamvis
1573 2979 1756 3032 adhuc
1776 3042 1812 3052 η
1836 2984 2004 3033 erunt
2049 2979 2132 3032 illi
2169 2980 2265 3050 qui
2309 2996 2410 3051 per
2436 2997 2566 3034 eum
2621 2981 2691 3034 ad
2738 2981 3007 3052 pietatem
3036 2985 3342 3038 vocantur?
3379 2989 3437 3039 et

177 3042 345 3121 studiov
356 3042 598 3123 tenerer
620 3042 1012 3140 pcrsequendi,
1028 3073 1084 3122 et
1103 3042 1529 3138 blasphemandi
1545 3074 1602 3122 et
1619 3042 1812 3122 con-C
1836 3067 1995 3139 quasi
2024 3067 2118 3139 qui
2141 3042 2387 3122 ostendit
2414 3085 2516 3140 per
2557 3069 2694 3135 haec,
2739 3042 3015 3140 quoniam
3052 3088 3185 3125 vera
3212 3072 3434 3126 ratione
3459 3144 3466 3150 ο

175 3157 384 3211 tumeliis
414 3158 715 3212 alliciendi
744 3175 840 3211 eos
884 3157 980 3227 qui
1029 3157 1086 3210 in
1134 3157 1294 3211 illum
1346 3157 1666 3224 credebant,
1699 3163 1756 3212 et

173 3260 480 3316 exaggerans
505 3247 657 3301 illud
673 3245 770 3299 ait.
783 3264 808 3297 (ι
828 3246 936 3301 Sed
961 3245 1407 3300 misericordiam
1425 3251 1754 3301 consecutus

172 3352 191 3382 ει
214 3350 339 3400 sum,
374 3336 660 3406 quoniam
688 3335 793 3388 feci
823 3335 882 3388 in
927 3335 1322 3390 incredulitate
1355 3352 1367 3388 :
1402 3335 1751 3405 superabun-

171 3423 341 3477 edavit
384 3429 590 3479 autem
647 3422 836 3494 gratia
881 3423 1105 3477 Domini
1144 3424 1324 3478 nostri
1373 3440 1502 3477 cum
1540 3423 1670 3490 fide,
1699 3428 1756 3476 et

171 3530 188 3558 ε
206 3511 483 3579 chaﬁtate,
501 3530 635 3584 quae
663 3512 821 3567 estin
843 3512 1066 3567 Christo
1100 3514 1252 3567 Jesu.
1292 3532 1317 3564 »
1337 3512 1445 3566 Sed
1476 3511 1605 3566 talis
1635 3512 1755 3582 qui-

166 3599 267 3654 dem
293 3618 448 3656 eram
483 3619 617 3672 ego,
663 3601 1106 3656 misericordiam
1141 3617 1272 3654 vero
1308 3607 1620 3668 assecutus,
1673 3601 1754 3654 di-

162 3703 280 3756 gnus
298 3689 530 3745 habitus
561 3707 694 3745 sum
743 3707 1098 3761 magnorum,
1148 3691 1264 3745 Deo
1289 3689 1502 3745 scilicet
1528 3696 1757 3760 peccata

162 3777 356 3844 quidem
368 3797 504 3834 mea
522 3780 864 3851 ignorantiae
877 3797 1015 3834 meae
1026 3779 1352 3851 deputante,
1366 3778 1605 3833 bonitati
1624 3796 1755 3833 vero

163 3867 316 3920 suain
328 3869 504 3922 ﬁdem
539 3874 602 3921 et
617 3868 955 3922 charitatem
976 3868 1300 3939 recipiente.
1336 3867 1537 3938 (Greg.)
1566 3867 1753 3922 Sancti

160 3955 338 4026 quique
358 3958 544 4012 etiam
566 3973 701 4011 cum
721 3957 779 4011 in
795 3957 1068 4011 virtutum
1099 3973 1226 4011 arce
1246 3957 1579 4023 consistunt,
1605 3957 1753 4011 unde

161 4043 270 4098 elati
293 4052 428 4100 sunt
456 4046 851 4112 considerant,
903 4063 1004 4101 nec
1033 4047 1229 4101 alienae
1277 4045 1625 4100 inﬁrmitatis
1660 4044 1754 4099 ab-

153 4131 278 4198 iecta
321 4140 734 4190 contemnunt.
768 4136 927 4194 Unde
952 4135 1010 4190 in
1040 4135 1144 4190 Job
1171 4134 1407 4206 legitur:
1444 4152 1468 4185 «
1491 4134 1596 4198 Qui
1618 4150 1756 4205 prae-

158 4220 270 4290 cipit
289 4224 400 4277 nivi
424 4231 497 4278 ut
510 4224 829 4278 descendat
846 4223 903 4277 in
915 4229 1146 4290 terram,
1180 4228 1237 4277 et
1246 4223 1448 4277 hiemis
1467 4222 1667 4294 pluviis
1699 4228 1756 4277 et

155 4306 294 4364 imbri
331 4313 703 4368 fortitudinis
738 4329 852 4367 sum
885 4314 1020 4381 (Job.
1068 4314 1289 4381 xxxvii).
1327 4333 1352 4364 »
1415 4312 1585 4376 Quasi
1619 4328 1752 4382 ergo

1768 4359 1816 4417 D

1836 3156 2222 3211 misericordia
2239 3163 2374 3211 tunc
2390 3174 2584 3212 omnes
2598 3158 2982 3226 salvabuntur,
3016 3161 3240 3231 quando
3251 3178 3286 3214 a
3303 3178 3432 3232 pec-

1835 3250 1960 3299 cato
1984 3245 2160 3299 exteri
2190 3245 2341 3310 facti,
2377 3247 2499 3316 lege
2529 3247 2682 3300 ultra
2708 3247 2943 3301 minime
2987 3249 3240 3320 indigere
3278 3250 3433 3304 vide~

1833 3332 2063 3400 buntur,
2099 3339 2163 3388 ut
2191 3351 2257 3388 ex
2277 3334 2382 3389 hoc
2410 3336 2704 3389 confirmet
2728 3335 2886 3402 illud,
2909 3337 3056 3407 quod
3087 3337 3436 3410 pmpositum

1835 3421 1940 3476 sibi
1969 3421 2171 3485 fuerat,
2205 3422 2470 3493 quoniam
2524 3439 2636 3476 non
2694 3424 2956 3477 convenit
2985 3441 3086 3494 per
3113 3425 3298 3496 legem
3319 3425 3434 3481 liti-

1834 3527 1988 3580 gare,
2010 3510 2260 3565 credenti
2280 3527 2409 3564 vero
2428 3510 2488 3564 in
2519 3511 2807 3565 Christum
2835 3518 3158 3583 exspectare
3184 3514 3435 3569 futuram

1837 3604 1896 3653 et
1911 3600 2216 3653 secundum
2246 3599 2344 3652 illa
2363 3615 2464 3670 pro
2494 3599 2698 3653 virium
2721 3616 2952 3654 suarum
2965 3600 3337 3672 possibilitate
3373 3602 3432 3656 in

1836 3689 2097 3760 praesenti
2117 3688 2317 3741 smeulo
2346 3703 2507 3742 suam
2528 3687 2701 3741 vitam
2731 3705 2927 3758 regere
2963 3706 2974 3740 :
3025 3689 3108 3742 ita
3127 3695 3192 3744 ut
3218 3706 3322 3745 nec
3357 3691 3435 3744 sit

1836 3776 1946 3830 illis
1974 3776 2045 3830 ad
2065 3792 2308 3847 praesens
2325 3776 2464 3830 adeo
2491 3776 2808 3830 necessaria
2834 3777 2940 3843 lex,
2959 3776 3007 3830 si
3035 3782 3227 3832 tamen
3255 3779 3325 3832 ad
3341 3778 3432 3833 fu-

1835 3871 1966 3920 tura
1992 3865 2354 3936 respicientes
2385 3864 2608 3919 virtutis
2655 3865 2863 3919 habere
2891 3881 3085 3920 curam
3130 3866 3428 3934 voluerint,

1832 3953 2145 4023 gratiarum
2157 3953 2374 4007 actione
2392 3970 2557 4007 suum
2571 3953 2843 4008 conclusit
2861 3970 3270 4021 sermonem,eo
3283 3955 3433 4026 quod

1835 4047 1894 4096 et
1918 4058 2126 4112 magna
2177 4042 2374 4108 adesse
2414 4041 2574 4097 nobis
2619 4041 2766 4097 bona
2793 4043 3058 4110 ostendit,
3090 4049 3436 4116 quapropter

1835 4136 1894 4185 et
1911 4130 2048 4185 dicit
2077 4149 2088 4183 :
2118 4149 2143 4181 «
2166 4131 2306 4201 Regi
2325 4137 2517 4185 autem
2535 4132 2867 4186 saeculorum
2885 4131 3214 4199 immortali,
3246 4133 3434 4188 invisi-

1839 4238 1864 4270 «
1897 4219 1994 4274 bili
2023 4220 2126 4274 soli
2157 4220 2291 4286 Deo,
2312 4221 2492 4275 honor
2508 4226 2565 4274 et
2575 4219 2827 4290 gloriain
2843 4221 3047 4275 saecula
3075 4221 3428 4276 saeculorum.

1839 4327 1864 4360 «
1886 4309 2088 4363 Amen.
2117 4329 2142 4360 »
2175 4310 2292 4362 Hoc
2308 4315 2410 4375 est,
2435 4325 2536 4381 pro
2552 4309 2810 4363 omnibus
2832 4308 2992 4363 bonis
3010 4309 3171 4362 illum
3188 4309 3426 4377 laudari,

156 4412 289 4466 aqua;
309 4402 380 4455 ad
409 4408 611 4455 terras
634 4401 704 4455 de
727 4401 929 4472 quibus
951 4401 1183 4455 sublatae
1203 4407 1337 4455 sunt
1355 4400 1752 4464 redeunt,dum
1769 4395 1815 4417 υ
1829 4398 2047 4467 justum
2086 4404 2172 4451 est
2199 4413 2234 4451 a
2291 4397 2470 4464 nobis,
2504 4398 2600 4468 qui
2631 4402 2919 4453 tantorum
2967 4395 3126 4450 nobis
3149 4395 3426 4452 bonorum

151 4487 660 4544 condescendentes
685 4490 825 4560 justi
863 4489 1248 4561 peccatoribus
1307 4488 1586 4543 reminisci
1639 4505 1750 4542 non

155 4573 414 4643 desinunt,
451 4577 864 4649 quodfuerunt
889 4597 900 4630 :
934 4585 1085 4633 certe
1118 4579 1177 4632 in
1196 4578 1365 4632 terris
1392 4578 1574 4632 adhuc
1602 4578 1749 4632 Pau-

154 4659 221 4716 lus
245 4664 450 4731 fuerat,
489 4683 633 4721 cum
664 4667 846 4736 legem
875 4668 1178 4722 carnaliter
1215 4666 1486 4738 sapiebat,
1518 4667 1615 4720 sed
1645 4667 1750 4721 du-

155 4756 253 4804 ctus
276 4755 348 4808 ad
377 4755 651 4809 caelestia
698 4755 757 4808 in
786 4756 970 4809 nivem
1027 4773 1221 4810 versus
1262 4761 1363 4821 est,
1415 4755 1550 4826 quia
1602 4755 1749 4825 quod

154 4839 285 4906 prius
309 4843 627 4898 inﬁmum
657 4845 862 4915 sapuit,
907 4845 977 4899 ad
999 4845 1339 4899 soliditatem
1370 4861 1512 4898 verae
1549 4843 1750 4897 intelli-

157 4932 329 4994 gentiae
348 4933 762 4996 commutavit,
796 4937 853 4986 et
880 4939 1071 4988 tamen
1091 4933 1541 4988 condescendens
1565 4931 1751 4986 fratri?

161 5011 256 5085 bus,
278 5022 442 5092 quasi
495 5021 602 5074 nix
630 5021 748 5075 ima
767 5022 1012 5093 repetiit,
1051 5028 1108 5076 et
1136 5023 1270 5094 quia
1308 5028 1433 5094 post
1477 5021 1750 5075 virtutum

159 5106 398 5175 culmina,
437 5126 626 5182 quam
681 5109 852 5164 fuerit
899 5110 1162 5182 indignus
1205 5111 1474 5182 agnoscit,
1517 5111 1744 5164 dicens:

165 5211 181 5239 ε
202 5193 292 5258 Qui
309 5198 475 5269 prius
503 5197 598 5252 fui
617 5197 996 5270 blasphemus,
1029 5205 1086 5254 et
1100 5206 1442 5271 persecutor,
1475 5205 1533 5255 et
1559 5203 1752 5254 contu-

161 5284 420 5354 meliosus,
453 5286 566 5340 sed
607 5287 1046 5342 misericordiam
1081 5294 1414 5344 consecutus
1441 5305 1586 5352 sum,
1618 5288 1751 5359 quia

165 5366 402 5437 ignorans
433 5375 552 5430 feci
577 5375 633 5429 in
661 5375 1073 5432 incredulitate.
1113 5397 1137 5429 »
1160 5379 1296 5433 Ecce
1307 5395 1477 5449 quam
1506 5378 1750 5431 clemen-

162 5463 231 5511 ter
251 5479 362 5517 suae
391 5463 813 5520 imbecillitatis
833 5466 1302 5532 reminiscitur,ut
1319 5468 1559 5521 aliorum
1570 5483 1752 5538 aequa-

661 5554 914 5628 patiatur
935 5574 948 5623 ;
969 5555 1132 5629 quasi
1160 5555 1312 5614 enim
1338 5556 1410 5611 ad
1437 5561 1651 5611 terram
1681 5555 1752 5611 de

374 5654 662 5731 Damt.
696 5654 855 5718 CXII

1832 4491 2029 4540 auctor
2046 4486 2334 4540 exstitisse
2351 4486 2596 4540 videtur:
2630 4492 2820 4539 tamen
2847 4490 2905 4538 et
2940 4484 3183 4554 hymnus
3206 4485 3426 4539 nullum

1832 4591 2038 4630 nomen
2065 4574 2319 4628 absolute
2332 4575 2536 4645 posuit,
2550 4573 2646 4627 sed
2658 4589 2846 4642 regem
2859 4571 3083 4643 quidem
3095 4572 3424 4627 saeculorum

1834 4663 2058 4719 vocavit
2075 4664 2273 4728 Deum,
2301 4662 2858 4733 propterfuturorum
2883 4660 3258 4715 aeternitatem
3291 4679 3302 4715 :
3334 4660 3425 4716 in-

1833 4751 2255 4823 corruptibilem
2285 4767 2414 4804 vero
2445 4750 2603 4815 dixit,
2647 4754 2875 4820 propter
2903 4748 3061 4802 illam
3090 4748 3426 4822 incorrupti-

1830 4841 2102 4895 bilitatem
2115 4856 2282 4911 quam
2295 4838 2455 4893 nobis
2468 4839 2660 4892 adesse
2680 4843 3082 4909 exspectamus,
3091 4838 3424 4894 invisibilem

1831 4947 1958 4985 vero
1978 4930 2074 4995 ait,
2108 4946 2174 4983 eo
2205 4928 2354 4999 quod
2402 4944 2514 4982 non
2538 4927 2833 4981 videantur
2860 4927 2957 4981 illa
2984 4927 3150 4994 bona,
3181 4944 3304 4998 quae
3333 4944 3424 4982 ex-

1830 5025 2172 5090 spectantur,
2206 5034 2338 5088 ergo
2369 5017 2438 5071 ab
2483 5017 2611 5082 illis,
2647 5033 2768 5088 quae
2809 5017 2924 5071 Deo
2953 5017 3143 5071 adsint
3170 5017 3269 5071 illa
3297 5033 3420 5087 qua:

1831 5108 1988 5163 nobis
2007 5107 2078 5162 ab
2098 5125 2164 5162 eo
2197 5106 2438 5161 aderunt
2465 5105 2616 5159 credi
2664 5105 2804 5160 bene
2833 5105 3218 5170 reinsinuavit,
3253 5104 3420 5160 sicuti

1832 5203 1889 5252 et
1915 5197 1974 5252 in
2002 5195 2386 5268 superioribus
2406 5195 2632 5249 beatum
2655 5211 2785 5250 eum
2805 5193 2943 5248 dixit
2962 5193 3422 5250 adconfirmatio-

1830 5303 1960 5342 nem
2003 5285 2366 5341 beatitudinis
2422 5284 2590 5349 illius,
2623 5301 2744 5354 quae
2770 5282 2931 5337 nobis
2960 5282 3160 5336 aderit.
3208 5280 3423 5339 Verum

1831 5375 1965 5448 quia
1990 5375 2131 5429 nihil
2159 5391 2226 5428 ex
2252 5373 2340 5428 his
2353 5373 2651 5444 Apostolus
2665 5371 2960 5426 definitum
2988 5387 3090 5442 pro
3104 5388 3205 5426 suo
3235 5373 3427 5444 posuit

1832 5464 2082 5531 arbitrio,
2099 5463 2196 5518 sed
2219 5462 2410 5517 omnia
2436 5461 2581 5516 sicut
2607 5461 2665 5515 in
2692 5460 3157 5532 interpretatione
3172 5461 3421 5515 ostendi-

1832 5551 2342 5625 mus,congregavit
2364 5551 2630 5608 adversus
2639 5566 2735 5608 eos
2754 5549 2851 5623 qui
2878 5566 2982 5624 pro
2998 5549 3141 5622 legis
3168 5537 3424 5606 doctrina

3109 5649 3186 5710 19
