3866 6158
486 302 589 361 591

1080 304 1146 358 Β.
1186 303 1458 360 RABANI
1496 302 1728 359 MAURI
1766 302 2106 373 ARCHIEP.
2142 302 2468 358 MOGUNT.
2509 300 2806 358 OPERUM
2844 301 3028 357 PARS
3062 302 3158 357 III.

3589 307 3673 365 592

485 426 969 484 consummatione
988 425 1309 482 futurorum
1335 443 1436 499 pro
1464 428 1819 484 conscientiae
1850 428 2142 500 profluitA
2168 447 2195 481 ‹‹
2224 429 2334 483 Pro
2366 426 2614 499 regibus,
2633 425 2835 499 inquit,
2854 432 2912 481 et
2936 425 3187 481 omnibus
3214 427 3303 498 qui
3317 427 3372 483 in
3383 427 3675 488 sublimitate

487 518 734 590 puritate
760 521 819 571 et
844 515 915 570 de
942 516 1336 587 postulatione,
1356 534 1479 589 quse
1490 517 1561 571 de
1572 517 1861 572 charitatis
1882 518 2083 574 ardore

483 605 752 678 procedit,
775 609 833 659 et
849 604 919 659 de
930 605 1244 675 gratiarum
1265 605 1501 674 actione,
1535 624 1657 677 quae
1681 606 2082 662 beneﬁciorum

482 710 548 749 ac
574 694 981 765 magnitudinis
1018 711 1083 749 ac
1111 695 1337 766 pietatis
1366 696 1489 766 ejus
1516 696 1962 751 consideratione
1987 713 2083 767 ge-

480 788 733 849 neratur,
765 783 1202 838 ferventissimas
1231 784 1535 855 saepissime
1582 784 1840 839 novimus
1888 794 2081 855 preCes

478 870 801 943 ignitasque
829 872 1074 944 prodire,
1090 873 1175 927 ita
1196 878 1262 927 ut
1289 873 1561 928 consistat
1580 889 1775 927 omnes
1804 873 1907 928 has
1941 889 2082 944 quas

479 960 841 1032 praediximus
868 961 1081 1032 species
1096 961 1356 1016 omnibus
1373 962 1694 1017 hominibus
1706 962 1871 1017 utiles
1895 978 1960 1016 ac
1986 979 2083 1017 ne-

476 1049 749 1105 cessarias
778 1050 1035 1116 inveniri,
1069 1056 1135 1106 ut
1160 1051 1221 1105 in
1269 1067 1382 1106 uno
1418 1052 1728 1123 eodemque
1767 1051 1887 1106 viro
1930 1067 2081 1106 nunc

477 1139 705 1211 quidem
717 1138 1186 1207 obsecrationum,
1205 1156 1354 1195 nunc
1366 1145 1555 1195 autem
1572 1140 1911 1206 orationum,
1929 1157 2080 1195 nunc

475 1228 919 1300 postulationum
951 1245 1121 1300 puras
1148 1245 1213 1284 ac
1239 1229 1680 1285 ferventissimas
1724 1228 2081 1301 supplicatio-

477 1333 580 1372 nes
607 1318 963 1388 variatosque
986 1317 1211 1373 emittat
1238 1318 1469 1373 aﬁ‘ectus
1502 1336 1513 1371 :
1547 1324 1739 1373 tamen
1776 1318 1960 1389 prima
1985 1318 2076 1373 in-

475 1406 812 1479 cipientibus
840 1407 1063 1462 videtur
1088 1407 1434 1479 peculiarius
1461 1408 1742 1478 pertinere
1770 1408 1866 1480 qui
1895 1408 2079 1463 adhuc

473 1495 739 1551 vitiorum
759 1512 995 1551 suorum
1016 1496 1243 1565 aculeis,
1258 1513 1322 1551 ac
1339 1497 1615 1551 memoria
1642 1497 2036 1553 remordentur
2060 1498 2103 1566 ;‘

473 1585 722 1641 secunda
748 1584 821 1640 ad
852 1585 978 1641 illos
1006 1585 1103 1657 qui
1133 1586 1191 1641 in
1221 1591 1487 1657 provectu
1500 1587 1621 1657 jam
1650 1586 1889 1657 spiritali
1910 1592 1968 1641 et
1984 1602 2099 1658 θρα,

474 1674 655 1746 petitu
679 1674 954 1730 virtutum
982 1675 1226 1746 quadam
1269 1674 1475 1729 mentis
1516 1674 1864 1730 sublimitate
1902 1675 2081 1730 consi-

2163 523 2351 573 sunt.»
2370 518 2440 572 Et
2449 516 2748 571 ostendens
2759 515 3025 587 quoniam
3039 521 3096 571 et
3106 516 3206 570 hoc
3214 513 3413 572 lucrum
3420 518 3487 572 sit
3495 536 3670 585 eorum,

2167 625 2193 658 «
2207 612 2272 661 ut
2280 604 2755 677 quietam,inquit,
2763 611 2819 660 et
2827 605 3349 675 tranquillamvitam
3359 623 3561 676 agamus
3572 625 3674 662 cum

2162 696 2317 750 omni
2331 695 2539 766 pietate
2549 700 2607 748 et
2620 693 2938 749 sobrietate.
2948 694 3041 749 »Si
3054 694 3674 761 enim,utconveniensest,

2161 784 2221 839 in
2241 802 2376 856 pace
2396 784 2477 838 illi
2496 783 2810 854 deguerint,
2825 782 3084 855 possibile
3111 788 3194 837 est
3219 788 3274 837 et
3300 799 3393 837 nos
3418 784 3677 855 tranquilli-

2160 879 2337 928 tatem
2367 873 2574 928 faciens
2614 872 2810 945 pietati
2856 871 3161 937 intendere,
3192 876 3247 925 et
3270 871 3385 941 vitae
3418 871 3674 938 sobrietati,

2163 968 2221 1017 et
2247 963 2490 1017 suadens
2530 962 2612 1016 illi
2651 962 2761 1017 ista
2797 961 2878 1017 sic
2904 961 3105 1027 facere,
3136 960 3277 1015 sicut
3300 960 3409 1031 ipse
3444 961 3675 1032 praecepit.

2161 1068 2516 1107 communem
2542 1067 2644 1123 pro
2670 1049 2929 1105 omnibus
2956 1048 3267 1105 hominibus
3309 1048 3681 1103 sollicitudinem

2162 1141 2258 1213 qui
2284 1158 2387 1213 per
2411 1146 2594 1196 totum
2637 1139 2830 1195 orbem
2862 1156 2984 1194 esse
3038 1138 3307 1205 videntur,
3338 1137 3610 1209 expendere
3639 1143 3683 1191 et

2160 1229 2638 1285 communiabona
2657 1228 2860 1284 debere
2877 1227 3199 1294 existimari,
3220 1243 3284 1282 ea
3317 1243 3431 1298 quae
3448 1226 3685 1280 universo-

2160 1336 2287 1374 rum
2306 1324 2456 1374 sunt.
2477 1338 2502 1371 «
2526 1320 2644 1373 Hoc
2653 1322 2842 1373 autem
2854 1322 2941 1373 est
2957 1316 3165 1372 bonum
3183 1322 3240 1371 et
3255 1320 3520 1387 acceptum
3532 1331 3684 1369 coram

2163 1409 2449 1464 Salvatore
2467 1414 2659 1463 nostro
2691 1408 2826 1462 Deo.
2844 1426 2870 1459 ν
2896 1406 3245 1462 Sufﬁcienter
3256 1405 3518 1460 suasiteos
3533 1404 3600 1458 sic
3614 1419 3686 1456 sa-

2158 1514 2310 1570 pere,
2334 1496 2612 1569 siquidem
2632 1502 2690 1552 et
2715 1496 2832 1551 Deo
2852 1496 2931 1550 sic
2972 1497 3172 1567 placet.
3202 1494 3355 1549 Unde
3381 1499 3433 1548 et
3457 1491 3688 1564 probatio-

2161 1603 2293 1641 nem
2307 1585 2533 1653 faciens,
2567 1586 2715 1658 quod
2733 1586 2850 1641 Deo
2870 1585 2981 1639 ista
3001 1585 3222 1656 placent
3238 1582 3436 1654 adjicit,
3451 1580 3569 1652 «qui
3591 1596 3687 1634 om-

2160 1692 2262 1731 nes
2283 1674 2539 1731 homines
2556 1675 2678 1730 vult
2696 1675 2877 1729 salvos
2895 1674 3039 1741 ﬁeri,
3063 1679 3120 1728 et
3136 1673 3207 1727 ad
3226 1671 3569 1742 cognitionem
3579 1668 3691 1722 veri-

474 1767 651 1818 stunt.
686 1762 876 1818 Tertia
902 1762 975 1817 ad
1005 1779 1101 1817 eos
1130 1761 1226 1834 qui
1251 1762 1651 1834 perfectionem
1677 1769 1937 1818 votorum
1952 1755 2139 1818 δυο-Β
2155 1764 2290 1820 tatis
2308 1764 2562 1819 venire.»
2586 1765 2731 1818 Nam
2756 1763 2888 1835 quia
2905 1763 3058 1818 Deus
3078 1763 3147 1817 de
3161 1760 3410 1817 omnibus
3420 1756 3689 1813 hominibus

472 1868 602 1906 rum
652 1850 914 1924 operibus
957 1850 1332 1923 adimplentes
1395 1851 1745 1908 intercedere
1801 1870 1902 1925 pro
1949 1853 2075 1908 aliis

472 1956 697 2012 quoque
722 1940 1171 1996 consideratione
1196 1941 1521 2012 fragilitatis
1550 1959 1746 1998 eorum
1782 1942 2075 1997 charitatis

472 2030 660 2085 studio
689 2035 1081 2102 provocantur.
1116 2031 1331 2095 Quarta
1351 2031 1422 2086 ad
1450 2030 1575 2085 illos
1595 2031 1691 2103 qui
1714 2032 1835 2102 jam
1864 2031 2072 2103 poenali

472 2118 825 2175 conscientia
855 2120 1020 2192 spina
1046 2119 1116 2174 de
1143 2118 1405 2175 cordibus
1434 2121 1597 2192 pulsa
1623 2120 1683 2174 in
1714 2119 2074 2175 szecularibus

465 2207 589 2279 jam
615 2208 1033 2264 munificentias
1059 2208 1288 2264 Domini
1316 2225 1381 2264 ac
1408 2208 1818 2276 miserationes,
1834 2225 1974 2281 quas
1989 2209 2074 2263 vel

470 2296 532 2351 in
568 2298 852 2370 prmterito
879 2296 1101 2365 tribuit,
1147 2299 1234 2353 vel
1276 2298 1336 2353 in
1365 2298 1665 2370 praesentia
1698 2298 1956 2369 largitur,
1986 2298 2075 2352 vel

473 2392 756 2459 praeparat
773 2387 833 2441 in
847 2386 1041 2442 futuro
1063 2392 1254 2443 mente
1272 2387 1578 2459 purissima
1590 2392 1981 2453 retractantes,
2001 2388 2071 2442 ad

472 2472 631 2529 illam
651 2475 910 2546 ignitam,
928 2480 987 2529 et
1004 2492 1128 2547 quae
1145 2492 1243 2530 ore
1258 2476 1511 2530 omnium
1540 2492 1644 2531 nec
1672 2475 2072 2547 comprehendi

474 2578 578 2617 nec
607 2564 843 2635 exprimi
887 2568 1091 2634 potest,
1126 2564 1436 2619 orationem
1469 2564 1880 2619 ferventissimo
1908 2564 2074 2619 corde

474 2656 790 2723 raptantur,
814 2668 1220 2723 nonnunquam
1247 2657 1440 2707 tamen
1460 2670 1639 2721 mens,
1674 2670 1797 2725 quae
1826 2653 1885 2708 in
1913 2653 2073 2709 illum

472 2756 669 2795 verum
698 2739 961 2812 puritatis
990 2741 1211 2813 proficit
1236 2741 1517 2808 affectum,
1557 2747 1727 2812 atque
1775 2742 1836 2797 in
1863 2759 1928 2797 eo
1951 2743 2073 2813 jam

471 2828 708 2900 cmperit
734 2828 995 2896 radicari,
1028 2830 1171 2884 solet
1190 2830 1307 2885 haec
1335 2830 1526 2885 omnia
1552 2829 1721 2885 simul
1750 2830 2071 2902 pariterque

470 2917 789 2990 concipiens
818 2924 988 2990 atque
1008 2917 1067 2973 in
1089 2918 1320 2973 modum
1340 2919 1635 2989 cujusdam
1649 2918 2073 2991 incomprehen-

2156 1852 2265 1908 ista
2292 1853 2444 1921 velit,
2461 1869 2627 1907 nemo
2650 1852 2860 1925 poterit
2882 1851 3281 1907 contradicere.
3296 1849 3515 1905 Evidens
3538 1852 3691 1901 autem

2156 1947 2260 2011 est,
2277 1942 2540 2014 quoniam
2562 1958 2755 1997 omnes
2778 1942 2899 1997 vult
2919 1941 3142 2008 salvari,
3171 1940 3301 2012 quia
3328 1944 3384 1994 et
3405 1952 3576 1992 omnes
3598 1942 3692 1989 tue-

2156 2038 2267 2097 tur,
2286 2032 2668 2087 necessarium
2682 2035 2769 2085 est
2778 2047 2930 2102 ergo,
2948 2036 3014 2086 ut
3031 2047 3135 2085 nos
3157 2030 3278 2101 ejus
3291 2027 3565 2083 tuitionem
3589 2040 3695 2093 erga
3732 2050 3735 2053 -

2158 2136 2352 2175 omnes
2378 2121 2687 2186 imitemur,
2716 2120 2763 2174 si
2789 2124 2980 2174 tamen
3009 2119 3080 2173 ad
3109 2119 3335 2190 plenum
3374 2114 3694 2170 acceleramus

2156 2209 2363 2264 similia
2381 2226 2579 2281 sapere
2597 2210 2733 2276 Deo,
2759 2213 2817 2263 et
2830 2209 2983 2264 omni
3012 2225 3078 2262 ex
3099 2212 3259 2279 parte
3288 2204 3564 2261 ostendens
3587 2199 3697 2270 adji-

2156 2299 2249 2353 cit.
2269 2318 2294 2350 «
2309 2300 2466 2354 Unus
2479 2304 2669 2353 autem
2680 2299 2831 2353 Deus
2842 2302 2946 2352 est.
2956 2314 2982 2350 »
3002 2298 3123 2352 Hoc
3134 2302 3238 2363 est,
3257 2295 3386 2367 quia
3403 2298 3482 2348 est
3490 2289 3695 2346 omnium
3738 2300 3743 2304 ‘

2154 2387 2445 2454 Dominus,
2479 2404 2592 2443 non
2622 2386 2864 2443 aliorum
2894 2387 3125 2458 quidem
3166 2391 3269 2441 est.
3298 2382 3569 2444 Dominus,
3594 2376 3699 2432 alio-

2153 2494 2281 2533 rum
2310 2493 2441 2531 vero
2463 2493 2576 2531 non
2604 2483 2709 2531 est.
2733 2477 2931 2547 Itaque
2959 2492 3074 2531 non
3104 2480 3193 2530 est
3217 2472 3470 2546 possibile
3492 2485 3605 2524 eum
3627 2466 3699 2521 de-

2154 2566 2368 2637 spicere
2380 2565 2615 2637 aliquos,
2630 2565 2790 2637 quasi
2820 2565 3033 2620 alienos
3061 2564 3171 2619 sibi
3192 2564 3501 2619 existentes.
3525 2577 3548 2610 α
3575 2556 3700 2612 Unus

2156 2660 2242 2709 est
2256 2654 2533 2709 mediator
2549 2654 2651 2709 Dei
2666 2660 2725 2708 et
2741 2654 3053 2720 hominum,
3066 2654 3238 2708 homo
3258 2650 3501 2707 Christus
3512 2649 3538 2702 ,Ι
3542 2661 3662 2702 esus.
3676 2662 3695 2695 2

2158 2744 2343 2813 (Aug.)
2366 2744 2556 2798 Fallax
2576 2743 2767 2814 itaque
2778 2742 3074 2809 mediator,
3100 2743 3207 2797 hoc
3223 2747 3327 2808 est,
3339 2736 3583 2796 Diabolus
3614 2748 3700 2804 quo

2153 2849 2256 2904 per
2282 2837 2497 2887 secreta
2517 2831 2731 2903 judicia
2758 2831 2860 2886 Dei
2887 2830 3156 2903 superbia
3183 2829 3468 2885 hominum
3495 2827 3703 2879 meretur

2152 2920 2333 2987 illudi,
2357 2937 2535 2976 unum
2564 2937 2692 2974 cum
2732 2920 3056 2976 hominibus
3100 2919 3290 2985 habet,
3321 2918 3378 2973 id
3422 2920 3518 2981 est,
3547 2925 3703 2985 pecca-

469 3005 651 3062 sibilis
677 3022 743 3062 ac
773 3005 1149 3079 rapacissimae
1192 3008 1433 3063 ﬂammae
1460 3013 1663 3063 cuncta
1709 3008 2068 3080 pervolitans,
2104 3078 2117 3080 _
2152 3013 2295 3077 tum,
2320 3009 2471 3065 aliud
2491 3008 2668 3065 videri
2688 3010 2811 3064 vult
2829 3008 3036 3064 habere
3060 3026 3194 3065 cum
3221 3009 3356 3074 Deo,
3388 3011 3444 3061 et
3469 3003 3590 3076 quia
3611 3014 3704 3053 car-

470 3093 783 3150 ineffabiles
814 3078 887 3149 ad
913 3095 1096 3150 Deum
1123 3111 1316 3166 preces
1344 3095 1633 3167 puriSsimi
1661 3078 1869 3168 vigoris
1896 3097 2071 3152 elfun-
2088 3078 2132 3140 Ο
2150 3098 2237 3153 nis
2256 3099 2598 3154 mortalitate
2629 3114 2743 3153 non
2760 3098 2992 3169 tegitur,
3024 3116 3131 3170 pro
3151 3094 3450 3153 immortali
3475 3109 3530 3147 se
3553 3094 3704 3146 osten-

469 3183 626 3251 dere,
654 3200 794 3256 quas
817 3184 939 3255 ipse
985 3183 1217 3255 spiritus
1263 3183 1629 3256 interpellans
1655 3184 1961 3255 gemitibus
1987 3185 2070 3239 in-

469 3271 878 3329 enarrabilibus
904 3272 1297 3344 ignorantibus
1338 3272 1499 3328 nobis
1527 3273 1703 3328 mittit
1746 3274 1817 3328 ad
1864 3275 2064 3343 Deum,

468 3365 631 3417 tanta
648 3361 860 3417 scilicet
879 3361 939 3416 in
968 3360 1121 3416 illius
1148 3362 1301 3418 horae
1330 3366 1616 3418 momento
1642 3363 1979 3435 concipiens,
2012 3368 2070 3418 et

467 3449 828 3505 ineﬂabiliter
845 3450 907 3505 in
924 3450 1330 3522 supplicatione
1351 3451 1715 3523 profundens,
1731 3456 1944 3524 quanta
1953 3468 2069 3506 non

469 3537 654 3595 dicam
682 3555 780 3594 ore
799 3555 1125 3611 percurrere
1162 3539 1524 3611 profundens,
1561 3541 1659 3595 sed
1689 3557 1760 3596 ne
1798 3541 1922 3613 ipsa
1949 3540 2070 3612 qui-

467 3627 599 3683 dem
627 3633 818 3684 mente
847 3628 1030 3683 valeat
1058 3628 1170 3682 alio
1209 3633 1464 3701 tempore
1508 3628 1812 3698 recordari,
1852 3635 1911 3685 et
1926 3629 2068 3685 inde

467 3721 557 3772 est
583 3718 733 3789 quod
759 3716 820 3772 in
847 3716 1097 3789 qualibet
1122 3734 1389 3773 mensura
1421 3718 1545 3789 quis
1574 3718 1787 3790 positus
1814 3734 2070 3774 nonnun-

471 3812 641 3878 quam
669 3822 842 3878 puras
868 3806 1230 3878 intentusque
1256 3824 1451 3878 preces
1477 3806 1761 3863 invenitur
1786 3808 2062 3874 emittere,

469 3895 606 3967 quia
623 3895 693 3951 de
711 3895 807 3950 illo
829 3895 1011 3967 primo
1030 3901 1089 3950 et
1107 3895 1307 3950 humili
1328 3896 1542 3963 ordine,
1575 3896 1670 3967 qui
1686 3902 1771 3951 est
1798 3913 1968 3968 super
1985 3913 2069 3950 re-

468 3983 852 4038 cordationem
870 3984 1047 4039 futuri
1068 3984 1268 4052 judicii
1286 3984 1393 4052 his,
1414 3985 1511 4057 qui
1538 3986 1721 4040 adhuc
1756 3985 1862 4040 sub
1885 3990 2069 4040 terro-

470 4070 551 4125 ris
576 4075 665 4126 est
688 4087 872 4142 poena,
890 4088 955 4126 ac
985 4078 1141 4127 metu
1170 4089 1237 4127 ex
1264 4072 1468 4128 animis
1496 4074 1851 4141 constitutus,
1890 4074 1973 4128 ita
1998 4074 2069 4128 ad

472 4159 671 4214 horam
699 4160 1096 4231 compungitur
1123 4165 1190 4215 ut
1214 4177 1328 4215 non
1355 4161 1574 4217 minore
1612 4162 1844 4234 spiritus
1875 4162 2071 4216 alacri-

470 4252 591 4304 tate
608 4247 680 4303 de
690 4247 1091 4304 obsecrationis
1117 4248 1456 4323 pinguedine
1478 4250 1781 4322 repleatur,
1799 4267 1970 4322 quam
1979 4251 2073 4307 ille

472 4337 570 4410 qui
598 4354 699 4410 per
727 4337 1034 4410 puritatem
1067 4338 1251 4393 cordis
1278 4338 1367 4393 sui
1387 4340 1801 4394 munificentiae
1827 4340 1930 4395 Dei
1950 4357 2073 4412 per-

471 4426 722 4483 lustrans
750 4432 921 4499 atque
948 4443 1283 4500 percurrens
1310 4427 1577 4483 ineﬂabili
1603 4428 1830 4499 gaudio,
1857 4429 2071 4484 laetitia-

473 4531 584 4587 que
612 4517 928 4571 resolvitur.
962 4516 1168 4589 Incipit
1206 4515 1357 4572 enim
1397 4518 1704 4572 secundum
1733 4517 2071 4573 sententiam

473 4603 697 4658 Domini
719 4605 845 4687 plus
863 4605 1116 4677 diligere,
1138 4605 1235 4677 qui
1248 4605 1473 4661 sibimet
1499 4606 1775 4678 ampliora
1788 4607 2072 4678 cognoscit

472 4690 712 4746 indulta.
728 4694 933 4764 (Amb.)
949 4694 1095 4749 Nam
1127 4693 1261 4766 quia
1286 4694 1428 4749 dixit
1450 4695 1764 4766 gratiarum
1792 4696 2070 4751 actionem

474 4778 702 4835 evidens
733 4786 838 4848 est,
874 4783 1140 4853 quoniam
1167 4782 1377 4838 habere
1398 4785 1575 4855 possit
1599 4784 1973 4840 differentiam
1998 4785 2069 4840 ab

474 4867 746 4935 oratione,
777 4869 1043 4940 quoniam
1063 4872 1229 4927 aliter
1259 4872 1485 4945 quidem
1507 4874 1945 4944 postulationem
1972 4875 2070 4929 ha-

472 4955 571 5013 bet
596 4957 843 5025 illorum,
865 4974 988 5029 quae
1000 4959 1206 5014 desunt
1223 4960 1282 5015 in
1295 4977 1422 5029 usu,
1435 4961 1748 5032 gratiarum
1766 4978 1895 5017 vero
1923 4963 2068 5018 actio

471 5063 575 5119 pro
597 5046 706 5115 his,
729 5063 853 5119 quae
867 5048 990 5118 jam
1009 5048 1261 5118 praestita
1286 5055 1420 5105 sunt
1447 5049 1708 5118 efﬁcitur,
1738 5056 1797 5105 et
1824 5068 1925 5123 pro
1942 5052 2068 5123 qui-

470 5133 578 5191 bus
594 5136 711 5192 haac
727 5136 850 5191 fieri
861 5136 1156 5191 conveniat
1166 5137 1400 5193 doceris.
1428 5158 1455 5191 αι
1477 5140 1586 5194 Pro
1598 5140 1857 5195 omnibus
1883 5140 2069 5195 homi-

473 5223 659 5279 nibus.
681 5245 708 5277 υ
726 5226 791 5281 In
808 5241 1106 5281 commune
1124 5241 1227 5298 pro
1248 5226 1507 5283 omnibus
1529 5228 1732 5284 debere
1752 5245 1849 5285 eos
1870 5229 2069 5285 sollici-

472 5317 564 5366 tos
590 5329 714 5368 esse
742 5314 1025 5387 praecepit.
1042 5315 1190 5371 Nam
1220 5314 1271 5370 is
1292 5315 1389 5389 qui
1415 5334 1517 5389 pro
1545 5318 1805 5374 omnibus
1825 5318 2069 5375 homini-

474 5397 581 5455 bus
610 5400 727 5458 hec
754 5402 936 5460 facere
960 5403 1211 5475 jubetur,
1238 5404 1466 5462 evidens
1494 5411 1581 5462 est
1608 5407 1875 5479 quoniam
1889 5413 1949 5464 et
1968 5423 2069 5481 pro

473 5484 737 5551 omnibus
748 5490 1182 5549 sollicitudinem
1194 5495 1508 5566 expendere
1522 5495 1775 5567 jubetur,
1788 5497 1992 5554 deinde
2011 5502 2070 5553 et

468 5574 570 5634 illa
595 5594 719 5651 qua
736 5595 960 5636 summa
976 5598 1099 5638 esse
1116 5582 1377 5639 videntur
1401 5582 1550 5639 inter
1570 5585 1825 5642 homines
1837 5585 2063 5643 transit.

2148 3193 2249 3254 tet,
2266 3188 2365 3242 sed
2377 3187 2512 3259 quia
2529 3206 2555 3239 «
2578 3187 2919 3260 stipendium
2931 3188 3151 3259 peccati
3166 3204 3319 3242 mors
3329 3189 3413 3240 est
3425 3184 3611 3250 »(Rom.
3629 3174 3703 3245 v1);

2148 3277 2254 3331 hoc
2277 3276 2449 3331 habet
2495 3293 2792 3331 commune
2840 3292 2968 3331 cum
3014 3275 3362 3339 hominibus,
3393 3270 3533 3328 unde
3566 3263 3705 3323 simul

2149 3366 2488 3420 damnentur
2514 3366 2572 3420 in
2602 3371 2859 3420 mortem.
2874 3366 3057 3420 Verax
3075 3370 3274 3421 autem
3298 3362 3560 3420 mediator
3570 3369 3707 3428 quem

2148 3461 2366 3511 secreta
2378 3448 3546 3522 tuamisericordia,Domine,demonstrasti
3562 3440 3708 3500 homi-

2148 3543 2314 3599 nibus
2343 3549 2402 3599 et
2428 3543 2632 3598 misisti
2652 3548 2719 3598 ut
2746 3544 2868 3614 ejus
2895 3545 3153 3615 exemplo
3174 3544 3349 3599 etiam
3368 3541 3538 3612 ipsam
3561 3534 3708 3590 disce-

2150 3638 2278 3687 rent
2304 3631 2701 3686 humilitatem.
2736 3632 3013 3686 Mediator
3065 3632 3167 3687 ille
3215 3631 3319 3687 Dei
3364 3635 3422 3684 et
3456 3624 3707 3681 hominum

2151 3721 2317 3775 homo
2346 3720 2602 3775 Christus
2629 3721 2790 3775 Jesus
2835 3720 2985 3775 inter
3030 3721 3305 3776 mortales
3344 3721 3637 3791 peccatores
3666 3713 3711 3763 et

2148 3809 2527 3864 immortalem
2551 3809 2580 3864 J
2586 3814 2776 3863 ustum
2805 3808 3069 3880 apparuit
3087 3808 3349 3865 mortalis
3365 3824 3489 3863 cum
3511 3797 3711 3858 homini-

2148 3896 2273 3964 bus,
2298 3899 2489 3968 justus
2514 3913 2641 3953 cum
2663 3898 2797 3963 Deo,
2832 3902 2898 3952 ut
2925 3897 3200 3969 quoniam
3226 3894 3559 3969 stipendium
3579 3884 3713 3962 justi-

2148 3986 2241 4042 tim
2268 3987 2383 4041 vita
2408 3992 2466 4041 et
2490 4004 2599 4059 pax
2626 3991 2729 4052 est,
2762 4002 2864 4058 per
2903 3986 3191 4057 justitiam
3238 3987 3583 4056 conjunctam
3620 3978 3712 4031 D00

2152 4081 2447 4131 evacuaret
2470 4080 2711 4130 mortem
2748 4074 3191 4145 justiﬁcatorum
3228 4074 3547 4147 impiorum,
3575 4079 3714 4139 quam

2151 4181 2280 4219 cum
2307 4164 2418 4219 illis
2446 4164 2622 4219 voluit
2647 4162 2855 4218 habere
2883 4180 3266 4233 communem,
3293 4163 3386 4218 hic
3411 4160 3715 4216 demonstra-

2153 4258 2247 4308 tus
2266 4259 2354 4308 est
2375 4253 2631 4324 antiquis
2646 4252 2872 4321 sanctis,
2896 4258 2961 4308 ut
2987 4253 3069 4307 ita
3092 4254 3206 4327 ipsi
3236 4269 3339 4325 per
3368 4251 3532 4306 ﬁdem
3547 4247 3716 4302 futura!

2153 4342 2428 4414 passionis
2456 4343 2579 4413 ejus
2607 4342 2753 4397 sicut
2769 4359 2871 4397 nos
2890 4358 2992 4414 per
3007 4342 3182 4397 fidem
3203 4342 3487 4415 praeterite
3504 4334 3627 4392 salvi
3644 4332 3719 4385 ﬁe'

2152 4437 2297 4486 rent.
2327 4433 2392 4486 In
2421 4438 2697 4502 quantum
2718 4431 2867 4485 enim
2898 4431 3085 4498 homo,
3112 4432 3176 4486 in
3202 4437 3433 4487 tantum
3460 4424 3715 4482 mediator,

2152 4521 2211 4575 in
2231 4525 2504 4591 quantum
2533 4526 2723 4575 autem
2742 4518 3008 4587 Verbum,
3023 4535 3140 4575 non
3153 4520 3397 4585 medius,
3414 4517 3507 4591 qui
3523 4508 3720 4585 aqualis

2151 4610 2286 4676 Deo,
2311 4615 2370 4665 et
2393 4610 2543 4665 Deus
2563 4609 2712 4681 apud
2734 4610 2934 4675 Deum,
2951 4614 3009 4662 et
3035 4608 3210 4664 simul
3239 4612 3372 4664 c‘um
3391 4604 3593 4678 Spiritu
3615 4611 3718 4654 san-

2152 4704 2241 4752 cto
2267 4715 2415 4753 unus
2436 4699 2607 4753 Deus.
2626 4700 2687 4765 (Α
2695 4696 2871 4767 mbr.)
2890 4697 2999 4752 Sed
3017 4701 3075 4751 et
3097 4697 3199 4752 ille
3217 4697 3515 4761 mediator,
3537 4689 3623 4763 qui
3640 4700 3724 4741 nos

2150 4787 2407 4842 homines
2435 4788 2552 4843 Deo
2582 4787 2860 4841 annititur
2885 4785 3150 4857 copulare
3180 4802 3335 4842 unus
3366 4790 3425 4839 et
3443 4784 3650 4841 isteesty
3678 4777 3724 4827 et

2150 4876 2281 4931 hinc
2308 4877 2476 4931 homo
2505 4876 2811 4931 secundum
2835 4881 3097 4930 naturam
3128 4875 3398 4930 existens.
3430 4872 3725 4945 Opportune

2149 4966 2235 5020 vel
2262 4965 2503 5020 maxime
2516 4966 2621 5020 hoc
2640 4965 2700 5019 in
2721 4965 2843 5019 loco
2864 4964 3154 5020 hominem
3185 4981 3322 5019 eum
3342 4960 3570 5024 vocavit,
3597 4961 3653 5011 ut
3678 4958 3723 5005 et

2149 5071 2184 5109 a
2206 5060 2412 5110 natura
2437 5054 2759 5109 ostenderet
2799 5053 3120 5109 donationis
3152 5051 3602 5108 communionem
3628 5058 3727 5098 om-

2148 5142 2314 5198 nibus
2332 5143 2645 5198 necessario
2663 5142 2721 5197 id
2738 5141 3170 5208 conﬁdentibus,
3195 5142 3469 5214 quoniam
3489 5129 3726 5193 universi-

2149 5232 2285 5287 tatis
2310 5244 2442 5304 pars
2471 5232 2715 5288 existens
2742 5231 3051 5287 secundum
3095 5235 3369 5286 naturam
3400 5235 3725 5284 communem

2152 5320 2411 5376 omnibus
2441 5326 2627 5393 potest
2654 5337 2755 5393 per
2780 5318 3212 5377 similitudinem
3243 5324 3465 5375 natura:
3504 5310 3729 5371 donatio-

2151 5427 2282 5467 nem
2303 5416 2591 5484 praestare.
2622 5410 2784 5466 Unde
2814 5409 2953 5465 illud
2980 5409 3139 5482 quasi
3185 5409 3316 5480 jam
3355 5408 3416 5463 in
3459 5398 3729 5462 confessio-

2148 5516 2279 5555 nem
2305 5500 2602 5555 deductam
2621 5498 2753 5553 hinc
2769 5497 3047 5571 accipiens
3066 5495 3296 5568 adjicit:
3319 5516 3346 5549 α
3371 5496 3480 5561 Qui
3498 5491 3646 5549 dedit
3659 5503 3729 5542 se—

2147 5576 2334 5661 ipsum
2353 5587 2793 5660 redemptionem
2812 5603 2914 5660 pro
2934 5586 3196 5643 omnibus
3205 5584 3597 5641 testimonium
3605 5584 3727 5635 tem-
