  <div class='ocr_page' id='page_1' title='image "/cluster/home/n/w/nwhite01/storage/ocr_20150623/112/hvd.32044054759774/302.png"; bbox 0 0 3868 6138; ppageno 0'>
   <div class='ocr_carea' id='block_1_1' title="bbox 247 300 329 358">
    <p class='ocr_par' dir='ltr' id='par_1_1' title="bbox 247 300 329 358">
     <span class='ocr_line' id='line_1_1' title="bbox 247 300 329 358; baseline -0.049 0"><span class='ocrx_word' id='word_1_1' title='bbox 247 300 329 358; x_wconf 82' lang='grc'><strong>593</strong></span> 
     </span>
    </p>
   </div>
   <div class='ocr_carea' id='block_1_2' title="bbox 604 293 3021 351">
    <p class='ocr_par' dir='ltr' id='par_1_2' title="bbox 604 293 3021 351">
     <span class='ocr_line' id='line_1_2' title="bbox 604 293 3021 351; baseline 0 -2"><span class='ocrx_word' id='word_1_2' title='bbox 604 293 1176 350; x_wconf 82' lang='lat' dir='ltr'><strong>ENARRATIONUM</strong></span> <span class='ocrx_word' id='word_1_3' title='bbox 1213 295 1291 350; x_wconf 90' lang='lat' dir='ltr'><strong>IN</strong></span> <span class='ocrx_word' id='word_1_4' title='bbox 1330 294 1482 348; x_wconf 87' lang='lat' dir='ltr'><strong>EPP.</strong></span> <span class='ocrx_word' id='word_1_5' title='bbox 1525 294 1739 350; x_wconf 82' lang='lat' dir='ltr'><strong>PAULI</strong></span> <span class='ocrx_word' id='word_1_6' title='bbox 1779 295 1914 350; x_wconf 85' lang='lat' dir='ltr'><strong>LIB.</strong></span> <span class='ocrx_word' id='word_1_7' title='bbox 1957 293 2157 349; x_wconf 84' lang='lat' dir='ltr'>XXIII.</span> <span class='ocrx_word' id='word_1_8' title='bbox 2191 324 2256 335; x_wconf 97' lang='lat'><strong>—</strong></span> <span class='ocrx_word' id='word_1_9' title='bbox 2295 296 2373 350; x_wconf 90' lang='lat' dir='ltr'><strong>IN</strong></span> <span class='ocrx_word' id='word_1_10' title='bbox 2411 295 2634 351; x_wconf 90' lang='lat' dir='ltr'><strong>EPIST.</strong></span> <span class='ocrx_word' id='word_1_11' title='bbox 2675 296 2699 350; x_wconf 91' lang='grc' dir='ltr'><strong>Ι</strong></span> <span class='ocrx_word' id='word_1_12' title='bbox 2736 296 2834 350; x_wconf 84' lang='grc' dir='ltr'><strong>ΑΙ)</strong></span> <span class='ocrx_word' id='word_1_13' title='bbox 2870 295 3021 351; x_wconf 86' lang='lat' dir='ltr'><strong>TIM.</strong></span> 
     </span>
    </p>
   </div>
   <div class='ocr_carea' id='block_1_3' title="bbox 3356 295 3456 352">
    <p class='ocr_par' dir='ltr' id='par_1_3' title="bbox 3356 295 3456 352">
     <span class='ocr_line' id='line_1_3' title="bbox 3356 295 3456 352; baseline 0.01 -1"><span class='ocrx_word' id='word_1_14' title='bbox 3356 295 3456 352; x_wconf 74' lang='grc'><strong>594</strong></span> 
     </span>
    </p>
   </div>
   <div class='ocr_carea' id='block_1_4' title="bbox 247 417 3459 496">
    <p class='ocr_par' dir='ltr' id='par_1_4' title="bbox 247 417 3459 496">
     <span class='ocr_line' id='line_1_4' title="bbox 247 417 3459 496; baseline -0.001 -17"><span class='ocrx_word' id='word_1_15' title='bbox 247 423 434 496; x_wconf 88' lang='lat' dir='ltr'><strong>poribus</strong></span> <span class='ocrx_word' id='word_1_16' title='bbox 451 421 573 475; x_wconf 83' lang='lat' dir='ltr'>suis.</span> <span class='ocrx_word' id='word_1_17' title='bbox 606 438 630 471; x_wconf 81' lang='lat'><strong>»</strong></span> <span class='ocrx_word' id='word_1_18' title='bbox 661 419 806 474; x_wconf 90' lang='lat' dir='ltr'><strong>Nam</strong></span> <span class='ocrx_word' id='word_1_19' title='bbox 837 425 894 472; x_wconf 93' lang='lat' dir='ltr'><strong>et</strong></span> <span class='ocrx_word' id='word_1_20' title='bbox 921 435 1021 490; x_wconf 91' lang='lat' dir='ltr'><strong>pro</strong></span> <span class='ocrx_word' id='word_1_21' title='bbox 1043 417 1304 472; x_wconf 89' lang='lat' dir='ltr'><strong>omnibus</strong></span> <span class='ocrx_word' id='word_1_22' title='bbox 1329 419 1481 472; x_wconf 85' lang='lat' dir='ltr'>dedit</span> <span class='ocrx_word' id='word_1_23' title='bbox 1509 419 1774 490; x_wconf 89' lang='lat' dir='ltr'><strong>seipsum,</strong></span> <span class='ocrx_word' id='word_1_24' title='bbox 1796 419 2023 482; x_wconf 80' lang='lat' dir='ltr'><strong>Amum</strong></span> <span class='ocrx_word' id='word_1_25' title='bbox 2069 426 2154 473; x_wconf 92' lang='lat' dir='ltr'><strong>est</strong></span> <span class='ocrx_word' id='word_1_26' title='bbox 2192 419 2344 474; x_wconf 89' lang='lat' dir='ltr'><strong>visus</strong></span> <span class='ocrx_word' id='word_1_27' title='bbox 2401 427 2487 475; x_wconf 92' lang='lat' dir='ltr'><strong>est</strong></span> <span class='ocrx_word' id='word_1_28' title='bbox 2535 422 2914 488; x_wconf 87' lang='lat' dir='ltr'><strong>confirmasse,</strong></span> <span class='ocrx_word' id='word_1_29' title='bbox 2975 438 3042 476; x_wconf 88' lang='lat' dir='ltr'><strong>ex</strong></span> <span class='ocrx_word' id='word_1_30' title='bbox 3097 421 3274 476; x_wconf 87' lang='lat' dir='ltr'><strong>altero</strong></span> <span class='ocrx_word' id='word_1_31' title='bbox 3329 436 3459 476; x_wconf 88' lang='lat' dir='ltr'><strong>vero</strong></span> 
     </span>
    </p>
   </div>
   <div class='ocr_carea' id='block_1_5' title="bbox 247 507 1782 582">
    <p class='ocr_par' dir='ltr' id='par_1_5' title="bbox 247 507 1782 582">
     <span class='ocr_line' id='line_1_5' title="bbox 247 507 1782 582; baseline -0.003 -14"><span class='ocrx_word' id='word_1_32' title='bbox 247 531 326 568; x_wconf 87' lang='lat' dir='ltr'><strong>nec</strong></span> <span class='ocrx_word' id='word_1_33' title='bbox 343 511 471 567; x_wconf 92' lang='lat' dir='ltr'><strong>enim</strong></span> <span class='ocrx_word' id='word_1_34' title='bbox 486 527 580 582; x_wconf 88' lang='lat' dir='ltr'><strong>pro</strong></span> <span class='ocrx_word' id='word_1_35' title='bbox 598 507 875 579; x_wconf 86' lang='lat' dir='ltr'><strong>aliquibus</strong></span> <span class='ocrx_word' id='word_1_36' title='bbox 899 513 1137 561; x_wconf 88' lang='lat' dir='ltr'><strong>mortem</strong></span> <span class='ocrx_word' id='word_1_37' title='bbox 1159 507 1348 562; x_wconf 91' lang='lat' dir='ltr'><strong>subire</strong></span> <span class='ocrx_word' id='word_1_38' title='bbox 1361 509 1659 578; x_wconf 77' lang='lat' dir='ltr'><strong>acquievit,</strong></span> <span class='ocrx_word' id='word_1_39' title='bbox 1686 509 1782 563; x_wconf 90' lang='lat' dir='ltr'><strong>sed</strong></span> 
     </span>
    </p>
   </div>
   <div class='ocr_carea' id='block_1_6' title="bbox 247 597 1778 663">
    <p class='ocr_par' dir='ltr' id='par_1_6' title="bbox 247 597 1778 663">
     <span class='ocr_line' id='line_1_6' title="bbox 247 597 1778 663; baseline -0.004 -5"><span class='ocrx_word' id='word_1_40' title='bbox 247 601 459 658; x_wconf 89' lang='lat' dir='ltr'><strong>omnibus</strong></span> <span class='ocrx_word' id='word_1_41' title='bbox 505 599 684 652; x_wconf 89' lang='lat' dir='ltr'><strong>volens</strong></span> <span class='ocrx_word' id='word_1_42' title='bbox 713 598 772 652; x_wconf 91' lang='lat' dir='ltr'><strong>in</strong></span> <span class='ocrx_word' id='word_1_43' title='bbox 801 614 1096 651; x_wconf 85' lang='lat' dir='ltr'><strong>commune</strong></span> <span class='ocrx_word' id='word_1_44' title='bbox 1134 597 1385 651; x_wconf 86' lang='lat' dir='ltr'><strong>conferre</strong></span> <span class='ocrx_word' id='word_1_45' title='bbox 1425 597 1778 663; x_wconf 83' lang='lat' dir='ltr'><strong>beneficium,</strong></span> 
     </span>
    </p>
   </div>
   <div class='ocr_carea' id='block_1_7' title="bbox 244 686 1780 762">
    <p class='ocr_par' dir='ltr' id='par_1_7' title="bbox 244 686 1780 762">
     <span class='ocr_line' id='line_1_7' title="bbox 244 686 1780 762; baseline -0.003 -18"><span class='ocrx_word' id='word_1_46' title='bbox 244 691 513 762; x_wconf 82' lang='lat' dir='ltr'><strong>passionem</strong></span> <span class='ocrx_word' id='word_1_47' title='bbox 542 687 820 758; x_wconf 85' lang='lat' dir='ltr'><strong>suscipere</strong></span> <span class='ocrx_word' id='word_1_48' title='bbox 859 692 946 740; x_wconf 91' lang='lat' dir='ltr'><strong>est</strong></span> <span class='ocrx_word' id='word_1_49' title='bbox 977 686 1258 756; x_wconf 87' lang='lat' dir='ltr'><strong>dignatus,</strong></span> <span class='ocrx_word' id='word_1_50' title='bbox 1294 687 1601 740; x_wconf 90' lang='lat' dir='ltr'><strong>secundum</strong></span> <span class='ocrx_word' id='word_1_51' title='bbox 1643 687 1780 742; x_wconf 91' lang='lat' dir='ltr'><strong>illud</strong></span> 
     </span>
    </p>
   </div>
   <div class='ocr_carea' id='block_1_8' title="bbox 243 775 1782 849">
    <p class='ocr_par' dir='ltr' id='par_1_8' title="bbox 243 775 1782 849">
     <span class='ocr_line' id='line_1_8' title="bbox 243 775 1782 849; baseline -0.002 -16"><span class='ocrx_word' id='word_1_52' title='bbox 243 787 444 849; x_wconf 79' lang='lat' dir='ltr'><strong>tempus,</strong></span> <span class='ocrx_word' id='word_1_53' title='bbox 493 793 595 847; x_wconf 92' lang='lat' dir='ltr'><strong>quo</strong></span> <span class='ocrx_word' id='word_1_54' title='bbox 632 793 832 848; x_wconf 90' lang='lat' dir='ltr'><strong>passus</strong></span> <span class='ocrx_word' id='word_1_55' title='bbox 873 782 972 839; x_wconf 85' lang='lat' dir='ltr'><strong>est,</strong></span> <span class='ocrx_word' id='word_1_56' title='bbox 1029 775 1415 830; x_wconf 88' lang='lat' dir='ltr'><strong>testimonium</strong></span> <span class='ocrx_word' id='word_1_57' title='bbox 1445 776 1594 829; x_wconf 90' lang='lat' dir='ltr'><strong>enim</strong></span> <span class='ocrx_word' id='word_1_58' title='bbox 1623 781 1782 830; x_wconf 84' lang='lat' dir='ltr'><strong>vocat.</strong></span> 
     </span>
    </p>
   </div>
   <div class='ocr_carea' id='block_1_9' title="bbox 241 863 1778 939">
    <p class='ocr_par' dir='ltr' id='par_1_9' title="bbox 241 863 1778 939">
     <span class='ocr_line' id='line_1_9' title="bbox 241 863 1778 939; baseline -0.002 -19"><span class='ocrx_word' id='word_1_59' title='bbox 241 867 507 939; x_wconf 87' lang='lat' dir='ltr'><strong>passionem</strong></span> <span class='ocrx_word' id='word_1_60' title='bbox 522 865 720 936; x_wconf 85' lang='lat' dir='ltr'><strong>ipsam,</strong></span> <span class='ocrx_word' id='word_1_61' title='bbox 743 863 1091 936; x_wconf 84' lang='lat' dir='ltr'><strong>temporibus</strong></span> <span class='ocrx_word' id='word_1_62' title='bbox 1117 880 1246 918; x_wconf 90' lang='lat' dir='ltr'><strong>vero</strong></span> <span class='ocrx_word' id='word_1_63' title='bbox 1271 864 1387 918; x_wconf 86' lang='lat' dir='ltr'>suis</span> <span class='ocrx_word' id='word_1_64' title='bbox 1409 864 1559 930; x_wconf 87' lang='lat' dir='ltr'>dicit,</span> <span class='ocrx_word' id='word_1_65' title='bbox 1594 870 1658 918; x_wconf 92' lang='lat' dir='ltr'><strong>ut</strong></span> <span class='ocrx_word' id='word_1_66' title='bbox 1689 881 1778 918; x_wconf 79' lang='lat' dir='ltr'><strong>as-</strong></span> 
     </span>
    </p>
   </div>
   <div class='ocr_carea' id='block_1_10' title="bbox 240 953 1783 1023">
    <p class='ocr_par' dir='ltr' id='par_1_10' title="bbox 240 953 1783 1023">
     <span class='ocr_line' id='line_1_10' title="bbox 240 953 1783 1023; baseline -0.001 -14"><span class='ocrx_word' id='word_1_67' title='bbox 240 961 361 1010; x_wconf 81' lang='lat' dir='ltr'><strong>serat</strong></span> <span class='ocrx_word' id='word_1_68' title='bbox 394 953 688 1008; x_wconf 89' lang='lat' dir='ltr'><strong>secundum</strong></span> <span class='ocrx_word' id='word_1_69' title='bbox 739 953 878 1007; x_wconf 89' lang='lat' dir='ltr'><strong>illud</strong></span> <span class='ocrx_word' id='word_1_70' title='bbox 937 959 1161 1023; x_wconf 89' lang='lat' dir='ltr'><strong>tempus</strong></span> <span class='ocrx_word' id='word_1_71' title='bbox 1210 969 1319 1023; x_wconf 93' lang='lat' dir='ltr'><strong>quo</strong></span> <span class='ocrx_word' id='word_1_72' title='bbox 1367 970 1563 1023; x_wconf 91' lang='lat' dir='ltr'><strong>passus</strong></span> <span class='ocrx_word' id='word_1_73' title='bbox 1591 959 1694 1019; x_wconf 89' lang='lat' dir='ltr'><strong>est,</strong></span> <span class='ocrx_word' id='word_1_74' title='bbox 1726 958 1783 1008; x_wconf 91' lang='lat' dir='ltr'><strong>et</strong></span> 
     </span>
    </p>
   </div>
   <div class='ocr_carea' id='block_1_11' title="bbox 238 1036 1779 1115">
    <p class='ocr_par' dir='ltr' id='par_1_11' title="bbox 238 1036 1779 1115">
     <span class='ocr_line' id='line_1_11' title="bbox 238 1036 1779 1115; baseline -0.001 -18"><span class='ocrx_word' id='word_1_75' title='bbox 238 1045 342 1115; x_wconf 87' lang='lat' dir='ltr'>quia</span> <span class='ocrx_word' id='word_1_76' title='bbox 363 1059 454 1114; x_wconf 87' lang='lat' dir='ltr'><strong>per</strong></span> <span class='ocrx_word' id='word_1_77' title='bbox 470 1043 655 1096; x_wconf 84' lang='lat' dir='ltr'><strong>omnia</strong></span> <span class='ocrx_word' id='word_1_78' title='bbox 673 1036 1060 1096; x_wconf 84' lang='lat' dir='ltr'><strong>necessariam</strong></span> <span class='ocrx_word' id='word_1_79' title='bbox 1075 1058 1194 1095; x_wconf 92' lang='lat' dir='ltr'><strong>esse</strong></span> <span class='ocrx_word' id='word_1_80' title='bbox 1217 1042 1465 1096; x_wconf 87' lang='lat' dir='ltr'><strong>ostendit</strong></span> <span class='ocrx_word' id='word_1_81' title='bbox 1481 1042 1609 1107; x_wconf 93' lang='lat' dir='ltr'><strong>illis,</strong></span> <span class='ocrx_word' id='word_1_82' title='bbox 1633 1043 1779 1112; x_wconf 91' lang='lat' dir='ltr'><strong>quod</strong></span> 
     </span>
    </p>
   </div>
   <div class='ocr_carea' id='block_1_12' title="bbox 235 1129 1782 1186">
    <p class='ocr_par' dir='ltr' id='par_1_12' title="bbox 235 1129 1782 1186">
     <span class='ocr_line' id='line_1_12' title="bbox 235 1129 1782 1186; baseline -0.001 0"><span class='ocrx_word' id='word_1_83' title='bbox 235 1133 482 1186; x_wconf 78' lang='lat' dir='ltr'><strong>conveniat</strong></span> <span class='ocrx_word' id='word_1_84' title='bbox 509 1132 564 1185; x_wconf 91' lang='lat' dir='ltr'><strong>in</strong></span> <span class='ocrx_word' id='word_1_85' title='bbox 595 1148 890 1186; x_wconf 89' lang='lat' dir='ltr'><strong>commune</strong></span> <span class='ocrx_word' id='word_1_86' title='bbox 921 1131 990 1185; x_wconf 92' lang='lat' dir='ltr'><strong>de</strong></span> <span class='ocrx_word' id='word_1_87' title='bbox 1021 1129 1280 1184; x_wconf 91' lang='lat' dir='ltr'><strong>omnibus</strong></span> <span class='ocrx_word' id='word_1_88' title='bbox 1302 1129 1620 1184; x_wconf 88' lang='lat' dir='ltr'><strong>hominibus</strong></span> <span class='ocrx_word' id='word_1_89' title='bbox 1634 1131 1782 1185; x_wconf 91' lang='lat' dir='ltr'><strong>solli-</strong></span> 
     </span>
    </p>
   </div>
   <div class='ocr_carea' id='block_1_13' title="bbox 234 1219 1780 1292">
    <p class='ocr_par' dir='ltr' id='par_1_13' title="bbox 234 1219 1780 1292">
     <span class='ocr_line' id='line_1_13' title="bbox 234 1219 1780 1292; baseline -0.001 -17"><span class='ocrx_word' id='word_1_90' title='bbox 234 1221 492 1275; x_wconf 86' lang='lat' dir='ltr'><strong>citudinem</strong></span> <span class='ocrx_word' id='word_1_91' title='bbox 529 1220 873 1292; x_wconf 89' lang='lat' dir='ltr'><strong>impendere,</strong></span> <span class='ocrx_word' id='word_1_92' title='bbox 900 1237 965 1274; x_wconf 93' lang='lat' dir='ltr'><strong>eo</strong></span> <span class='ocrx_word' id='word_1_93' title='bbox 990 1220 1138 1290; x_wconf 92' lang='lat' dir='ltr'><strong>quod</strong></span> <span class='ocrx_word' id='word_1_94' title='bbox 1150 1224 1206 1273; x_wconf 90' lang='lat' dir='ltr'><strong>et</strong></span> <span class='ocrx_word' id='word_1_95' title='bbox 1224 1220 1374 1274; x_wconf 90' lang='lat' dir='ltr'><strong>Deus</strong></span> <span class='ocrx_word' id='word_1_96' title='bbox 1397 1219 1656 1273; x_wconf 90' lang='lat' dir='ltr'><strong>omnibus</strong></span> <span class='ocrx_word' id='word_1_97' title='bbox 1683 1237 1780 1274; x_wconf 86' lang='lat' dir='ltr'><strong>cu-</strong></span> 
     </span>
    </p>
   </div>
   <div class='ocr_carea' id='block_1_14' title="bbox 233 1309 1780 1380">
    <p class='ocr_par' dir='ltr' id='par_1_14' title="bbox 233 1309 1780 1380">
     <span class='ocr_line' id='line_1_14' title="bbox 233 1309 1780 1380; baseline -0.001 -17"><span class='ocrx_word' id='word_1_98' title='bbox 233 1327 327 1364; x_wconf 88' lang='lat' dir='ltr'><strong>ram</strong></span> <span class='ocrx_word' id='word_1_99' title='bbox 351 1309 580 1363; x_wconf 87' lang='lat' dir='ltr'><strong>adhibet.</strong></span> <span class='ocrx_word' id='word_1_100' title='bbox 609 1311 754 1363; x_wconf 86' lang='lat' dir='ltr'><strong>Nam</strong></span> <span class='ocrx_word' id='word_1_101' title='bbox 785 1315 842 1363; x_wconf 88' lang='lat' dir='ltr'><strong>et</strong></span> <span class='ocrx_word' id='word_1_102' title='bbox 865 1309 1014 1380; x_wconf 91' lang='lat' dir='ltr'><strong>quod</strong></span> <span class='ocrx_word' id='word_1_103' title='bbox 1039 1309 1096 1362; x_wconf 92' lang='lat' dir='ltr'><strong>in</strong></span> <span class='ocrx_word' id='word_1_104' title='bbox 1122 1324 1415 1362; x_wconf 89' lang='lat' dir='ltr'><strong>commune</strong></span> <span class='ocrx_word' id='word_1_105' title='bbox 1434 1309 1509 1362; x_wconf 91' lang='lat' dir='ltr'><strong>sit</strong></span> <span class='ocrx_word' id='word_1_106' title='bbox 1530 1309 1780 1362; x_wconf 88' lang='lat' dir='ltr'><strong>omnium</strong></span> 
     </span>
    </p>
   </div>
   <div class='ocr_carea' id='block_1_15' title="bbox 233 1397 1784 1470">
    <p class='ocr_par' dir='ltr' id='par_1_15' title="bbox 233 1397 1784 1470">
     <span class='ocr_line' id='line_1_15' title="bbox 233 1397 1784 1470; baseline -0.002 -17"><span class='ocrx_word' id='word_1_107' title='bbox 233 1399 476 1464; x_wconf 89' lang='lat' dir='ltr'><strong>Dominus,</strong></span> <span class='ocrx_word' id='word_1_108' title='bbox 495 1405 549 1452; x_wconf 93' lang='lat' dir='ltr'><strong>et</strong></span> <span class='ocrx_word' id='word_1_109' title='bbox 581 1399 728 1470; x_wconf 90' lang='lat' dir='ltr'><strong>quod</strong></span> <span class='ocrx_word' id='word_1_110' title='bbox 754 1400 938 1468; x_wconf 86' lang='lat' dir='ltr'><strong>majus</strong></span> <span class='ocrx_word' id='word_1_111' title='bbox 959 1398 1064 1463; x_wconf 82' lang='lat' dir='ltr'><strong>est,</strong></span> <span class='ocrx_word' id='word_1_112' title='bbox 1091 1397 1184 1468; x_wconf 92' lang='lat' dir='ltr'><strong>qui</strong></span> <span class='ocrx_word' id='word_1_113' title='bbox 1206 1404 1261 1452; x_wconf 89' lang='lat' dir='ltr'><strong>et</strong></span> <span class='ocrx_word' id='word_1_114' title='bbox 1277 1398 1394 1468; x_wconf 92' lang='lat' dir='ltr'><strong>ipse</strong></span> <span class='ocrx_word' id='word_1_115' title='bbox 1421 1397 1678 1451; x_wconf 87' lang='lat' dir='ltr'><strong>Christus</strong></span> <span class='ocrx_word' id='word_1_116' title='bbox 1711 1397 1784 1450; x_wconf 89' lang='lat' dir='ltr'><strong>si-</strong></span> 
     </span>
    </p>
   </div>
   <div class='ocr_carea' id='block_1_16' title="bbox 229 1486 1780 1558">
    <p class='ocr_par' dir='ltr' id='par_1_16' title="bbox 229 1486 1780 1558">
     <span class='ocr_line' id='line_1_16' title="bbox 229 1486 1780 1558; baseline 0 -18"><span class='ocrx_word' id='word_1_117' title='bbox 229 1487 398 1541; x_wconf 88' lang='lat' dir='ltr'><strong>militer</strong></span> <span class='ocrx_word' id='word_1_118' title='bbox 424 1486 682 1541; x_wconf 90' lang='lat' dir='ltr'><strong>omnibus</strong></span> <span class='ocrx_word' id='word_1_119' title='bbox 709 1487 1160 1558; x_wconf 86' lang='lat' dir='ltr'><strong>appropinquare</strong></span> <span class='ocrx_word' id='word_1_120' title='bbox 1189 1486 1409 1540; x_wconf 88' lang='lat' dir='ltr'><strong>videtur</strong></span> <span class='ocrx_word' id='word_1_121' title='bbox 1439 1487 1780 1557; x_wconf 86' lang='lat' dir='ltr'><strong>proprietate</strong></span> 
     </span>
    </p>
   </div>
   <div class='ocr_carea' id='block_1_17' title="bbox 228 1575 1780 1647">
    <p class='ocr_par' dir='ltr' id='par_1_17' title="bbox 228 1575 1780 1647">
     <span class='ocr_line' id='line_1_17' title="bbox 228 1575 1780 1647; baseline 0 -18"><span class='ocrx_word' id='word_1_122' title='bbox 228 1584 421 1629; x_wconf 80' lang='lat' dir='ltr'><strong>naturae.</strong></span> <span class='ocrx_word' id='word_1_123' title='bbox 467 1577 610 1629; x_wconf 78' lang='lat' dir='ltr'><strong>Nam</strong></span> <span class='ocrx_word' id='word_1_124' title='bbox 642 1582 700 1630; x_wconf 91' lang='lat' dir='ltr'><strong>et</strong></span> <span class='ocrx_word' id='word_1_125' title='bbox 730 1576 990 1630; x_wconf 90' lang='lat' dir='ltr'><strong>omnibus</strong></span> <span class='ocrx_word' id='word_1_126' title='bbox 1020 1575 1258 1646; x_wconf 66' lang='lat' dir='ltr'><strong>praebuit</strong></span> <span class='ocrx_word' id='word_1_127' title='bbox 1293 1575 1644 1641; x_wconf 80' lang='lat' dir='ltr'><strong>beneficium,</strong></span> <span class='ocrx_word' id='word_1_128' title='bbox 1679 1592 1780 1647; x_wconf 91' lang='lat' dir='ltr'><strong>pro</strong></span> 
     </span>
    </p>
   </div>
   <div class='ocr_carea' id='block_1_18' title="bbox 224 1664 1780 1738">
    <p class='ocr_par' dir='ltr' id='par_1_18' title="bbox 224 1664 1780 1738">
     <span class='ocr_line' id='line_1_18' title="bbox 224 1664 1780 1738; baseline 0 -20"><span class='ocrx_word' id='word_1_129' title='bbox 224 1665 444 1719; x_wconf 86' lang='lat' dir='ltr'><strong>omnibus</strong></span> <span class='ocrx_word' id='word_1_130' title='bbox 473 1666 791 1736; x_wconf 88' lang='lat' dir='ltr'><strong>passionem</strong></span> <span class='ocrx_word' id='word_1_131' title='bbox 832 1664 1163 1738; x_wconf 90' lang='lat' dir='ltr'><strong>suscipiens,</strong></span> <span class='ocrx_word' id='word_1_132' title='bbox 1195 1664 1523 1735; x_wconf 87' lang='lat' dir='ltr'><strong>comprobat</strong></span> <span class='ocrx_word' id='word_1_133' title='bbox 1559 1681 1690 1718; x_wconf 88' lang='lat' dir='ltr'><strong>vero</strong></span> <span class='ocrx_word' id='word_1_134' title='bbox 1718 1665 1780 1718; x_wconf 92' lang='lat' dir='ltr'><strong>il-</strong></span> 
     </span>
    </p>
   </div>
   <div class='ocr_carea' id='block_1_19' title="bbox 1867 509 3458 582">
    <p class='ocr_par' dir='ltr' id='par_1_19' title="bbox 1867 509 3458 582">
     <span class='ocr_line' id='line_1_19' title="bbox 1867 509 3458 582; baseline 0.002 -21"><span class='ocrx_word' id='word_1_135' title='bbox 1867 525 2002 578; x_wconf 87' lang='lat' dir='ltr'><strong>erga</strong></span> <span class='ocrx_word' id='word_1_136' title='bbox 2028 509 2225 562; x_wconf 92' lang='lat' dir='ltr'><strong>Deum.</strong></span> <span class='ocrx_word' id='word_1_137' title='bbox 2256 509 2347 563; x_wconf 90' lang='lat' dir='ltr'><strong>Sic</strong></span> <span class='ocrx_word' id='word_1_138' title='bbox 2376 510 2604 580; x_wconf 85' lang='lat' dir='ltr'><strong>quidem</strong></span> <span class='ocrx_word' id='word_1_139' title='bbox 2634 511 2725 564; x_wconf 92' lang='lat' dir='ltr'><strong>ille</strong></span> <span class='ocrx_word' id='word_1_140' title='bbox 2756 511 2849 582; x_wconf 93' lang='lat' dir='ltr'><strong>qui</strong></span> <span class='ocrx_word' id='word_1_141' title='bbox 2872 511 3110 564; x_wconf 87' lang='lat' dir='ltr'><strong>firmiter</strong></span> <span class='ocrx_word' id='word_1_142' title='bbox 3136 511 3316 564; x_wconf 87' lang='lat' dir='ltr'><strong>credit</strong></span> <span class='ocrx_word' id='word_1_143' title='bbox 3341 511 3458 564; x_wconf 91' lang='lat' dir='ltr'><strong>Deo</strong></span> 
     </span>
    </p>
   </div>
   <div class='ocr_carea' id='block_1_20' title="bbox 1867 598 3461 671">
    <p class='ocr_par' dir='ltr' id='par_1_20' title="bbox 1867 598 3461 671">
     <span class='ocr_line' id='line_1_20' title="bbox 1867 598 3461 671; baseline 0.001 -21"><span class='ocrx_word' id='word_1_144' title='bbox 1867 598 2132 668; x_wconf 88' lang='lat' dir='ltr'><strong>quoniam</strong></span> <span class='ocrx_word' id='word_1_145' title='bbox 2163 598 2261 652; x_wconf 91' lang='lat' dir='ltr'><strong>dat</strong></span> <span class='ocrx_word' id='word_1_146' title='bbox 2289 598 2450 652; x_wconf 92' lang='lat' dir='ltr'><strong>nobis</strong></span> <span class='ocrx_word' id='word_1_147' title='bbox 2479 599 2600 652; x_wconf 89' lang='lat' dir='ltr'><strong>sine</strong></span> <span class='ocrx_word' id='word_1_148' title='bbox 2619 599 2828 653; x_wconf 87' lang='lat' dir='ltr'><strong>invidia</strong></span> <span class='ocrx_word' id='word_1_149' title='bbox 2842 616 3188 671; x_wconf 58' lang='lat' dir='ltr'><strong>quacunque</strong></span> <span class='ocrx_word' id='word_1_150' title='bbox 3216 599 3461 670; x_wconf 88' lang='lat' dir='ltr'><strong>postula-</strong></span> 
     </span>
    </p>
   </div>
   <div class='ocr_carea' id='block_1_21' title="bbox 1865 686 3459 758">
    <p class='ocr_par' dir='ltr' id='par_1_21' title="bbox 1865 686 3459 758">
     <span class='ocr_line' id='line_1_21' title="bbox 1865 686 3459 758; baseline 0.002 -20"><span class='ocrx_word' id='word_1_151' title='bbox 1865 686 2110 740; x_wconf 90' lang='lat' dir='ltr'><strong>verimus</strong></span> <span class='ocrx_word' id='word_1_152' title='bbox 2141 686 2210 740; x_wconf 91' lang='lat' dir='ltr'><strong>ab</strong></span> <span class='ocrx_word' id='word_1_153' title='bbox 2241 704 2326 753; x_wconf 91' lang='lat' dir='ltr'><strong>eo,</strong></span> <span class='ocrx_word' id='word_1_154' title='bbox 2362 704 2710 758; x_wconf 90' lang='lat' dir='ltr'><strong>consequens</strong></span> <span class='ocrx_word' id='word_1_155' title='bbox 2747 693 2835 743; x_wconf 88' lang='lat' dir='ltr'><strong>est</strong></span> <span class='ocrx_word' id='word_1_156' title='bbox 2867 694 2924 742; x_wconf 92' lang='lat' dir='ltr'><strong>et</strong></span> <span class='ocrx_word' id='word_1_157' title='bbox 2951 694 3014 742; x_wconf 91' lang='lat' dir='ltr'><strong>ut</strong></span> <span class='ocrx_word' id='word_1_158' title='bbox 3043 687 3244 758; x_wconf 82' lang='lat' dir='ltr'><strong>diligat</strong></span> <span class='ocrx_word' id='word_1_159' title='bbox 3296 687 3459 741; x_wconf 89' lang='lat' dir='ltr'><strong>illum</strong></span> 
     </span>
    </p>
   </div>
   <div class='ocr_carea' id='block_1_22' title="bbox 1863 775 3459 847">
    <p class='ocr_par' dir='ltr' id='par_1_22' title="bbox 1863 775 3459 847">
     <span class='ocr_line' id='line_1_22' title="bbox 1863 775 3459 847; baseline 0.001 -19"><span class='ocrx_word' id='word_1_160' title='bbox 1863 780 1927 828; x_wconf 91' lang='lat' dir='ltr'><strong>ut</strong></span> <span class='ocrx_word' id='word_1_161' title='bbox 1939 781 2069 845; x_wconf 91' lang='lat' dir='ltr'><strong>pote</strong></span> <span class='ocrx_word' id='word_1_162' title='bbox 2082 775 2356 830; x_wconf 90' lang='lat' dir='ltr'><strong>bonorum</strong></span> <span class='ocrx_word' id='word_1_163' title='bbox 2374 776 2720 847; x_wconf 90' lang='lat' dir='ltr'><strong>largitorem.</strong></span> <span class='ocrx_word' id='word_1_164' title='bbox 2739 777 3173 846; x_wconf 74' lang='lat' dir='ltr'><strong>(Isaac.)ldcirco</strong></span> <span class='ocrx_word' id='word_1_165' title='bbox 3187 776 3459 847; x_wconf 90' lang='lat' dir='ltr'><strong>quidquid</strong></span> 
     </span>
    </p>
   </div>
   <div class='ocr_carea' id='block_1_23' title="bbox 1863 863 3460 938">
    <p class='ocr_par' dir='ltr' id='par_1_23' title="bbox 1863 863 3460 938">
     <span class='ocr_line' id='line_1_23' title="bbox 1863 863 3460 938; baseline 0.002 -21"><span class='ocrx_word' id='word_1_166' title='bbox 1863 863 2153 918; x_wconf 87' lang='lat' dir='ltr'><strong>orantibus</strong></span> <span class='ocrx_word' id='word_1_167' title='bbox 2175 864 2334 918; x_wconf 92' lang='lat' dir='ltr'><strong>nobis</strong></span> <span class='ocrx_word' id='word_1_168' title='bbox 2357 866 2638 932; x_wconf 91' lang='lat' dir='ltr'><strong>nolumus,</strong></span> <span class='ocrx_word' id='word_1_169' title='bbox 2665 871 2729 920; x_wconf 91' lang='lat' dir='ltr'><strong>ut</strong></span> <span class='ocrx_word' id='word_1_170' title='bbox 2752 867 3132 938; x_wconf 87' lang='lat' dir='ltr'><strong>interrumpat</strong></span> <span class='ocrx_word' id='word_1_171' title='bbox 3148 865 3460 920; x_wconf 90' lang='lat' dir='ltr'><strong>orationem</strong></span> 
     </span>
    </p>
   </div>
   <div class='ocr_carea' id='block_1_24' title="bbox 1862 953 3462 1025">
    <p class='ocr_par' dir='ltr' id='par_1_24' title="bbox 1862 953 3462 1025">
     <span class='ocr_line' id='line_1_24' title="bbox 1862 953 3462 1025; baseline 0.001 -19"><span class='ocrx_word' id='word_1_172' title='bbox 1862 953 1931 1006; x_wconf 89' lang='lat' dir='ltr'><strong>de</strong></span> <span class='ocrx_word' id='word_1_173' title='bbox 1971 953 2155 1024; x_wconf 87' lang='lat' dir='ltr'><strong>adytis</strong></span> <span class='ocrx_word' id='word_1_174' title='bbox 2202 954 2379 1008; x_wconf 87' lang='lat' dir='ltr'><strong>nostri</strong></span> <span class='ocrx_word' id='word_1_175' title='bbox 2409 955 2650 1025; x_wconf 87' lang='lat' dir='ltr'><strong>pectoris</strong></span> <span class='ocrx_word' id='word_1_176' title='bbox 2693 955 2986 1010; x_wconf 86' lang='lat' dir='ltr'><strong>excludere</strong></span> <span class='ocrx_word' id='word_1_177' title='bbox 3015 955 3365 1020; x_wconf 84' lang='lat' dir='ltr'><strong>festinemus,</strong></span> <span class='ocrx_word' id='word_1_178' title='bbox 3396 959 3462 1008; x_wconf 92' lang='lat' dir='ltr'><strong>ut</strong></span> 
     </span>
    </p>
   </div>
   <div class='ocr_carea' id='block_1_25' title="bbox 1865 1042 3460 1116">
    <p class='ocr_par' dir='ltr' id='par_1_25' title="bbox 1865 1042 3460 1116">
     <span class='ocr_line' id='line_1_25' title="bbox 1865 1042 3460 1116; baseline 0.002 -21"><span class='ocrx_word' id='word_1_179' title='bbox 1865 1043 1946 1096; x_wconf 91' lang='lat' dir='ltr'><strong>ita</strong></span> <span class='ocrx_word' id='word_1_180' title='bbox 1977 1042 2112 1096; x_wconf 93' lang='lat' dir='ltr'><strong>illud</strong></span> <span class='ocrx_word' id='word_1_181' title='bbox 2141 1043 2524 1113; x_wconf 83' lang='lat' dir='ltr'><strong>Apostolicum</strong></span> <span class='ocrx_word' id='word_1_182' title='bbox 2550 1045 2829 1115; x_wconf 87' lang='lat' dir='ltr'><strong>possimus</strong></span> <span class='ocrx_word' id='word_1_183' title='bbox 2859 1045 3092 1116; x_wconf 90' lang='lat' dir='ltr'><strong>implere</strong></span> <span class='ocrx_word' id='word_1_184' title='bbox 3117 1063 3129 1098; x_wconf 89' lang='lat'><strong>:</strong></span> <span class='ocrx_word' id='word_1_185' title='bbox 3151 1064 3176 1095; x_wconf 80' lang='grc' dir='ltr'><strong>ί(</strong></span> <span class='ocrx_word' id='word_1_186' title='bbox 3211 1044 3344 1098; x_wconf 90' lang='lat' dir='ltr'><strong>Sine</strong></span> <span class='ocrx_word' id='word_1_187' title='bbox 3376 1044 3460 1098; x_wconf 87' lang='lat' dir='ltr'><strong>in-</strong></span> 
     </span>
    </p>
   </div>
   <div class='ocr_carea' id='block_1_26' title="bbox 1865 1131 3462 1204">
    <p class='ocr_par' dir='ltr' id='par_1_26' title="bbox 1865 1131 3462 1204">
     <span class='ocr_line' id='line_1_26' title="bbox 1865 1131 3462 1204; baseline 0.001 -20"><span class='ocrx_word' id='word_1_188' title='bbox 1865 1131 2218 1185; x_wconf 80' lang='lat' dir='ltr'><strong>termissione</strong></span> <span class='ocrx_word' id='word_1_189' title='bbox 2257 1138 2432 1199; x_wconf 90' lang='lat' dir='ltr'><strong>orate,</strong></span> <span class='ocrx_word' id='word_1_190' title='bbox 2479 1139 2536 1186; x_wconf 91' lang='lat' dir='ltr'><strong>et</strong></span> <span class='ocrx_word' id='word_1_191' title='bbox 2581 1133 2639 1187; x_wconf 92' lang='lat' dir='ltr'><strong>in</strong></span> <span class='ocrx_word' id='word_1_192' title='bbox 2684 1134 2835 1187; x_wconf 90' lang='lat' dir='ltr'><strong>omni</strong></span> <span class='ocrx_word' id='word_1_193' title='bbox 2866 1134 2985 1187; x_wconf 92' lang='lat' dir='ltr'><strong>loco</strong></span> <span class='ocrx_word' id='word_1_194' title='bbox 3014 1135 3263 1188; x_wconf 87' lang='lat' dir='ltr'><strong>levantes</strong></span> <span class='ocrx_word' id='word_1_195' title='bbox 3290 1147 3462 1204; x_wconf 83' lang='lat' dir='ltr'><strong>puras</strong></span> 
     </span>
    </p>
   </div>
   <div class='ocr_carea' id='block_1_27' title="bbox 1866 1220 3461 1293">
    <p class='ocr_par' dir='ltr' id='par_1_27' title="bbox 1866 1220 3461 1293">
     <span class='ocr_line' id='line_1_27' title="bbox 1866 1220 3461 1293; baseline 0.002 -20"><span class='ocrx_word' id='word_1_196' title='bbox 1866 1236 2065 1274; x_wconf 90' lang='lat' dir='ltr'><strong>manus</strong></span> <span class='ocrx_word' id='word_1_197' title='bbox 2106 1220 2226 1274; x_wconf 92' lang='lat' dir='ltr'><strong>sine</strong></span> <span class='ocrx_word' id='word_1_198' title='bbox 2262 1221 2348 1274; x_wconf 90' lang='lat' dir='ltr'><strong>ira</strong></span> <span class='ocrx_word' id='word_1_199' title='bbox 2394 1226 2451 1274; x_wconf 91' lang='lat' dir='ltr'><strong>et</strong></span> <span class='ocrx_word' id='word_1_200' title='bbox 2496 1221 2937 1293; x_wconf 89' lang='lat' dir='ltr'><strong>disceptatione:</strong></span> <span class='ocrx_word' id='word_1_201' title='bbox 2988 1243 3012 1273; x_wconf 84' lang='lat'>»</span> <span class='ocrx_word' id='word_1_202' title='bbox 3046 1222 3185 1276; x_wconf 88' lang='lat' dir='ltr'><strong>alias</strong></span> <span class='ocrx_word' id='word_1_203' title='bbox 3213 1238 3461 1293; x_wconf 84' lang='lat' dir='ltr'><strong>namque</strong></span> 
     </span>
    </p>
   </div>
   <div class='ocr_carea' id='block_1_28' title="bbox 1866 1309 3455 1381">
    <p class='ocr_par' dir='ltr' id='par_1_28' title="bbox 1866 1309 3455 1381">
     <span class='ocr_line' id='line_1_28' title="bbox 1866 1309 3455 1381; baseline 0.001 -19"><span class='ocrx_word' id='word_1_204' title='bbox 1866 1309 2196 1364; x_wconf 87' lang='lat' dir='ltr'><strong>mandatum</strong></span> <span class='ocrx_word' id='word_1_205' title='bbox 2226 1309 2375 1364; x_wconf 86' lang='lat' dir='ltr'><strong>istud</strong></span> <span class='ocrx_word' id='word_1_206' title='bbox 2404 1311 2672 1381; x_wconf 87' lang='lat' dir='ltr'><strong>perficere</strong></span> <span class='ocrx_word' id='word_1_207' title='bbox 2694 1327 2807 1364; x_wconf 88' lang='lat' dir='ltr'><strong>non</strong></span> <span class='ocrx_word' id='word_1_208' title='bbox 2826 1309 3272 1376; x_wconf 88' lang='lat' dir='ltr'><strong>valebimus,nisi</strong></span> <span class='ocrx_word' id='word_1_209' title='bbox 3294 1326 3455 1365; x_wconf 90' lang='lat' dir='ltr'><strong>mens</strong></span> 
     </span>
    </p>
   </div>
   <div class='ocr_carea' id='block_1_29' title="bbox 1866 1397 3458 1470">
    <p class='ocr_par' dir='ltr' id='par_1_29' title="bbox 1866 1397 3458 1470">
     <span class='ocr_line' id='line_1_29' title="bbox 1866 1397 3458 1470; baseline 0.002 -19"><span class='ocrx_word' id='word_1_210' title='bbox 1866 1404 2058 1452; x_wconf 87' lang='lat' dir='ltr'><strong>nostra</strong></span> <span class='ocrx_word' id='word_1_211' title='bbox 2101 1397 2170 1452; x_wconf 90' lang='lat' dir='ltr'><strong>ab</strong></span> <span class='ocrx_word' id='word_1_212' title='bbox 2201 1400 2452 1453; x_wconf 91' lang='lat' dir='ltr'><strong>omnium</strong></span> <span class='ocrx_word' id='word_1_213' title='bbox 2483 1399 2750 1453; x_wconf 90' lang='lat' dir='ltr'><strong>vitiorum</strong></span> <span class='ocrx_word' id='word_1_214' title='bbox 2780 1400 3075 1470; x_wconf 85' lang='lat' dir='ltr'><strong>purificata</strong></span> <span class='ocrx_word' id='word_1_215' title='bbox 3103 1401 3458 1469; x_wconf 83' lang='lat' dir='ltr'><strong>contagione,</strong></span> 
     </span>
    </p>
   </div>
   <div class='ocr_carea' id='block_1_30' title="bbox 1863 1487 3461 1558">
    <p class='ocr_par' dir='ltr' id='par_1_30' title="bbox 1863 1487 3461 1558">
     <span class='ocr_line' id='line_1_30' title="bbox 1863 1487 3461 1558; baseline 0.002 -19"><span class='ocrx_word' id='word_1_216' title='bbox 1863 1487 2162 1542; x_wconf 83' lang='lat' dir='ltr'><strong>virtutibus</strong></span> <span class='ocrx_word' id='word_1_217' title='bbox 2189 1494 2432 1554; x_wconf 88' lang='lat' dir='ltr'><strong>tantum,</strong></span> <span class='ocrx_word' id='word_1_218' title='bbox 2465 1494 2527 1542; x_wconf 91' lang='lat' dir='ltr'><strong>ut</strong></span> <span class='ocrx_word' id='word_1_219' title='bbox 2547 1488 2900 1542; x_wconf 86' lang='lat' dir='ltr'><strong>naturalibus</strong></span> <span class='ocrx_word' id='word_1_220' title='bbox 2920 1488 3082 1542; x_wconf 90' lang='lat' dir='ltr'><strong>bonis</strong></span> <span class='ocrx_word' id='word_1_221' title='bbox 3110 1487 3317 1554; x_wconf 87' lang='lat' dir='ltr'><strong>dedita,</strong></span> <span class='ocrx_word' id='word_1_222' title='bbox 3335 1489 3461 1558; x_wconf 86' lang='lat' dir='ltr'><strong>jugi</strong></span> 
     </span>
    </p>
   </div>
   <div class='ocr_carea' id='block_1_31' title="bbox 1863 1577 3461 1648">
    <p class='ocr_par' dir='ltr' id='par_1_31' title="bbox 1863 1577 3461 1648">
     <span class='ocr_line' id='line_1_31' title="bbox 1863 1577 3461 1648; baseline 0 -18"><span class='ocrx_word' id='word_1_223' title='bbox 1863 1577 2262 1648; x_wconf 88' lang='lat' dir='ltr'><strong>omnipotentis</strong></span> <span class='ocrx_word' id='word_1_224' title='bbox 2286 1578 2389 1632; x_wconf 88' lang='lat' dir='ltr'><strong>Dei</strong></span> <span class='ocrx_word' id='word_1_225' title='bbox 2415 1578 2886 1648; x_wconf 84' lang='lat' dir='ltr'><strong>contemplatione</strong></span> <span class='ocrx_word' id='word_1_226' title='bbox 2899 1577 3315 1648; x_wconf 65' lang='lat' dir='ltr'><strong>pascatur.Haac</strong></span> <span class='ocrx_word' id='word_1_227' title='bbox 3334 1593 3461 1630; x_wconf 88' lang='lat' dir='ltr'><strong>cum</strong></span> 
     </span>
    </p>
   </div>
   <div class='ocr_carea' id='block_1_32' title="bbox 1862 1665 3462 1738">
    <p class='ocr_par' dir='ltr' id='par_1_32' title="bbox 1862 1665 3462 1738">
     <span class='ocr_line' id='line_1_32' title="bbox 1862 1665 3462 1738; baseline 0 -19"><span class='ocrx_word' id='word_1_228' title='bbox 1862 1665 2128 1736; x_wconf 88' lang='lat' dir='ltr'><strong>puritate,</strong></span> <span class='ocrx_word' id='word_1_229' title='bbox 2142 1667 2190 1719; x_wconf 90' lang='lat' dir='ltr'><strong>si</strong></span> <span class='ocrx_word' id='word_1_230' title='bbox 2210 1667 2318 1720; x_wconf 89' lang='lat' dir='ltr'><strong>dici</strong></span> <span class='ocrx_word' id='word_1_231' title='bbox 2338 1673 2541 1738; x_wconf 90' lang='lat' dir='ltr'><strong>potest,</strong></span> <span class='ocrx_word' id='word_1_232' title='bbox 2563 1683 2730 1720; x_wconf 89' lang='lat' dir='ltr'><strong>sensu</strong></span> <span class='ocrx_word' id='word_1_233' title='bbox 2753 1667 2958 1720; x_wconf 91' lang='lat' dir='ltr'><strong>mentis</strong></span> <span class='ocrx_word' id='word_1_234' title='bbox 2983 1665 3264 1737; x_wconf 66' lang='lat' dir='ltr'><strong>absorpta,</strong></span> <span class='ocrx_word' id='word_1_235' title='bbox 3285 1683 3320 1720; x_wconf 92' lang='lat' dir='ltr'><strong>a</strong></span> <span class='ocrx_word' id='word_1_236' title='bbox 3345 1672 3462 1720; x_wconf 90' lang='lat' dir='ltr'><strong>ter-</strong></span> 
     </span>
    </p>
   </div>
   <div class='ocr_carea' id='block_1_33' title="bbox 225 1751 3462 1826">
    <p class='ocr_par' dir='ltr' id='par_1_33' title="bbox 225 1751 3462 1826">
     <span class='ocr_line' id='line_1_33' title="bbox 225 1751 3462 1826; baseline 0.001 -20"><span class='ocrx_word' id='word_1_237' title='bbox 225 1753 298 1807; x_wconf 88' lang='lat' dir='ltr'><strong>lud</strong></span> <span class='ocrx_word' id='word_1_238' title='bbox 339 1753 400 1806; x_wconf 88' lang='lat' dir='ltr'><strong>de</strong></span> <span class='ocrx_word' id='word_1_239' title='bbox 444 1759 645 1808; x_wconf 69' lang='lat' dir='ltr'><strong>caetero</strong></span> <span class='ocrx_word' id='word_1_240' title='bbox 673 1754 842 1807; x_wconf 89' lang='lat' dir='ltr'><strong>etiam</strong></span> <span class='ocrx_word' id='word_1_241' title='bbox 874 1760 932 1807; x_wconf 89' lang='lat' dir='ltr'><strong>et</strong></span> <span class='ocrx_word' id='word_1_242' title='bbox 960 1753 1029 1807; x_wconf 92' lang='lat' dir='ltr'><strong>de</strong></span> <span class='ocrx_word' id='word_1_243' title='bbox 1073 1753 1183 1806; x_wconf 90' lang='lat' dir='ltr'><strong>illis</strong></span> <span class='ocrx_word' id='word_1_244' title='bbox 1217 1769 1339 1823; x_wconf 78' lang='lat' dir='ltr'><strong>quae</strong></span> <span class='ocrx_word' id='word_1_245' title='bbox 1375 1755 1680 1808; x_wconf 89' lang='lat' dir='ltr'><strong>secundum</strong></span> <span class='ocrx_word' id='word_1_246' title='bbox 1718 1751 1840 1811; x_wconf 91' lang='lat' dir='ltr'><strong>seB</strong></span> <span class='ocrx_word' id='word_1_247' title='bbox 1860 1755 2524 1826; x_wconf 86' lang='lat' dir='ltr'><strong>renosituadspiritalem</strong></span> <span class='ocrx_word' id='word_1_248' title='bbox 2537 1755 3462 1826; x_wconf 85' lang='lat' dir='ltr'><strong>atqueangelicamsimilitudinem</strong></span> 
     </span>
    </p>
   </div>
   <div class='ocr_carea' id='block_1_34' title="bbox 221 1853 343 1896">
    <p class='ocr_par' dir='ltr' id='par_1_34' title="bbox 221 1853 343 1896">
     <span class='ocr_line' id='line_1_34' title="bbox 221 1853 343 1896; baseline 0.025 -3"><span class='ocrx_word' id='word_1_249' title='bbox 221 1853 343 1896; x_wconf 88' lang='lat' dir='ltr'><strong>sunt.</strong></span> 
     </span>
    </p>
   </div>
   <div class='ocr_carea' id='block_1_35' title="bbox 279 1931 1779 2003">
    <p class='ocr_par' dir='ltr' id='par_1_35' title="bbox 279 1931 1779 2003">
     <span class='ocr_line' id='line_1_35' title="bbox 279 1931 1779 2003; baseline 0.002 -20"><span class='ocrx_word' id='word_1_250' title='bbox 279 1952 299 1983; x_wconf 70' lang='grc' dir='ltr'><strong>ς(</strong></span> <span class='ocrx_word' id='word_1_251' title='bbox 337 1932 392 1986; x_wconf 91' lang='lat' dir='ltr'><strong>In</strong></span> <span class='ocrx_word' id='word_1_252' title='bbox 423 1949 526 2002; x_wconf 92' lang='lat' dir='ltr'><strong>quo</strong></span> <span class='ocrx_word' id='word_1_253' title='bbox 554 1933 774 2003; x_wconf 88' lang='lat' dir='ltr'><strong>positus</strong></span> <span class='ocrx_word' id='word_1_254' title='bbox 803 1947 949 1998; x_wconf 92' lang='lat' dir='ltr'><strong>sum,</strong></span> <span class='ocrx_word' id='word_1_255' title='bbox 996 1931 1200 2002; x_wconf 89' lang='lat' dir='ltr'><strong>inquit,</strong></span> <span class='ocrx_word' id='word_1_256' title='bbox 1233 1949 1336 2001; x_wconf 91' lang='lat' dir='ltr'><strong>ego</strong></span> <span class='ocrx_word' id='word_1_257' title='bbox 1366 1933 1699 2002; x_wconf 65' lang='lat' dir='ltr'><strong>praedicator</strong></span> <span class='ocrx_word' id='word_1_258' title='bbox 1723 1937 1779 1986; x_wconf 90' lang='lat' dir='ltr'><strong>et</strong></span> 
     </span>
    </p>
   </div>
   <div class='ocr_carea' id='block_1_36' title="bbox 220 2020 1779 2093">
    <p class='ocr_par' dir='ltr' id='par_1_36' title="bbox 220 2020 1779 2093">
     <span class='ocr_line' id='line_1_36' title="bbox 220 2020 1779 2093; baseline -0.001 -18"><span class='ocrx_word' id='word_1_259' title='bbox 220 2040 240 2069; x_wconf 75' lang='grc' dir='ltr'><strong>ε</strong></span> <span class='ocrx_word' id='word_1_260' title='bbox 273 2021 570 2093; x_wconf 81' lang='lat' dir='ltr'><strong>Apostolus,</strong></span> <span class='ocrx_word' id='word_1_261' title='bbox 606 2021 901 2076; x_wconf 85' lang='lat' dir='ltr'><strong>veritatem</strong></span> <span class='ocrx_word' id='word_1_262' title='bbox 950 2020 1093 2088; x_wconf 93' lang='lat' dir='ltr'><strong>dico,</strong></span> <span class='ocrx_word' id='word_1_263' title='bbox 1136 2037 1249 2075; x_wconf 91' lang='lat' dir='ltr'><strong>non</strong></span> <span class='ocrx_word' id='word_1_264' title='bbox 1291 2021 1552 2087; x_wconf 81' lang='lat' dir='ltr'><strong>mentior,</strong></span> <span class='ocrx_word' id='word_1_265' title='bbox 1585 2021 1779 2075; x_wconf 91' lang='lat' dir='ltr'><strong>doctor</strong></span> 
     </span>
    </p>
   </div>
   <div class='ocr_carea' id='block_1_37' title="bbox 219 2110 1777 2181">
    <p class='ocr_par' dir='ltr' id='par_1_37' title="bbox 219 2110 1777 2181">
     <span class='ocr_line' id='line_1_37' title="bbox 219 2110 1777 2181; baseline 0.003 -21"><span class='ocrx_word' id='word_1_266' title='bbox 219 2129 239 2160; x_wconf 65' lang='grc' dir='ltr'><strong>τι</strong></span> <span class='ocrx_word' id='word_1_267' title='bbox 270 2111 519 2180; x_wconf 81' lang='lat' dir='ltr'><strong>gentium,</strong></span> <span class='ocrx_word' id='word_1_268' title='bbox 553 2111 615 2164; x_wconf 90' lang='lat' dir='ltr'><strong>in</strong></span> <span class='ocrx_word' id='word_1_269' title='bbox 636 2111 746 2164; x_wconf 85' lang='lat' dir='ltr'><strong>ﬁde</strong></span> <span class='ocrx_word' id='word_1_270' title='bbox 781 2118 838 2164; x_wconf 91' lang='lat' dir='ltr'><strong>et</strong></span> <span class='ocrx_word' id='word_1_271' title='bbox 855 2110 1110 2164; x_wconf 87' lang='lat' dir='ltr'><strong>veritate.</strong></span> <span class='ocrx_word' id='word_1_272' title='bbox 1134 2129 1159 2163; x_wconf 85' lang='lat'>»</span> <span class='ocrx_word' id='word_1_273' title='bbox 1186 2111 1294 2164; x_wconf 92' lang='lat' dir='ltr'><strong>Pro</strong></span> <span class='ocrx_word' id='word_1_274' title='bbox 1315 2111 1401 2164; x_wconf 91' lang='lat' dir='ltr'><strong>his</strong></span> <span class='ocrx_word' id='word_1_275' title='bbox 1427 2127 1558 2181; x_wconf 87' lang='lat' dir='ltr'><strong>ergo</strong></span> <span class='ocrx_word' id='word_1_276' title='bbox 1585 2117 1643 2164; x_wconf 92' lang='lat' dir='ltr'><strong>et</strong></span> <span class='ocrx_word' id='word_1_277' title='bbox 1674 2127 1777 2180; x_wconf 86' lang='lat' dir='ltr'><strong>ego</strong></span> 
     </span>
    </p>
   </div>
   <div class='ocr_carea' id='block_1_38' title="bbox 213 2199 1776 2270">
    <p class='ocr_par' dir='ltr' id='par_1_38' title="bbox 213 2199 1776 2270">
     <span class='ocr_line' id='line_1_38' title="bbox 213 2199 1776 2270; baseline 0 -18"><span class='ocrx_word' id='word_1_278' title='bbox 213 2199 514 2255; x_wconf 84' lang='lat' dir='ltr'><strong>constitutus</strong></span> <span class='ocrx_word' id='word_1_279' title='bbox 533 2217 665 2254; x_wconf 90' lang='lat' dir='ltr'><strong>sum</strong></span> <span class='ocrx_word' id='word_1_280' title='bbox 690 2200 1082 2270; x_wconf 82' lang='lat' dir='ltr'><strong>Apostolus,ut</strong></span> <span class='ocrx_word' id='word_1_281' title='bbox 1097 2205 1154 2253; x_wconf 92' lang='lat' dir='ltr'><strong>et</strong></span> <span class='ocrx_word' id='word_1_282' title='bbox 1170 2199 1348 2270; x_wconf 91' lang='lat' dir='ltr'><strong>ipsam</strong></span> <span class='ocrx_word' id='word_1_283' title='bbox 1373 2199 1686 2253; x_wconf 91' lang='lat' dir='ltr'><strong>doctrinam</strong></span> <span class='ocrx_word' id='word_1_284' title='bbox 1706 2199 1776 2252; x_wconf 92' lang='lat' dir='ltr'><strong>ad</strong></span> 
     </span>
    </p>
   </div>
   <div class='ocr_carea' id='block_1_39' title="bbox 211 2287 1778 2353">
    <p class='ocr_par' dir='ltr' id='par_1_39' title="bbox 211 2287 1778 2353">
     <span class='ocr_line' id='line_1_39' title="bbox 211 2287 1778 2353; baseline 0 -13"><span class='ocrx_word' id='word_1_285' title='bbox 211 2288 430 2341; x_wconf 86' lang='lat' dir='ltr'><strong>omnium</strong></span> <span class='ocrx_word' id='word_1_286' title='bbox 460 2288 758 2342; x_wconf 88' lang='lat' dir='ltr'><strong>hominum</strong></span> <span class='ocrx_word' id='word_1_287' title='bbox 806 2287 1067 2341; x_wconf 84' lang='lat' dir='ltr'><strong>notitiam</strong></span> <span class='ocrx_word' id='word_1_288' title='bbox 1098 2287 1366 2353; x_wconf 86' lang='lat' dir='ltr'><strong>deferam,</strong></span> <span class='ocrx_word' id='word_1_289' title='bbox 1399 2293 1457 2341; x_wconf 91' lang='lat' dir='ltr'><strong>et</strong></span> <span class='ocrx_word' id='word_1_290' title='bbox 1485 2304 1679 2341; x_wconf 90' lang='lat' dir='ltr'><strong>omnes</strong></span> <span class='ocrx_word' id='word_1_291' title='bbox 1707 2287 1778 2340; x_wconf 91' lang='lat' dir='ltr'><strong>ad</strong></span> 
     </span>
    </p>
   </div>
   <div class='ocr_carea' id='block_1_40' title="bbox 210 2375 1778 2447">
    <p class='ocr_par' dir='ltr' id='par_1_40' title="bbox 210 2375 1778 2447">
     <span class='ocr_line' id='line_1_40' title="bbox 210 2375 1778 2447; baseline -0.001 -17"><span class='ocrx_word' id='word_1_292' title='bbox 210 2377 351 2430; x_wconf 85' lang='lat' dir='ltr'><strong>fidem</strong></span> <span class='ocrx_word' id='word_1_293' title='bbox 379 2377 596 2431; x_wconf 84' lang='lat' dir='ltr'><strong>Christi</strong></span> <span class='ocrx_word' id='word_1_294' title='bbox 621 2377 883 2431; x_wconf 90' lang='lat' dir='ltr'><strong>accedere</strong></span> <span class='ocrx_word' id='word_1_295' title='bbox 911 2376 1131 2442; x_wconf 86' lang='lat' dir='ltr'><strong>faciam,</strong></span> <span class='ocrx_word' id='word_1_296' title='bbox 1147 2393 1248 2447; x_wconf 90' lang='lat' dir='ltr'><strong>per</strong></span> <span class='ocrx_word' id='word_1_297' title='bbox 1279 2393 1446 2447; x_wconf 89' lang='lat' dir='ltr'><strong>quem</strong></span> <span class='ocrx_word' id='word_1_298' title='bbox 1483 2375 1591 2429; x_wconf 83' lang='lat' dir='ltr'><strong>ista</strong></span> <span class='ocrx_word' id='word_1_299' title='bbox 1619 2375 1778 2429; x_wconf 91' lang='lat' dir='ltr'><strong>nobis</strong></span> 
     </span>
    </p>
   </div>
   <div class='ocr_carea' id='block_1_41' title="bbox 207 2464 1781 2537">
    <p class='ocr_par' dir='ltr' id='par_1_41' title="bbox 207 2464 1781 2537">
     <span class='ocr_line' id='line_1_41' title="bbox 207 2464 1781 2537; baseline 0 -19"><span class='ocrx_word' id='word_1_300' title='bbox 207 2465 451 2520; x_wconf 87' lang='lat' dir='ltr'><strong>retributa</strong></span> <span class='ocrx_word' id='word_1_301' title='bbox 489 2473 648 2532; x_wconf 89' lang='lat' dir='ltr'><strong>sunt,</strong></span> <span class='ocrx_word' id='word_1_302' title='bbox 695 2472 752 2519; x_wconf 91' lang='lat' dir='ltr'><strong>et</strong></span> <span class='ocrx_word' id='word_1_303' title='bbox 779 2465 1008 2537; x_wconf 90' lang='lat' dir='ltr'><strong>quidam</strong></span> <span class='ocrx_word' id='word_1_304' title='bbox 1038 2465 1107 2518; x_wconf 90' lang='lat' dir='ltr'><strong>ad</strong></span> <span class='ocrx_word' id='word_1_305' title='bbox 1141 2465 1343 2518; x_wconf 86' lang='lat' dir='ltr'><strong>horum</strong></span> <span class='ocrx_word' id='word_1_306' title='bbox 1379 2464 1692 2519; x_wconf 90' lang='lat' dir='ltr'><strong>doctrinam</strong></span> <span class='ocrx_word' id='word_1_307' title='bbox 1723 2470 1781 2518; x_wconf 88' lang='lat' dir='ltr'><strong>et</strong></span> 
     </span>
    </p>
   </div>
   <div class='ocr_carea' id='block_1_42' title="bbox 205 2555 1781 2625">
    <p class='ocr_par' dir='ltr' id='par_1_42' title="bbox 205 2555 1781 2625">
     <span class='ocr_line' id='line_1_42' title="bbox 205 2555 1781 2625; baseline 0.001 -19"><span class='ocrx_word' id='word_1_308' title='bbox 205 2555 620 2610; x_wconf 86' lang='lat' dir='ltr'><strong>insinuationem</strong></span> <span class='ocrx_word' id='word_1_309' title='bbox 648 2555 905 2625; x_wconf 90' lang='lat' dir='ltr'><strong>gentium</strong></span> <span class='ocrx_word' id='word_1_310' title='bbox 960 2559 1182 2609; x_wconf 90' lang='lat' dir='ltr'><strong>creatus</strong></span> <span class='ocrx_word' id='word_1_311' title='bbox 1211 2571 1336 2608; x_wconf 89' lang='lat' dir='ltr'><strong>sum</strong></span> <span class='ocrx_word' id='word_1_312' title='bbox 1364 2555 1682 2625; x_wconf 88' lang='lat' dir='ltr'><strong>Apostolus,</strong></span> <span class='ocrx_word' id='word_1_313' title='bbox 1716 2558 1781 2607; x_wconf 92' lang='lat' dir='ltr'><strong>ut</strong></span> 
     </span>
    </p>
   </div>
   <div class='ocr_carea' id='block_1_43' title="bbox 200 2643 1778 2714">
    <p class='ocr_par' dir='ltr' id='par_1_43' title="bbox 200 2643 1778 2714">
     <span class='ocr_line' id='line_1_43' title="bbox 200 2643 1778 2714; baseline 0.001 -19"><span class='ocrx_word' id='word_1_314' title='bbox 200 2643 342 2710; x_wconf 87' lang='lat' dir='ltr'><strong>dicat,</strong></span> <span class='ocrx_word' id='word_1_315' title='bbox 356 2645 613 2699; x_wconf 89' lang='lat' dir='ltr'><strong>omnium</strong></span> <span class='ocrx_word' id='word_1_316' title='bbox 629 2644 922 2698; x_wconf 90' lang='lat' dir='ltr'><strong>hominum</strong></span> <span class='ocrx_word' id='word_1_317' title='bbox 948 2644 1043 2714; x_wconf 89' lang='lat' dir='ltr'><strong>qui</strong></span> <span class='ocrx_word' id='word_1_318' title='bbox 1066 2643 1123 2696; x_wconf 91' lang='lat' dir='ltr'><strong>in</strong></span> <span class='ocrx_word' id='word_1_319' title='bbox 1145 2644 1297 2697; x_wconf 89' lang='lat' dir='ltr'><strong>omni</strong></span> <span class='ocrx_word' id='word_1_320' title='bbox 1318 2644 1439 2697; x_wconf 92' lang='lat' dir='ltr'><strong>loco</strong></span> <span class='ocrx_word' id='word_1_321' title='bbox 1459 2649 1609 2697; x_wconf 91' lang='lat' dir='ltr'><strong>sunt.</strong></span> <span class='ocrx_word' id='word_1_322' title='bbox 1629 2643 1778 2697; x_wconf 91' lang='lat' dir='ltr'><strong>Bene</strong></span> 
     </span>
    </p>
   </div>
   <div class='ocr_carea' id='block_1_44' title="bbox 197 2732 1777 2804">
    <p class='ocr_par' dir='ltr' id='par_1_44' title="bbox 197 2732 1777 2804">
     <span class='ocr_line' id='line_1_44' title="bbox 197 2732 1777 2804; baseline 0.001 -19"><span class='ocrx_word' id='word_1_323' title='bbox 197 2749 312 2803; x_wconf 83' lang='lat' dir='ltr'><strong>ergo</strong></span> <span class='ocrx_word' id='word_1_324' title='bbox 331 2735 674 2804; x_wconf 87' lang='lat' dir='ltr'><strong>interposuit</strong></span> <span class='ocrx_word' id='word_1_325' title='bbox 696 2733 906 2799; x_wconf 88' lang='lat' dir='ltr'><strong>dicens,</strong></span> <span class='ocrx_word' id='word_1_326' title='bbox 935 2752 958 2782; x_wconf 84' lang='lat'>«</span> <span class='ocrx_word' id='word_1_327' title='bbox 991 2733 1287 2786; x_wconf 85' lang='lat' dir='ltr'><strong>veritatem</strong></span> <span class='ocrx_word' id='word_1_328' title='bbox 1317 2732 1461 2799; x_wconf 90' lang='lat' dir='ltr'><strong>dico,</strong></span> <span class='ocrx_word' id='word_1_329' title='bbox 1491 2749 1602 2786; x_wconf 89' lang='lat' dir='ltr'><strong>non</strong></span> <span class='ocrx_word' id='word_1_330' title='bbox 1625 2749 1777 2786; x_wconf 90' lang='lat' dir='ltr'><strong>men-</strong></span> 
     </span>
    </p>
   </div>
   <div class='ocr_carea' id='block_1_45' title="bbox 192 2821 1774 2888">
    <p class='ocr_par' dir='ltr' id='par_1_45' title="bbox 192 2821 1774 2888">
     <span class='ocr_line' id='line_1_45' title="bbox 192 2821 1774 2888; baseline 0.001 -14"><span class='ocrx_word' id='word_1_331' title='bbox 192 2822 302 2888; x_wconf 89' lang='lat' dir='ltr'><strong>tior,</strong></span> <span class='ocrx_word' id='word_1_332' title='bbox 329 2844 352 2873; x_wconf 78' lang='grc' dir='ltr'><strong>ι)</strong></span> <span class='ocrx_word' id='word_1_333' title='bbox 386 2824 463 2877; x_wconf 91' lang='lat' dir='ltr'><strong>ita</strong></span> <span class='ocrx_word' id='word_1_334' title='bbox 500 2829 572 2877; x_wconf 89' lang='lat' dir='ltr'><strong>ut</strong></span> <span class='ocrx_word' id='word_1_335' title='bbox 601 2822 1083 2876; x_wconf 84' lang='lat' dir='ltr'><strong>confirmationem</strong></span> <span class='ocrx_word' id='word_1_336' title='bbox 1105 2839 1268 2876; x_wconf 90' lang='lat' dir='ltr'><strong>suam</strong></span> <span class='ocrx_word' id='word_1_337' title='bbox 1289 2821 1440 2876; x_wconf 88' lang='lat' dir='ltr'><strong>credi</strong></span> <span class='ocrx_word' id='word_1_338' title='bbox 1462 2822 1686 2887; x_wconf 86' lang='lat' dir='ltr'><strong>faceret,</strong></span> <span class='ocrx_word' id='word_1_339' title='bbox 1719 2821 1774 2875; x_wconf 92' lang='lat' dir='ltr'><strong>id</strong></span> 
     </span>
    </p>
   </div>
   <div class='ocr_carea' id='block_1_46' title="bbox 198 2911 1770 2982">
    <p class='ocr_par' dir='ltr' id='par_1_46' title="bbox 198 2911 1770 2982">
     <span class='ocr_line' id='line_1_46' title="bbox 198 2911 1770 2982; baseline -0.002 -18"><span class='ocrx_word' id='word_1_340' title='bbox 198 2912 326 2980; x_wconf 89' lang='lat' dir='ltr'><strong>quod</strong></span> <span class='ocrx_word' id='word_1_341' title='bbox 350 2912 594 2966; x_wconf 89' lang='lat' dir='ltr'><strong>dicebat.</strong></span> <span class='ocrx_word' id='word_1_342' title='bbox 619 2913 762 2966; x_wconf 88' lang='lat' dir='ltr'><strong>Nam</strong></span> <span class='ocrx_word' id='word_1_343' title='bbox 785 2911 933 2982; x_wconf 86' lang='lat' dir='ltr'><strong>quod</strong></span> <span class='ocrx_word' id='word_1_344' title='bbox 949 2911 1092 2964; x_wconf 82' lang='lat' dir='ltr'><strong>dixit</strong></span> <span class='ocrx_word' id='word_1_345' title='bbox 1119 2930 1145 2962; x_wconf 87' lang='grc'><strong>((</strong></span> <span class='ocrx_word' id='word_1_346' title='bbox 1161 2911 1220 2964; x_wconf 91' lang='lat' dir='ltr'><strong>in</strong></span> <span class='ocrx_word' id='word_1_347' title='bbox 1242 2911 1350 2964; x_wconf 88' lang='lat' dir='ltr'><strong>fide</strong></span> <span class='ocrx_word' id='word_1_348' title='bbox 1374 2916 1431 2964; x_wconf 92' lang='lat' dir='ltr'><strong>et</strong></span> <span class='ocrx_word' id='word_1_349' title='bbox 1455 2911 1708 2976; x_wconf 85' lang='lat' dir='ltr'><strong>veritate,</strong></span> <span class='ocrx_word' id='word_1_350' title='bbox 1745 2929 1770 2962; x_wconf 92' lang='lat'>»</span> 
     </span>
    </p>
   </div>
   <div class='ocr_carea' id='block_1_47' title="bbox 1859 1837 3462 1915">
    <p class='ocr_par' dir='ltr' id='par_1_47' title="bbox 1859 1837 3462 1915">
     <span class='ocr_line' id='line_1_47' title="bbox 1859 1837 3462 1915; baseline 0.001 -19"><span class='ocrx_word' id='word_1_351' title='bbox 1859 1843 2216 1910; x_wconf 88' lang='lat' dir='ltr'><strong>reformatur,</strong></span> <span class='ocrx_word' id='word_1_352' title='bbox 2234 1837 2504 1915; x_wconf 72' lang='lat' dir='ltr'><strong>quidquid</strong></span> <span class='ocrx_word' id='word_1_353' title='bbox 2533 1844 2782 1898; x_wconf 89' lang='lat' dir='ltr'><strong>inserere</strong></span> <span class='ocrx_word' id='word_1_354' title='bbox 2801 1843 3332 1915; x_wconf 80' lang='lat' dir='ltr'><strong>cceperit,quidquid</strong></span> <span class='ocrx_word' id='word_1_355' title='bbox 3351 1849 3462 1898; x_wconf 90' lang='lat' dir='ltr'><strong>tra-</strong></span> 
     </span>
    </p>
   </div>
   <div class='ocr_carea' id='block_1_48' title="bbox 1859 1933 3461 2004">
    <p class='ocr_par' dir='ltr' id='par_1_48' title="bbox 1859 1933 3461 2004">
     <span class='ocr_line' id='line_1_48' title="bbox 1859 1933 3461 2004; baseline 0.001 -18"><span class='ocrx_word' id='word_1_356' title='bbox 1859 1934 2110 1998; x_wconf 89' lang='lat' dir='ltr'><strong>ctaverit,</strong></span> <span class='ocrx_word' id='word_1_357' title='bbox 2157 1933 2428 2004; x_wconf 89' lang='lat' dir='ltr'><strong>quidquid</strong></span> <span class='ocrx_word' id='word_1_358' title='bbox 2465 1933 2630 2002; x_wconf 90' lang='lat' dir='ltr'><strong>gerit,</strong></span> <span class='ocrx_word' id='word_1_359' title='bbox 2673 1933 2976 2003; x_wconf 90' lang='lat' dir='ltr'><strong>purissima</strong></span> <span class='ocrx_word' id='word_1_360' title='bbox 3001 1938 3171 2003; x_wconf 89' lang='lat' dir='ltr'><strong>atque</strong></span> <span class='ocrx_word' id='word_1_361' title='bbox 3203 1933 3461 1987; x_wconf 89' lang='lat' dir='ltr'><strong>sinceris-</strong></span> 
     </span>
    </p>
   </div>
   <div class='ocr_carea' id='block_1_49' title="bbox 1860 2021 3462 2092">
    <p class='ocr_par' dir='ltr' id='par_1_49' title="bbox 1860 2021 3462 2092">
     <span class='ocr_line' id='line_1_49' title="bbox 1860 2021 3462 2092; baseline -0.001 -16"><span class='ocrx_word' id='word_1_362' title='bbox 1860 2023 2005 2076; x_wconf 90' lang='lat' dir='ltr'><strong>sima</strong></span> <span class='ocrx_word' id='word_1_363' title='bbox 2035 2023 2144 2076; x_wconf 92' lang='lat' dir='ltr'><strong>erit</strong></span> <span class='ocrx_word' id='word_1_364' title='bbox 2172 2023 2371 2076; x_wconf 89' lang='lat' dir='ltr'><strong>oratio.</strong></span> <span class='ocrx_word' id='word_1_365' title='bbox 2406 2023 2618 2076; x_wconf 92' lang='lat' dir='ltr'><strong>Deinde</strong></span> <span class='ocrx_word' id='word_1_366' title='bbox 2649 2021 2840 2076; x_wconf 87' lang='lat' dir='ltr'><strong>dicens</strong></span> <span class='ocrx_word' id='word_1_367' title='bbox 2869 2022 2938 2075; x_wconf 91' lang='lat' dir='ltr'><strong>de</strong></span> <span class='ocrx_word' id='word_1_368' title='bbox 2967 2021 3300 2076; x_wconf 88' lang='lat' dir='ltr'><strong>mulieribus</strong></span> <span class='ocrx_word' id='word_1_369' title='bbox 3321 2021 3462 2092; x_wconf 88' lang='lat' dir='ltr'><strong>adji-</strong></span> 
     </span>
    </p>
   </div>
   <div class='ocr_carea' id='block_1_50' title="bbox 1859 2111 3459 2180">
    <p class='ocr_par' dir='ltr' id='par_1_50' title="bbox 1859 2111 3459 2180">
     <span class='ocr_line' id='line_1_50' title="bbox 1859 2111 3459 2180; baseline -0.001 -15"><span class='ocrx_word' id='word_1_370' title='bbox 1859 2111 1972 2165; x_wconf 89' lang='lat' dir='ltr'><strong>cit:</strong></span> <span class='ocrx_word' id='word_1_371' title='bbox 2012 2130 2037 2162; x_wconf 89' lang='lat'>«</span> <span class='ocrx_word' id='word_1_372' title='bbox 2073 2111 2344 2165; x_wconf 89' lang='lat' dir='ltr'><strong>Similiter</strong></span> <span class='ocrx_word' id='word_1_373' title='bbox 2367 2116 2558 2165; x_wconf 90' lang='lat' dir='ltr'><strong>autem</strong></span> <span class='ocrx_word' id='word_1_374' title='bbox 2589 2117 2647 2165; x_wconf 90' lang='lat' dir='ltr'><strong>et</strong></span> <span class='ocrx_word' id='word_1_375' title='bbox 2677 2111 2962 2164; x_wconf 88' lang='lat' dir='ltr'><strong>mulieres.</strong></span> <span class='ocrx_word' id='word_1_376' title='bbox 3008 2131 3032 2162; x_wconf 86' lang='lat'><strong>»</strong></span> <span class='ocrx_word' id='word_1_377' title='bbox 3072 2113 3274 2180; x_wconf 86' lang='lat' dir='ltr'><strong>(Amb.)</strong></span> <span class='ocrx_word' id='word_1_378' title='bbox 3308 2111 3459 2164; x_wconf 90' lang='lat' dir='ltr'><strong>Bene</strong></span> 
     </span>
    </p>
   </div>
   <div class='ocr_carea' id='block_1_51' title="bbox 1860 2199 3459 2270">
    <p class='ocr_par' dir='ltr' id='par_1_51' title="bbox 1860 2199 3459 2270">
     <span class='ocr_line' id='line_1_51' title="bbox 1860 2199 3459 2270; baseline -0.001 -16"><span class='ocrx_word' id='word_1_379' title='bbox 1860 2206 2050 2254; x_wconf 89' lang='lat' dir='ltr'><strong>autem</strong></span> <span class='ocrx_word' id='word_1_380' title='bbox 2067 2200 2209 2254; x_wconf 85' lang='lat' dir='ltr'><strong>dixit</strong></span> <span class='ocrx_word' id='word_1_381' title='bbox 2241 2219 2266 2251; x_wconf 84' lang='lat'>«</span> <span class='ocrx_word' id='word_1_382' title='bbox 2285 2200 2562 2265; x_wconf 81' lang='lat' dir='ltr'><strong>similiter,</strong></span> <span class='ocrx_word' id='word_1_383' title='bbox 2590 2219 2615 2254; x_wconf 90' lang='lat'><strong><em>»</em></strong></span> <span class='ocrx_word' id='word_1_384' title='bbox 2636 2200 2937 2253; x_wconf 91' lang='lat' dir='ltr'><strong>ostendens</strong></span> <span class='ocrx_word' id='word_1_385' title='bbox 2959 2199 3226 2270; x_wconf 90' lang='lat' dir='ltr'><strong>quoniam</strong></span> <span class='ocrx_word' id='word_1_386' title='bbox 3253 2199 3459 2254; x_wconf 89' lang='lat' dir='ltr'><strong>discre-</strong></span> 
     </span>
    </p>
   </div>
   <div class='ocr_carea' id='block_1_52' title="bbox 1860 2288 3456 2343">
    <p class='ocr_par' dir='ltr' id='par_1_52' title="bbox 1860 2288 3456 2343">
     <span class='ocr_line' id='line_1_52' title="bbox 1860 2288 3456 2343; baseline 0.001 -2"><span class='ocrx_word' id='word_1_387' title='bbox 1860 2289 1940 2343; x_wconf 89' lang='lat' dir='ltr'><strong>vit</strong></span> <span class='ocrx_word' id='word_1_388' title='bbox 1968 2306 2063 2342; x_wconf 90' lang='lat' dir='ltr'><strong>eas</strong></span> <span class='ocrx_word' id='word_1_389' title='bbox 2103 2305 2214 2343; x_wconf 92' lang='lat' dir='ltr'><strong>non</strong></span> <span class='ocrx_word' id='word_1_390' title='bbox 2243 2289 2348 2342; x_wconf 90' lang='lat' dir='ltr'><strong>hac</strong></span> <span class='ocrx_word' id='word_1_391' title='bbox 2377 2289 2614 2342; x_wconf 91' lang='lat' dir='ltr'><strong>ratione.</strong></span> <span class='ocrx_word' id='word_1_392' title='bbox 2660 2289 2806 2343; x_wconf 91' lang='lat' dir='ltr'><strong>Nam</strong></span> <span class='ocrx_word' id='word_1_393' title='bbox 2847 2289 2957 2342; x_wconf 90' lang='lat' dir='ltr'><strong>ista</strong></span> <span class='ocrx_word' id='word_1_394' title='bbox 2983 2288 3244 2342; x_wconf 89' lang='lat' dir='ltr'><strong>similiter</strong></span> <span class='ocrx_word' id='word_1_395' title='bbox 3271 2293 3329 2342; x_wconf 92' lang='lat' dir='ltr'><strong>et</strong></span> <span class='ocrx_word' id='word_1_396' title='bbox 3373 2289 3456 2342; x_wconf 89' lang='lat' dir='ltr'><strong>vi-</strong></span> 
     </span>
    </p>
   </div>
   <div class='ocr_carea' id='block_1_53' title="bbox 1862 2377 3455 2448">
    <p class='ocr_par' dir='ltr' id='par_1_53' title="bbox 1862 2377 3455 2448">
     <span class='ocr_line' id='line_1_53' title="bbox 1862 2377 3455 2448; baseline -0.001 -17"><span class='ocrx_word' id='word_1_397' title='bbox 1862 2378 1940 2432; x_wconf 90' lang='lat' dir='ltr'><strong>ris</strong></span> <span class='ocrx_word' id='word_1_398' title='bbox 1974 2378 2169 2432; x_wconf 90' lang='lat' dir='ltr'><strong>adesse</strong></span> <span class='ocrx_word' id='word_1_399' title='bbox 2213 2383 2270 2432; x_wconf 92' lang='lat' dir='ltr'><strong>et</strong></span> <span class='ocrx_word' id='word_1_400' title='bbox 2314 2377 2644 2431; x_wconf 91' lang='lat' dir='ltr'><strong>mulieribus</strong></span> <span class='ocrx_word' id='word_1_401' title='bbox 2693 2377 2864 2448; x_wconf 87' lang='lat' dir='ltr'><strong>cupit,</strong></span> <span class='ocrx_word' id='word_1_402' title='bbox 2901 2377 2999 2431; x_wconf 92' lang='lat' dir='ltr'><strong>sed</strong></span> <span class='ocrx_word' id='word_1_403' title='bbox 3030 2383 3088 2431; x_wconf 89' lang='lat' dir='ltr'><strong>et</strong></span> <span class='ocrx_word' id='word_1_404' title='bbox 3123 2382 3455 2430; x_wconf 60' lang='lat' dir='ltr'><strong>ceterorum</strong></span> 
     </span>
    </p>
   </div>
   <div class='ocr_carea' id='block_1_54' title="bbox 1861 2465 3456 2538">
    <p class='ocr_par' dir='ltr' id='par_1_54' title="bbox 1861 2465 3456 2538">
     <span class='ocr_line' id='line_1_54' title="bbox 1861 2465 3456 2538; baseline -0.001 -18"><span class='ocrx_word' id='word_1_405' title='bbox 1861 2484 2087 2521; x_wconf 90' lang='lat' dir='ltr'><strong>causam</strong></span> <span class='ocrx_word' id='word_1_406' title='bbox 2127 2467 2196 2520; x_wconf 90' lang='lat' dir='ltr'><strong>de</strong></span> <span class='ocrx_word' id='word_1_407' title='bbox 2235 2465 2438 2538; x_wconf 89' lang='lat' dir='ltr'><strong>quibus</strong></span> <span class='ocrx_word' id='word_1_408' title='bbox 2469 2467 2556 2519; x_wconf 93' lang='lat' dir='ltr'><strong>vel</strong></span> <span class='ocrx_word' id='word_1_409' title='bbox 2596 2467 2838 2520; x_wconf 90' lang='lat' dir='ltr'><strong>maxime</strong></span> <span class='ocrx_word' id='word_1_410' title='bbox 2867 2466 3161 2520; x_wconf 88' lang='lat' dir='ltr'><strong>exhortare</strong></span> <span class='ocrx_word' id='word_1_411' title='bbox 3191 2465 3456 2520; x_wconf 87' lang='lat' dir='ltr'><strong>mulieres</strong></span> 
     </span>
    </p>
   </div>
   <div class='ocr_carea' id='block_1_55' title="bbox 1861 2552 3453 2625">
    <p class='ocr_par' dir='ltr' id='par_1_55' title="bbox 1861 2552 3453 2625">
     <span class='ocr_line' id='line_1_55' title="bbox 1861 2552 3453 2625; baseline -0.001 -16"><span class='ocrx_word' id='word_1_412' title='bbox 1861 2557 2176 2610; x_wconf 79' lang='lat' dir='ltr'><strong>necessario</strong></span> <span class='ocrx_word' id='word_1_413' title='bbox 2206 2555 2519 2609; x_wconf 88' lang='lat' dir='ltr'><strong>videbatur.</strong></span> <span class='ocrx_word' id='word_1_414' title='bbox 2543 2555 2702 2610; x_wconf 89' lang='lat' dir='ltr'><strong>Unde</strong></span> <span class='ocrx_word' id='word_1_415' title='bbox 2737 2561 2794 2609; x_wconf 91' lang='lat' dir='ltr'><strong>et</strong></span> <span class='ocrx_word' id='word_1_416' title='bbox 2812 2554 3007 2625; x_wconf 90' lang='lat' dir='ltr'><strong>adjicit</strong></span> <span class='ocrx_word' id='word_1_417' title='bbox 3032 2573 3043 2608; x_wconf 91' lang='lat'><strong>:</strong></span> <span class='ocrx_word' id='word_1_418' title='bbox 3082 2574 3106 2605; x_wconf 85' lang='lat'><strong>«</strong></span> <span class='ocrx_word' id='word_1_419' title='bbox 3140 2555 3205 2609; x_wconf 91' lang='lat' dir='ltr'><strong>In</strong></span> <span class='ocrx_word' id='word_1_420' title='bbox 3235 2552 3453 2620; x_wconf 89' lang='lat' dir='ltr'><strong>habitu,</strong></span> 
     </span>
    </p>
   </div>
   <div class='ocr_carea' id='block_1_56' title="bbox 1821 2643 3455 2715">
    <p class='ocr_par' dir='ltr' id='par_1_56' title="bbox 1821 2643 3455 2715">
     <span class='ocr_line' id='line_1_56' title="bbox 1821 2643 3455 2715; baseline -0.001 -17"><span class='ocrx_word' id='word_1_421' title='bbox 1821 2665 1834 2671; x_wconf 82' lang='grc'><strong>-</strong></span> <span class='ocrx_word' id='word_1_422' title='bbox 1861 2651 2064 2699; x_wconf 89' lang='lat' dir='ltr'><strong>ornatu</strong></span> <span class='ocrx_word' id='word_1_423' title='bbox 2107 2662 2236 2699; x_wconf 91' lang='lat' dir='ltr'><strong>cum</strong></span> <span class='ocrx_word' id='word_1_424' title='bbox 2279 2644 2618 2698; x_wconf 87' lang='lat' dir='ltr'><strong>verecundia</strong></span> <span class='ocrx_word' id='word_1_425' title='bbox 2647 2650 2704 2698; x_wconf 92' lang='lat' dir='ltr'><strong>et</strong></span> <span class='ocrx_word' id='word_1_426' title='bbox 2741 2643 3029 2715; x_wconf 88' lang='lat' dir='ltr'><strong>pudicitia.</strong></span> <span class='ocrx_word' id='word_1_427' title='bbox 3079 2665 3102 2695; x_wconf 81' lang='lat'><strong><em>»</em></strong></span> <span class='ocrx_word' id='word_1_428' title='bbox 3157 2643 3372 2698; x_wconf 89' lang='lat' dir='ltr'><strong>Ornare</strong></span> <span class='ocrx_word' id='word_1_429' title='bbox 3393 2660 3455 2697; x_wconf 90' lang='lat' dir='ltr'><strong>se</strong></span> 
     </span>
    </p>
   </div>
   <div class='ocr_carea' id='block_1_57' title="bbox 1859 2733 3458 2805">
    <p class='ocr_par' dir='ltr' id='par_1_57' title="bbox 1859 2733 3458 2805">
     <span class='ocr_line' id='line_1_57' title="bbox 1859 2733 3458 2805; baseline -0.001 -18"><span class='ocrx_word' id='word_1_430' title='bbox 1859 2734 2009 2805; x_wconf 91' lang='lat' dir='ltr'><strong>ipsas</strong></span> <span class='ocrx_word' id='word_1_431' title='bbox 2041 2751 2153 2788; x_wconf 92' lang='lat' dir='ltr'><strong>non</strong></span> <span class='ocrx_word' id='word_1_432' title='bbox 2177 2735 2235 2788; x_wconf 92' lang='lat' dir='ltr'><strong>in</strong></span> <span class='ocrx_word' id='word_1_433' title='bbox 2257 2734 2416 2788; x_wconf 85' lang='lat' dir='ltr'><strong>flexis</strong></span> <span class='ocrx_word' id='word_1_434' title='bbox 2440 2733 2852 2799; x_wconf 89' lang='lat' dir='ltr'><strong>crinibus,auro</strong></span> <span class='ocrx_word' id='word_1_435' title='bbox 2873 2738 2973 2787; x_wconf 91' lang='lat' dir='ltr'><strong>aut</strong></span> <span class='ocrx_word' id='word_1_436' title='bbox 2991 2733 3336 2803; x_wconf 83' lang='lat' dir='ltr'><strong>margaritis,</strong></span> <span class='ocrx_word' id='word_1_437' title='bbox 3357 2737 3458 2787; x_wconf 91' lang='lat' dir='ltr'><strong>aut</strong></span> 
     </span>
    </p>
   </div>
   <div class='ocr_carea' id='block_1_58' title="bbox 1858 2821 3455 2894">
    <p class='ocr_par' dir='ltr' id='par_1_58' title="bbox 1858 2821 3455 2894">
     <span class='ocr_line' id='line_1_58' title="bbox 1858 2821 3455 2894; baseline -0.001 -18"><span class='ocrx_word' id='word_1_438' title='bbox 1858 2829 2010 2877; x_wconf 86' lang='lat' dir='ltr'><strong>veste</strong></span> <span class='ocrx_word' id='word_1_439' title='bbox 2022 2824 2284 2894; x_wconf 88' lang='lat' dir='ltr'><strong>pretiosa,</strong></span> <span class='ocrx_word' id='word_1_440' title='bbox 2309 2823 2584 2894; x_wconf 90' lang='lat' dir='ltr'><strong>sed,quod</strong></span> <span class='ocrx_word' id='word_1_441' title='bbox 2600 2824 2761 2877; x_wconf 91' lang='lat' dir='ltr'><strong>decet</strong></span> <span class='ocrx_word' id='word_1_442' title='bbox 2784 2821 3114 2876; x_wconf 88' lang='lat' dir='ltr'><strong>mulieribus</strong></span> <span class='ocrx_word' id='word_1_443' title='bbox 3124 2821 3455 2893; x_wconf 86' lang='lat' dir='ltr'><strong>promitten-</strong></span> 
     </span>
    </p>
   </div>
   <div class='ocr_carea' id='block_1_59' title="bbox 1855 2910 3454 2983">
    <p class='ocr_par' dir='ltr' id='par_1_59' title="bbox 1855 2910 3454 2983">
     <span class='ocr_line' id='line_1_59' title="bbox 1855 2910 3454 2983; baseline -0.001 -17"><span class='ocrx_word' id='word_1_444' title='bbox 1855 2911 2006 2966; x_wconf 91' lang='lat' dir='ltr'><strong>tibus</strong></span> <span class='ocrx_word' id='word_1_445' title='bbox 2035 2913 2215 2966; x_wconf 91' lang='lat' dir='ltr'><strong>Deum</strong></span> <span class='ocrx_word' id='word_1_446' title='bbox 2245 2913 2426 2966; x_wconf 92' lang='lat' dir='ltr'><strong>colere</strong></span> <span class='ocrx_word' id='word_1_447' title='bbox 2456 2929 2557 2982; x_wconf 90' lang='lat' dir='ltr'><strong>per</strong></span> <span class='ocrx_word' id='word_1_448' title='bbox 2589 2927 2760 2983; x_wconf 91' lang='lat' dir='ltr'><strong>opera</strong></span> <span class='ocrx_word' id='word_1_449' title='bbox 2794 2910 2962 2965; x_wconf 86' lang='lat' dir='ltr'><strong>bona.</strong></span> <span class='ocrx_word' id='word_1_450' title='bbox 2995 2911 3104 2964; x_wconf 90' lang='lat' dir='ltr'><strong>Per</strong></span> <span class='ocrx_word' id='word_1_451' title='bbox 3127 2911 3319 2965; x_wconf 89' lang='lat' dir='ltr'><strong>omnia</strong></span> <span class='ocrx_word' id='word_1_452' title='bbox 3335 2910 3454 2965; x_wconf 60' lang='lat' dir='ltr'><strong>haec</strong></span> 
     </span>
    </p>
   </div>
   <div class='ocr_carea' id='block_1_60' title="bbox 189 2999 3451 3074">
    <p class='ocr_par' dir='ltr' id='par_1_60' title="bbox 189 2999 3451 3074">
     <span class='ocr_line' id='line_1_60' title="bbox 189 2999 3451 3074; baseline 0 -21"><span class='ocrx_word' id='word_1_453' title='bbox 189 3008 243 3053; x_wconf 90' lang='lat' dir='ltr'><strong>ut</strong></span> <span class='ocrx_word' id='word_1_454' title='bbox 267 3001 410 3056; x_wconf 89' lang='lat' dir='ltr'><strong>dicat</strong></span> <span class='ocrx_word' id='word_1_455' title='bbox 440 3001 715 3074; x_wconf 89' lang='lat' dir='ltr'><strong>quoniam</strong></span> <span class='ocrx_word' id='word_1_456' title='bbox 745 3017 846 3072; x_wconf 90' lang='lat' dir='ltr'><strong>pro</strong></span> <span class='ocrx_word' id='word_1_457' title='bbox 876 3000 966 3054; x_wconf 90' lang='lat' dir='ltr'><strong>his</strong></span> <span class='ocrx_word' id='word_1_458' title='bbox 995 3000 1334 3054; x_wconf 89' lang='lat' dir='ltr'><strong>constitutus</strong></span> <span class='ocrx_word' id='word_1_459' title='bbox 1364 3015 1489 3053; x_wconf 89' lang='lat' dir='ltr'><strong>sum</strong></span> <span class='ocrx_word' id='word_1_460' title='bbox 1506 2999 1776 3068; x_wconf 84' lang='lat' dir='ltr'><strong>magister</strong></span> <span class='ocrx_word' id='word_1_461' title='bbox 1855 3002 1974 3056; x_wconf 88' lang='lat' dir='ltr'><strong>vult</strong></span> <span class='ocrx_word' id='word_1_462' title='bbox 2014 3001 2216 3069; x_wconf 90' lang='lat' dir='ltr'><strong>dicere,</strong></span> <span class='ocrx_word' id='word_1_463' title='bbox 2253 3002 2517 3072; x_wconf 89' lang='lat' dir='ltr'><strong>quoniam</strong></span> <span class='ocrx_word' id='word_1_464' title='bbox 2552 3001 2811 3056; x_wconf 89' lang='lat' dir='ltr'><strong>convenit</strong></span> <span class='ocrx_word' id='word_1_465' title='bbox 2837 3006 2895 3055; x_wconf 90' lang='lat' dir='ltr'><strong>et</strong></span> <span class='ocrx_word' id='word_1_466' title='bbox 2921 3000 3186 3054; x_wconf 85' lang='lat' dir='ltr'><strong>mulieres</strong></span> <span class='ocrx_word' id='word_1_467' title='bbox 3224 3000 3451 3054; x_wconf 91' lang='lat' dir='ltr'><strong>illorum</strong></span> 
     </span>
    </p>
   </div>
   <div class='ocr_carea' id='block_1_61' title="bbox 188 3077 3446 3162">
    <p class='ocr_par' dir='ltr' id='par_1_61' title="bbox 188 3077 3446 3162">
     <span class='ocr_line' id='line_1_61' title="bbox 188 3077 3446 3162; baseline 0 -21"><span class='ocrx_word' id='word_1_468' title='bbox 188 3091 439 3157; x_wconf 88' lang='lat' dir='ltr'><strong>gentium,</strong></span> <span class='ocrx_word' id='word_1_469' title='bbox 482 3092 571 3145; x_wconf 91' lang='lat' dir='ltr'><strong>ita</strong></span> <span class='ocrx_word' id='word_1_470' title='bbox 612 3095 676 3144; x_wconf 88' lang='lat' dir='ltr'><strong>ut</strong></span> <span class='ocrx_word' id='word_1_471' title='bbox 699 3096 756 3144; x_wconf 88' lang='lat' dir='ltr'><strong>et</strong></span> <span class='ocrx_word' id='word_1_472' title='bbox 791 3091 962 3144; x_wconf 84' lang='lat' dir='ltr'><strong>fidem</strong></span> <span class='ocrx_word' id='word_1_473' title='bbox 991 3107 1087 3144; x_wconf 92' lang='lat' dir='ltr'><strong>eos</strong></span> <span class='ocrx_word' id='word_1_474' title='bbox 1119 3090 1349 3143; x_wconf 86' lang='lat' dir='ltr'><strong>doceam</strong></span> <span class='ocrx_word' id='word_1_475' title='bbox 1394 3094 1452 3142; x_wconf 91' lang='lat' dir='ltr'><strong>et</strong></span> <span class='ocrx_word' id='word_1_476' title='bbox 1477 3089 1772 3142; x_wconf 75' lang='lat' dir='ltr'><strong>veritatem</strong></span> <span class='ocrx_word' id='word_1_477' title='bbox 1793 3077 2105 3162; x_wconf 84' lang='lat' dir='ltr'><strong>Cipsorum</strong></span> <span class='ocrx_word' id='word_1_478' title='bbox 2125 3090 2474 3161; x_wconf 87' lang='lat' dir='ltr'><strong>diligentiam</strong></span> <span class='ocrx_word' id='word_1_479' title='bbox 2509 3090 2716 3144; x_wconf 87' lang='lat' dir='ltr'><strong>habere</strong></span> <span class='ocrx_word' id='word_1_480' title='bbox 2766 3090 3046 3144; x_wconf 81' lang='lat' dir='ltr'><strong>dicentem</strong></span> <span class='ocrx_word' id='word_1_481' title='bbox 3095 3087 3446 3154; x_wconf 90' lang='lat' dir='ltr'><strong>mulieribus,</strong></span> 
     </span>
    </p>
   </div>
   <div class='ocr_carea' id='block_1_62' title="bbox 184 3178 1770 3250">
    <p class='ocr_par' dir='ltr' id='par_1_62' title="bbox 184 3178 1770 3250">
     <span class='ocr_line' id='line_1_62' title="bbox 184 3178 1770 3250; baseline 0 -20"><span class='ocrx_word' id='word_1_482' title='bbox 184 3179 350 3250; x_wconf 85' lang='lat' dir='ltr'><strong>sicque</strong></span> <span class='ocrx_word' id='word_1_483' title='bbox 383 3197 486 3250; x_wconf 89' lang='lat' dir='ltr'><strong>per</strong></span> <span class='ocrx_word' id='word_1_484' title='bbox 514 3179 711 3234; x_wconf 89' lang='lat' dir='ltr'><strong>omnia</strong></span> <span class='ocrx_word' id='word_1_485' title='bbox 723 3178 1112 3250; x_wconf 90' lang='lat' dir='ltr'><strong>comprobans,</strong></span> <span class='ocrx_word' id='word_1_486' title='bbox 1131 3179 1278 3249; x_wconf 91' lang='lat' dir='ltr'><strong>quod</strong></span> <span class='ocrx_word' id='word_1_487' title='bbox 1302 3178 1616 3232; x_wconf 89' lang='lat' dir='ltr'><strong>necessario</strong></span> <span class='ocrx_word' id='word_1_488' title='bbox 1637 3193 1770 3230; x_wconf 86' lang='lat' dir='ltr'><strong>con-</strong></span> 
     </span>
    </p>
   </div>
   <div class='ocr_carea' id='block_1_63' title="bbox 183 3265 1769 3339">
    <p class='ocr_par' dir='ltr' id='par_1_63' title="bbox 183 3265 1769 3339">
     <span class='ocr_line' id='line_1_63' title="bbox 183 3265 1769 3339; baseline 0 -21"><span class='ocrx_word' id='word_1_489' title='bbox 183 3268 347 3321; x_wconf 86' lang='lat' dir='ltr'><strong>veniat</strong></span> <span class='ocrx_word' id='word_1_490' title='bbox 367 3269 480 3322; x_wconf 91' lang='lat' dir='ltr'><strong>illis</strong></span> <span class='ocrx_word' id='word_1_491' title='bbox 504 3269 567 3322; x_wconf 92' lang='lat' dir='ltr'><strong>in</strong></span> <span class='ocrx_word' id='word_1_492' title='bbox 605 3268 847 3339; x_wconf 86' lang='lat' dir='ltr'><strong>idipsum</strong></span> <span class='ocrx_word' id='word_1_493' title='bbox 886 3265 1241 3321; x_wconf 85' lang='lat' dir='ltr'><strong>venientibus</strong></span> <span class='ocrx_word' id='word_1_494' title='bbox 1268 3284 1368 3337; x_wconf 92' lang='lat' dir='ltr'><strong>pro</strong></span> <span class='ocrx_word' id='word_1_495' title='bbox 1397 3265 1657 3320; x_wconf 91' lang='lat' dir='ltr'><strong>omnibus</strong></span> <span class='ocrx_word' id='word_1_496' title='bbox 1686 3265 1769 3319; x_wconf 85' lang='lat' dir='ltr'><strong>fa-</strong></span> 
     </span>
    </p>
   </div>
   <div class='ocr_carea' id='block_1_64' title="bbox 179 3355 1769 3427">
    <p class='ocr_par' dir='ltr' id='par_1_64' title="bbox 179 3355 1769 3427">
     <span class='ocr_line' id='line_1_64' title="bbox 179 3355 1769 3427; baseline 0 -19"><span class='ocrx_word' id='word_1_497' title='bbox 179 3373 285 3410; x_wconf 86' lang='lat' dir='ltr'><strong>cere</strong></span> <span class='ocrx_word' id='word_1_498' title='bbox 312 3359 633 3412; x_wconf 90' lang='lat' dir='ltr'><strong>orationem</strong></span> <span class='ocrx_word' id='word_1_499' title='bbox 678 3373 1053 3424; x_wconf 90' lang='lat' dir='ltr'><strong>communem,</strong></span> <span class='ocrx_word' id='word_1_500' title='bbox 1097 3355 1357 3410; x_wconf 89' lang='lat' dir='ltr'><strong>omnibus</strong></span> <span class='ocrx_word' id='word_1_501' title='bbox 1396 3355 1769 3427; x_wconf 90' lang='lat' dir='ltr'><strong>provisionem</strong></span> 
     </span>
    </p>
   </div>
   <div class='ocr_carea' id='block_1_65' title="bbox 181 3445 1768 3516">
    <p class='ocr_par' dir='ltr' id='par_1_65' title="bbox 181 3445 1768 3516">
     <span class='ocr_line' id='line_1_65' title="bbox 181 3445 1768 3516; baseline 0.001 -19"><span class='ocrx_word' id='word_1_502' title='bbox 181 3445 236 3498; x_wconf 91' lang='lat' dir='ltr'><strong>ad</strong></span> <span class='ocrx_word' id='word_1_503' title='bbox 266 3447 702 3501; x_wconf 89' lang='lat' dir='ltr'><strong>similitudinem</strong></span> <span class='ocrx_word' id='word_1_504' title='bbox 733 3446 833 3500; x_wconf 93' lang='lat' dir='ltr'><strong>Dei</strong></span> <span class='ocrx_word' id='word_1_505' title='bbox 863 3446 1214 3512; x_wconf 85' lang='lat' dir='ltr'><strong>facientibus,</strong></span> <span class='ocrx_word' id='word_1_506' title='bbox 1253 3445 1447 3516; x_wconf 90' lang='lat' dir='ltr'><strong>incipit</strong></span> <span class='ocrx_word' id='word_1_507' title='bbox 1476 3446 1544 3498; x_wconf 91' lang='lat' dir='ltr'><strong>de</strong></span> <span class='ocrx_word' id='word_1_508' title='bbox 1569 3451 1768 3498; x_wconf 74' lang='lat' dir='ltr'><strong>caetero</strong></span> 
     </span>
    </p>
   </div>
   <div class='ocr_carea' id='block_1_66' title="bbox 175 3533 1767 3607">
    <p class='ocr_par' dir='ltr' id='par_1_66' title="bbox 175 3533 1767 3607">
     <span class='ocr_line' id='line_1_66' title="bbox 175 3533 1767 3607; baseline 0.001 -20"><span class='ocrx_word' id='word_1_509' title='bbox 175 3533 467 3607; x_wconf 77' lang='lat' dir='ltr'><strong>disputare,</strong></span> <span class='ocrx_word' id='word_1_510' title='bbox 501 3536 672 3607; x_wconf 88' lang='lat' dir='ltr'><strong>quale</strong></span> <span class='ocrx_word' id='word_1_511' title='bbox 693 3551 887 3589; x_wconf 88' lang='lat' dir='ltr'><strong>eorum</strong></span> <span class='ocrx_word' id='word_1_512' title='bbox 912 3536 1029 3589; x_wconf 86' lang='lat' dir='ltr'><strong>vult</strong></span> <span class='ocrx_word' id='word_1_513' title='bbox 1053 3551 1173 3589; x_wconf 93' lang='lat' dir='ltr'><strong>esse</strong></span> <span class='ocrx_word' id='word_1_514' title='bbox 1200 3534 1767 3594; x_wconf 86' lang='lat' dir='ltr'><strong>institutum.discer—</strong></span> 
     </span>
    </p>
   </div>
   <div class='ocr_carea' id='block_1_67' title="bbox 179 3623 1766 3695">
    <p class='ocr_par' dir='ltr' id='par_1_67' title="bbox 179 3623 1766 3695">
     <span class='ocr_line' id='line_1_67' title="bbox 179 3623 1766 3695; baseline 0.001 -19"><span class='ocrx_word' id='word_1_515' title='bbox 179 3640 301 3678; x_wconf 89' lang='lat' dir='ltr'><strong>nens</strong></span> <span class='ocrx_word' id='word_1_516' title='bbox 334 3643 430 3680; x_wconf 92' lang='lat' dir='ltr'><strong>eos</strong></span> <span class='ocrx_word' id='word_1_517' title='bbox 464 3625 783 3680; x_wconf 89' lang='lat' dir='ltr'><strong>secundum</strong></span> <span class='ocrx_word' id='word_1_518' title='bbox 813 3641 1028 3691; x_wconf 88' lang='lat' dir='ltr'><strong>sexum,</strong></span> <span class='ocrx_word' id='word_1_519' title='bbox 1059 3625 1120 3678; x_wconf 89' lang='lat' dir='ltr'><strong>in</strong></span> <span class='ocrx_word' id='word_1_520' title='bbox 1151 3641 1319 3695; x_wconf 90' lang='lat' dir='ltr'><strong>quem</strong></span> <span class='ocrx_word' id='word_1_521' title='bbox 1347 3623 1493 3677; x_wconf 90' lang='lat' dir='ltr'><strong>viros</strong></span> <span class='ocrx_word' id='word_1_522' title='bbox 1514 3624 1766 3677; x_wconf 90' lang='lat' dir='ltr'><strong>dividens</strong></span> 
     </span>
    </p>
   </div>
   <div class='ocr_carea' id='block_1_68' title="bbox 175 3713 1767 3786">
    <p class='ocr_par' dir='ltr' id='par_1_68' title="bbox 175 3713 1767 3786">
     <span class='ocr_line' id='line_1_68' title="bbox 175 3713 1767 3786; baseline 0 -20"><span class='ocrx_word' id='word_1_523' title='bbox 175 3720 222 3766; x_wconf 88' lang='lat' dir='ltr'><strong>et</strong></span> <span class='ocrx_word' id='word_1_524' title='bbox 247 3715 542 3781; x_wconf 88' lang='lat' dir='ltr'><strong>mulieres,</strong></span> <span class='ocrx_word' id='word_1_525' title='bbox 569 3721 624 3768; x_wconf 90' lang='lat' dir='ltr'><strong>et</strong></span> <span class='ocrx_word' id='word_1_526' title='bbox 644 3715 889 3786; x_wconf 89' lang='lat' dir='ltr'><strong>primum</strong></span> <span class='ocrx_word' id='word_1_527' title='bbox 920 3713 1147 3784; x_wconf 88' lang='lat' dir='ltr'><strong>quidem</strong></span> <span class='ocrx_word' id='word_1_528' title='bbox 1173 3713 1481 3767; x_wconf 86' lang='lat' dir='ltr'><strong>secundum</strong></span> <span class='ocrx_word' id='word_1_529' title='bbox 1512 3713 1767 3766; x_wconf 90' lang='lat' dir='ltr'><strong>ordinem</strong></span> 
     </span>
    </p>
   </div>
   <div class='ocr_carea' id='block_1_69' title="bbox 171 3800 1767 3874">
    <p class='ocr_par' dir='ltr' id='par_1_69' title="bbox 171 3800 1767 3874">
     <span class='ocr_line' id='line_1_69' title="bbox 171 3800 1767 3874; baseline -0.001 -19"><span class='ocrx_word' id='word_1_530' title='bbox 171 3806 560 3860; x_wconf 88' lang='lat' dir='ltr'><strong>convenienter</strong></span> <span class='ocrx_word' id='word_1_531' title='bbox 597 3804 666 3857; x_wconf 92' lang='lat' dir='ltr'><strong>de</strong></span> <span class='ocrx_word' id='word_1_532' title='bbox 693 3803 823 3858; x_wconf 89' lang='lat' dir='ltr'><strong>viris</strong></span> <span class='ocrx_word' id='word_1_533' title='bbox 845 3803 1113 3874; x_wconf 89' lang='lat' dir='ltr'><strong>loquitur,</strong></span> <span class='ocrx_word' id='word_1_534' title='bbox 1138 3819 1364 3856; x_wconf 88' lang='lat' dir='ltr'><strong>causam</strong></span> <span class='ocrx_word' id='word_1_535' title='bbox 1396 3802 1677 3874; x_wconf 85' lang='lat' dir='ltr'><strong>explicans</strong></span> <span class='ocrx_word' id='word_1_536' title='bbox 1697 3800 1767 3855; x_wconf 92' lang='lat' dir='ltr'><strong>ob</strong></span> 
     </span>
    </p>
   </div>
   <div class='ocr_carea' id='block_1_70' title="bbox 172 3891 1766 3963">
    <p class='ocr_par' dir='ltr' id='par_1_70' title="bbox 172 3891 1766 3963">
     <span class='ocr_line' id='line_1_70' title="bbox 172 3891 1766 3963; baseline -0.001 -18"><span class='ocrx_word' id='word_1_537' title='bbox 172 3907 322 3962; x_wconf 88' lang='lat' dir='ltr'><strong>quam</strong></span> <span class='ocrx_word' id='word_1_538' title='bbox 353 3894 628 3948; x_wconf 88' lang='lat' dir='ltr'><strong>discrevit</strong></span> <span class='ocrx_word' id='word_1_539' title='bbox 657 3910 751 3948; x_wconf 90' lang='lat' dir='ltr'><strong>eos</strong></span> <span class='ocrx_word' id='word_1_540' title='bbox 781 3898 838 3946; x_wconf 90' lang='lat' dir='ltr'><strong>et</strong></span> <span class='ocrx_word' id='word_1_541' title='bbox 867 3892 1094 3963; x_wconf 90' lang='lat' dir='ltr'><strong>quidem</strong></span> <span class='ocrx_word' id='word_1_542' title='bbox 1134 3907 1459 3945; x_wconf 89' lang='lat' dir='ltr'><strong>communes</strong></span> <span class='ocrx_word' id='word_1_543' title='bbox 1482 3891 1593 3945; x_wconf 92' lang='lat' dir='ltr'><strong>illis</strong></span> <span class='ocrx_word' id='word_1_544' title='bbox 1614 3891 1766 3961; x_wconf 89' lang='lat' dir='ltr'><strong>leges</strong></span> 
     </span>
    </p>
   </div>
   <div class='ocr_carea' id='block_1_71' title="bbox 169 3979 1765 4050">
    <p class='ocr_par' dir='ltr' id='par_1_71' title="bbox 169 3979 1765 4050">
     <span class='ocr_line' id='line_1_71' title="bbox 169 3979 1765 4050; baseline 0.003 -20"><span class='ocrx_word' id='word_1_545' title='bbox 169 3981 429 4037; x_wconf 88' lang='lat' dir='ltr'><strong>virtutum</strong></span> <span class='ocrx_word' id='word_1_546' title='bbox 461 3989 718 4037; x_wconf 84' lang='lat' dir='ltr'><strong>statuere</strong></span> <span class='ocrx_word' id='word_1_547' title='bbox 755 3982 1129 4046; x_wconf 87' lang='lat' dir='ltr'><strong>annitescens,</strong></span> <span class='ocrx_word' id='word_1_548' title='bbox 1156 3981 1301 4034; x_wconf 90' lang='lat' dir='ltr'><strong>sicut</strong></span> <span class='ocrx_word' id='word_1_549' title='bbox 1333 3997 1397 4034; x_wconf 90' lang='lat' dir='ltr'><strong>ex</strong></span> <span class='ocrx_word' id='word_1_550' title='bbox 1420 3979 1765 4050; x_wconf 89' lang='lat' dir='ltr'><strong>subjectione</strong></span> 
     </span>
    </p>
   </div>
   <div class='ocr_carea' id='block_1_72' title="bbox 168 4071 1054 4139">
    <p class='ocr_par' dir='ltr' id='par_1_72' title="bbox 168 4071 1054 4139">
     <span class='ocr_line' id='line_1_72' title="bbox 168 4071 1054 4139; baseline 0 -15"><span class='ocrx_word' id='word_1_551' title='bbox 168 4073 470 4139; x_wconf 83' lang='lat' dir='ltr'><strong>poterimus</strong></span> <span class='ocrx_word' id='word_1_552' title='bbox 499 4073 559 4126; x_wconf 90' lang='lat' dir='ltr'><strong>id</strong></span> <span class='ocrx_word' id='word_1_553' title='bbox 593 4072 794 4124; x_wconf 91' lang='lat' dir='ltr'><strong>melius</strong></span> <span class='ocrx_word' id='word_1_554' title='bbox 821 4071 1054 4124; x_wconf 90' lang='lat' dir='ltr'><strong>discere.</strong></span> 
     </span>
    </p>
   </div>
   <div class='ocr_carea' id='block_1_73' title="bbox 231 4159 1764 4231">
    <p class='ocr_par' dir='ltr' id='par_1_73' title="bbox 231 4159 1764 4231">
     <span class='ocr_line' id='line_1_73' title="bbox 231 4159 1764 4231; baseline -0.001 -18"><span class='ocrx_word' id='word_1_555' title='bbox 231 4179 254 4208; x_wconf 74' lang='grc' dir='ltr'><strong>ε</strong></span> <span class='ocrx_word' id='word_1_556' title='bbox 287 4162 430 4214; x_wconf 68' lang='lat' dir='ltr'><strong>Volo</strong></span> <span class='ocrx_word' id='word_1_557' title='bbox 464 4177 606 4231; x_wconf 89' lang='lat' dir='ltr'><strong>ergo</strong></span> <span class='ocrx_word' id='word_1_558' title='bbox 635 4160 784 4214; x_wconf 90' lang='lat' dir='ltr'><strong>vivos</strong></span> <span class='ocrx_word' id='word_1_559' title='bbox 813 4177 974 4214; x_wconf 89' lang='lat' dir='ltr'><strong>orare</strong></span> <span class='ocrx_word' id='word_1_560' title='bbox 1003 4161 1062 4213; x_wconf 91' lang='lat' dir='ltr'><strong>in</strong></span> <span class='ocrx_word' id='word_1_561' title='bbox 1079 4159 1230 4212; x_wconf 90' lang='lat' dir='ltr'><strong>omni</strong></span> <span class='ocrx_word' id='word_1_562' title='bbox 1261 4160 1380 4212; x_wconf 93' lang='lat' dir='ltr'><strong>loco</strong></span> <span class='ocrx_word' id='word_1_563' title='bbox 1403 4159 1648 4212; x_wconf 88' lang='lat' dir='ltr'><strong>levantes</strong></span> <span class='ocrx_word' id='word_1_564' title='bbox 1664 4174 1764 4230; x_wconf 89' lang='lat' dir='ltr'><strong>pu-</strong></span> 
     </span>
    </p>
   </div>
   <div class='ocr_carea' id='block_1_74' title="bbox 171 4247 1758 4313">
    <p class='ocr_par' dir='ltr' id='par_1_74' title="bbox 171 4247 1758 4313">
     <span class='ocr_line' id='line_1_74' title="bbox 171 4247 1758 4313; baseline -0.003 -10"><span class='ocrx_word' id='word_1_565' title='bbox 171 4267 192 4296; x_wconf 77' lang='grc' dir='ltr'><strong>ε</strong></span> <span class='ocrx_word' id='word_1_566' title='bbox 235 4265 323 4303; x_wconf 84' lang='lat' dir='ltr'><strong>ras</strong></span> <span class='ocrx_word' id='word_1_567' title='bbox 368 4267 604 4313; x_wconf 86' lang='lat' dir='ltr'><strong>manus,</strong></span> <span class='ocrx_word' id='word_1_568' title='bbox 651 4269 676 4301; x_wconf 86' lang='lat'><strong>»</strong></span> <span class='ocrx_word' id='word_1_569' title='bbox 728 4249 839 4302; x_wconf 86' lang='lat' dir='ltr'><strong>sive</strong></span> <span class='ocrx_word' id='word_1_570' title='bbox 870 4249 1179 4304; x_wconf 89' lang='lat' dir='ltr'><strong>secundum</strong></span> <span class='ocrx_word' id='word_1_571' title='bbox 1218 4247 1387 4302; x_wconf 90' lang='lat' dir='ltr'><strong>aliam</strong></span> <span class='ocrx_word' id='word_1_572' title='bbox 1433 4248 1758 4313; x_wconf 89' lang='lat' dir='ltr'><strong>editionem,</strong></span> 
     </span>
    </p>
   </div>
   <div class='ocr_carea' id='block_1_75' title="bbox 166 4337 1762 4407">
    <p class='ocr_par' dir='ltr' id='par_1_75' title="bbox 166 4337 1762 4407">
     <span class='ocr_line' id='line_1_75' title="bbox 166 4337 1762 4407; baseline 0.001 -20"><span class='ocrx_word' id='word_1_573' title='bbox 166 4355 187 4387; x_wconf 71' lang='grc' dir='ltr'><strong>ιε</strong></span> <span class='ocrx_word' id='word_1_574' title='bbox 225 4340 569 4394; x_wconf 80' lang='lat' dir='ltr'><strong>extollentes</strong></span> <span class='ocrx_word' id='word_1_575' title='bbox 597 4355 799 4392; x_wconf 89' lang='lat' dir='ltr'><strong>manus</strong></span> <span class='ocrx_word' id='word_1_576' title='bbox 829 4345 1068 4404; x_wconf 84' lang='lat' dir='ltr'><strong>sanctas,</strong></span> <span class='ocrx_word' id='word_1_577' title='bbox 1118 4338 1239 4391; x_wconf 90' lang='lat' dir='ltr'><strong>sine</strong></span> <span class='ocrx_word' id='word_1_578' title='bbox 1284 4337 1370 4391; x_wconf 87' lang='lat' dir='ltr'><strong>ira</strong></span> <span class='ocrx_word' id='word_1_579' title='bbox 1400 4342 1456 4390; x_wconf 94' lang='lat' dir='ltr'><strong>et</strong></span> <span class='ocrx_word' id='word_1_580' title='bbox 1483 4337 1762 4407; x_wconf 84' lang='lat' dir='ltr'><strong>discepta-</strong></span> 
     </span>
    </p>
   </div>
   <div class='ocr_carea' id='block_1_76' title="bbox 168 4426 1761 4499">
    <p class='ocr_par' dir='ltr' id='par_1_76' title="bbox 168 4426 1761 4499">
     <span class='ocr_line' id='line_1_76' title="bbox 168 4426 1761 4499; baseline -0.001 -19"><span class='ocrx_word' id='word_1_581' title='bbox 168 4446 185 4475; x_wconf 73' lang='grc' dir='ltr'><strong>ε</strong></span> <span class='ocrx_word' id='word_1_582' title='bbox 223 4428 394 4482; x_wconf 91' lang='lat' dir='ltr'><strong>tione.</strong></span> <span class='ocrx_word' id='word_1_583' title='bbox 434 4449 459 4480; x_wconf 72' lang='grc' dir='ltr'><strong><em>ι</em></strong></span> <span class='ocrx_word' id='word_1_584' title='bbox 492 4430 640 4482; x_wconf 81' lang='lat' dir='ltr'><strong>Nam</strong></span> <span class='ocrx_word' id='word_1_585' title='bbox 663 4428 810 4499; x_wconf 93' lang='lat' dir='ltr'><strong>quod</strong></span> <span class='ocrx_word' id='word_1_586' title='bbox 831 4428 986 4493; x_wconf 89' lang='lat' dir='ltr'><strong>dixit,</strong></span> <span class='ocrx_word' id='word_1_587' title='bbox 1012 4447 1035 4479; x_wconf 81' lang='grc' dir='ltr'><strong>(ι</strong></span> <span class='ocrx_word' id='word_1_588' title='bbox 1068 4427 1125 4480; x_wconf 92' lang='lat' dir='ltr'><strong>in</strong></span> <span class='ocrx_word' id='word_1_589' title='bbox 1148 4427 1298 4480; x_wconf 92' lang='lat' dir='ltr'><strong>omni</strong></span> <span class='ocrx_word' id='word_1_590' title='bbox 1318 4427 1456 4490; x_wconf 90' lang='lat' dir='ltr'><strong>loco,</strong></span> <span class='ocrx_word' id='word_1_591' title='bbox 1477 4445 1500 4477; x_wconf 88' lang='lat'><strong>»</strong></span> <span class='ocrx_word' id='word_1_592' title='bbox 1527 4426 1761 4480; x_wconf 85' lang='lat' dir='ltr'><strong>redden-</strong></span> 
     </span>
    </p>
   </div>
   <div class='ocr_carea' id='block_1_77' title="bbox 159 4515 1762 4588">
    <p class='ocr_par' dir='ltr' id='par_1_77' title="bbox 159 4515 1762 4588">
     <span class='ocr_line' id='line_1_77' title="bbox 159 4515 1762 4588; baseline 0.001 -20"><span class='ocrx_word' id='word_1_593' title='bbox 159 4515 282 4571; x_wconf 90' lang='lat' dir='ltr'><strong>dum</strong></span> <span class='ocrx_word' id='word_1_594' title='bbox 326 4526 416 4572; x_wconf 90' lang='lat' dir='ltr'><strong>est</strong></span> <span class='ocrx_word' id='word_1_595' title='bbox 451 4518 536 4572; x_wconf 89' lang='lat' dir='ltr'><strong>illi</strong></span> <span class='ocrx_word' id='word_1_596' title='bbox 566 4517 733 4588; x_wconf 79' lang='lat' dir='ltr'><strong>dicto,</strong></span> <span class='ocrx_word' id='word_1_597' title='bbox 769 4517 917 4588; x_wconf 92' lang='lat' dir='ltr'><strong>quod</strong></span> <span class='ocrx_word' id='word_1_598' title='bbox 947 4517 1088 4570; x_wconf 89' lang='lat' dir='ltr'><strong>dixit</strong></span> <span class='ocrx_word' id='word_1_599' title='bbox 1118 4535 1142 4567; x_wconf 90' lang='lat'>«</span> <span class='ocrx_word' id='word_1_600' title='bbox 1175 4516 1504 4569; x_wconf 88' lang='lat' dir='ltr'><strong>extollentes</strong></span> <span class='ocrx_word' id='word_1_601' title='bbox 1541 4522 1762 4569; x_wconf 81' lang='lat' dir='ltr'><strong>sanctas</strong></span> 
     </span>
    </p>
   </div>
   <div class='ocr_carea' id='block_1_78' title="bbox 162 4605 1761 4676">
    <p class='ocr_par' dir='ltr' id='par_1_78' title="bbox 162 4605 1761 4676">
     <span class='ocr_line' id='line_1_78' title="bbox 162 4605 1761 4676; baseline 0.001 -19"><span class='ocrx_word' id='word_1_602' title='bbox 162 4621 382 4660; x_wconf 86' lang='lat' dir='ltr'><strong>manus:</strong></span> <span class='ocrx_word' id='word_1_603' title='bbox 411 4628 437 4658; x_wconf 80' lang='lat'><strong>»</strong></span> <span class='ocrx_word' id='word_1_604' title='bbox 475 4609 583 4660; x_wconf 92' lang='lat' dir='ltr'><strong>hoc</strong></span> <span class='ocrx_word' id='word_1_605' title='bbox 616 4607 766 4660; x_wconf 89' lang='lat' dir='ltr'><strong>enim</strong></span> <span class='ocrx_word' id='word_1_606' title='bbox 794 4606 946 4671; x_wconf 89' lang='lat' dir='ltr'><strong>dicit,</strong></span> <span class='ocrx_word' id='word_1_607' title='bbox 973 4605 1239 4676; x_wconf 84' lang='lat' dir='ltr'><strong>quoniam</strong></span> <span class='ocrx_word' id='word_1_608' title='bbox 1263 4605 1385 4658; x_wconf 87' lang='lat' dir='ltr'><strong>volo</strong></span> <span class='ocrx_word' id='word_1_609' title='bbox 1407 4621 1603 4658; x_wconf 88' lang='lat' dir='ltr'><strong>eorum</strong></span> <span class='ocrx_word' id='word_1_610' title='bbox 1649 4605 1761 4658; x_wconf 89' lang='lat' dir='ltr'><strong>tale</strong></span> 
     </span>
    </p>
   </div>
   <div class='ocr_carea' id='block_1_79' title="bbox 159 4695 1760 4766">
    <p class='ocr_par' dir='ltr' id='par_1_79' title="bbox 159 4695 1760 4766">
     <span class='ocr_line' id='line_1_79' title="bbox 159 4695 1760 4766; baseline -0.001 -18"><span class='ocrx_word' id='word_1_611' title='bbox 159 4711 267 4748; x_wconf 82' lang='lat' dir='ltr'><strong>esse</strong></span> <span class='ocrx_word' id='word_1_612' title='bbox 299 4696 659 4761; x_wconf 88' lang='lat' dir='ltr'><strong>institutum,</strong></span> <span class='ocrx_word' id='word_1_613' title='bbox 683 4697 763 4749; x_wconf 85' lang='lat' dir='ltr'><strong>ita</strong></span> <span class='ocrx_word' id='word_1_614' title='bbox 777 4701 842 4749; x_wconf 92' lang='lat' dir='ltr'><strong>ut</strong></span> <span class='ocrx_word' id='word_1_615' title='bbox 856 4711 1078 4766; x_wconf 90' lang='lat' dir='ltr'><strong>semper</strong></span> <span class='ocrx_word' id='word_1_616' title='bbox 1097 4701 1322 4749; x_wconf 89' lang='lat' dir='ltr'><strong>orantes</strong></span> <span class='ocrx_word' id='word_1_617' title='bbox 1344 4695 1402 4748; x_wconf 93' lang='lat' dir='ltr'><strong>in</strong></span> <span class='ocrx_word' id='word_1_618' title='bbox 1425 4710 1760 4764; x_wconf 89' lang='lat' dir='ltr'><strong>quocunque</strong></span> 
     </span>
    </p>
   </div>
   <div class='ocr_carea' id='block_1_80' title="bbox 166 4781 1760 4849">
    <p class='ocr_par' dir='ltr' id='par_1_80' title="bbox 166 4781 1760 4849">
     <span class='ocr_line' id='line_1_80' title="bbox 166 4781 1760 4849; baseline 0.001 -16"><span class='ocrx_word' id='word_1_619' title='bbox 166 4781 273 4837; x_wconf 91' lang='lat' dir='ltr'><strong>loco</strong></span> <span class='ocrx_word' id='word_1_620' title='bbox 303 4787 631 4838; x_wconf 89' lang='lat' dir='ltr'><strong>orationem</strong></span> <span class='ocrx_word' id='word_1_621' title='bbox 677 4785 857 4837; x_wconf 87' lang='lat' dir='ltr'><strong>facere</strong></span> <span class='ocrx_word' id='word_1_622' title='bbox 886 4783 1164 4849; x_wconf 89' lang='lat' dir='ltr'><strong>videntur,</strong></span> <span class='ocrx_word' id='word_1_623' title='bbox 1218 4791 1439 4837; x_wconf 82' lang='lat' dir='ltr'><strong>sanctas</strong></span> <span class='ocrx_word' id='word_1_624' title='bbox 1483 4782 1555 4835; x_wconf 90' lang='lat' dir='ltr'><strong>ad</strong></span> <span class='ocrx_word' id='word_1_625' title='bbox 1582 4782 1760 4835; x_wconf 92' lang='lat' dir='ltr'><strong>Deum</strong></span> 
     </span>
    </p>
   </div>
   <div class='ocr_carea' id='block_1_81' title="bbox 162 4870 1762 4928">
    <p class='ocr_par' dir='ltr' id='par_1_81' title="bbox 162 4870 1762 4928">
     <span class='ocr_line' id='line_1_81' title="bbox 162 4870 1762 4928; baseline -0.001 -4"><span class='ocrx_word' id='word_1_626' title='bbox 162 4874 433 4928; x_wconf 83' lang='lat' dir='ltr'><strong>extollant</strong></span> <span class='ocrx_word' id='word_1_627' title='bbox 446 4889 670 4926; x_wconf 89' lang='lat' dir='ltr'><strong>manus.</strong></span> <span class='ocrx_word' id='word_1_628' title='bbox 701 4874 847 4926; x_wconf 90' lang='lat' dir='ltr'><strong>Nam</strong></span> <span class='ocrx_word' id='word_1_629' title='bbox 868 4877 1091 4926; x_wconf 88' lang='lat' dir='ltr'><strong>sanctas</strong></span> <span class='ocrx_word' id='word_1_630' title='bbox 1112 4888 1312 4925; x_wconf 89' lang='lat' dir='ltr'><strong>manus</strong></span> <span class='ocrx_word' id='word_1_631' title='bbox 1323 4871 1392 4924; x_wconf 89' lang='lat' dir='ltr'><strong>ab</strong></span> <span class='ocrx_word' id='word_1_632' title='bbox 1408 4870 1641 4925; x_wconf 89' lang='lat' dir='ltr'><strong>arbitrio</strong></span> <span class='ocrx_word' id='word_1_633' title='bbox 1653 4870 1762 4924; x_wconf 89' lang='lat' dir='ltr'><strong>evi-</strong></span> 
     </span>
    </p>
   </div>
   <div class='ocr_carea' id='block_1_82' title="bbox 158 4959 1761 5032">
    <p class='ocr_par' dir='ltr' id='par_1_82' title="bbox 158 4959 1761 5032">
     <span class='ocr_line' id='line_1_82' title="bbox 158 4959 1761 5032; baseline 0 -20"><span class='ocrx_word' id='word_1_634' title='bbox 158 4960 284 5014; x_wconf 90' lang='lat' dir='ltr'><strong>dens</strong></span> <span class='ocrx_word' id='word_1_635' title='bbox 316 4971 411 5016; x_wconf 89' lang='lat' dir='ltr'><strong>est</strong></span> <span class='ocrx_word' id='word_1_636' title='bbox 427 4978 563 5016; x_wconf 90' lang='lat' dir='ltr'><strong>eum</strong></span> <span class='ocrx_word' id='word_1_637' title='bbox 593 4962 816 5027; x_wconf 89' lang='lat' dir='ltr'><strong>dixisse,</strong></span> <span class='ocrx_word' id='word_1_638' title='bbox 842 4961 991 5015; x_wconf 91' lang='lat' dir='ltr'><strong>unde</strong></span> <span class='ocrx_word' id='word_1_639' title='bbox 1013 4967 1067 5014; x_wconf 88' lang='lat' dir='ltr'><strong>et</strong></span> <span class='ocrx_word' id='word_1_640' title='bbox 1099 4961 1475 5031; x_wconf 88' lang='lat' dir='ltr'><strong>interpretans</strong></span> <span class='ocrx_word' id='word_1_641' title='bbox 1496 4959 1761 5032; x_wconf 90' lang='lat' dir='ltr'><strong>quemad-</strong></span> 
     </span>
    </p>
   </div>
   <div class='ocr_carea' id='block_1_83' title="bbox 157 5048 1762 5120">
    <p class='ocr_par' dir='ltr' id='par_1_83' title="bbox 157 5048 1762 5120">
     <span class='ocr_line' id='line_1_83' title="bbox 157 5048 1762 5120; baseline -0.001 -18"><span class='ocrx_word' id='word_1_642' title='bbox 157 5051 381 5106; x_wconf 88' lang='lat' dir='ltr'><strong>modum</strong></span> <span class='ocrx_word' id='word_1_643' title='bbox 429 5051 682 5104; x_wconf 81' lang='lat' dir='ltr'><strong>extensio</strong></span> <span class='ocrx_word' id='word_1_644' title='bbox 713 5066 981 5104; x_wconf 88' lang='lat' dir='ltr'><strong>manuum</strong></span> <span class='ocrx_word' id='word_1_645' title='bbox 1011 5049 1189 5120; x_wconf 89' lang='lat' dir='ltr'><strong>possit</strong></span> <span class='ocrx_word' id='word_1_646' title='bbox 1215 5067 1335 5103; x_wconf 87' lang='lat' dir='ltr'><strong>esse</strong></span> <span class='ocrx_word' id='word_1_647' title='bbox 1379 5055 1590 5114; x_wconf 88' lang='lat' dir='ltr'><strong>sancta,</strong></span> <span class='ocrx_word' id='word_1_648' title='bbox 1623 5048 1762 5118; x_wconf 90' lang='lat' dir='ltr'><strong>adji-</strong></span> 
     </span>
    </p>
   </div>
   <div class='ocr_carea' id='block_1_84' title="bbox 156 5138 1762 5212">
    <p class='ocr_par' dir='ltr' id='par_1_84' title="bbox 156 5138 1762 5212">
     <span class='ocr_line' id='line_1_84' title="bbox 156 5138 1762 5212; baseline 0.001 -23"><span class='ocrx_word' id='word_1_649' title='bbox 156 5138 238 5204; x_wconf 88' lang='lat' dir='ltr'><strong>cit,</strong></span> <span class='ocrx_word' id='word_1_650' title='bbox 274 5147 523 5212; x_wconf 88' lang='lat' dir='ltr'><strong>excepta</strong></span> <span class='ocrx_word' id='word_1_651' title='bbox 550 5141 639 5194; x_wconf 91' lang='lat' dir='ltr'><strong>ira</strong></span> <span class='ocrx_word' id='word_1_652' title='bbox 667 5145 724 5192; x_wconf 91' lang='lat' dir='ltr'><strong>et</strong></span> <span class='ocrx_word' id='word_1_653' title='bbox 751 5139 1174 5210; x_wconf 89' lang='lat' dir='ltr'><strong>disceptatione,</strong></span> <span class='ocrx_word' id='word_1_654' title='bbox 1207 5139 1598 5210; x_wconf 89' lang='lat' dir='ltr'><strong>compendiose</strong></span> <span class='ocrx_word' id='word_1_655' title='bbox 1630 5154 1762 5210; x_wconf 91' lang='lat' dir='ltr'><strong>per-</strong></span> 
     </span>
    </p>
   </div>
   <div class='ocr_carea' id='block_1_85' title="bbox 155 5226 1754 5298">
    <p class='ocr_par' dir='ltr' id='par_1_85' title="bbox 155 5226 1754 5298">
     <span class='ocr_line' id='line_1_85' title="bbox 155 5226 1754 5298; baseline 0.001 -20"><span class='ocrx_word' id='word_1_656' title='bbox 155 5226 353 5282; x_wconf 76' lang='lat' dir='ltr'><strong>fectam</strong></span> <span class='ocrx_word' id='word_1_657' title='bbox 392 5231 458 5282; x_wconf 87' lang='lat' dir='ltr'><strong>in</strong></span> <span class='ocrx_word' id='word_1_658' title='bbox 496 5229 584 5282; x_wconf 90' lang='lat' dir='ltr'><strong>his</strong></span> <span class='ocrx_word' id='word_1_659' title='bbox 623 5228 823 5282; x_wconf 78' lang='lat' dir='ltr'><strong>definit</strong></span> <span class='ocrx_word' id='word_1_660' title='bbox 865 5227 1151 5282; x_wconf 90' lang='lat' dir='ltr'><strong>virtutem.</strong></span> <span class='ocrx_word' id='word_1_661' title='bbox 1204 5229 1348 5282; x_wconf 88' lang='lat' dir='ltr'><strong>Nam</strong></span> <span class='ocrx_word' id='word_1_662' title='bbox 1398 5228 1550 5298; x_wconf 90' lang='lat' dir='ltr'><strong>quod</strong></span> <span class='ocrx_word' id='word_1_663' title='bbox 1596 5227 1754 5292; x_wconf 89' lang='lat' dir='ltr'><strong>dixit,</strong></span> 
     </span>
    </p>
   </div>
   <div class='ocr_carea' id='block_1_86' title="bbox 151 5317 1754 5390">
    <p class='ocr_par' dir='ltr' id='par_1_86' title="bbox 151 5317 1754 5390">
     <span class='ocr_line' id='line_1_86' title="bbox 151 5317 1754 5390; baseline 0.001 -22"><span class='ocrx_word' id='word_1_664' title='bbox 151 5326 384 5390; x_wconf 70' lang='lat' dir='ltr'><strong>excepta</strong></span> <span class='ocrx_word' id='word_1_665' title='bbox 416 5319 522 5385; x_wconf 90' lang='lat' dir='ltr'><strong>ira,</strong></span> <span class='ocrx_word' id='word_1_666' title='bbox 558 5319 664 5372; x_wconf 92' lang='lat' dir='ltr'><strong>hoc</strong></span> <span class='ocrx_word' id='word_1_667' title='bbox 683 5324 788 5384; x_wconf 88' lang='lat' dir='ltr'><strong>est,</strong></span> <span class='ocrx_word' id='word_1_668' title='bbox 821 5317 1104 5371; x_wconf 89' lang='lat' dir='ltr'><strong>neminem</strong></span> <span class='ocrx_word' id='word_1_669' title='bbox 1135 5317 1417 5371; x_wconf 90' lang='lat' dir='ltr'><strong>hominem</strong></span> <span class='ocrx_word' id='word_1_670' title='bbox 1445 5317 1698 5371; x_wconf 89' lang='lat' dir='ltr'><strong>odientes</strong></span> <span class='ocrx_word' id='word_1_671' title='bbox 1743 5334 1754 5369; x_wconf 91' lang='lat'><strong>:</strong></span> 
     </span>
    </p>
   </div>
   <div class='ocr_carea' id='block_1_87' title="bbox 155 5405 1758 5477">
    <p class='ocr_par' dir='ltr' id='par_1_87' title="bbox 155 5405 1758 5477">
     <span class='ocr_line' id='line_1_87' title="bbox 155 5405 1758 5477; baseline -0.001 -19"><span class='ocrx_word' id='word_1_672' title='bbox 155 5408 296 5475; x_wconf 83' lang='lat' dir='ltr'><strong>quod</strong></span> <span class='ocrx_word' id='word_1_673' title='bbox 325 5414 528 5461; x_wconf 84' lang='lat' dir='ltr'><strong>autem</strong></span> <span class='ocrx_word' id='word_1_674' title='bbox 559 5407 702 5461; x_wconf 88' lang='lat' dir='ltr'><strong>dixit</strong></span> <span class='ocrx_word' id='word_1_675' title='bbox 734 5427 759 5458; x_wconf 70' lang='grc' dir='ltr'><strong>(ι</strong></span> <span class='ocrx_word' id='word_1_676' title='bbox 801 5406 1225 5477; x_wconf 86' lang='lat' dir='ltr'><strong>disceptatione,</strong></span> <span class='ocrx_word' id='word_1_677' title='bbox 1265 5429 1288 5457; x_wconf 86' lang='lat'><strong><em>»</em></strong></span> <span class='ocrx_word' id='word_1_678' title='bbox 1321 5412 1385 5460; x_wconf 93' lang='lat' dir='ltr'><strong>ut</strong></span> <span class='ocrx_word' id='word_1_679' title='bbox 1412 5406 1578 5472; x_wconf 90' lang='lat' dir='ltr'><strong>dicat,</strong></span> <span class='ocrx_word' id='word_1_680' title='bbox 1609 5405 1758 5458; x_wconf 91' lang='lat' dir='ltr'><strong>fideli</strong></span> 
     </span>
    </p>
   </div>
   <div class='ocr_carea' id='block_1_88' title="bbox 151 5495 1759 5566">
    <p class='ocr_par' dir='ltr' id='par_1_88' title="bbox 151 5495 1759 5566">
     <span class='ocr_line' id='line_1_88' title="bbox 151 5495 1759 5566; baseline 0 -19"><span class='ocrx_word' id='word_1_681' title='bbox 151 5503 337 5550; x_wconf 86' lang='lat' dir='ltr'><strong>mente</strong></span> <span class='ocrx_word' id='word_1_682' title='bbox 381 5497 620 5552; x_wconf 70' lang='lat' dir='ltr'><strong>minime</strong></span> <span class='ocrx_word' id='word_1_683' title='bbox 653 5495 977 5550; x_wconf 87' lang='lat' dir='ltr'><strong>dubitantes</strong></span> <span class='ocrx_word' id='word_1_684' title='bbox 1006 5496 1104 5550; x_wconf 89' lang='lat' dir='ltr'><strong>illa</strong></span> <span class='ocrx_word' id='word_1_685' title='bbox 1133 5495 1384 5566; x_wconf 82' lang='lat' dir='ltr'><strong>accipere</strong></span> <span class='ocrx_word' id='word_1_686' title='bbox 1420 5513 1541 5566; x_wconf 76' lang='lat' dir='ltr'><strong>quae</strong></span> <span class='ocrx_word' id='word_1_687' title='bbox 1570 5499 1759 5566; x_wconf 86' lang='lat' dir='ltr'><strong>postu-</strong></span> 
     </span>
    </p>
   </div>
   <div class='ocr_carea' id='block_1_89' title="bbox 155 5580 1760 5656">
    <p class='ocr_par' dir='ltr' id='par_1_89' title="bbox 155 5580 1760 5656">
     <span class='ocr_line' id='line_1_89' title="bbox 155 5580 1760 5656; baseline -0.001 -19"><span class='ocrx_word' id='word_1_688' title='bbox 155 5581 286 5651; x_wconf 80' lang='lat' dir='ltr'><strong>lant,</strong></span> <span class='ocrx_word' id='word_1_689' title='bbox 335 5603 410 5640; x_wconf 86' lang='lat' dir='ltr'><strong>ex</strong></span> <span class='ocrx_word' id='word_1_690' title='bbox 446 5588 618 5643; x_wconf 81' lang='lat' dir='ltr'><strong>altero</strong></span> <span class='ocrx_word' id='word_1_691' title='bbox 659 5585 812 5641; x_wconf 89' lang='lat' dir='ltr'><strong>enim</strong></span> <span class='ocrx_word' id='word_1_692' title='bbox 849 5580 1184 5642; x_wconf 83' lang='lat' dir='ltr'><strong>charitatem</strong></span> <span class='ocrx_word' id='word_1_693' title='bbox 1238 5601 1362 5656; x_wconf 60' lang='lat' dir='ltr'><strong>qum</strong></span> <span class='ocrx_word' id='word_1_694' title='bbox 1401 5602 1534 5654; x_wconf 87' lang='lat' dir='ltr'><strong>erga</strong></span> <span class='ocrx_word' id='word_1_695' title='bbox 1576 5583 1760 5655; x_wconf 90' lang='lat' dir='ltr'><strong>proxi-</strong></span> 
     </span>
    </p>
   </div>
   <div class='ocr_carea' id='block_1_90' title="bbox 1777 4397 1824 4456">
    <p class='ocr_par' dir='ltr' id='par_1_90' title="bbox 1777 4397 1824 4456">
     <span class='ocr_line' id='line_1_90' title="bbox 1777 4397 1824 4456; baseline 0 0"><span class='ocrx_word' id='word_1_696' title='bbox 1777 4397 1824 4456; x_wconf 95' lang='lat' dir='ltr'><strong>D</strong></span> 
     </span>
    </p>
   </div>
   <div class='ocr_carea' id='block_1_91' title="bbox 1855 3177 3448 3250">
    <p class='ocr_par' dir='ltr' id='par_1_91' title="bbox 1855 3177 3448 3250">
     <span class='ocr_line' id='line_1_91' title="bbox 1855 3177 3448 3250; baseline -0.003 -16"><span class='ocrx_word' id='word_1_697' title='bbox 1855 3196 1977 3250; x_wconf 67' lang='lat' dir='ltr'><strong>quea</strong></span> <span class='ocrx_word' id='word_1_698' title='bbox 2026 3180 2206 3234; x_wconf 89' lang='lat' dir='ltr'><strong>Deum</strong></span> <span class='ocrx_word' id='word_1_699' title='bbox 2252 3180 2433 3234; x_wconf 91' lang='lat' dir='ltr'><strong>colere</strong></span> <span class='ocrx_word' id='word_1_700' title='bbox 2481 3180 2759 3245; x_wconf 89' lang='lat' dir='ltr'><strong>nituntur,</strong></span> <span class='ocrx_word' id='word_1_701' title='bbox 2807 3179 2886 3233; x_wconf 91' lang='lat' dir='ltr'><strong>ita</strong></span> <span class='ocrx_word' id='word_1_702' title='bbox 2916 3185 2981 3232; x_wconf 90' lang='lat' dir='ltr'><strong>ut</strong></span> <span class='ocrx_word' id='word_1_703' title='bbox 3012 3178 3072 3232; x_wconf 90' lang='lat' dir='ltr'><strong>in</strong></span> <span class='ocrx_word' id='word_1_704' title='bbox 3110 3178 3235 3248; x_wconf 90' lang='lat' dir='ltr'><strong>ipsa</strong></span> <span class='ocrx_word' id='word_1_705' title='bbox 3263 3177 3448 3248; x_wconf 89' lang='lat' dir='ltr'><strong>specie</strong></span> 
     </span>
    </p>
   </div>
   <div class='ocr_carea' id='block_1_92' title="bbox 1851 3265 3447 3338">
    <p class='ocr_par' dir='ltr' id='par_1_92' title="bbox 1851 3265 3447 3338">
     <span class='ocr_line' id='line_1_92' title="bbox 1851 3265 3447 3338; baseline -0.001 -17"><span class='ocrx_word' id='word_1_706' title='bbox 1851 3268 2400 3334; x_wconf 88' lang='lat' dir='ltr'><strong>vestimentorum,et</strong></span> <span class='ocrx_word' id='word_1_707' title='bbox 2427 3269 2823 3322; x_wconf 88' lang='lat' dir='ltr'><strong>verecundiam</strong></span> <span class='ocrx_word' id='word_1_708' title='bbox 2843 3274 2901 3321; x_wconf 92' lang='lat' dir='ltr'><strong>et</strong></span> <span class='ocrx_word' id='word_1_709' title='bbox 2919 3266 3248 3338; x_wconf 89' lang='lat' dir='ltr'><strong>pudicitiam</strong></span> <span class='ocrx_word' id='word_1_710' title='bbox 3277 3265 3447 3320; x_wconf 90' lang='lat' dir='ltr'><strong>simul</strong></span> 
     </span>
    </p>
   </div>
   <div class='ocr_carea' id='block_1_93' title="bbox 1851 3355 3447 3420">
    <p class='ocr_par' dir='ltr' id='par_1_93' title="bbox 1851 3355 3447 3420">
     <span class='ocr_line' id='line_1_93' title="bbox 1851 3355 3447 3420; baseline -0.003 -8"><span class='ocrx_word' id='word_1_711' title='bbox 1851 3358 2168 3412; x_wconf 89' lang='lat' dir='ltr'><strong>ostendant.</strong></span> <span class='ocrx_word' id='word_1_712' title='bbox 2202 3358 2318 3411; x_wconf 88' lang='lat' dir='ltr'><strong>Hoc</strong></span> <span class='ocrx_word' id='word_1_713' title='bbox 2333 3357 2482 3411; x_wconf 90' lang='lat' dir='ltr'><strong>enim</strong></span> <span class='ocrx_word' id='word_1_714' title='bbox 2513 3358 2667 3419; x_wconf 91' lang='lat' dir='ltr'><strong>dicit,</strong></span> <span class='ocrx_word' id='word_1_715' title='bbox 2705 3376 2729 3407; x_wconf 85' lang='lat'><strong>«</strong></span> <span class='ocrx_word' id='word_1_716' title='bbox 2763 3357 2820 3410; x_wconf 91' lang='lat' dir='ltr'><strong>in</strong></span> <span class='ocrx_word' id='word_1_717' title='bbox 2843 3355 3060 3420; x_wconf 90' lang='lat' dir='ltr'><strong>habitu,</strong></span> <span class='ocrx_word' id='word_1_718' title='bbox 3095 3361 3298 3410; x_wconf 90' lang='lat' dir='ltr'><strong>ornatu</strong></span> <span class='ocrx_word' id='word_1_719' title='bbox 3319 3371 3447 3408; x_wconf 91' lang='lat' dir='ltr'><strong>cum</strong></span> 
     </span>
    </p>
   </div>
   <div class='ocr_carea' id='block_1_94' title="bbox 1851 3443 3445 3500">
    <p class='ocr_par' dir='ltr' id='par_1_94' title="bbox 1851 3443 3445 3500">
     <span class='ocr_line' id='line_1_94' title="bbox 1851 3443 3445 3500; baseline -0.002 -1"><span class='ocrx_word' id='word_1_720' title='bbox 1851 3445 2184 3500; x_wconf 88' lang='lat' dir='ltr'><strong>verecundia</strong></span> <span class='ocrx_word' id='word_1_721' title='bbox 2211 3452 2269 3499; x_wconf 90' lang='lat' dir='ltr'><strong>et</strong></span> <span class='ocrx_word' id='word_1_722' title='bbox 2299 3445 2619 3499; x_wconf 83' lang='lat' dir='ltr'><strong>sobrietate.</strong></span> <span class='ocrx_word' id='word_1_723' title='bbox 2658 3466 2682 3496; x_wconf 86' lang='lat'><strong><em>»</em></strong></span> <span class='ocrx_word' id='word_1_724' title='bbox 2716 3445 2841 3498; x_wconf 89' lang='lat' dir='ltr'><strong>Non</strong></span> <span class='ocrx_word' id='word_1_725' title='bbox 2890 3443 2996 3497; x_wconf 91' lang='lat' dir='ltr'><strong>sibi</strong></span> <span class='ocrx_word' id='word_1_726' title='bbox 3031 3459 3068 3496; x_wconf 90' lang='lat' dir='ltr'><strong>a</strong></span> <span class='ocrx_word' id='word_1_727' title='bbox 3109 3443 3244 3497; x_wconf 88' lang='lat' dir='ltr'><strong>foris</strong></span> <span class='ocrx_word' id='word_1_728' title='bbox 3283 3459 3445 3496; x_wconf 89' lang='lat' dir='ltr'><strong>orna-</strong></span> 
     </span>
    </p>
   </div>
   <div class='ocr_carea' id='block_1_95' title="bbox 1849 3531 3445 3605">
    <p class='ocr_par' dir='ltr' id='par_1_95' title="bbox 1849 3531 3445 3605">
     <span class='ocr_line' id='line_1_95' title="bbox 1849 3531 3445 3605; baseline -0.001 -17"><span class='ocrx_word' id='word_1_729' title='bbox 1849 3540 2105 3589; x_wconf 89' lang='lat' dir='ltr'><strong>mentum</strong></span> <span class='ocrx_word' id='word_1_730' title='bbox 2152 3535 2439 3605; x_wconf 80' lang='lat' dir='ltr'><strong>imponere</strong></span> <span class='ocrx_word' id='word_1_731' title='bbox 2484 3538 2804 3604; x_wconf 89' lang='lat' dir='ltr'><strong>properent,</strong></span> <span class='ocrx_word' id='word_1_732' title='bbox 2830 3533 2911 3586; x_wconf 89' lang='lat' dir='ltr'><strong>ita</strong></span> <span class='ocrx_word' id='word_1_733' title='bbox 2939 3537 3005 3586; x_wconf 87' lang='lat' dir='ltr'><strong>ut</strong></span> <span class='ocrx_word' id='word_1_734' title='bbox 3033 3533 3176 3586; x_wconf 91' lang='lat' dir='ltr'><strong>solet</strong></span> <span class='ocrx_word' id='word_1_735' title='bbox 3204 3531 3344 3598; x_wconf 85' lang='lat' dir='ltr'><strong>ﬁeri,</strong></span> <span class='ocrx_word' id='word_1_736' title='bbox 3378 3548 3445 3586; x_wconf 88' lang='lat' dir='ltr'><strong>ex</strong></span> 
     </span>
    </p>
   </div>
   <div class='ocr_carea' id='block_1_96' title="bbox 1849 3621 3442 3692">
    <p class='ocr_par' dir='ltr' id='par_1_96' title="bbox 1849 3621 3442 3692">
     <span class='ocr_line' id='line_1_96' title="bbox 1849 3621 3442 3692; baseline -0.003 -14"><span class='ocrx_word' id='word_1_737' title='bbox 1849 3640 1988 3678; x_wconf 92' lang='lat' dir='ltr'><strong>auro</strong></span> <span class='ocrx_word' id='word_1_738' title='bbox 2025 3630 2126 3677; x_wconf 90' lang='lat' dir='ltr'><strong>aut</strong></span> <span class='ocrx_word' id='word_1_739' title='bbox 2167 3622 2506 3692; x_wconf 87' lang='lat' dir='ltr'><strong>margaritis,</strong></span> <span class='ocrx_word' id='word_1_740' title='bbox 2552 3628 2651 3676; x_wconf 90' lang='lat' dir='ltr'><strong>aut</strong></span> <span class='ocrx_word' id='word_1_741' title='bbox 2695 3622 2844 3675; x_wconf 87' lang='lat' dir='ltr'><strong>ﬂexu</strong></span> <span class='ocrx_word' id='word_1_742' title='bbox 2889 3621 3151 3687; x_wconf 90' lang='lat' dir='ltr'><strong>crinium,</strong></span> <span class='ocrx_word' id='word_1_743' title='bbox 3185 3625 3284 3674; x_wconf 91' lang='lat' dir='ltr'><strong>aut</strong></span> <span class='ocrx_word' id='word_1_744' title='bbox 3313 3636 3442 3692; x_wconf 89' lang='lat' dir='ltr'><strong>pre-</strong></span> 
     </span>
    </p>
   </div>
   <div class='ocr_carea' id='block_1_97' title="bbox 1849 3709 3443 3780">
    <p class='ocr_par' dir='ltr' id='par_1_97' title="bbox 1849 3709 3443 3780">
     <span class='ocr_line' id='line_1_97' title="bbox 1849 3709 3443 3780; baseline -0.003 -13"><span class='ocrx_word' id='word_1_745' title='bbox 1849 3714 1996 3767; x_wconf 90' lang='lat' dir='ltr'><strong>tiosa</strong></span> <span class='ocrx_word' id='word_1_746' title='bbox 2038 3719 2208 3766; x_wconf 89' lang='lat' dir='ltr'><strong>veste.</strong></span> <span class='ocrx_word' id='word_1_747' title='bbox 2261 3711 2537 3775; x_wconf 88' lang='lat' dir='ltr'><strong>Quoniam</strong></span> <span class='ocrx_word' id='word_1_748' title='bbox 2595 3715 2786 3764; x_wconf 92' lang='lat' dir='ltr'><strong>autem</strong></span> <span class='ocrx_word' id='word_1_749' title='bbox 2835 3725 3008 3780; x_wconf 90' lang='lat' dir='ltr'><strong>super</strong></span> <span class='ocrx_word' id='word_1_750' title='bbox 3047 3709 3150 3763; x_wconf 93' lang='lat' dir='ltr'><strong>hoc</strong></span> <span class='ocrx_word' id='word_1_751' title='bbox 3191 3725 3443 3762; x_wconf 89' lang='lat' dir='ltr'><strong>necessa-</strong></span> 
     </span>
    </p>
   </div>
   <div class='ocr_carea' id='block_1_98' title="bbox 1849 3797 3444 3868">
    <p class='ocr_par' dir='ltr' id='par_1_98' title="bbox 1849 3797 3444 3868">
     <span class='ocr_line' id='line_1_98' title="bbox 1849 3797 3444 3868; baseline -0.003 -12"><span class='ocrx_word' id='word_1_752' title='bbox 1849 3802 1997 3856; x_wconf 89' lang='lat' dir='ltr'><strong>rium</strong></span> <span class='ocrx_word' id='word_1_753' title='bbox 2043 3806 2166 3856; x_wconf 89' lang='lat' dir='ltr'><strong>erat</strong></span> <span class='ocrx_word' id='word_1_754' title='bbox 2212 3799 2492 3854; x_wconf 88' lang='lat' dir='ltr'><strong>exhortari</strong></span> <span class='ocrx_word' id='word_1_755' title='bbox 2535 3799 2800 3852; x_wconf 89' lang='lat' dir='ltr'><strong>mulieres</strong></span> <span class='ocrx_word' id='word_1_756' title='bbox 2839 3798 3019 3866; x_wconf 86' lang='lat' dir='ltr'><strong>magis</strong></span> <span class='ocrx_word' id='word_1_757' title='bbox 3076 3813 3246 3868; x_wconf 90' lang='lat' dir='ltr'><strong>quam</strong></span> <span class='ocrx_word' id='word_1_758' title='bbox 3293 3797 3444 3851; x_wconf 90' lang='lat' dir='ltr'><strong>viros</strong></span> 
     </span>
    </p>
   </div>
   <div class='ocr_carea' id='block_1_99' title="bbox 1849 3885 3443 3960">
    <p class='ocr_par' dir='ltr' id='par_1_99' title="bbox 1849 3885 3443 3960">
     <span class='ocr_line' id='line_1_99' title="bbox 1849 3885 3443 3960; baseline -0.004 -16"><span class='ocrx_word' id='word_1_759' title='bbox 1849 3890 2074 3944; x_wconf 89' lang='lat' dir='ltr'><strong>evidens</strong></span> <span class='ocrx_word' id='word_1_760' title='bbox 2116 3896 2218 3943; x_wconf 93' lang='lat' dir='ltr'><strong>est.</strong></span> <span class='ocrx_word' id='word_1_761' title='bbox 2252 3891 2397 3943; x_wconf 88' lang='lat' dir='ltr'><strong>Nam</strong></span> <span class='ocrx_word' id='word_1_762' title='bbox 2437 3888 2585 3960; x_wconf 92' lang='lat' dir='ltr'><strong>quod</strong></span> <span class='ocrx_word' id='word_1_763' title='bbox 2625 3887 2766 3941; x_wconf 85' lang='lat' dir='ltr'><strong>dixit</strong></span> <span class='ocrx_word' id='word_1_764' title='bbox 2812 3903 2913 3958; x_wconf 89' lang='lat' dir='ltr'><strong>per</strong></span> <span class='ocrx_word' id='word_1_765' title='bbox 2951 3902 3122 3958; x_wconf 90' lang='lat' dir='ltr'><strong>opera</strong></span> <span class='ocrx_word' id='word_1_766' title='bbox 3177 3885 3235 3939; x_wconf 90' lang='lat' dir='ltr'><strong>in</strong></span> <span class='ocrx_word' id='word_1_767' title='bbox 3263 3885 3443 3956; x_wconf 88' lang='lat' dir='ltr'><strong>operi-</strong></span> 
     </span>
    </p>
   </div>
   <div class='ocr_carea' id='block_1_100' title="bbox 1846 3975 3442 4046">
    <p class='ocr_par' dir='ltr' id='par_1_100' title="bbox 1846 3975 3442 4046">
     <span class='ocr_line' id='line_1_100' title="bbox 1846 3975 3442 4046; baseline -0.003 -14"><span class='ocrx_word' id='word_1_768' title='bbox 1846 3979 1951 4034; x_wconf 91' lang='lat' dir='ltr'><strong>bus</strong></span> <span class='ocrx_word' id='word_1_769' title='bbox 1970 3979 2149 4044; x_wconf 90' lang='lat' dir='ltr'><strong>bonis,</strong></span> <span class='ocrx_word' id='word_1_770' title='bbox 2185 3978 2332 4032; x_wconf 89' lang='lat' dir='ltr'><strong>bona</strong></span> <span class='ocrx_word' id='word_1_771' title='bbox 2360 3978 2440 4031; x_wconf 90' lang='lat' dir='ltr'><strong>illi</strong></span> <span class='ocrx_word' id='word_1_772' title='bbox 2469 3978 2588 4032; x_wconf 93' lang='lat' dir='ltr'><strong>loco</strong></span> <span class='ocrx_word' id='word_1_773' title='bbox 2608 3976 2860 4030; x_wconf 91' lang='lat' dir='ltr'><strong>reddidit</strong></span> <span class='ocrx_word' id='word_1_774' title='bbox 2875 3975 3024 4046; x_wconf 88' lang='lat' dir='ltr'><strong>quod</strong></span> <span class='ocrx_word' id='word_1_775' title='bbox 3046 3975 3204 4042; x_wconf 91' lang='lat' dir='ltr'><strong>dixit,</strong></span> <span class='ocrx_word' id='word_1_776' title='bbox 3238 3989 3442 4028; x_wconf 88' lang='lat' dir='ltr'><strong>ornare</strong></span> 
     </span>
    </p>
   </div>
   <div class='ocr_carea' id='block_1_101' title="bbox 1846 4063 3438 4140">
    <p class='ocr_par' dir='ltr' id='par_1_101' title="bbox 1846 4063 3438 4140">
     <span class='ocr_line' id='line_1_101' title="bbox 1846 4063 3438 4140; baseline -0.004 -17"><span class='ocrx_word' id='word_1_777' title='bbox 1846 4069 2077 4140; x_wconf 89' lang='lat' dir='ltr'><strong>seipsas,</strong></span> <span class='ocrx_word' id='word_1_778' title='bbox 2129 4073 2186 4121; x_wconf 91' lang='lat' dir='ltr'><strong>et</strong></span> <span class='ocrx_word' id='word_1_779' title='bbox 2215 4068 2290 4121; x_wconf 91' lang='lat' dir='ltr'><strong>sit</strong></span> <span class='ocrx_word' id='word_1_780' title='bbox 2326 4067 2558 4132; x_wconf 89' lang='lat' dir='ltr'><strong>dictum,</strong></span> <span class='ocrx_word' id='word_1_781' title='bbox 2602 4082 2714 4119; x_wconf 89' lang='lat' dir='ltr'><strong>non</strong></span> <span class='ocrx_word' id='word_1_782' title='bbox 2759 4065 2869 4118; x_wconf 90' lang='lat' dir='ltr'><strong>illis</strong></span> <span class='ocrx_word' id='word_1_783' title='bbox 2903 4081 2961 4118; x_wconf 92' lang='lat' dir='ltr'><strong>se</strong></span> <span class='ocrx_word' id='word_1_784' title='bbox 2992 4064 3196 4119; x_wconf 90' lang='lat' dir='ltr'><strong>debere</strong></span> <span class='ocrx_word' id='word_1_785' title='bbox 3226 4063 3438 4130; x_wconf 89' lang='lat' dir='ltr'><strong>ornari,</strong></span> 
     </span>
    </p>
   </div>
   <div class='ocr_carea' id='block_1_102' title="bbox 1845 4152 3444 4230">
    <p class='ocr_par' dir='ltr' id='par_1_102' title="bbox 1845 4152 3444 4230">
     <span class='ocr_line' id='line_1_102' title="bbox 1845 4152 3444 4230; baseline -0.003 -18"><span class='ocrx_word' id='word_1_786' title='bbox 1845 4175 1968 4230; x_wconf 55' lang='lat' dir='ltr'><strong>qua</strong></span> <span class='ocrx_word' id='word_1_787' title='bbox 2016 4157 2275 4228; x_wconf 90' lang='lat' dir='ltr'><strong>superius</strong></span> <span class='ocrx_word' id='word_1_788' title='bbox 2316 4162 2448 4210; x_wconf 88' lang='lat' dir='ltr'><strong>sunt</strong></span> <span class='ocrx_word' id='word_1_789' title='bbox 2493 4160 2823 4221; x_wconf 88' lang='lat' dir='ltr'><strong>memorata,</strong></span> <span class='ocrx_word' id='word_1_790' title='bbox 2856 4155 2953 4208; x_wconf 93' lang='lat' dir='ltr'><strong>sed</strong></span> <span class='ocrx_word' id='word_1_791' title='bbox 2988 4153 3149 4208; x_wconf 87' lang='lat' dir='ltr'><strong>bonis</strong></span> <span class='ocrx_word' id='word_1_792' title='bbox 3179 4152 3444 4225; x_wconf 87' lang='lat' dir='ltr'><strong>operibus</strong></span> 
     </span>
    </p>
   </div>
   <div class='ocr_carea' id='block_1_103' title="bbox 1847 4243 3442 4318">
    <p class='ocr_par' dir='ltr' id='par_1_103' title="bbox 1847 4243 3442 4318">
     <span class='ocr_line' id='line_1_103' title="bbox 1847 4243 3442 4318; baseline -0.003 -17"><span class='ocrx_word' id='word_1_793' title='bbox 1847 4247 1994 4318; x_wconf 91' lang='lat' dir='ltr'><strong>quod</strong></span> <span class='ocrx_word' id='word_1_794' title='bbox 2025 4251 2418 4300; x_wconf 89' lang='lat' dir='ltr'><strong>ornamentum</strong></span> <span class='ocrx_word' id='word_1_795' title='bbox 2439 4244 2640 4298; x_wconf 89' lang='lat' dir='ltr'><strong>decens</strong></span> <span class='ocrx_word' id='word_1_796' title='bbox 2669 4250 2755 4298; x_wconf 89' lang='lat' dir='ltr'><strong>est</strong></span> <span class='ocrx_word' id='word_1_797' title='bbox 2784 4243 2895 4297; x_wconf 91' lang='lat' dir='ltr'><strong>illis</strong></span> <span class='ocrx_word' id='word_1_798' title='bbox 2923 4244 3019 4314; x_wconf 91' lang='lat' dir='ltr'><strong>qui</strong></span> <span class='ocrx_word' id='word_1_799' title='bbox 3049 4243 3442 4298; x_wconf 84' lang='lat' dir='ltr'><strong>Deum&#39;colere</strong></span> 
     </span>
    </p>
   </div>
   <div class='ocr_carea' id='block_1_104' title="bbox 1846 4331 3443 4407">
    <p class='ocr_par' dir='ltr' id='par_1_104' title="bbox 1846 4331 3443 4407">
     <span class='ocr_line' id='line_1_104' title="bbox 1846 4331 3443 4407; baseline -0.004 -16"><span class='ocrx_word' id='word_1_800' title='bbox 1846 4354 1904 4391; x_wconf 90' lang='lat' dir='ltr'><strong>se</strong></span> <span class='ocrx_word' id='word_1_801' title='bbox 1963 4336 2319 4407; x_wconf 90' lang='lat' dir='ltr'><strong>promittunt,</strong></span> <span class='ocrx_word' id='word_1_802' title='bbox 2376 4333 2518 4387; x_wconf 92' lang='lat' dir='ltr'><strong>bene</strong></span> <span class='ocrx_word' id='word_1_803' title='bbox 2575 4333 2656 4387; x_wconf 93' lang='lat' dir='ltr'><strong>illi</strong></span> <span class='ocrx_word' id='word_1_804' title='bbox 2698 4337 3026 4386; x_wconf 91' lang='lat' dir='ltr'><strong>ornamento</strong></span> <span class='ocrx_word' id='word_1_805' title='bbox 3079 4331 3227 4385; x_wconf 88' lang='lat' dir='ltr'><strong>bona</strong></span> <span class='ocrx_word' id='word_1_806' title='bbox 3271 4347 3443 4401; x_wconf 88' lang='lat' dir='ltr'><strong>opera</strong></span> 
     </span>
    </p>
   </div>
   <div class='ocr_carea' id='block_1_105' title="bbox 1843 4418 3440 4489">
    <p class='ocr_par' dir='ltr' id='par_1_105' title="bbox 1843 4418 3440 4489">
     <span class='ocr_line' id='line_1_105' title="bbox 1843 4418 3440 4489; baseline -0.004 -9"><span class='ocrx_word' id='word_1_807' title='bbox 1843 4425 2205 4489; x_wconf 90' lang='lat' dir='ltr'><strong>contrasistit,</strong></span> <span class='ocrx_word' id='word_1_808' title='bbox 2242 4423 2527 4477; x_wconf 91' lang='lat' dir='ltr'><strong>evidenter</strong></span> <span class='ocrx_word' id='word_1_809' title='bbox 2578 4422 2815 4476; x_wconf 90' lang='lat' dir='ltr'><strong>multam</strong></span> <span class='ocrx_word' id='word_1_810' title='bbox 2867 4420 3132 4475; x_wconf 89' lang='lat' dir='ltr'><strong>habentia</strong></span> <span class='ocrx_word' id='word_1_811' title='bbox 3177 4418 3440 4473; x_wconf 75' lang='lat' dir='ltr'><strong>differen-</strong></span> 
     </span>
    </p>
   </div>
   <div class='ocr_carea' id='block_1_106' title="bbox 1843 4508 3441 4582">
    <p class='ocr_par' dir='ltr' id='par_1_106' title="bbox 1843 4508 3441 4582">
     <span class='ocr_line' id='line_1_106' title="bbox 1843 4508 3441 4582; baseline -0.005 -13"><span class='ocrx_word' id='word_1_812' title='bbox 1843 4515 1980 4569; x_wconf 90' lang='lat' dir='ltr'><strong>tiam</strong></span> <span class='ocrx_word' id='word_1_813' title='bbox 2009 4515 2078 4568; x_wconf 90' lang='lat' dir='ltr'><strong>ad</strong></span> <span class='ocrx_word' id='word_1_814' title='bbox 2102 4514 2199 4567; x_wconf 91' lang='lat' dir='ltr'><strong>illa</strong></span> <span class='ocrx_word' id='word_1_815' title='bbox 2213 4518 2568 4566; x_wconf 86' lang='lat' dir='ltr'><strong>ornamenta:</strong></span> <span class='ocrx_word' id='word_1_816' title='bbox 2603 4511 2879 4582; x_wconf 91' lang='lat' dir='ltr'><strong>siquidem</strong></span> <span class='ocrx_word' id='word_1_817' title='bbox 2893 4511 2992 4564; x_wconf 92' lang='lat' dir='ltr'><strong>illa</strong></span> <span class='ocrx_word' id='word_1_818' title='bbox 3010 4513 3342 4563; x_wconf 86' lang='lat' dir='ltr'><strong>ornamenta</strong></span> <span class='ocrx_word' id='word_1_819' title='bbox 3364 4508 3441 4560; x_wconf 91' lang='lat' dir='ltr'><strong>vi-</strong></span> 
     </span>
    </p>
   </div>
   <div class='ocr_carea' id='block_1_107' title="bbox 1844 4599 3441 4674">
    <p class='ocr_par' dir='ltr' id='par_1_107' title="bbox 1844 4599 3441 4674">
     <span class='ocr_line' id='line_1_107' title="bbox 1844 4599 3441 4674; baseline -0.005 -16"><span class='ocrx_word' id='word_1_820' title='bbox 1844 4603 2198 4674; x_wconf 88' lang='lat' dir='ltr'><strong>tuperatione</strong></span> <span class='ocrx_word' id='word_1_821' title='bbox 2216 4601 2396 4672; x_wconf 88' lang='lat' dir='ltr'><strong>magis</strong></span> <span class='ocrx_word' id='word_1_822' title='bbox 2419 4600 2589 4670; x_wconf 88' lang='lat' dir='ltr'><strong>digna</strong></span> <span class='ocrx_word' id='word_1_823' title='bbox 2610 4605 2761 4665; x_wconf 90' lang='lat' dir='ltr'><strong>sunt,</strong></span> <span class='ocrx_word' id='word_1_824' title='bbox 2779 4599 2882 4653; x_wconf 92' lang='lat' dir='ltr'><strong>hoc</strong></span> <span class='ocrx_word' id='word_1_825' title='bbox 2898 4615 3026 4652; x_wconf 91' lang='lat' dir='ltr'><strong>vero</strong></span> <span class='ocrx_word' id='word_1_826' title='bbox 3045 4601 3441 4652; x_wconf 88' lang='lat' dir='ltr'><strong>ornamentum</strong></span> 
     </span>
    </p>
   </div>
   <div class='ocr_carea' id='block_1_108' title="bbox 1845 4687 3441 4760">
    <p class='ocr_par' dir='ltr' id='par_1_108' title="bbox 1845 4687 3441 4760">
     <span class='ocr_line' id='line_1_108' title="bbox 1845 4687 3441 4760; baseline -0.005 -13"><span class='ocrx_word' id='word_1_827' title='bbox 1845 4691 2157 4747; x_wconf 82' lang='lat' dir='ltr'><strong>necessario</strong></span> <span class='ocrx_word' id='word_1_828' title='bbox 2191 4691 2414 4745; x_wconf 91' lang='lat' dir='ltr'><strong>laudem</strong></span> <span class='ocrx_word' id='word_1_829' title='bbox 2441 4687 3118 4760; x_wconf 72' lang='lat' dir='ltr'><strong>acquiritJntendendum</strong></span> <span class='ocrx_word' id='word_1_830' title='bbox 3137 4692 3224 4740; x_wconf 89' lang='lat' dir='ltr'><strong>est</strong></span> <span class='ocrx_word' id='word_1_831' title='bbox 3251 4692 3441 4740; x_wconf 88' lang='lat' dir='ltr'><strong>autem</strong></span> 
     </span>
    </p>
   </div>
   <div class='ocr_carea' id='block_1_109' title="bbox 1842 4774 3437 4852">
    <p class='ocr_par' dir='ltr' id='par_1_109' title="bbox 1842 4774 3437 4852">
     <span class='ocr_line' id='line_1_109' title="bbox 1842 4774 3437 4852; baseline -0.005 -16"><span class='ocrx_word' id='word_1_832' title='bbox 1842 4783 1900 4836; x_wconf 91' lang='lat' dir='ltr'><strong>in</strong></span> <span class='ocrx_word' id='word_1_833' title='bbox 1929 4779 2181 4852; x_wconf 83' lang='lat' dir='ltr'><strong>Apostoli</strong></span> <span class='ocrx_word' id='word_1_834' title='bbox 2210 4777 2582 4842; x_wconf 86' lang='lat' dir='ltr'><strong>sermonibus,</strong></span> <span class='ocrx_word' id='word_1_835' title='bbox 2625 4777 2892 4848; x_wconf 89' lang='lat' dir='ltr'><strong>quoniam</strong></span> <span class='ocrx_word' id='word_1_836' title='bbox 2929 4777 2988 4831; x_wconf 90' lang='lat' dir='ltr'><strong>in</strong></span> <span class='ocrx_word' id='word_1_837' title='bbox 3026 4774 3437 4830; x_wconf 88' lang='lat' dir='ltr'><strong>abdicationem</strong></span> 
     </span>
    </p>
   </div>
   <div class='ocr_carea' id='block_1_110' title="bbox 1841 4865 3439 4938">
    <p class='ocr_par' dir='ltr' id='par_1_110' title="bbox 1841 4865 3439 4938">
     <span class='ocr_line' id='line_1_110' title="bbox 1841 4865 3439 4938; baseline -0.004 -14"><span class='ocrx_word' id='word_1_838' title='bbox 1841 4869 2276 4935; x_wconf 89' lang='lat' dir='ltr'><strong>contrariorum,</strong></span> <span class='ocrx_word' id='word_1_839' title='bbox 2301 4868 2439 4920; x_wconf 92' lang='lat' dir='ltr'><strong>illud</strong></span> <span class='ocrx_word' id='word_1_840' title='bbox 2471 4866 2619 4938; x_wconf 92' lang='lat' dir='ltr'><strong>quod</strong></span> <span class='ocrx_word' id='word_1_841' title='bbox 2649 4865 2902 4920; x_wconf 89' lang='lat' dir='ltr'><strong>deterius</strong></span> <span class='ocrx_word' id='word_1_842' title='bbox 2923 4871 3047 4919; x_wconf 89' lang='lat' dir='ltr'><strong>erat</strong></span> <span class='ocrx_word' id='word_1_843' title='bbox 3074 4865 3320 4935; x_wconf 88' lang='lat' dir='ltr'><strong>primum</strong></span> <span class='ocrx_word' id='word_1_844' title='bbox 3345 4881 3439 4936; x_wconf 94' lang='lat' dir='ltr'><strong>po-</strong></span> 
     </span>
    </p>
   </div>
   <div class='ocr_carea' id='block_1_111' title="bbox 1842 4952 3439 5025">
    <p class='ocr_par' dir='ltr' id='par_1_111' title="bbox 1842 4952 3439 5025">
     <span class='ocr_line' id='line_1_111' title="bbox 1842 4952 3439 5025; baseline -0.004 -12"><span class='ocrx_word' id='word_1_845' title='bbox 1842 4959 1960 5014; x_wconf 90' lang='lat' dir='ltr'><strong>suit</strong></span> <span class='ocrx_word' id='word_1_846' title='bbox 1986 4959 2196 5012; x_wconf 89' lang='lat' dir='ltr'><strong>dicens.</strong></span> <span class='ocrx_word' id='word_1_847' title='bbox 2217 4977 2241 5007; x_wconf 87' lang='lat'><strong>«</strong></span> <span class='ocrx_word' id='word_1_848' title='bbox 2282 4958 2407 5010; x_wconf 88' lang='lat' dir='ltr'><strong>Non</strong></span> <span class='ocrx_word' id='word_1_849' title='bbox 2438 4956 2496 5009; x_wconf 91' lang='lat' dir='ltr'><strong>in</strong></span> <span class='ocrx_word' id='word_1_850' title='bbox 2518 4955 2684 5009; x_wconf 89' lang='lat' dir='ltr'><strong>tortis</strong></span> <span class='ocrx_word' id='word_1_851' title='bbox 2706 4954 2791 5008; x_wconf 90' lang='lat' dir='ltr'><strong>vel</strong></span> <span class='ocrx_word' id='word_1_852' title='bbox 2822 4954 2996 5025; x_wconf 89' lang='lat' dir='ltr'><strong>plexis</strong></span> <span class='ocrx_word' id='word_1_853' title='bbox 3025 4952 3292 5018; x_wconf 89' lang='lat' dir='ltr'><strong>crinibus,</strong></span> <span class='ocrx_word' id='word_1_854' title='bbox 3328 4973 3353 5005; x_wconf 82' lang='lat'><strong>»</strong></span> <span class='ocrx_word' id='word_1_855' title='bbox 3381 4959 3439 5006; x_wconf 89' lang='lat' dir='ltr'><strong>et</strong></span> 
     </span>
    </p>
   </div>
   <div class='ocr_carea' id='block_1_112' title="bbox 1841 5044 3440 5119">
    <p class='ocr_par' dir='ltr' id='par_1_112' title="bbox 1841 5044 3440 5119">
     <span class='ocr_line' id='line_1_112' title="bbox 1841 5044 3440 5119; baseline -0.006 -16"><span class='ocrx_word' id='word_1_856' title='bbox 1841 5055 1976 5103; x_wconf 91' lang='lat' dir='ltr'><strong>tunc</strong></span> <span class='ocrx_word' id='word_1_857' title='bbox 2014 5047 2222 5119; x_wconf 87' lang='lat' dir='ltr'><strong>adjecit</strong></span> <span class='ocrx_word' id='word_1_858' title='bbox 2267 5051 2486 5110; x_wconf 62' lang='lat' dir='ltr'><strong>caetera,</strong></span> <span class='ocrx_word' id='word_1_859' title='bbox 2519 5044 2729 5098; x_wconf 91' lang='lat' dir='ltr'><strong>dicens.</strong></span> <span class='ocrx_word' id='word_1_860' title='bbox 2760 5062 2785 5094; x_wconf 87' lang='lat'><strong>«</strong></span> <span class='ocrx_word' id='word_1_861' title='bbox 2817 5045 2969 5098; x_wconf 86' lang='lat' dir='ltr'><strong>Auro</strong></span> <span class='ocrx_word' id='word_1_862' title='bbox 2991 5048 3047 5095; x_wconf 90' lang='lat' dir='ltr'><strong>et</strong></span> <span class='ocrx_word' id='word_1_863' title='bbox 3075 5048 3311 5111; x_wconf 87' lang='lat' dir='ltr'><strong>argento</strong></span> <span class='ocrx_word' id='word_1_864' title='bbox 3339 5047 3440 5095; x_wconf 90' lang='lat' dir='ltr'><strong>aut</strong></span> 
     </span>
    </p>
   </div>
   <div class='ocr_carea' id='block_1_113' title="bbox 1843 5131 3437 5208">
    <p class='ocr_par' dir='ltr' id='par_1_113' title="bbox 1843 5131 3437 5208">
     <span class='ocr_line' id='line_1_113' title="bbox 1843 5131 3437 5208; baseline -0.007 -16"><span class='ocrx_word' id='word_1_865' title='bbox 1843 5136 2163 5208; x_wconf 85' lang='lat' dir='ltr'><strong>margaritis</strong></span> <span class='ocrx_word' id='word_1_866' title='bbox 2191 5141 2290 5190; x_wconf 91' lang='lat' dir='ltr'><strong>aut</strong></span> <span class='ocrx_word' id='word_1_867' title='bbox 2321 5138 2472 5187; x_wconf 90' lang='lat' dir='ltr'><strong>veste</strong></span> <span class='ocrx_word' id='word_1_868' title='bbox 2510 5131 2773 5204; x_wconf 89' lang='lat' dir='ltr'><strong>pretiosa.</strong></span> <span class='ocrx_word' id='word_1_869' title='bbox 2809 5151 2836 5183; x_wconf 83' lang='lat'>»</span> <span class='ocrx_word' id='word_1_870' title='bbox 2861 5132 2980 5185; x_wconf 89' lang='lat' dir='ltr'><strong>Hoc</strong></span> <span class='ocrx_word' id='word_1_871' title='bbox 3009 5135 3199 5184; x_wconf 87' lang='lat' dir='ltr'><strong>autem</strong></span> <span class='ocrx_word' id='word_1_872' title='bbox 3220 5134 3279 5182; x_wconf 91' lang='lat' dir='ltr'><strong>et</strong></span> <span class='ocrx_word' id='word_1_873' title='bbox 3305 5144 3437 5199; x_wconf 90' lang='lat' dir='ltr'><strong>pro-</strong></span> 
     </span>
    </p>
   </div>
   <div class='ocr_carea' id='block_1_114' title="bbox 1842 5216 3436 5299">
    <p class='ocr_par' dir='ltr' id='par_1_114' title="bbox 1842 5216 3436 5299">
     <span class='ocr_line' id='line_1_114' title="bbox 1842 5216 3436 5299; baseline -0.007 -18"><span class='ocrx_word' id='word_1_874' title='bbox 1842 5233 1969 5299; x_wconf 90' lang='lat' dir='ltr'><strong>pter</strong></span> <span class='ocrx_word' id='word_1_875' title='bbox 1991 5224 2477 5280; x_wconf 88' lang='lat' dir='ltr'><strong>inconvenientem</strong></span> <span class='ocrx_word' id='word_1_876' title='bbox 2510 5220 2816 5274; x_wconf 72' lang='lat' dir='ltr'><strong>1vanitatem</strong></span> <span class='ocrx_word' id='word_1_877' title='bbox 2848 5220 3067 5274; x_wconf 90' lang='lat' dir='ltr'><strong>interea</strong></span> <span class='ocrx_word' id='word_1_878' title='bbox 3087 5219 3275 5272; x_wconf 89' lang='lat' dir='ltr'><strong>evenit</strong></span> <span class='ocrx_word' id='word_1_879' title='bbox 3291 5216 3436 5284; x_wconf 81' lang='lat' dir='ltr'><strong>fieri,</strong></span> 
     </span>
    </p>
   </div>
   <div class='ocr_carea' id='block_1_115' title="bbox 1843 5306 3432 5386">
    <p class='ocr_par' dir='ltr' id='par_1_115' title="bbox 1843 5306 3432 5386">
     <span class='ocr_line' id='line_1_115' title="bbox 1843 5306 3432 5386; baseline -0.005 -18"><span class='ocrx_word' id='word_1_880' title='bbox 1843 5316 1980 5369; x_wconf 90' lang='lat' dir='ltr'><strong>illud</strong></span> <span class='ocrx_word' id='word_1_881' title='bbox 2010 5332 2139 5369; x_wconf 87' lang='lat' dir='ltr'><strong>vero</strong></span> <span class='ocrx_word' id='word_1_882' title='bbox 2168 5311 2588 5386; x_wconf 84' lang='lat' dir='ltr'><strong>proptersolum</strong></span> <span class='ocrx_word' id='word_1_883' title='bbox 2623 5314 2904 5363; x_wconf 91' lang='lat' dir='ltr'><strong>ornatum.</strong></span> <span class='ocrx_word' id='word_1_884' title='bbox 2927 5307 3128 5363; x_wconf 89' lang='lat' dir='ltr'><strong>Dicens</strong></span> <span class='ocrx_word' id='word_1_885' title='bbox 3156 5323 3289 5361; x_wconf 90' lang='lat' dir='ltr'><strong>vero</strong></span> <span class='ocrx_word' id='word_1_886' title='bbox 3306 5306 3432 5373; x_wconf 90' lang='lat' dir='ltr'><strong>hoc,</strong></span> 
     </span>
    </p>
   </div>
   <div class='ocr_carea' id='block_1_116' title="bbox 1843 5394 3439 5476">
    <p class='ocr_par' dir='ltr' id='par_1_116' title="bbox 1843 5394 3439 5476">
     <span class='ocr_line' id='line_1_116' title="bbox 1843 5394 3439 5476; baseline -0.006 -18"><span class='ocrx_word' id='word_1_887' title='bbox 1843 5394 1991 5476; x_wconf 83' lang='lat' dir='ltr'><strong>quod</strong></span> <span class='ocrx_word' id='word_1_888' title='bbox 2011 5405 2094 5457; x_wconf 91' lang='lat' dir='ltr'><strong>vel</strong></span> <span class='ocrx_word' id='word_1_889' title='bbox 2114 5404 2354 5457; x_wconf 85' lang='lat' dir='ltr'><strong>maxime</strong></span> <span class='ocrx_word' id='word_1_890' title='bbox 2375 5400 2600 5473; x_wconf 90' lang='lat' dir='ltr'><strong>proprie</strong></span> <span class='ocrx_word' id='word_1_891' title='bbox 2624 5399 2693 5453; x_wconf 93' lang='lat' dir='ltr'><strong>ad</strong></span> <span class='ocrx_word' id='word_1_892' title='bbox 2718 5397 3162 5452; x_wconf 87' lang='lat' dir='ltr'><strong>exhortationem</strong></span> <span class='ocrx_word' id='word_1_893' title='bbox 3187 5395 3439 5450; x_wconf 90' lang='lat' dir='ltr'><strong>mulieri-</strong></span> 
     </span>
    </p>
   </div>
   <div class='ocr_carea' id='block_1_117' title="bbox 1842 5483 3440 5564">
    <p class='ocr_par' dir='ltr' id='par_1_117' title="bbox 1842 5483 3440 5564">
     <span class='ocr_line' id='line_1_117' title="bbox 1842 5483 3440 5564; baseline -0.006 -18"><span class='ocrx_word' id='word_1_894' title='bbox 1842 5493 1945 5548; x_wconf 91' lang='lat' dir='ltr'><strong>bus</strong></span> <span class='ocrx_word' id='word_1_895' title='bbox 1965 5492 2247 5564; x_wconf 90' lang='lat' dir='ltr'><strong>pertinere</strong></span> <span class='ocrx_word' id='word_1_896' title='bbox 2271 5489 2643 5556; x_wconf 89' lang='lat' dir='ltr'><strong>existimabat,</strong></span> <span class='ocrx_word' id='word_1_897' title='bbox 2668 5487 2862 5558; x_wconf 90' lang='lat' dir='ltr'><strong>adjicit</strong></span> <span class='ocrx_word' id='word_1_898' title='bbox 2881 5494 2940 5542; x_wconf 91' lang='lat' dir='ltr'><strong>et</strong></span> <span class='ocrx_word' id='word_1_899' title='bbox 2961 5486 3134 5555; x_wconf 88' lang='lat' dir='ltr'><strong>aliud,</strong></span> <span class='ocrx_word' id='word_1_900' title='bbox 3159 5485 3308 5558; x_wconf 87' lang='lat' dir='ltr'><strong>quod</strong></span> <span class='ocrx_word' id='word_1_901' title='bbox 3326 5483 3440 5538; x_wconf 89' lang='lat' dir='ltr'><strong>illis</strong></span> 
     </span>
    </p>
   </div>
   <div class='ocr_carea' id='block_1_118' title="bbox 1843 5574 3438 5653">
    <p class='ocr_par' dir='ltr' id='par_1_118' title="bbox 1843 5574 3438 5653">
     <span class='ocr_line' id='line_1_118' title="bbox 1843 5574 3438 5653; baseline -0.005 -16"><span class='ocrx_word' id='word_1_902' title='bbox 1843 5582 2070 5653; x_wconf 90' lang='lat' dir='ltr'><strong>quidem</strong></span> <span class='ocrx_word' id='word_1_903' title='bbox 2080 5587 2302 5652; x_wconf 84' lang='lat' dir='ltr'><strong>poterat</strong></span> <span class='ocrx_word' id='word_1_904' title='bbox 2321 5579 2664 5647; x_wconf 89' lang='lat' dir='ltr'><strong>dicere,viris</strong></span> <span class='ocrx_word' id='word_1_905' title='bbox 2680 5584 2870 5633; x_wconf 82' lang='lat' dir='ltr'><strong>autem</strong></span> <span class='ocrx_word' id='word_1_906' title='bbox 2883 5592 3241 5649; x_wconf 87' lang='lat' dir='ltr'><strong>nequaquam</strong></span> <span class='ocrx_word' id='word_1_907' title='bbox 3261 5574 3332 5629; x_wconf 90' lang='lat' dir='ltr'><strong>ad</strong></span> <span class='ocrx_word' id='word_1_908' title='bbox 3347 5589 3438 5629; x_wconf 88' lang='lat' dir='ltr'><strong>ea-</strong></span> 
     </span>
    </p>
   </div>
  </div>
