3868 6138
218 334 300 392 597

626 300 1204 396 namnam
1239 339 1319 394 nc
1356 340 1516 400 ara
1549 342 1944 405 PAUIJ'LIB.
1983 343 2186 402 χχιιι.
2229 363 2296 384 -ω
2335 342 2414 399 IN
2453 342 2676 408 EPIST.
2717 343 2747 398 ι
2775 341 2876 396 AD
2910 341 3060 396 TIM.

216 463 770 534 concupiscith
803 485 815 518 ε
851 465 1042 520 docuit
1058 465 1215 522 enim
1243 480 1341 520 eos
1362 465 1592 522 interim
1633 469 1794 538 scire,
1811 471 1860 530 Α
1879 468 2190 524 eveniebat.
2236 469 2400 524 una
2449 484 2579 522 vero
2628 433 2802 525 ωιτη
2839 466 3170 536 legitimam
3212 465 3486 522 habentes

218 553 468 622 quoniam
489 563 635 626 opus
663 555 1034 626 episcopatus,
1059 561 1118 607 et
1137 554 1206 608 ad
1229 569 1368 624 opus
1395 556 1677 625 quoddam
1711 570 1806 611 vo-

219 648 357 696 catus
385 643 528 714 quia
553 645 626 698 ad
656 646 761 698 hoc
789 649 1036 708 vocatus,
1057 649 1116 697 et
1133 644 1281 712 quod
1303 657 1532 700 necesse
1557 653 1646 700 est
1671 663 1810 702 eum.

220 747 325 790 cum
345 733 732 788 sollicitudine
767 733 1021 802 implere.
1055 733 1120 786 In
1149 733 1412 787 timorem
1441 749 1572 790 vero
1599 735 1806 804 redigit

220 819 499 889 majorem,
522 839 590 876 ex
607 821 722 876 illis
749 821 916 876 dictis
933 838 1054 891 quae
1077 820 1514 892 subsequuntur.
1549 824 1632 878 Eo
1653 825 1804 894 quod

217 915 264 962 et
284 909 624 979 singillatim
653 925 722 965 ea
748 909 1038 982 expressit,
1073 911 1365 966 insinuans
1401 911 1605 982 quibus
1632 914 1810 969 virtu—5

215 997 349 1050 tibus
377 999 508 1054 vita
535 1005 768 1054 ornatus
787 999 955 1056 debet
981 999 1369 1070 concupiscere
1395 1001 1798 1072 episcopatum.

215 1085 315 1139 Hoc
342 1087 500 1142 enim
531 1095 654 1143 erat
694 1090 952 1155 suadere,
999 1095 1064 1144 ut
1101 1089 1482 1159 intelligerent
1526 1107 1638 1147 non
1681 1108 1807 1146 esse

215 1177 710 1248 concupiscendum
735 1198 747 1232 :
772 1177 976 1232 debere
995 1193 1130 1232 vero
1153 1178 1297 1232 scire
1329 1180 1804 1248 quemadmodum

212 1265 497 1320 wnreniat
553 1267 947 1338 concupiscere
998 1283 1098 1337 pro
1151 1268 1275 1336 ejus
1332 1267 1606 1322 doctrina.
1656 1270 1803 1334 Quid

213 1355 364 1422 ergo?
385 1374 414 1404 (ι
439 1355 678 1425 Oportet
695 1363 888 1411 autem
899 1355 1233 1426 Episcopum
1251 1356 1804 1427 irreprehensibilem

215 1458 335 1494 esse.
371 1462 402 1493 ρ
437 1444 679 1498 Evidens
707 1445 972 1516 quoniam
1007 1445 1557 1515 irreprebe‘nsibilem
1587 1447 1798 1514 dicens,

211 1546 306 1584 non
321 1531 396 1584 ad
417 1533 893 1588 calumniawrum
921 1533 1225 1604 respiciens
1247 1534 1624 1591 intentionem
1639 1537 1800 1604 dixit,

214 1619 292 1672 sed
340 1620 420 1674 ad
466 1623 592 1690 ejus
629 1623 858 1677 intuens
893 1623 1086 1676 vitam.
1119 1623 1264 1677 Nam
1293 1638 1396 1678 nec
1433 1624 1555 1695 ipse
1591 1626 1802 1681 Paulus

213 1708 678 1764 ealumniatorum
707 1711 894 1782 potuit
920 1711 1154 1766 evadere
1185 1713 1618 1768 accusationem.

1883 573 2134 622 uxorem,
2165 575 2281 614 non
2327 563 2490 614 erant
2533 574 2601 612 ea
2641 556 2890 611 contenti
2941 573 2955 609 :
3003 554 3486 626 permiscebantur

1882 662 2012 717 vero
2041 651 2099 699 et
2125 647 2274 708 aliis.
2305 647 2419 700 sive
2457 645 2674 700 ancillis
2702 645 2844 710 suis,
2865 645 2978 698 sive
3003 651 3061 698 et
3088 643 3215 699 aliis
3235 645 3488 700 mulieri-

1883 733 2004 794 bus.
2030 735 2284 809 absolute
2299 735 2667 800 lascivientes,
2690 735 2842 804 quod
2859 741 2921 788 et
2937 751 3116 804 usque
3145 735 3216 788 ad
3236 749 3488 805 pm

1884 824 2070 894 ﬁt,qui
2091 823 2372 894 pudicitiae
2393 823 2742 893 diligentiam
2761 823 3485 878 nullamvoluntsdhibore‘.

1882 912 2058 967 Aiunt
2087 929 2220 984 ergo
2251 913 2492 967 Paulum
2517 912 2575 966 id
2601 911 2826 980 dixisse,
2857 913 2942 966 ita
2965 917 3034 968 ut
3067 911 3164 966 ille
3203 911 3300 983 qui
3329 914 3486 984 eju-

1884 1001 2034 1056 modi
2063 1007 2152 1056 est
2187 1002 2260 1056 ad
2300 1001 2682 1072 episcopatui:
2710 1002 3076 1072 producatur,
3107 1001 3204 1072 qui
3251 1011 3486 1056 uxorem

1884 1091 2162 1162 accipiens
2189 1090 2394 1162 pudice
2419 1089 2640 1146 vivebat
2663 1101 2796 1144 eum
2813 1106 2920 1155 ea,
2951 1096 3250 1145 contentus
3273 1107 3342 1144 ea
3359 1096 3486 1146 tua»

1883 1187 2006 1239 tum
2035 1185 2091 1234 et
2121 1195 2301 1250 usque
2319 1179 2391 1234 ad
2409 1179 2566 1234 illam
2585 1185 2812 1234 natium-
2824 1185 3011 1234 motus
3038 1179 3116 1233 sit
3141 1180 3286 1250 ejus,
3309 1180 3407 1250 qui

1883 1269 1963 1323 sic
1979 1269 2166 1324 vivens
2182 1275 2310 1340 post
2317 1268 2676 1324 amissionem
2691 1267 2890 1338 primae
2907 1267 3211 1323 secundum
3230 1268 3484 1338 legitur-0

1883 1357 2164 1428 acceperit
2184 1358 2498 1427 eodemque
2526 1357 2696 1412 modo
2721 1363 2781 1411 et
2798 1373 2928 1411 cum
2956 1357 3054 1411 illa
3077 1357 3262 1411 vivere
3283 1357 3482 1428 persti-

1883 1447 2038 1512 terit,
2077 1462 2192 1501 non
2238 1445 2442 1501 debere
2470 1445 2754 1517 prohiberi
2800 1461 2934 1500 eum
2978 1445 3050 1499 ad
3097 1445 3482 1516 episcopatum

1881 1535 2126 1591 transire
2144 1536 2454 1591 secundum
2469 1535 2634 1590 Pauli
2653 1533 3068 1590 diﬂinitionem.
3083 1535 3202 1589 Hec
3219 1535 3484 1590 dixerunt

1883 1626 2114 1695 quidam
2137 1642 2172 1680 a
2199 1625 2366 1680 beato
2393 1625 2569 1680 Paulo
2613 1630 2672 1679 et
2699 1624 2997 1680 deﬁnitum
3029 1640 3154 1678 esse
3193 1628 3258 1678 et
3295 1629 3478 1678 statu-

1883 1720 2026 1779 tum,
2059 1731 2299 1784 quorum
2327 1731 2432 1784 ego
2458 1714 2672 1769 dictum
2693 1714 2856 1770 valde
2881 1719 3087 1784 respuo
3105 1729 3209 1767 nec
3239 1713 3484 1778 suadeor

274 1814 296 1845 α
311 1797 496 1852 Unius
506 1799 696 1853 uxoris
706 1801 1070 1854 virum.»Hoc
1083 1801 1404 1857 dili‘erentes
1413 1802 1642 1873 quidam
1652 1819 1803 1858 acceo
1816 1803 1863 1862 Β
1880 1802 1951 1856 ab
1978 1803 2110 1868 illis,
2143 1803 2292 1873 quod
2321 1803 2370 1856 is
2390 1803 2487 1873 qui
2501 1802 2776 1857 secundas
2803 1802 3032 1872 nuptias
3057 1801 3317 1856 siuﬂliter
3335 1817 3478 1874 pra-

209 1891 439 1954 perunt:
462 1887 765 1942 ridiculum
785 1906 914 1944 vere
934 1896 1020 1944 est
1041 1889 1199 1957 illud,
1223 1892 1372 1960 quod
1387 1892 1548 1962 quasi
1573 1909 1608 1946 a
1631 1893 1806 1963 pluri-
1882 1892 2050 1962 cepit,
2073 1892 2236 1948 illum
2267 1892 2362 1962 qui
2393 1897 2520 1962 post
2556 1891 2918 1946 amissionem
2951 1891 3148 1962 prima
3175 1892 3478 1946 secundum

209 1972 298 2028 bus
321 1974 664 2031 observatur
695 1995 708 2030 :
740 1978 788 2032 si
814 1979 965 2032 enim
995 1979 1226 2050 quidam
1259 1979 1460 2050 pudice
1495 1981 1686 2035 vivens
1718 1997 1802 2036 se-
1881 1993 2112 2036 uxorem
2139 1997 2242 2035 suo
2270 1980 2468 2036 ordine
2486 1979 2705 2050 accipit,
2736 1980 2810 2034 ad
2831 1979 3216 2052 episcopatum
3243 1980 3479 2052 puoduci

206 2064 438 2120 cundum
465 2067 748 2137 acceperit
775 2083 1026 2134 uxorem,
1057 2069 1232 2122 talem
1261 2069 1321 2122 in
1350 2069 1502 2124 clero
1529 2087 1645 2124 non
1663 2071 1804 2125 reci-
1881 2069 2196 2142 prohibeat,
2227 2070 2327 2140 qui
2364 2069 2516 2124 enim
2537 2069 2693 2134 dicit,
2713 2088 2738 2120 «
2769 2069 2908 2124 Dico
2935 2074 3130 2123 autem
3149 2069 3401 2140 innuptis
3421 2075 3482 2122 et

205 2151 382 2221 piunt;
408 2155 461 2208 si
477 2161 674 2210 autem
693 2157 926 2227 quidam
945 2157 1132 2211 vivens
1149 2157 1432 2213 luxuriose
1462 2169 1634 2213 unam
1665 2160 1801 2230 legi‘
1880 2158 2080 2226 viduis,
2108 2177 2134 2210 ››
2158 2165 2218 2213 et
2241 2159 2410 2213 simul
2449 2159 2814 2228 conjungens,
2846 2157 3144 2227 utriusque
3183 2171 3356 2211 uuam
3393 2157 3474 2225 le.

202 2241 322 2295 ἰὶωθ
359 2245 653 2314 acceperit
697 2257 948 2312 uxorem,
983 2245 1030 2300 is
1067 2246 1127 2300 in
1163 2246 1312 2302 clero
1358 2251 1418 2300 et
1444 2248 1717 2319 recipitur
1743 2255 1802 2304 et
1879 2265 2010 2318 gem
2062 2248 2212 2303 visus
2257 2252 2345 2302 est
2393 2237 2827 2317 deprompsisse.
2887 2245 3126 2301 Evidens
3177 2251 3265 2300 est
3297 2292 3300 2296 .
3327 2245 3476 2316 quod

202 2330 548 2400 producitur,
572 2341 630 2387 et
647 2335 878 2404 quidem
897 2349 1025 2390 cum
1054 2335 1112 2389 in
1137 2336 1353 2391 casteria
1372 2335 1570 2392 beatus
1591 2338 1800 2393 Paulus
1880 2353 2078 2403 unum,
2093 2336 2298 2408 inquit,
2310 2351 2432 2392 esse
2453 2335 2747 2406 utriusque
2765 2333 3142 2400 existimabat,
3170 2333 3304 2405 quid
3325 2333 3477 2392 enim

199 2419 482 2475 eiidenter
519 2424 790 2478 annuerit
825 2424 1100 2479 secundas
1137 2424 1340 2480 debere
1383 2426 1612 2496 nuptias
1652 2427 1794 2482 ﬁeri.
1879 2426 2068 2480 differt
2091 2425 2404 2481 secundum
2432 2430 2648 2480 natura
2661 2429 2880 2480 motum
2905 2429 3006 2478 aut
3022 2423 3094 2478 ad
3113 2423 3344 2495 plenum
3361 2434 3478 2476 non

198 2507 382 2564 Omnis
426 2527 562 2564 vero
608 2513 905 2582 permixtio
957 2530 1081 2583 quis
1127 2518 1332 2584 praeter
1373 2515 1654 2584 legitimas
1698 2533 1799 2571 ιω*
1879 2515 2163 2581 habuisse,
2195 2521 2298 2570 aut
2321 2513 2588 2570 habuisse
2617 2513 2844 2584 quidem
2881 2518 2942 2568 et
2975 2512 3232 2567 amisisse
3269 2517 3328 2566 st
3360 2523 3476 2566 non

194 2597 328 2666 ptius
346 2599 622 2670 habetur,
646 2601 872 2657 evidens
896 2601 1190 2657 fornicatio
1213 2608 1317 2668 est,
1340 2609 1398 2658 et
1416 2603 1644 2658 interim
1659 2622 1797 2676 pra:-
1877 2603 2083 2658 habere
2106 2605 2130 2656 Τ
2159 2601 2285 2658 Non
2310 2603 2639 2673 hujusmodi
2664 2602 2810 2658 ratio
2839 2600 3098 2672 magis-in
3117 2605 3321 2656 eventu
3340 2615 3474 2654 cono

193 2688 444 2742 termitto
472 2688 634 2753 illud,
672 2691 818 2759 quod
849 2697 908 2744 et
943 2697 1071 2762 post
1097 2691 1236 2746 duas
1271 2707 1475 2747 uxores
1515 2693 1795 2764 legitimas
1877 2693 2044 2758 sistit,
2070 2707 2238 2763 quam
2260 2692 2332 2746 ad
2351 2691 2700 2763 propositum
2719 2691 2982 2762 respicit:
3007 2689 3244 2746 namhis
3266 2689 3478 2760 quihu-
3511 2752 3517 2758 ,

187 2775 360 2844 palam
416 2781 682 2848 acceptas
725 2785 784 2832 et
824 2779 1109 2850 baptizant
1145 2787 1204 2835 et
1232 2781 1292 2835 in
1336 2783 1484 2836 clero
1524 2799 1621 2837 eos
1655 2783 1796 2838 indi-
1878 2781 2002 2836 buit
2018 2783 2197 2836 multo
2217 2780 2914 2852 tempore'convenientem
2937 2778 3046 2834 sibi
3065 2781 3318 2842 uorum,
3336 2779 3480 2850 poti-
3575 2838 3587 2844 _

185 2871 352 2918 screto
385 2867 736 2936 producunt,
767 2875 824 2922 et
853 2869 1082 2939 quidem
1119 2885 1248 2924 cum
1282 2869 1340 2923 in
1370 2872 1586 2925 caeteris
1615 2872 1672 2926 id
1702 2872 1797 2926 ob-
1875 2875 1969 2925 tus
1997 2870 2193 2942 utique
2219 2875 2306 2925 est
2326 2886 2452 2925 eam
2479 2869 2542 2924 in
2559 2875 2836 2940 quantum
2861 2867 3160 2939 voluit,qui
3181 2883 3313 2922 vero
3344 2869 3478 2940 post

188 2968 407 3008 servare
467 2955 881 3022 existimantur,
934 2959 1096 3028 quasi
1142 2959 1276 3028 quia
1317 2959 1596 3030 baptisma
1628 2960 1796 3016 faciat
1877 2960 2142 3030 exiguum
2168 2964 2393 3030 tempus
2420 2958 2676 3014 eamdem
2710 2957 2920 3024 amisit,
2944 2955 3260 3012 necessario
3286 2956 3357 3011 ad
3383 2971 3490 3011 σοι

187 3056 306 3096 eum
335 3060 462 3097 non
491 3044 758 3100 habuisse
785 3047 926 3101 duas
965 3063 1183 3102 uxores.
1228 3049 1577 3118 Frequenter
1603 3056 1796 3104 autem
1835 3117 1849 3118 ί
1877 3049 2088 3102 cundas
2107 3048 2324 3103 accedit
2344 3047 2590 3118 nuptias,
2619 3046 2884 3102 accidunt
2901 3050 3094 3102 autem
3129 3045 3244 3100 ista
3269 3050 3486 3100 evena-

189 3130 284 3184 hoc
299 3133 466 3187 idem
497 3141 696 3203 agunt,
721 3141 777 3188 et
799 3135 868 3189 de
897 3136 1025 3202 illis,
1062 3136 1157 3207 qui
1193 3142 1326 3192 sunt
1354 3117 1523 3208 pravi
1551 3139 1792 3203 arbitrii,
1814 3117 2065 3208 Cpotius
2093 3153 2264 3208 quam
2305 3117 2612 3192 directione
2647 3135 2888 3202 arbitrii,
2920 3151 3044 3206 quae
3071 3135 3380 3190 discutiens
3401 3134 3488 3188 sd-

185 3219 576 3275 existimantes
609 3239 669 3276 se
697 3223 910 3293 optime
945 3224 1128 3278 facere
1160 3225 1205 3279 si
1237 3225 1584 3296 baptizantes
1611 3227 1792 3292 illum,
1877 3228 2108 3298 plenum
2135 3226 2334 3281 beatus
2352 3225 2562 3282 Paulus
2591 3225 2686 3296 qui
2715 3225 2800 3280 vel
2829 3239 3076 3279 maxime
3103 3224 3166 3280 in
3189 3224 3488 3295 episcopo.

185 3309 274 3376 qui
300 3310 432 3362 vita
457 3310 599 3364 vixit
639 3311 945 3373 luxuriosa,
1001 3314 1074 3367 ad
1118 3313 1462 3369 iunctionem
1503 3316 1798 3372 clericatus

181 3398 576 3466 produxerim,
633 3400 733 3470 qui
779 3403 935 3456 nulla
975 3419 1078 3457 nec
1115 3403 1386 3458 virtutum
1426 3421 1530 3460 nec
1569 3405 1797 3476 pietatis

179 3485 485 3556 diligentia
516 3489 782 3559 prmditus
826 3505 1078 3560 unquam
1113 3491 1286 3546 fuisse
1314 3492 1550 3548 videtur.
1593 3495 1669 3549 Ut
1699 3511 1796 3549 au-

181 3583 292 3628 tem
317 3577 566 3631 silentio
595 3584 926 3648 prieteream
957 3579 1219 3650 baptismi
1247 3593 1494 3648 causam,
1524 3582 1596 3637 ob
1623 3581 1794 3654 quain

176 3662 358 3729 datur,
398 3665 482 3718 ad
523 3682 696 3736 quam
721 3668 998 3723 rationem
1039 3669 1268 3740 plurimi
1307 3683 1490 3741 neque
1517 3671 1796 3744 inspicere

177 3752 382 3806 volunt.
431 3753 576 3807 Illud
618 3765 751 3809 Vero
789 3757 1153 3812 conveniebat
1193 3759 1276 3812 eis
1315 3759 1478 3824 scire,
1525 3761 1794 3830 quoniam

175 3838 370 3896 beatus
395 3843 619 3898 Paulus
638 3844 710 3898 de
737 3844 1004 3901 civilitate
1046 3847 1144 3904 illa
1169 3847 1440 3918 disputat,
1487 3850 1792 3905 secundum

176 3945 362 3998 quam,
397 3938 469 3984 ut
485 3931 641 3986 idem
665 3933 946 4004 opinatur,
972 3941 1194 4006 oportet
1217 3937 1415 3992 vixisse
1444 3939 1789 4009 episcopum,

173 4033 278 4071 non
307 4020 384 4073 de
415 4022 784 4077 concessione
827 4030 1186 4094 peccatorum
1234 4025 1504 4096 disputat,
1539 4044 1663 4098 quis
1691 4043 1794 4098 per

171 4109 420 4176 gratiam
458 4109 722 4180 gignitur
763 4113 896 4178 illis,
940 4114 1037 4184 qui
1079 4113 1358 4184 baptisma
1394 4122 1786 4186 perceperunt.

172 4196 328 4251 Sicut
355 4207 564 4253 autem
584 4200 690 4256 hoc
717 4202 800 4256 ita
831 4203 952 4257 ﬁeri
977 4203 1253 4273 optimum
1282 4220 1404 4258 esse
1445 4204 1785 4272 existimant,

171 4289 468 4356 superﬂua
499 4295 590 4342 est
616 4291 800 4346 omnis
828 4291 1104 4362 legislatio
1119 4293 1300 4358 Pauli,
1322 4292 1457 4348 dum
1479 4309 1570 4348 res
1589 4293 1791 4348 admit-

169 4379 252 4427 tat
271 4376 471 4441 illum,
488 4377 608 4447 qui,
629 4379 1092 4451 qualitercunque
1106 4381 1258 4445 vixit,
1281 4381 1571 4452 baptizari.
1589 4388 1646 4436 et
1665 4400 1791 4454 pro-

170 4462 322 4516 tinus
342 4465 412 4518 in
433 4467 652 4520 clerum
675 4469 922 4537 produci,
947 4470 1095 4539 quod
1121 4487 1156 4525 a
1172 4471 1350 4526 Paulo
1383 4471 1610 4542 quidem
1628 4473 1788 4528 abdi-

167 4559 359 4608 catum
391 4561 509 4608 est.
537 4555 670 4608 Vult
691 4557 841 4612 enim
871 4563 936 4612 ut
959 4559 1052 4612 ille
1084 4559 1180 4630 qui
1209 4559 1271 4614 in
1289 4561 1673 4631 episcopatum
1692 4562 1788 4616 ad.

169 4639 426 4707 ducitur,
487 4643 880 4700 testimonium
916 4663 1032 4704 suta
1078 4647 1346 4703 bonitatis
1389 4666 1456 4702 ex
1501 4651 1789 4720 praeterita

169 4727 276 4784 vita
295 4731 522 4785 habere
553 4732 826 4814 videatur,
860 4735 956 4806 qui
995 4743 1054 4791 et
1090 4754 1193 4808 per
1219 4753 1384 4791 omne
1412 4744 1635 4808 tempus
1659 4739 1787 4794 vita:

168 4834 278 4874 suae
307 4821 600 4876 virtutum
627 4823 829 4878 studiis
856 4824 1098 4891 inhaesit,
1131 4833 1232 4881 aut
1269 4833 1422 4882 certe
1456 4827 1812 4897 poenitentia.

168 4909 468 4964 mediante
495 4911 745 4966 ostendit
765 4914 1034 4983 quoniam
1059 4933 1095 4970 a
1120 4915 1387 4970 deteriori
1425 4916 1540 4970 vita
1566 4917 1638 4970 ad
1666 4931 1786 4970 me-

165 4996 364 5052 liorem
397 5005 620 5055 statum
651 5003 896 5058 transiit.
935 5003 1096 5067 Quod
1121 5011 1181 5059 et
1207 5004 1408 5058 melius
1449 5021 1788 5075 cognossem

167 5087 490 5154 poterimus
499 5103 576 5143 'ex
595 5090 710 5146 illis
731 5109 853 5162 quin
874 5092 1314 5164 subsequuntur.
1339 5093 1430 5148 Fit
1444 5095 1616 5148 etiam
1645 5094 1700 5150 id
1729 5101 1788 5150 et

165 5174 230 5228 ad
256 5193 526 5245 praesens
577 5196 613 5231 ει
649 5181 926 5250 plurimis,
973 5182 1108 5252 quia
1137 5182 1194 5236 id
1227 5183 1458 5248 faciunt,
1499 5184 1661 5253 quasi
1689 5183 1785 5254 qui

167 5278 451 5335 magnum
494 5268 724 5338 aliquod
765 5277 944 5341 agunt
989 5271 1216 5326 bonum.
1261 5272 1420 5336 Quod
1468 5286 1603 5342 ergo
1643 5272 1787 5327 dixit

164 5353 332 5408 unius
363 5356 565 5410 uxoris
596 5358 798 5422 virum,
831 5361 1060 5430 quidam
1087 5361 1167 5418 sic
1192 5361 1607 5426 intellexerunt,
1634 5361 1785 5430 quod

162 5449 215 5495 et
238 5459 352 5514 ego
387 5447 578 5515 magis
604 5464 799 5504 verum
817 5450 1048 5520 accipio,
1072 5467 1138 5505 eo
1167 5451 1316 5521 quod
1341 5451 1436 5506 illo
1455 5451 1511 5504 in
1533 5458 1786 5522 tempore

163 5533 329 5586 multi
353 5541 538 5588 erant
561 5537 657 5606 qui
696 5538 754 5591 in
797 5538 1050 5610 idipsum-
1087 5540 1228 5596 duas
1266 5551 1468 5595 uxores
1505 5539 1789 5595 habebant

166 5619 494 5692 legitima.
525 5626 666 5693 quod
695 5632 756 5680 et
781 5629 1062 5698 Moysaica
1078 5629 1201 5699 lege
1228 5629 1411 5684 facere
1438 5646 1535 5686 eos
1555 5629 1789 5686 licenter

1877 3321 2000 3372 tum
2028 3315 2390 3386 producatur,
2411 3315 2484 3368 de
2501 3313 2604 3370 tali
2627 3313 2746 3368 vita
2759 3313 3024 3383 cognosci
3035 3311 3240 3368 debere
3259 3312 3472 3368 intulit.

1877 3406 2025 3460 Nam
2050 3411 2108 3460 et
2135 3404 2435 3460 ridiculum
2463 3407 2550 3457 est
2565 3401 2796 3457 beatum
2810 3402 3053 3457 Paulum
3071 3401 3255 3472 legem
3273 3401 3476 3456 oonsﬁo

1877 3500 2059 3560 tuere,
2088 3509 2201 3548 non
2241 3491 2559 3555 arbitrium,
2601 3491 2688 3545 vel
2726 3489 3080 3560 propositum
3116 3488 3472 3560 probantem,

1877 3583 1976 3637 sed
2005 3599 2073 3636 ex
2096 3587 2300 3636 eventu
2327 3586 2385 3635 et
2405 3595 2472 3636 ex
2499 3579 2786 3634 accidendi
2827 3577 3225 3639 discretionem
3262 3577 3473 3634 faciem

1875 3677 2010 3726 tem.
2043 3671 2104 3726 Si
2133 3676 2324 3725 autem
2355 3669 2481 3739 quis
2510 3669 2680 3733 dicat,
2705 3667 2974 3738 quoniam
2987 3667 3059 3722 de
3084 3671 3289 3722 eventu
3315 3671 3376 3721 et
3401 3667 3474 3721 de

1874 3760 2147 3815 accidenti
2177 3759 2442 3828 exiguum
2469 3756 2602 3828 quid
2633 3766 2836 3812 curans
2853 3753 3156 3826 Apostolus
3179 3770 3312 3809 cum
3349 3769 3472 3810 mse-

1873 3864 1987 3920 gna
2009 3847 2304 3919 diligentia
2339 3853 2398 3902 et
2423 3845 2856 3916 scrupulositate
2895 3844 2968 3900 de
2997 3843 3270 3915 episcOpis
3298 3844 3474 3900 Voluit

1875 3943 2142 4005 statuere,
2197 3937 2348 4008 quod
2397 3935 2669 3992 deberent
2712 3934 2770 3988 in
2813 3938 3039 3994 tantum
3095 3932 3244 3989 coire
3289 3933 3486 3997 tutori,

1873 4027 2108 4081 audiant
2138 4025 2406 4096 quoniam
2435 4024 2750 4080 secundum
2791 4023 2938 4078 hanc
2965 4021 3243 4078 rationem
3289 4037 3472 4093 neque

1871 4121 2002 4187 post
2027 4115 2307 4187 baptisma
2333 4115 2494 4170 illum
2520 4113 2618 4184 qui
2650 4112 2784 4169 talis
2810 4118 2896 4166 est
2922 4110 3157 4182 produci
3190 4112 3350 4182 justs
3385 4127 3486 4168 rae.

1870 4205 2024 4260 tione
2036 4205 2299 4276 patietur.
2307 4205 2422 4262 Nec
2435 4203 2585 4258 enim
2597 4201 3025 4273 baptismafacit
3033 4201 3197 4258 illum
3211 4201 3473 4258 noudus-

1871 4293 1976 4348 bus
1995 4293 2171 4350 coisse
2189 4292 2472 4357 uxoribus,
2489 4284 2590 4346 aut
2607 4291 2759 4362 apud
2773 4289 3030 4347 homines
3047 4289 3180 4344 facit
3192 4289 3474 4348 existima-

1870 4399 1952 4448 re,
1973 4382 2136 4453 quasi
2157 4382 2252 4453 qui
2271 4397 2446 4436 unam
2466 4379 2732 4439 habuerit
2750 4393 3003 4444 uxorem,
3026 4379 3205 4436 multo
3225 4379 3471 4449 autplius

1801 4441 1849 4500 Β
1868 4441 2008 4528 vero
2020 4485 2151 4526 eum
2173 4441 2457 4541 quianam
2476 4469 2791 4540 legitimam
2818 4441 2999 4522 habet.
3015 4483 3248 4522 uxorem
3279 4441 3472 4523 multis

1870 4560 1996 4616 aliis
2015 4560 2299 4616 luxuriose
2312 4559 2545 4614 vivendo
2560 4557 2869 4629 permixtus
2885 4561 2992 4621 est,
3010 4561 3068 4610 et
3081 4554 3472 4611 manifestatus

1871 4655 1958 4705 est
1967 4650 2098 4704 talis
2106 4649 2232 4704 vitae
2243 4647 2891 4718 fuisseadepiscopatum
2903 4657 3018 4700 non
3037 4643 3240 4701 debere
3261 4644 3470 4715 perdu-

1870 4739 2076 4804 ci,licet
2083 4737 2394 4794 secundum
2405 4751 2602 4792 eorum
2612 4734 2844 4790 verbum
2853 4733 3137 4805 baptisma
3143 4732 3473 4791 factitasse-

1871 4833 2033 4882 cutus
2069 4847 2084 4881 :
2125 4827 2174 4881 si
2221 4826 2370 4881 enim
2411 4825 2506 4880 ille
2541 4824 2640 4894 qui
2687 4823 2940 4894 legitime
2982 4822 3202 4880 duabus
3239 4824 3473 4894 junctus

1870 4915 2134 4970 uxoribus
2159 4920 2220 4969 et
2246 4914 2519 4985 propositi
2547 4913 2637 4968 sui
2661 4911 2894 4968 arbitrio
2933 4911 3136 4983 pudice
3181 4923 3314 4969 cum
3358 4912 3473 4968 illis

1869 5004 2130 5070 convixit,
2159 5019 2274 5058 non
2302 5001 2471 5058 debet
2498 5003 2558 5058 in
2582 5001 2970 5073 episcopatum
2988 4999 3162 5076 recipi
3184 5019 3197 5053 :
3219 4999 3292 5056 ob
3312 5016 3468 5057 80“!-

1870 5093 2230 5165 pulositatem
2252 5107 2384 5146 vero
2401 5092 2548 5157 vitae,
2570 5091 2750 5148 multo
2771 5089 3014 5162 amplius
3033 5104 3165 5144 eum
3187 5087 3285 5160 qui
3304 5089 3470 5160 Insue

1868 5182 2014 5237 riose
2033 5182 2169 5236 vixit
2187 5181 2454 5236 indecens
2489 5184 2578 5235 est
2598 5179 2670 5234 ad
2700 5180 2806 5234 hoc
2839 5176 3072 5250 produci
3109 5192 3259 5241 eum,
3277 5187 3349 5232 es
3375 5191 3468 5233 ra-

1868 5271 2020 5328 tione
2041 5287 2153 5341 qua
2170 5269 2454 5341 baptisma
2471 5275 2760 5324 assecutus
2786 5273 2892 5323 est.
2917 5267 3048 5322 Haec
3067 5265 3297 5336 quidem
3315 5265 3470 5324 dicta

1869 5361 2152 5416 sufﬁciant
2168 5360 2238 5414 de
2261 5359 2355 5414 illo
2379 5358 2528 5429 quod
2547 5358 2718 5412 dixit:
2749 5375 2774 5407 «
2800 5355 2978 5410 Unius
3002 5353 3193 5412 uxoris
3208 5354 3410 5413 virum.
3437 5373 3466 5412 ι

1870 5451 2045 5521 Cujus
2065 5447 2586 5520 interpretationem
2597 5445 2911 5502 evidentius
2925 5444 3116 5500 dicere
3125 5443 3252 5514 ipsa
3269 5455 3482 5503 sanius.

1868 5540 2202 5595 necessitate
2223 5537 2470 5610 impulsi,
2491 5534 2956 5593 consuetudinem
2985 5533 3140 5592 illam
3162 5549 3286 5604 quae
3313 5535 3480 5606 apud.

1869 5630 2146 5699 plurimos
2175 5635 2369 5685 tenere
2396 5627 2618 5682 videtur
2655 5623 3052 5696 despicientes.
3084 5623 3232 5680 Nam
3257 5623 3470 5693 plenio-
