3868 6138
537 373 642 431 599

1131 379 1195 437 Β.
1236 379 1509 436 RABANI
1545 380 1778 438 MAURI
1814 383 2153 441 ARCHIEP.
2190 384 2516 443 MOGUN'I‘.
2557 382 2856 440 OPERUM
2892 381 3085 438 PARS
3133 380 3267 436 ῙΠ.

534 516 656 558 rem
681 517 911 561 sensum
941 503 1194 576 Apostoli
1225 504 1286 561 in
1313 504 1784 579 subsequentibus
1809 509 2133 565 manifesta-
2149 509 2311 582 Aqui
2338 510 2567 581 longam
2595 513 2783 581 potest
2817 506 3333 579 prosecutionem
3370 500 3741 558 verborum

535 589 721 646 bimus
743 608 811 646 ex
847 592 985 664 ipsis
1028 594 1398 661 sermonibus,
1432 596 1518 650 vel
1565 598 1807 652 maxime
1853 599 2130 654 dictorum

534 677 803 735 facientes
843 681 1249 752 probationem.
1297 685 1442 739 Nam
1478 685 1700 740 virtutis
1747 692 1805 740 et
1850 687 2131 758 aequitatis

533 768 678 823 ratio
697 771 950 840 postulat
968 777 1033 826 ut
1060 771 1109 826 is
1138 772 1233 843 qui
1260 773 1330 827 de
1356 774 1459 827 tali
1478 775 1704 844 negotio
1723 775 1992 846 loquitur,
2016 794 2130 832 non

534 858 999 914 consuetudinem
1027 861 1278 932 :equitati
1303 866 1631 933 anteponat,
1668 864 1767 917 sed
1796 864 1955 919 Pauli
1977 866 2130 937 leges

534 945 818 1014 discutiat,
844 949 1015 1003 etilla
1027 949 1143 1004 Deo
1163 955 1337 1021 aptet,
1356 968 1480 1023 quae
1510 952 1561 1006 ei
1582 952 1782 1007 decent
1804 954 2006 1025 aptari,
2032 956 2131 1026 qui

534 1050 758 1106 semper
785 1052 916 1091 cum
937 1037 1179 1107 justitia,
1212 1044 1273 1093 et
1297 1056 1412 1094 non
1457 1044 1659 1095 eventu
1707 1048 1805 1096 aut
1853 1044 2128 1100 accidenti

535 1123 797 1179 universa
814 1125 958 1180 solet
977 1125 1234 1199 probare,
1258 1128 1358 1183 sed
1376 1129 1682 1184 secundum
1696 1132 2047 1202 propositum
2075 1139 2134 1188 et

458 1221 469 1229 ‘
534 1210 835 1268 arbitrium
876 1214 1170 1270 hominum
1210 1233 1667 1289 unumquemque
1707 1219 1813 1274 scit
1852 1220 2127 1291 judicare.

536 1300 683 1356 Nam
712 1308 770 1357 et
794 1303 894 1358 illa
921 1320 1045 1375 qua;
1077 1304 1340 1377 baptismi
1367 1312 1501 1361 sunt
1531 1307 1856 1380 frequenter
1899 1317 2132 1367 eventus

537 1390 660 1444 ﬁeri
680 1391 880 1459 solent,
897 1392 1064 1448 aliter
1082 1400 1370 1449 assecutus
1399 1395 1470 1450 ob
1496 1396 1904 1466 inﬁmitatem,
1936 1405 2035 1455 aut
2061 1400 2131 1456 ob

537 1478 709 1534 aliam
736 1480 1038 1552 aliquando
1074 1484 1424 1539 occasionem
1469 1484 1539 1539 ab
1585 1486 1821 1543 infantia
1866 1487 2130 1560 baptismi

533 1568 810 1638 gratiam;
837 1570 1001 1625 aliter
1020 1588 1151 1626 vero
1170 1578 1297 1644 post
1320 1580 1667 1630 senectutem
1684 1577 2010 1647 longaevam,
2034 1579 2130 1650 qui

537 1660 596 1709 et
622 1673 725 1727 per
750 1673 917 1713 omne
949 1664 1173 1732 tempus
1201 1662 1329 1717 vita:
1358 1680 1472 1718 suae
1500 1664 1635 1719 vixit
1652 1665 1953 1733 luxuriose,
1983 1674 2129 1721 tem-

536 1760 673 1815 pore
701 1762 833 1801 vero
858 1749 1059 1803 mortis
1086 1748 1349 1821 baptismi
1384 1753 1630 1822 gratiam
1675 1761 1965 1810 assecutus
1988 1774 2002 1823 ;
2035 1757 2130 1811 ille

2212 598 2381 653 clesia
2418 598 2624 664 facere,
2656 598 2763 651 hoc
2800 601 2859 651 et
2898 594 3193 668 perpauci
3242 593 3482 647 solent
3526 591 3746 662 imple]

2212 688 2309 758 qui
2336 692 2523 759 potest
2550 685 2927 757 qualicunque
2954 699 3258 739 sermone
3307 685 3384 736 et
3428 680 3504 736 in
3538 697 3746 734 comit.

2211 775 2539 847 singillatim
2593 790 3051 846 unumquemque
3125 773 3474 843 dogmata.
3545 770 3746 841 pieta1

2211 870 2447 931 struere,
2486 870 2606 919 tam
2639 864 2928 937 pietatem,
2971 879 3157 934 quam
3205 861 3576 929 virtutem,
3628 865 3700 914 et

2210 954 2391 1009 modis
2418 953 2654 1025 implere
2682 951 2925 1007 debeant
2953 953 3081 1019 ista,
3121 968 3211 1005 ex
3245 949 3506 1021 quibus
3542 948 3650 1002 vel
3705 965 3746 1000 ι]

2209 1048 2578 1113 augmentum
2606 1042 2705 1097 illa
2738 1041 2961 1113 assequi
2989 1045 3324 1112 poterant.
3355 1039 3430 1094 Si
3464 1038 3604 1093 ista
3636 1039 3742 1110 epi

2211 1132 2493 1199 nescierit,
2525 1131 2668 1186 nihil
2696 1132 2737 1185 'a
2763 1131 2980 1186 caeteris
3025 1130 3297 1184 differre
3335 1127 3711 1194 videbitur,

2213 1220 2386 1275 fluam
2416 1219 2660 1292 speciem
2690 1218 2936 1273 doctoris
2964 1220 3025 1273 in
3060 1236 3124 1273 se
3165 1217 3544 1283 simulans,
3585 1216 3741 1271 deni

2212 1310 2322 1364 cito
2351 1308 2598 1364 scribens
2624 1309 2775 1363 inter
2800 1314 3005 1363 caetera
3030 1324 3164 1379 quae
3203 1306 3295 1361 de
3333 1306 3657 1378 episcopo
3693 1307 3746 1359 di

2211 1398 2293 1453 ait
2323 1416 2335 1453 :
2370 1397 2647 1463 Quoniam
2674 1402 2896 1468 oportet
2922 1382 3053 1451 eum
3080 1397 3386 1451 retinere
3420 1395 3492 1449 id
3534 1395 3746 1467 quod:

2212 1488 2347 1542 dum
2377 1487 2693 1542 doctrinam
2718 1486 2884 1540 ﬁdele
2912 1485 3172 1554 verbum,
3206 1490 3289 1540 ut
3323 1490 3577 1557 potens
3611 1484 3700 1538 sit
3732 1502 3746 1537 ι

2210 1576 2321 1631 tari
2351 1576 2413 1631 in
2439 1576 2699 1630 doctrina
2735 1591 2892 1641 sana,
2936 1580 2995 1628 et
3021 1591 3117 1629 eos
3154 1574 3279 1646 qui
3330 1573 3746 1628 oontradicw

2209 1681 2402 1736 gnere,
2432 1665 2512 1719 sic
2529 1665 2650 1719 vult
2667 1663 2808 1719 nihil
2836 1663 3031 1718 deesse
3058 1664 3365 1736 episcopo
3400 1662 3677 1716 illorum
3709 1680 3746 1733 q

2210 1754 2525 1809 doctrinam
2552 1752 2855 1825 pertinent.
2891 1769 2919 1805 ι
2959 1753 3086 1808 Non
3114 1752 3567 1806 vinolentum.
3616 1770 3645 1800 ι
3698 1752 3746 1804 Ιι

536 1848 667 1887 vero
689 1835 786 1905 qui
799 1833 870 1889 ab
889 1836 1130 1892 infantia
1142 1838 1423 1910 baptisma
1441 1847 1750 1909 assecutus,
1780 1843 2129 1915 diligentiam
2145 1836 2191 1896 B
2207 1842 2359 1909 dicit,
2391 1843 2439 1897 si
2469 1843 2620 1897 enim
2648 1847 2706 1896 et
2736 1841 2890 1895 omni
2922 1841 3138 1895 homini
3168 1841 3303 1895 hoc
3330 1840 3746 1895 necessarium

536 1920 838 1979 virtutibus
864 1925 1121 1982 adhibuit
1149 1928 1475 1998 plurimam,
1505 1930 1745 2003 deliquit
1779 1949 1907 1986 vero
1940 1938 1999 1987 et
2033 1935 2133 1989 ali-

537 2026 667 2080 qua,
702 2017 898 2084 utpote
950 2014 1138 2084 homo,
1170 2022 1228 2071 et
1251 2022 1319 2072 ut
1345 2019 1488 2073 solet
1522 2020 1646 2074 ﬁeri
1687 2020 1924 2077 incurrit
1957 2022 2130 2078 etiam

534 2104 594 2153 et
634 2100 694 2154 in
735 2117 907 2172 grave
946 2111 1258 2175 peccatum.
1306 2107 1635 2163 inﬁmitate
1691 2110 1872 2180 magis
1938 2112 2130 2183 lapsus

534 2204 706 2259 quam
756 2191 959 2247 aﬁ'ectu
1004 2194 1225 2262 animae,
1268 2196 1569 2252 ridiculum
1614 2198 1723 2253 erit
1767 2199 1815 2253 si
1862 2200 2014 2255 idem
2061 2218 2126 2256 ex

532 2284 736 2333 eventu
762 2287 1032 2337 noceatur
1054 2284 1272 2339 nullum
1297 2286 1565 2356 juvamen
1594 2286 1665 2341 ob
1684 2286 1961 2343 bonorum
1980 2307 2128 2345 asse-

533 2381 712 2437 quens
740 2367 1110 2440 diligentiam,
1141 2390 1207 2428 eo
1233 2374 1381 2445 quod
1409 2374 1469 2429 in
1497 2375 1737 2431 infantia
1771 2376 2124 2449 baptismatis

528 2455 772 2525 gratiam
813 2464 901 2513 est
942 2467 1259 2517 assecutus:
1300 2463 1407 2517 iste
1450 2480 1581 2519 vero
1620 2481 1942 2537 quanquam
1981 2468 2125 2522 nihil

528 2545 880 2615 sustinuerit,
908 2566 1010 2619 pro
1042 2550 1246 2621 quibus
1273 2552 1539 2623 peccavit,
1569 2554 1751 2609 adhuc
1779 2560 1837 2609 et
1854 2556 2037 2611 clarus
2065 2557 2123 2612 in

530 2633 722 2689 ﬁitura
737 2635 1018 2692 videbitur
1029 2639 1163 2707 vita,
1181 2645 1240 2694 et
1256 2639 1362 2694 hoc
1374 2658 1503 2696 cum
1521 2643 1736 2697 nullam
1748 2642 2016 2700 bonitatis
2029 2645 2125 2700 ha-

530 2720 719 2777 buerit
738 2723 1111 2805 diligentiam,
1136 2727 1270 2798 quia
1300 2729 1382 2784 ita
1410 2731 1615 2797 evenit,
1634 2737 1698 2786 ut
1716 2732 1775 2786 in
1804 2734 1975 2788 ﬁnem
1998 2735 2123 2789 vitae

528 2825 644 2865 suae
671 2810 955 2883 baptisma
981 2822 1379 2887 assequeretur
1410 2836 1422 2872 :
1454 2819 1554 2873 sed
1581 2820 1698 2875 haec
1716 2820 1788 2875 ab
1821 2822 1934 2876 illis
1955 2823 2123 2877 intel-

525 2898 625 2970 ligi
653 2898 877 2969 debent,
893 2895 989 2974 qui
1010 2905 1268 2960 nesciunt
1287 2907 1564 2963 rationem
1580 2908 1650 2963 ob
1662 2926 1832 2980 quam
1840 2909 2125 2983 baptisma

529 2988 718 3065 datur,
739 2991 838 3045 sed
857 3007 961 3046 nec
982 2992 1201 3049 divinas
1221 2996 1521 3052 voluerunt
1540 2998 1862 3054 examinare
1882 3001 2122 3072 scriptu-

530 3093 643 3145 ras,
663 3095 730 3134 ex
749 3079 953 3152 quibus
985 3082 1199 3138 discere
1232 3091 1496 3156 poterant
1526 3087 1793 3158 quoniam
1834 3089 2121 3145 Simonem

2209 1931 2386 1986 multo
2415 1931 2597 2003 magis
2640 1931 2916 2003 episcopo,
2950 1932 3048 2001 qui
3094 1930 3272 1984 omni
3321 1934 3633 2000 tempore
3677 1944 3746 2000 ps

2212 2020 2379 2075 debet
2412 2037 2533 2075 esse
2561 2020 2632 2075 ad
2670 2026 2861 2075 actum
2887 2020 3134 2085 illorum,
3159 2036 3313 2091 quae
3345 2018 3495 2073 ﬁeri
3519 2033 3746 2073 conver

2217 2128 2244 2164 α
2262 2110 2388 2164 Non
2414 2125 2818 2181 percussorem.
2855 2128 2882 2162 ι
2915 2109 3001 2163 Ne
3029 2108 3340 2176 absolute,
3382 2113 3506 2162 aut.
3538 2107 3679 2161 sine
3712 2123 3746 2159 c

2207 2205 2308 2253 aut
2325 2198 2554 2254 assidua
2566 2198 2948 2269 increpatione
2965 2197 3134 2252 feriat
3154 2213 3588 2277 quemquam.
3616 2195 3746 2250 Vult

2205 2304 2335 2342 cum
2374 2287 2652 2342 modestia
2676 2288 2858 2358 magis
2887 2286 2957 2340 de
2999 2286 3249 2357 singulis
3287 2303 3518 2357 agere,
3561 2285 3729 2340 sicut

2204 2376 2450 2431 secunda
2477 2376 2727 2447 Epistola
2753 2375 2908 2430 dicit.
2939 2375 3277 2430 Modestum
3314 2391 3474 2430 eum
3507 2380 3746 2446 oportet

2205 2481 2419 2533 omnes,
2440 2481 2552 2519 non
2572 2464 2960 2518 recordantem
2979 2464 3296 2531 malitiam,
3324 2464 3397 2519 in
3420 2468 3746 2518 mansuetu

2205 2554 2500 2609 docentem
2530 2571 2643 2620 eos,
2676 2553 2774 2625 qui
2804 2554 3097 2620 resistunt,
3130 2553 3281 2608 licet
3313 2553 3371 2607 si
3414 2553 3743 2624 increpare

2206 2644 2430 2715 quando
2451 2643 2526 2697 sit
2545 2642 2943 2710 necessarium,
2965 2641 3231 2697 videatur
3256 2642 3341 2697 ab
3365 2643 3508 2715 ipsa
3530 2658 3746 2696 necess;

2204 2732 2344 2786 illud
2373 2732 2574 2798 facere,
2609 2737 2667 2786 et
2691 2748 2803 2785 non
2838 2730 3059 2785 arbitrii
3090 2732 3179 2786 sui
3212 2731 3575 2787 ferocitate.
3617 2731 3745 2785 Den

2205 2820 2358 2888 dicit,
2391 2821 2489 2875 sed
2519 2820 2837 2875 modestum
2874 2836 3017 2875 esse.
3055 2840 3078 2872 ι
3118 2821 3253 2875 Non
3291 2820 3662 2891 litigiosum.
3711 2839 3736 2869 ι

2202 2908 2399 2980 adjicit
2421 2914 2480 2963 et
2506 2909 2679 2963 aliud.
2707 2928 2729 2960 ι
2754 2909 2881 2963 Non
2910 2909 3177 2980 cupidum
3210 2909 3650 2981 pecuniarum.
3692 2926 3717 2957 ι

2202 3015 2318 3070 prae
2344 2998 2561 3053 caeteris
2578 2997 2838 3052 omnibus
2854 2998 3242 3053 necessarium
3264 3004 3363 3054 est
3387 2998 3687 3070 episc0po,
3710 3013 3746 3066 q

2203 3087 2251 3142 si
2271 3087 2353 3141 illi
2381 3087 2487 3141 hoc
2515 3104 2628 3141 non
2648 3086 2911 3154 adfuerit,
2942 3103 3239 3159 nunquam
3271 3086 3665 3159 diligentiam
3692 3100 3746 3138 ac

528 3167 670 3221 nihil
698 3168 988 3240 adjuvabit
1026 3155 1288 3244 baptismi
1325 3155 1560 3229 donum—
1574 3183 1814 3248 propter
1852 3180 2121 3250 propositi
2141 3155 2186 3217 ο
2203 3175 2299 3231 bet
2323 3175 2795 3243 convenientium,
2838 3190 2905 3229 eo
2938 3155 3100 3247 quod.
3115 3155 3419 3248 cupiditas
3456 3174 3746 3247 pecuniam

528 3256 865 3326 pravitatem
895 3259 1111 3331 Spiritu
1140 3268 1333 3317 sancto
1363 3263 1423 3319 in
1452 3281 1520 3318 eo
1542 3281 1656 3320 non
1694 3267 2079 3337 requiescente
2103 3288 2116 3336 ;

528 3345 759 3402 Latroni
787 3363 938 3414 vero,
968 3355 1033 3403 ut
1059 3349 1119 3404 in
1139 3351 1385 3422 paradisi
1404 3352 1810 3410 habitationem
1830 3357 2116 3425 transiret,

2203 3265 2382 3319 multa
2415 3266 2568 3320 enim
2603 3265 2788 3319 facere
2826 3264 3067 3336 impellit
3108 3281 3174 3318 ex
3224 3265 3349 3319 illis
3391 3282 3530 3337 qua:
3573 3262 3699 3317 ﬁeri
3729 3278 3746 3314 ι

2202 3354 2557 3409 conveniunt.
2592 3371 2622 3406 α
2652 3354 2896 3408 Domum
2935 3352 3077 3407 bene
3124 3359 3464 3424 regentem.
3502 3372 3534 3406 ιν
3586 3353 3705 3406 Hoc

528 3434 748 3490 nullum
777 3437 970 3491 attth
986 3438 1474 3510 impedimentum,
1493 3442 1564 3497 ob
1583 3444 1855 3515 propositi
1876 3446 1998 3516 ejus
2018 3446 2123 3500 vir-
2203 3442 2621 3514 dispensantem
2650 3447 2708 3497 et
2751 3442 3103 3513 diligentiam
3149 3443 3559 3508 adhibentem,
3591 3438 3746 3508 deniq

525 3528 727 3591 tutam,
761 3541 829 3580 ea
853 3527 1072 3582 ratione
1101 3546 1213 3600 qua
1240 3547 1353 3585 non
1381 3531 1567 3586 fuerat
1595 3532 1877 3604 baptisma
1904 3551 2123 3590 assecu-
2203 3538 2261 3586 et
2286 3532 2471 3604 ipsum
2490 3532 2745 3602 regimen
2772 3531 3073 3586 ostendens
3095 3532 3232 3603 quid
3252 3532 3404 3587 dicit
3429 3530 3661 3601 adjecit,
3686 3526 3746 3580 ﬁl

526 3618 639 3666 tus.
672 3613 808 3668 Dico
835 3620 1026 3670 autem
1055 3618 1174 3672 haec
1198 3635 1312 3673 non
1350 3621 1421 3674 ad
1464 3621 1904 3677 destructionem
1942 3623 2122 3695 bapti-
2202 3620 2503 3675 habentem
2530 3621 2588 3674 in
2605 3620 2972 3691 subjectione,
2996 3636 3126 3674 cum
3144 3622 3303 3675 omni
3326 3620 3634 3694 pudicitia,
3666 3614 3746 3671 et]

526 3702 744 3770 smatis,
774 3705 873 3758 sed
903 3712 1133 3778 propter
1158 3725 1253 3762 eos
1301 3709 1397 3780 qui
1431 3709 1535 3763 sub
1578 3712 1868 3766 occasione
1913 3712 2122 3785 baptis-
2201 3715 2609 3782 consequenter
2645 3709 2855 3780 adjicit.
2886 3729 2911 3761 ι
2961 3709 3020 3764 Si
3058 3709 3184 3780 quis
3223 3717 3429 3765 autem
3478 3707 3672 3763 domui
3710 3720 3746 3757 st

527 3792 696 3846 matis
717 3792 993 3849 incuriam
1008 3797 1247 3851 multam
1266 3797 1530 3853 inducere
1550 3800 1886 3855 annituntur
1907 3802 2121 3872 judicio
2202 3816 2440 3871 praeesse
2466 3799 2662 3866 nescit,
2694 3799 2973 3870 quomodo
3008 3798 3265 3854 Ecclesia:
3305 3799 3417 3855 Dei
3467 3793 3746 3867 diligentia

521 3881 665 3950 justi
692 3881 813 3936 Dei.
840 3883 984 3939 Nam
1014 3891 1072 3940 et
1097 3885 1381 3958 baptisma
1402 3905 1672 3958 magnum
1690 3906 1756 3944 eo
1773 3891 1923 3961 quod
1941 3896 2125 3947 tanto-
2203 3888 2468 3943 habebit?
2486 3889 2595 3954 Qui
2613 3904 2744 3943 suos
2769 3888 3397 3960 convenienterregere
3419 3886 3623 3952 nescit,
3644 3881 3746 3938 mu]

527 3982 656 4024 rum
687 3969 962 4027 bonorum
988 3975 1237 4029 continet
1283 3976 1623 4047 largitatem,
1674 3984 1732 4033 et
1772 3980 2124 4051 prepositum
2205 3977 2385 4048 magis
2412 3977 2717 4033 Ecclesiam
2746 3994 2943 4048 regere
2974 3976 3060 4033 vel
3091 3977 3293 4033 docere
3324 3978 3568 4033 minime
3589 3969 3746 4046 poteri

528 4058 971 4131 uniuscujusque
991 4064 1306 4118 necessario
1320 4065 1610 4135 judicatur
1626 4083 1692 4121 ex
1714 4068 1953 4124 Domino
1981 4070 2119 4137 Deo,
2204 4067 2349 4122 Nam
2377 4067 2526 4138 quod
2549 4066 2707 4134 dixit,
2733 4085 2760 4121 ι
2795 4066 2940 4121 ﬁlios
2968 4065 3272 4121 habentem
3300 4068 3366 4123 in
3391 4062 3746 4136 subjectione,

529 4161 566 4200 a
594 4162 724 4218 quo,
755 4149 842 4201 vel
867 4151 1110 4205 maxime
1137 4157 1196 4206 et
1212 4152 1478 4224 baptismi
1497 4155 1724 4210 donatio
1744 4158 1985 4212 multum
2005 4175 2125 4213 sus-
2203 4172 2317 4210 non
2345 4156 2416 4210 de
2442 4155 2677 4210 arbitrio
2704 4155 2951 4210 ﬁliorum
2980 4155 3132 4222 dicit,
3171 4156 3270 4210 sed
3300 4157 3373 4211 de
3402 4153 3582 4228 patris
3611 4146 3746 4204 sollic

529 4234 866 4307 cipientibus
894 4238 1034 4293 illud
1062 4246 1249 4311 potest
1271 4242 1522 4297 conferre
1536 4245 2126 4319 juvamen.Necaquae
2204 4244 2420 4312 tudine,
2460 4245 2543 4298 ita
2576 4259 2641 4299 ut
2669 4244 2787 4315 ipse
2816 4245 3090 4299 acceleret
3116 4244 3318 4316 pudice
3348 4262 3447 4300 eos
3486 4241 3746 4298 instituern

529 4330 812 4394 naturam,
852 4328 951 4382 sed
995 4329 1423 4401 suscipientium
1472 4333 1603 4386 ﬁdei
1658 4334 1963 4405 perfectam
2024 4336 2125 4392 Dei
2207 4339 2265 4388 et
2291 4333 2542 4388 subditos
2572 4350 2667 4388 eos
2703 4331 2911 4387 habere
2949 4333 3408 4405 obtemperantes
3438 4331 3562 4397 sibi,
3597 4329 3652 4382 in
3679 4340 3745 4394 qu

528 4412 926 4471 liberalitatem
954 4417 1013 4472 in
1032 4417 1313 4492 baptisma
1340 4422 1627 4477 attrahere
1647 4423 1806 4478 solet.
1820 4424 2126 4481 Videamus
2145 4480 2189 4492 ﬁ
2205 4420 2310 4477 bus
2346 4422 2415 4477 de
2442 4420 2899 4479 convenientibus
2927 4421 3027 4476 dat
3051 4423 3163 4477 illis
3192 4422 3511 4489 consilium,
3543 4417 3589 4472 si
3614 4419 3746 4470 aute!

528 4509 723 4596 autem
754 4511 812 4560 et
836 4512 1039 4562 cetera
1052 4480 1175 4580 qua;
1194 4509 1265 4564 de
1286 4510 1544 4583 episcopo
1562 4511 1736 4568 dicit:
1761 4532 1788 4565 (ί
1806 4480 2122 4569 Sobrium.»
2145 4480 2194 4539 Β
2208 4512 2384 4584 patris
2412 4512 2513 4566 tali
2544 4511 2815 4565 existente
2841 4509 3075 4565 arbitrio
3114 4512 3216 4565 ﬁlii
3256 4512 3316 4566 in
3354 4480 3599 4566 deterius
3617 4498 3746 4596 persf'

529 4592 618 4648 Ita
662 4600 730 4649 ut
773 4611 902 4650 cum
946 4597 1320 4654 sollicitudine
1364 4600 1667 4672 prospiciat
1714 4601 1812 4656 illa
1848 4619 1970 4675 quae
2004 4604 2127 4675 geri
2208 4606 2355 4657 atere
2395 4600 2692 4668 voluerint,
2733 4599 2953 4655 arbitrii
2990 4601 3077 4655 sui
3123 4601 3419 4672 pravitate,
3460 4613 3568 4654 non
3620 4592 3746 4664 patri

531 4683 887 4739 conveniunt.
932 4705 958 4737 α
1000 4687 1292 4744 Pudicum.
1337 4707 1364 4741 »
1405 4690 1754 4759 Necessario,
1787 4709 1853 4747 eo
1882 4693 2031 4764 quod
2066 4693 2127 4748 in
2207 4691 2373 4763 culpa
2399 4695 2503 4758 est,
2525 4707 2592 4745 eo
2620 4690 2770 4762 quod
2796 4690 2868 4744 ad
2894 4706 3139 4761 praesens
3166 4690 3236 4744 de
3266 4691 3390 4761 ejus
3417 4682 3683 4762 proposito
3696 4677 3745 4729 10‘

529 4785 829 4826 commune
855 4778 913 4827 et
938 4775 1188 4832 virorum
1218 4783 1276 4833 et
1312 4779 1616 4834 mulierum
1645 4781 2006 4838 constituitur
2032 4782 2128 4837 do-
2208 4779 2420 4850 quitur,
2449 4780 2533 4834 ita
2556 4786 2622 4834 ut
2650 4796 2784 4851 erga
2803 4795 2934 4834 suos
2962 4778 3400 4834 sollicitudinem
3420 4771 3691 4848 expendat,
3712 4780 3745 4817 α

528 4863 668 4912 ctor.
714 4878 741 4911 ι(
783 4861 1079 4918 Ornatum.
1123 4885 1150 4919 »
1192 4868 1647 4936 Conversatione,
1694 4877 1871 4938 motu,
1918 4871 2122 4942 specie,
2205 4883 2335 4923 cum
2363 4868 2638 4923 modestia
2651 4875 2709 4923 et
2720 4868 3017 4941 disciplina
3034 4874 3092 4923 et
3114 4868 3392 4938 gravitate
3406 4862 3739 4942 instituamur

530 4963 632 5018 per
660 4949 852 5004 omnia
888 4952 1133 5007 ostendit
1170 4957 1394 5026 qualem
1432 4959 1726 5013 conveniat
1763 4976 1885 5013 esse
1921 4941 2128 5029 episco-
2208 4972 2272 5010 ex
2305 4957 2411 5011 hoc
2440 4957 2658 5012 ostendi
2685 4964 2887 5029 potest,
2922 4958 3191 5028 quoniam
3226 4958 3424 5012 eodem
3448 4952 3601 5009 modo
3627 4951 3677 5000 et
3699 4941 3746 5038 διε

532 5053 689 5108 pum.
715 5056 741 5090 «
774 5038 1140 5112 Hospitalem.
1171 5063 1196 5096 »
1220 5045 1528 5101 Conveniat
1549 5064 1672 5102 esse
1693 5047 2011 5119 episcoPum
2030 5047 2128 5099 ho—
2208 5044 2467 5100 omnibus
2496 5047 2607 5101 erit
2629 5047 2918 5101 sollicitus.
2943 5047 3088 5102 Nam
3103 5050 3162 5101 et
3177 5046 3278 5102 ﬁlii
3301 5042 3564 5102 Samuelis
3580 5044 3746 5110 persp"

530 5127 813 5200 spitalem,
837 5146 952 5185 non
980 5129 1234 5186 absolute
1263 5133 1371 5188 dici
1401 5136 1829 5207 peregrinorum
1848 5135 2121 5201 omnium,

530 5216 630 5270 sed
656 5216 883 5274 illorum
913 5220 1009 5292 qui
1046 5221 1299 5303 ejusdem
1330 5224 1461 5278 ﬁdei
1498 5231 1649 5291 sunt,
1676 5242 1815 5297 quos
1844 5228 2006 5278 notos
2039 5239 2129 5276 ex-

530 5309 745 5361 stantes
770 5307 877 5362 sibi
916 5315 982 5366 ut
1024 5326 1155 5365 suos
1193 5312 1479 5384 suscipere
1519 5313 1687 5369 debet
1732 5330 1860 5369 cum
1907 5327 2127 5366 summa

532 5392 842 5463 diligentia.
875 5416 901 5449 «
925 5399 1253 5455 Docibilem.
1283 5420 1310 5454 »
1341 5402 1460 5456 Hoc
1487 5404 1612 5473 ejus
1652 5419 1812 5474 opus,
1840 5406 1905 5456 ut
1929 5400 2128 5454 doceat

532 5482 809 5549 homines,
859 5490 917 5539 et
958 5488 1223 5543 virtutem
1268 5496 1326 5544 et
1368 5490 1664 5562 pietatem;
1707 5492 1753 5545 si
1783 5496 1970 5545 autem
2017 5488 2127 5542 ista

532 5571 731 5626 docere
761 5573 1041 5643 nescierit,
1072 5577 1333 5648 ignorare
1360 5580 1581 5634 videtur
1624 5580 1783 5645 illud,
1816 5577 1962 5650 quod
2001 5593 2126 5648 pro-

2208 5132 2436 5187 ciuntur
2453 5135 2603 5205 quod
2631 5150 2823 5189 amore
2848 5135 3097 5205 pecuniae
3126 5134 3470 5206 perdiderint
3488 5123 3744 5202 justitiam,

2210 5225 2269 5275 et
2295 5238 2405 5279 non
2444 5223 2640 5294 utique
2670 5222 2988 5277 Samuelem
3015 5223 3341 5280 incusamus
3362 5224 3430 5280 ob
3457 5231 3630 5276 eorum
3657 5206 3746 5264 tale

2208 5312 2576 5381 propositum.
2605 5332 2628 5362 ‹
2652 5311 2779 5365 Νοη
2805 5309 3171 5382 neophytum,
3210 5320 3276 5369 ut
3302 5331 3375 5370 ne
3399 5314 3454 5368 in
3474 5299 3738 5379 superbiam

2209 5399 2387 5454 elatus
2430 5401 2489 5455 in
2530 5399 2806 5471 judicium
2854 5397 3068 5454 incidat
3112 5402 3340 5458 diaboli.
3376 5421 3403 5456 υ
3443 5395 3596 5454 Valde
3618 5389 3738 5481 ὣιξξε

2208 5486 2433 5557 quidem
2459 5490 2563 5543 hoc
2589 5488 2646 5541 in
2676 5486 2797 5539 loco
2845 5486 3304 5547 existimaverunt
3339 5489 3644 5561 neophytum
3665 5473 3729 5526 di”

2205 5591 2330 5629 cere
2369 5577 2697 5647 Apostolum
2734 5574 2913 5641 illum,
2962 5579 3057 5649 qui
3096 5581 3404 5635 secundum
3446 5579 3633 5634 etatem
3668 5565 3732 5649 esi

532 5662 725 5717 litetur
744 5663 995 5731 edocere.
1020 5666 1117 5719 sed
1137 5683 1251 5722 non
1272 5669 1451 5723 solum
1471 5669 1631 5725 illum
1650 5669 1789 5724 dicit
1805 5648 2117 5730 docibilem,
2198 5664 2440 5734 juvenis,
2472 5681 2610 5736 quos
2655 5648 3016 5720 conveniebat
3056 5667 3249 5737 etiam,
3280 5671 3387 5726 etsi
3432 5664 3553 5723 nihil
3592 5648 3721 5711 διὶυδς
