3868 6138
210 350 283 406 601
562 348 1136 408 ENARRATIONUM
1171 351 1250 407 IN
1286 351 1441 406 EPP.
1482 349 1698 406 PAULI
1735 348 1873 405 LIB.
1913 348 2116 404 XXIII.
2152 377 2216 389 —
2251 348 2330 405 IN
2368 348 2591 405 EPIST.
2632 350 2657 404 Ῑ
2694 348 2790 404 AD
2825 347 2977 404 TIM.
3301 346 3406 402 60‘2

204 476 358 530 saltem
382 473 506 529 illud
551 477 879 547 prospicere,
925 478 1194 548 quoniam
1235 478 1353 549 ipse
1381 477 1727 542 Timotheus,
1749 473 1952 536 Asiam
1982 481 2134 540 sunt,
2155 475 2305 546 apud
2326 491 2465 546 quos
2495 474 2807 529 necessario
2844 474 3102 528 convenit
3128 472 3407 544 integram

203 566 268 620 cui
301 565 396 618 hac
421 564 686 619 scribebat
722 583 834 620 non
873 568 1038 621 modo
1078 567 1302 638 juvenis
1351 573 1492 632 erat,
1532 583 1724 620 verum
1809 581 1934 618 eum
1949 563 2486 634 debereopinionem
2526 564 2751 630 habere,
2780 568 2946 634 prout
2978 568 3181 634 potest,
3203 562 3407 617 docens

202 655 329 708 etiam
353 658 400 706 et
441 653 669 708 nimium
704 656 944 724 juvenis,
977 657 1057 710 ita
1076 663 1140 710 ut
1168 673 1268 728 per
1295 657 1399 710 hoc
1443 655 1724 710 contemni
1808 653 2021 724 pariter
2054 658 2119 706 ut
2159 653 2436 723 opinionis
2477 670 2590 707 sua:
2627 653 2978 722 diligentiam
3013 651 3235 705 habeat.
3262 652 3407 705 Nam

202 743 606 814 possevideretur,
634 744 858 814 scripsit
884 762 1016 816 ergo
1039 746 1090 799 ei
1107 748 1186 814 (II
1209 747 1348 800 Tim.
1371 749 1444 814 1v)
1465 763 1477 798 :
1499 764 1523 796 (ε
1547 745 1724 799 Nemo
1809 741 1955 813 quod
1983 742 2120 796 dicit
2137 743 2250 796 tale
2279 747 2381 804 est,
2405 748 2538 796 sunt
2561 743 2760 812 aliqua
2792 741 3161 813 professiones
3179 756 3302 811 quae
3323 756 3408 794 se-

194 834 482 902 juventutem
503 838 658 886 tuam
699 839 1023 889 contemnat
1046 854 1058 901 ;
1088 852 1114 886 »
1134 851 1265 889 nam
1287 840 1345 889 et
1368 835 1488 906 ipse
1503 835 1725 905 juvenis
1807 831 2053 884 cundum
2066 829 2296 884 seillum
2309 829 2659 901 quidem,qui
2671 846 2794 883 eam
2805 827 3409 900 proﬁteturreprehen—

197 936 288 974 cum
313 926 452 985 esset,
475 921 532 974 in
550 923 942 992 Apostolatum
970 924 1178 978 electus
1189 929 1291 990 est,
1324 924 1468 978 sicut
1492 924 1551 977 in
1571 923 1725 978 Acti-
1808 919 1952 973 sioni
1973 919 2136 973 subdi
2166 919 2433 986 efﬁciunt,
2462 926 2527 973 ut
2556 925 2694 990 puta
2720 918 3050 990 publicanus
3079 923 3179 971 aut
3205 933 3404 988 caupo,

195 1009 270 1062 bus
290 1011 656 1080 Apostolorum
689 1012 866 1066 Lucas
908 1013 1192 1068 insinuat:
1226 1013 1322 1068 sed
1379 1014 1725 1084 neophytum
1806 1015 1908 1063 aut
1926 1010 2072 1074 leno,
2098 1015 2198 1062 aut
2225 1008 2378 1062 aliud
2410 1008 2640 1079 aliquid,
2674 1025 2843 1078 quam
2863 1025 2897 1061 a
2917 1006 3174 1078 plurimis
3199 1006 3287 1060 vel
3316 1023 3406 1060 re-

193 1098 310 1162 dixit,
348 1106 436 1152 aut
476 1099 633 1154 illum
661 1101 757 1172 qui
795 1118 976 1173 nuper
1006 1102 1262 1166 credidit,
1295 1108 1394 1157 aut
1416 1103 1577 1156 illum
1629 1103 1725 1173 qui
1805 1098 2078 1169 prehendi
2105 1097 2281 1168 possit
2307 1098 2391 1151 vel
2423 1098 2748 1168 vituperari.
2773 1096 3042 1150 Videmus
3063 1096 3271 1149 etenim
3294 1095 3406 1149 fre-

194 1203 328 1258 nuper
349 1186 677 1258 baptismum
696 1196 782 1244 est
810 1197 1116 1245 assecutus.
1150 1192 1294 1245 Nam
1313 1191 1480 1245 ﬁdem
1501 1191 1723 1261 planta-
1806 1194 2043 1258 quenter
2060 1188 2317 1241 homines
2328 1188 2396 1240 de
2408 1186 2686 1256 aliquibus
2714 1203 2827 1240 non
2839 1185 3043 1239 bonam
3065 1183 3271 1238 habere
3291 1185 3408 1238 exi-

191 1276 351 1330 tionem
375 1283 538 1343 vocat,
575 1278 723 1333 sicut
766 1286 823 1334 et
859 1280 1106 1334 scribens
1150 1281 1304 1350 dicit,
1339 1280 1444 1333 hoc
1489 1285 1576 1334 est
1620 1297 1722 1349 ego
1805 1276 2663 1343 stimationem,earationevitae
2684 1292 2796 1330 sua:
2828 1275 3149 1345 opinionem
3171 1273 3408 1328 maculis

187 1364 656 1434 plantavi;adﬁdem
685 1369 1073 1423 adduxizetde
1103 1368 1437 1440 baptismate
1465 1368 1725 1422 similiter
1805 1363 2148 1430 inusserunt,
2195 1372 2252 1419 et
2290 1366 2360 1419 ad
2417 1365 2787 1436 plurimorum
2834 1364 3089 1435 pervenit
3125 1363 3405 1429 notitiam,

187 1453 334 1506 scribit
381 1456 542 1523 (Rom.
597 1456 730 1526 vm).
791 1479 813 1509 ι
868 1459 926 1512 Si
973 1459 1122 1512 enim
1169 1458 1532 1530 complantati
1593 1457 1724 1513 facti
1808 1454 1940 1524 quia
1960 1455 2357 1508 autluxuriose
2377 1454 2653 1520 vixerunt,
2675 1458 2775 1507 aut
2804 1469 2940 1523 erga
2959 1452 3224 1523 pecunias
3253 1451 3407 1505 avari

186 1557 332 1595 sumus
359 1544 702 1600 similitudini
723 1547 921 1601 mortis
941 1549 1082 1618 ejus,
1115 1567 1140 1599 »
1173 1548 1242 1600 de
1271 1547 1609 1618 baptismate
1637 1548 1724 1600 di-
1807 1545 2159 1609 exstiterunt,
2184 1549 2282 1597 aut
2293 1549 2602 1596 mercatum
2631 1553 2886 1596 exercere
2906 1542 3203 1594 voluerunt
3228 1539 3298 1592 ob
3325 1540 3410 1593 in.

183 1647 295 1697 cens,
314 1632 504 1686 etenim
531 1650 648 1688 non
673 1635 812 1689 adeo
837 1643 1000 1690 erant
1026 1637 1135 1690 ista
1160 1637 1557 1706 Apostolorum
1583 1641 1725 1690 tem-
1799 1632 1956 1701 justa
1987 1639 2045 1686 et
2065 1632 2256 1703 turpia
2282 1633 2458 1685 lucra.
2493 1633 2610 1684 Hoc
2632 1647 2764 1700 ergo
2788 1630 2909 1683 vult
2930 1629 3135 1694 dicere,
3158 1628 3205 1681 si
3235 1627 3408 1698 aliqui

185 1736 284 1789 pore
306 1721 480 1787 divisa,
529 1730 595 1777 ut
644 1730 702 1778 et
729 1725 1037 1791 crederent,
1071 1732 1129 1779 et
1185 1721 1620 1796 baptizarentur,
1655 1743 1720 1780 eo
1805 1720 2017 1774 fuerint
2073 1721 2234 1784 tales,
2287 1721 2381 1791 qui
2412 1737 2476 1774 ex
2526 1720 2762 1789 antiqua
2798 1719 2912 1772 vita
2965 1723 3023 1771 et
3067 1717 3409 1788 professione

184 1809 292 1878 quod
304 1810 391 1876 illi,
407 1812 626 1881 quinon
643 1819 804 1867 erant
823 1813 1107 1885 baptizati,
1123 1831 1224 1869 nec
1235 1815 1427 1868 ﬁdeles
1441 1821 1575 1868 tunc
1587 1831 1727 1869 nun-
1746 1796 1792 1854 Β
1807 1810 1957 1880 apud
2005 1809 2261 1863 homines
2300 1809 2601 1862 existimati
2632 1813 2766 1862 sunt
2790 1807 3104 1878 pravissimi
3133 1806 3408 1860 exstitisse

183 1898 490 1968 cupabantur.
525 1902 691 1956 Unde
711 1909 768 1957 et
787 1919 852 1956 ex
885 1904 1080 1957 eadem
1111 1903 1515 1958 consuetudine
1542 1905 1725 1958 adhuc
1806 1898 2043 1963 arbitrii,
2075 1899 2352 1968 ejusmodi
2384 1898 2639 1951 homines
2667 1897 2925 1950 convenit
2966 1895 3232 1961 devitarc,
3258 1911 3328 1948 ne
3350 1895 3408 1948 in

180 1995 432 2057 etprazsens
459 1990 563 2056 illi,
601 1991 698 2060 qui
728 1991 992 2063 baptizati
1008 1999 1158 2058 sunt,
1193 1993 1385 2046 ﬁdeles
1415 1999 1720 2060 vocantur;
1807 1988 2190 2058 episcopatum
2221 1987 2618 2057 producantur,
2661 1985 2794 2039 licet
2821 1985 3114 2039 videantur
3167 1983 3410 2037 ﬁdeliter

181 2075 386 2144 Plurimis
404 2095 528 2132 vero
548 2079 611 2133 in
639 2079 892 2151 partibus
912 2098 1094 2152 neque
1134 2081 1482 2136 Christianos
1520 2099 1722 2136 vocans
1805 2077 2120 2142 accessisse,
2180 2084 2236 2130 et
2293 2077 2464 2130 vitam
2516 2092 2677 2129 suam
2709 2075 2894 2128 studio
2953 2074 3249 2127 meliorum
3277 2073 3407 2126 illu-

179 2166 336 2235 eosqui
350 2183 452 2221 non
473 2177 852 2240 perceperunt
867 2170 1164 2241 baptisma.
1187 2171 1332 2225 Nam
1357 2171 1722 2241 etApostolus
1805 2171 2003 2229 strare,
2027 2167 2204 2220 donec
2225 2182 2327 2237 per
2346 2166 2576 2235 longum
2627 2170 2849 2234 tempus
2885 2164 3011 2215 vitae
3059 2179 3173 2216 suae
3193 2167 3252 2214 et
3279 2177 3410 2214 con-

177 2253 233 2306 sic
253 2255 602 2324 dicit:(lbid.)
630 2277 655 2307 α
677 2258 734 2312 Si
756 2258 1080 2328 quisautem
1095 2259 1302 2313 Christi
1319 2259 1578 2330 spiritum
1610 2277 1721 2314 non
1803 2255 2136 2309 versationis
2182 2256 2518 2308 documenta
2567 2255 3036 2315 demonstrarent,
3075 2251 3157 2304 ita
3183 2255 3248 2304 ut
3285 2249 3407 2319 opi-

177 2340 412 2408 hﬂbetyhic
432 2362 541 2400 non
578 2348 815 2416 estejus.
845 2367 871 2398 »
908 2347 1144 2402 Evidens
1186 2354 1272 2402 est
1319 2349 1586 2418 quoniam
1615 2350 1724 2420 spi-
1807 2345 2030 2398 nionem
2049 2362 2210 2398 suam
2229 2345 2287 2398 in
2309 2344 2511 2398 melius
2539 2344 2821 2397 illustrare
2841 2341 2990 2412 apud
3010 2340 3135 2393 illos
3185 2338 3281 2409 qui
3311 2355 3404 2392 ex-

176 2431 305 2485 ritum
332 2449 433 2488 non
459 2433 638 2489 habet
667 2435 762 2505 qui
816 2435 1096 2507 baptisma
1141 2453 1254 2491 non
1301 2437 1555 2508 percipit.
1590 2438 1724 2492 Vult
1809 2440 1895 2488 tra
1917 2435 2217 2489 Ecclesiam
2247 2440 2381 2487 sunt
2409 2433 2722 2497 videantur,
2758 2447 2950 2502 quare,
2979 2446 3044 2483 eo
3087 2429 3234 2499 quod
3276 2427 3406 2481 licet

175 2536 272 2590 ergo
299 2538 412 2575 eum
458 2524 554 2594 qui
592 2524 651 2577 in
684 2525 1065 2596 episcopatum
1097 2526 1424 2596 producitur
1451 2544 1518 2580 ex
1546 2527 1723 2581 multo
1805 2523 1907 2576 tibi
1933 2523 2082 2577 ﬁdeli
2131 2522 2619 2593 contemplatione,
2661 2521 2788 2586 ﬁde,
2821 2520 2908 2572 vel
2962 2518 3300 2588 baptismate
3330 2516 3408 2570 vi-

173 2617 374 2680 tempore
400 2613 627 2667 ﬁdelem
657 2630 778 2667 esse
798 2621 854 2668 et
881 2614 1244 2685 baptizatum,
1267 2617 1415 2670 unde
1437 2623 1493 2670 et
1520 2617 1726 2671 multas
1807 2611 2010 2664 deatur
2032 2629 2154 2666 esse
2179 2612 2402 2681 dignus,
2424 2616 2616 2664 tamen
2646 2609 2962 2680 praecedens
2992 2606 3106 2660 vita
3125 2605 3326 2659 adimit
3354 2604 3407 2658 ei

173 2713 324 2752 causas
343 2700 470 2754 dicit
509 2701 649 2755 huic
694 2703 774 2756 rei
820 2704 1164 2757 necessarias
1201 2711 1258 2758 et
1289 2705 1448 2758 valde
1477 2705 1676 2774 dignas
1709 2725 1721 2772 ;
1809 2701 2070 2755 ﬁduciam
2107 2701 2255 2772 apud
2286 2718 2381 2755 eos
2407 2701 2503 2771 qui
2542 2704 2700 2752 extra
2729 2697 3033 2752 Ecclesiam
3054 2700 3204 2761 sunt,
3239 2694 3320 2747 ita
3343 2699 3407 2748 ut

172 2786 331 2856 adjecit
348 2807 472 2844 vero
500 2791 752 2862 primam
781 2808 1007 2846 causam
1025 2793 1216 2847 dicens
1242 2813 1252 2846 :
1281 2813 1307 2846 «
1341 2794 1413 2848 Ut
1443 2811 1514 2848 ne
1545 2795 1726 2849 elatus
1807 2806 1918 2843 non
1947 2791 2110 2844 modo
2129 2791 2327 2860 juvare
2372 2789 2559 2860 posuit
2595 2794 2831 2850 exteros.
2866 2787 2960 2840 88d
2993 2782 3286 2855 exPl‘Obiu'i
3335 2782 3406 2836 οι)

170 2874 211 2927 in
230 2877 478 2944 judicium
507 2881 730 2934 incidat
780 2881 1006 2935 diaboli.
1047 2901 1072 2934 »
1104 2882 1283 2936 Elatio
1313 2883 1463 2936 enim
1493 2883 1716 2950 dicitur,
1803 2879 1928 2933 vitae
1940 2895 2053 2933 suae
2069 2879 2498 2949 turpitudinem.
2518 2879 2662 2931 Nam
2677 2876 2824 2946 quod
2840 2874 2999 2941 dixit,
3017 2893 3042 2925 «
3061 2878 3126 2926 ut
3146 2889 3216 2926 ne
3235 2872 3296 2925 in
3311 2888 3406 2943 op-

169 2964 238 3033 qui
263 2965 311 3019 in
337 2967 460 3035 illis,
495 2985 626 3040 qua:
655 2969 760 3023 sibi
788 2987 900 3024 non
930 2971 1152 3036 adsunt,
1186 2972 1472 3025 extollitur
1517 2989 1723 3042 magna
1803 2967 2092 3038 probrium
2120 2968 2391 3032 incidat,»
2417 2966 2611 3037 adjicit
2639 2965 2935 3019 ettertiam
2954 2979 3181 3016 causam
3193 2962 3404 3027 dicens,

168 3052 218 3106 de
238 3071 285 3107 se
303 3057 535 3127 sapiens.
561 3059 760 3129 Nuper
784 3075 919 3129 ergo
937 3060 1170 3114 credens
1200 3066 1257 3114 et
1285 3059 1547 3132 baptismi
1597 3078 1722 3132 gra-
1744 3113 1784 3132 Α
1809 3076 1834 3108 (‹
1861 3063 1916 3110 et
1944 3057 2002 3110 in
2030 3059 2294 3127 laqueum
2341 3055 2566 3110 diaboli.
2601 3075 2627 3107 »
2661 3055 2792 3108 Haec
2825 3069 2995 3106 causa
3022 3069 3136 3122 prae
3189 3050 3406 3104 caeteris

168 3140 500 3215 tiampotitus,
539 3154 601 3201 et
644 3148 883 3202 necdum
903 3149 991 3202 sui
1036 3149 1306 3220 propositi
1336 3149 1723 3221 probationem
1742 3140 1784 3174 υ
1805 3146 1917 3199 alia
1944 3152 2029 3200 est
2055 3147 2212 3200 nulla
2241 3163 2305 3199 ex
2334 3151 2494 3216 parte
2523 3144 2799 3198 inﬁrmior
2834 3143 3058 3196 illorum
3104 3157 3225 3210 quae
3273 3144 3406 3193 ante

165 3231 388 3298 prabens,
418 3252 610 3307 neque
631 3237 938 3291 secundum
969 3238 1222 3293 ordinem
1252 3239 1446 3292 doctus
1477 3239 1545 3293 de
1590 3239 1718 3306 illis,
1805 3233 1954 3288 dicta
1980 3241 2131 3301 sunt,
2159 3251 2224 3288 eo
2256 3234 2404 3305 quod
2427 3241 2514 3287 est
2543 3238 2789 3296 cautum,
2818 3247 2934 3284 non
2947 3236 3034 3284 est
3059 3229 3160 3282 tali
3190 3228 3405 3303 homini

165 3334 256 3388 qua
277 3322 338 3376 ad
363 3341 420 3378 se
469 3325 832 3393 conveniunt,
865 3327 913 3380 si
942 3327 1246 3399 productus
1281 3328 1452 3382 fuerit
1498 3329 1566 3382 ad
1595 3329 1718 3395 hoc,
1805 3323 2043 3377 aliorum
2074 3324 2425 3377 committere
2459 3322 2831 3393 diligentiam,
2865 3327 2923 3373 et
2973 3325 3193 3373 tantam
3221 3318 3273 3371 ei
3312 3334 3403 3370 re-

162 3414 207 3460 ut
235 3411 354 3466 alios
409 3413 530 3485 ipse
579 3414 795 3479 doceat,
850 3415 919 3468 ab
978 3416 1100 3487 ipsa
1152 3417 1504 3471 ordinatione
1541 3417 1721 3472 elatus
1804 3419 1971 3484 pente
1999 3413 2246 3484 praebere
2287 3419 2642 3483 potestatem,
2677 3426 2850 3481 quare
2899 3410 3032 3480 quia
3075 3409 3258 3462 adhuc
3278 3407 3404 3460 vitae

161 3512 325 3568 magna
374 3501 639 3574 desipiat,
717 3505 812 3575 qui
868 3512 925 3558 et
971 3505 1131 3575 quasi
1191 3507 1460 3576 magister
1505 3507 1717 3561 discere
1801 3508 1856 3556 et
1885 3520 2104 3556 morum
2133 3519 2364 3556 suorum
2418 3503 2657 3556 necdum
2695 3504 2922 3552 cautum
2952 3497 3191 3569 praebuit
3239 3497 3404 3550 docu-

159 3586 208 3638 ab
233 3589 400 3660 aliquo
435 3593 728 3647 interdum
775 3610 886 3648 non
917 3595 1182 3665 patietur,
1216 3611 1281 3648 eo
1330 3595 1477 3666 quod
1525 3596 1720 3650 doctor
1801 3598 2074 3658 mentum,
2098 3599 2156 3645 et
2189 3592 2467 3645 incertum
2499 3596 2602 3655 est,
2653 3595 2850 3643 utrum
2891 3587 3032 3640 nihil
3079 3585 3262 3638 simile
3293 3585 3404 3654 pri-

159 3675 212 3727 sit
234 3677 336 3747 ipse
363 3682 746 3748 constitutus;
780 3683 979 3737 docere
1007 3689 1198 3737 autem
1240 3684 1417 3737 nescit
1446 3701 1510 3738 eo
1571 3685 1717 3754 quod
1801 3682 1962 3736 stinae
1994 3681 2248 3752 perﬁciat
2273 3681 2418 3746 vitae,
2455 3679 2674 3732 diabolo
2732 3677 2937 3730 multas
2979 3675 3243 3728 adversus
3271 3689 3401 3727 eum

155 3779 239 3818 non
266 3768 519 3837 primitus
534 3771 753 3825 didicit.
772 3772 964 3826 Elatus
993 3789 1122 3826 vero
1143 3772 1358 3826 exstitit
1374 3773 1431 3826 in
1465 3773 1576 3826 illis
1596 3789 1720 3844 quae
1800 3771 2089 3824 machinas
2117 3770 2452 3832 inveniente,
2487 3775 2553 3821 ut
2581 3775 2638 3820 et
2655 3767 2861 3820 iterum
2908 3781 3038 3818 eum
3069 3763 3127 3817 in
3156 3763 3402 3832 antiquis

156 3852 235 3906 sibi
258 3860 560 3914 secundum
590 3860 883 3914 veritatem
907 3861 1138 3915 minime
1167 3862 1389 3916 adsunt.
1414 3862 1570 3916 Vane
1589 3878 1718 3916 vero
1803 3859 2113 3931 praecipitet
2133 3859 2370 3922 delictis,
2397 3875 2462 3911 eo
2494 3857 2642 3928 quod
2672 3871 2853 3926 nuper
2880 3853 3062 3907 adhuc
3092 3869 3126 3906 a
3153 3851 3400 3905 deterio-

154 3945 384 4000 extollens
411 3965 473 4002 se
506 3954 740 4020 propter
765 3949 1088 4021 impositam
1127 3950 1438 4021 magisterii
1477 3951 1719 4022 speciem
1803 3948 1959 4002 ribus
1988 3949 2280 4002 recessisse
2300 3947 2538 4013 videtur,
2572 3951 2628 3999 et
2656 3961 2768 3998 non
2799 3947 2983 4015 potest
3019 3941 3122 3996 sub
3169 3939 3401 3994 alterius

155 4031 264 4086 nihil
300 4036 525 4092 differre
561 4037 839 4093 videbitur
870 4039 1112 4105 diabolo,
1165 4040 1260 4110 qui
1311 4040 1568 4094 minister
1619 4040 1722 4094 Dei
1803 4055 1940 4092 cura
1965 4054 2079 4092 non
2109 4037 2396 4109 pertinens
2422 4037 2481 4090 in
2511 4035 2714 4089 melius
2759 4033 2982 4103 corrigi,
3014 4048 3080 4085 eo
3106 4029 3254 4102 quod
3283 4029 3402 4101 ipse

153 4129 353 4190 creatus,
383 4143 515 4196 quae
555 4142 762 4196 magna
783 4133 868 4181 est
899 4127 968 4181 de
1015 4145 1075 4182 se
1113 4145 1309 4199 sapere
1338 4129 1589 4195 annisus,
1621 4129 1722 4183 Dei
1803 4127 2023 4181 videtur
2058 4127 2296 4180 aliorum
2337 4126 2524 4196 potius
2552 4123 2984 4179 sollicitudinem
3012 4120 3219 4175 habere
3245 4135 3402 4172 com-

153 4208 232 4262 sibi
257 4213 571 4270 adsciscens
599 4224 657 4270 et
684 4233 888 4270 nomen
909 4225 966 4271 et
993 4218 1281 4284 honorem,
1315 4218 1372 4271 in
1397 4219 1506 4272 illis
1535 4233 1595 4271 se
1625 4235 1720 4271 ex-
1805 4217 2035 4270 missam
2059 4217 2163 4282 ;sic
2185 4233 2285 4287 per
2310 4216 2500 4269 omnia
2513 4214 2760 4269 ostendit
2781 4213 2940 4266 illum
2964 4211 3057 4282 qui
3089 4211 3146 4264 in
3186 4209 3401 4280 episco-

152 4299 336 4368 tollens,
359 4320 487 4374 quae
516 4303 624 4358 sibi
655 4321 768 4358 non
797 4306 1087 4360 adharent
1135 4308 1348 4377 justam
1366 4307 1572 4377 judicis
1602 4323 1720 4377 pm-
1804 4312 1998 4377 patum
2028 4306 2356 4377 producitur
2370 4304 2713 4375 probabilem
2733 4302 2937 4356 debere
2974 4317 3114 4364 esse,
3139 4305 3196 4352 et
3232 4299 3404 4351 virtu-

152 4401 256 4442 nam
300 4400 607 4464 exspectat,
642 4394 722 4448 ita
750 4401 812 4448 ut
850 4394 1209 4449 manifestum
1239 4397 1312 4449 sit
1348 4414 1412 4450 ex
1442 4396 1528 4449 his
1560 4395 1715 4461 illud,
1737 4395 1954 4497 Dtibus
1974 4395 2103 4461 illis,
2140 4413 2262 4465 quae
2301 4394 2607 4449 secundum
2632 4393 2897 4464 pietatem
2926 4395 3076 4454 sunt,
3118 4393 3398 4440 ornatum.

155 4479 269 4497 μμ,
483 4484 494 4494 .
574 4483 606 4497 ..
647 4476 650 4480 -
741 4483 775 4497 ..
847 4483 861 4497 .
1251 4485 1262 4496 .
1389 4486 1428 4497 λ
1507 4485 1520 4497 .
1808 4485 1856 4497 ..
2023 4485 2034 4495 .
2153 4484 2166 4497 .
2281 4485 2294 4497 .
2431 4485 2456 4497 ..
2483 4483 2496 4497 .
2709 4480 2763 4497 ,ι
3049 4475 3278 4497 mn-..
3319 4474 3367 4497 ,ιε

151 4479 269 4544 quod
305 4476 696 4553 superioribus
723 4483 1063 4550 dicebamus,
1095 4485 1361 4556 quoniam
1388 4485 1594 4538 Paulus
1624 4474 1786 4556 per”
1807 4485 1922 4538 Nec
1947 4485 2097 4538 enim
2118 4484 2187 4537 ob
2216 4485 2394 4537 solam
2425 4483 2592 4536 ﬁdem
2629 4487 2728 4534 aut
2749 4478 3011 4549 baptismi
3039 4475 3285 4546 gratiam
3315 4474 3400 4526 di-

152 4568 308 4622 omnia
334 4571 613 4643 propositi
658 4572 1043 4642 probationem
1084 4574 1338 4645 requirit.
1382 4575 1574 4628 Talem
1604 4591 1724 4628 esse
1803 4591 1979 4643 gnum
2007 4573 2214 4627 habere
2244 4589 2374 4626 eum
2403 4570 2710 4625 existimari
2743 4568 2906 4621 istius
2926 4581 3048 4618 esse
3065 4564 3189 4622 loci,
3217 4563 3325 4616 nisi
3347 4567 3403 4616 et

153 4660 194 4706 et
214 4658 530 4731 episcopum
563 4661 772 4728 volens,
816 4663 910 4733 qui
930 4663 990 4716 in
1019 4679 1185 4734 opere
1208 4663 1478 4734 propositi
1506 4662 1592 4716 sui
1620 4663 1720 4716 do-
1803 4663 1919 4716 vita
1947 4668 2004 4716 et
2030 4661 2465 4715 conversationis
2509 4676 2620 4713 suae
2650 4657 2822 4710 fultus
2857 4655 3030 4708 fuerit
3055 4651 3399 4707 testimonio.

151 4755 382 4801 cumenta
423 4756 700 4820 prmstare
729 4751 922 4821 possit,
965 4751 1110 4822 quod
1159 4751 1482 4822 baptismati
1528 4751 1721 4805 adesse
1801 4751 1937 4803 Tres
1967 4766 2164 4803 causas
2185 4747 2528 4802 necessarias
2551 4744 2822 4816 exposuit,
2840 4741 2989 4813 quod
3009 4743 3090 4796 ita
3107 4741 3407 4796 conveniat

153 4846 479 4908 nequaquam
510 4844 695 4910 potest
718 4857 729 4892 :
753 4840 1140 4895 remissionem
1169 4841 1318 4894 enim
1367 4845 1720 4911 peccatorum
1802 4839 1945 4902 ﬁeri,
1985 4854 2156 4891 unam
2181 4837 2408 4908 quidem
2435 4853 2500 4890 eo
2530 4834 2678 4905 quod
2695 4833 2855 4886 facile
2883 4832 3183 4886 extollatur
3210 4830 3280 4884 ab
3307 4831 3404 4884 illa

151 4917 397 4992 baptisma
426 4933 680 4998 praestat,
705 4929 750 4982 si
778 4929 856 4982 sic
885 4928 1137 4983 absolute
1166 4936 1394 5000 excepto
1438 4929 1720 5000 proposito
1807 4932 2100 4998 potestate,
2136 4943 2246 4998 qua
2301 4926 2499 4979 docere
2553 4928 2782 4977 caeteros
2837 4921 3142 4975 statuitur:
3167 4920 3403 4974 alteram

153 5017 195 5061 ει
214 5011 306 5066 hoc
331 5017 707 5086 pronuntiare
735 5017 811 5071 sit
838 5024 1086 5083 cautum,
1135 5019 1400 5072 virtutem
1435 5035 1564 5072 vero
1612 5034 1723 5071 non
1805 5033 1935 5070 vero
1964 5016 2113 5087 quod
2143 5021 2399 5086 oporteat
2420 5030 2548 5067 eum
2563 5012 2772 5066 bonum
2793 5010 3176 5065 testimonium
3197 5008 3403 5062 habere

152 5109 334 5165 gestam
376 5123 497 5160 non
525 5108 872 5178 inoperatur.
904 5107 1116 5161 Deinde
1143 5113 1201 5161 et
1245 5108 1414 5162 aliam
1443 5108 1577 5161 dicit
1597 5124 1725 5162 cau—
1807 5105 1876 5159 ab
1901 5105 2031 5172 illis,
2065 5106 2161 5175 qui
2206 5105 2342 5158 foris
2381 5109 2531 5169 sunt,
2565 5108 2621 5156 et
2643 5103 2871 5156 tertiam
2905 5098 3050 5170 quod
3090 5113 3203 5150 non
3240 5103 3402 5151 caute

155 5203 249 5243 Sam
271 5196 417 5263 quod
448 5202 708 5266 oporteat
734 5196 1032 5251 virtutibus
1057 5198 1421 5251 exercitatum
1443 5214 1572 5250 eum
1605 5213 1725 5251 esse
1807 5195 1877 5249 de
1906 5212 1971 5248 eo
1999 5199 2229 5265 possent
2247 5193 2541 5264 conjicere,
2573 5209 2638 5246 eo
2666 5191 2813 5263 quod
2835 5191 3110 5243 incertum
3141 5192 3228 5240 est
3242 5203 3314 5241 an
3345 5187 3402 5241 in

156 5293 234 5344 per
271 5285 463 5338 omnia
499 5301 633 5356 erga
669 5285 937 5356 pietatem
969 5287 1064 5356 qui
1101 5286 1158 5340 in
1201 5286 1580 5357 episcopatum
1640 5292 1756 5340 est'
1807 5283 2090 5355 preposito
2139 5283 2366 5336 meliore
2396 5281 2682 5347 consistat,
2725 5296 2825 5334 nec
2863 5295 2952 5344 ne,
2988 5282 3046 5331 et
3072 5276 3130 5329 in
3171 5276 3404 5348 antiqua

159 5369 534 5432 producendus.
585 5393 613 5426 α
646 5375 916 5445 Oporteat
943 5381 1132 5430 autem
1163 5392 1290 5429 eum
1323 5381 1380 5428 et
1406 5375 1613 5429 bonum
1637 5380 1723 5428 te-
1807 5388 2100 5426 recurrens
2132 5372 2217 5425 sui
2235 5371 2480 5425 deterior
2511 5371 2730 5437 existat,
2765 5367 2860 5422 sed
2877 5366 3062 5421 studio
3103 5365 3400 5420 meliorum

162 5473 177 5501 εί
204 5458 519 5514 stimonium
532 5462 741 5517 habere
769 5464 839 5518 de
855 5464 942 5518 his
971 5465 1065 5535 qui
1093 5465 1228 5518 foris
1256 5469 1405 5518 sunt.
1431 5464 1506 5519 Ut
1519 5481 1632 5518 non
1663 5465 1721 5518 in
1806 5462 2135 5516 illustratur.
2162 5461 2291 5514 Haec
2315 5460 2543 5530 quidem
2562 5460 2711 5514 dicta
2726 5462 2902 5512 sunta
2928 5456 3103 5511 Paulo
3140 5473 3264 5527 quae
3281 5456 3400 5510 viro

164 5547 540 5617 sopprobrium
568 5552 781 5606 incidat
809 5559 866 5607 et
913 5554 1175 5624 laqueum
1205 5553 1430 5608 diaboli.
1466 5573 1491 5606 »
1522 5552 1607 5606 Ab
1634 5553 1722 5606 his
1805 5551 1992 5604 divina
2017 5549 2228 5603 credito
2280 5549 2467 5619 gratia
2520 5549 2630 5602 dici
2660 5546 2986 5601 debuerant.
3023 5546 3095 5600 Hi
3123 5562 3255 5598 vero
3303 5545 3398 5614 qui

163 5633 236 5699 qui
252 5635 379 5690 foris
406 5645 540 5695 sunt
552 5641 796 5706 edicens,
827 5641 951 5696 illos
979 5649 1157 5713 putat,
1192 5643 1285 5714 qui
1329 5648 1486 5696 extra
1533 5642 1720 5696 Eccle-
1804 5640 1963 5694 Pauli
1984 5639 2222 5694 decretis
2251 5639 2568 5710 superiores
2597 5655 2721 5692 esse
2748 5637 3090 5700 existimant,
3133 5633 3273 5688 nihil
3293 5633 3396 5685 ho-
