3866 6158
458 563 585 614 κω
612 557 947 629 producunt,
986 572 1091 611 nec
1125 555 1299 611 vitm
1345 572 1541 611 eorum
1589 558 1901 628 antiquata,
1952 574 2061 612 nec

461 646 807 718 propositum
837 646 1092 700 examine
1113 645 1433 712 suadentes,
1459 647 1556 700 sed
1583 647 1655 700 ad
1674 646 2057 702 defensionem

459 746 620 790 suam
649 735 946 790 hocsolum
971 734 1284 806 proferunt,
1317 735 1465 805 quod
1518 740 1619 789 aut
1664 750 1848 806 nuper
1883 737 2061 791 credi-

458 824 625 891 derit,
655 830 759 879 aut
788 829 974 896 nuper
997 823 1072 878 sit
1126 807 1458 894 baptizatus,
1506 824 1603 878 sed
1643 823 1691 878 si
1749 825 1876 895 quis
1938 826 2061 881 vult

459 913 836 968 differentiam
864 920 1262 983 recognoscere
1270 912 1449 977 illam,
1468 929 1592 984 qua:
1610 913 1760 968 inter
1782 912 1945 969 Pauli
1963 915 2058 969 de-

460 1007 632 1067 creta,
670 999 931 1073 interque
960 1002 1161 1056 horum
1198 1000 1441 1056 habetur
1468 1001 1847 1073 prudentium
1875 1003 2058 1058 inten-

461 1090 1177 1162 dltcausasmbquasnon
1207 1091 1713 1163 sicﬁerioportere
1740 1092 1949 1147 Paulus
1975 1093 2059 1147 in-

459 1176 684 1247 struxit,
716 1185 931 1235 ettunc
952 1180 1254 1252 perspiciet
1295 1180 1505 1236 decreti
1555 1183 1677 1252 ejus
1703 1182 2005 1236 utilitatem
2040 1200 2053 1250 ;

459 1270 747 1325 examinet
770 1282 904 1325 vero
924 1271 1046 1341 jam
1100 1269 1237 1341 ipsis
1281 1269 1539 1340 negotiis,
1573 1276 1631 1323 et
1658 1271 1977 1341 perspiciat.
2011 1271 2057 1324 si

457 1369 573 1414 non
601 1356 671 1413 de
688 1359 801 1413 illis
827 1358 923 1430 qui
951 1359 1021 1412 de
1040 1359 1145 1413 hoc
1172 1359 1341 1413 modo
1358 1358 1490 1412 facti
1529 1364 1664 1413 sunt
1678 1359 1943 1430 episcopi,
1958 1366 2059 1414 aut

459 1459 656 1502 omnes
698 1460 896 1502 causas
946 1448 1084 1502 istas
1128 1447 1394 1507 inveniet.
1424 1452 1525 1502 aut
1559 1449 1758 1503 saltem
1786 1464 1961 1503 unam
1990 1465 2057 1503 ex

455 1532 569 1592 illis
614 1536 876 1607 reperiet,
907 1543 1009 1591 aut
1038 1536 1286 1590 inveniet
1333 1552 1429 1591 eos
1484 1537 1725 1592 elatione
1779 1538 2058 1592 imniensa

457 1620 666 1691 extolli,
688 1624 847 1680 itaut
861 1640 957 1680 eos
974 1625 1139 1697 quiin
1168 1626 1426 1680 eamdem
1462 1627 1847 1696 suntgratium
1865 1643 2056 1682 accer-

457 1712 572 1778 siti,
597 1723 700 1767 nec
727 1713 940 1768 similes
961 1713 1088 1780 sibi,
1113 1728 1219 1769 nec
1258 1715 1458 1785 dignos
1477 1732 1599 1770 esse
1628 1716 1966 1777 existnnent,
1999 1720 2057 1771 et

899 382 911 395 .
1065 338 3131 400 n.mmumsm.muunrxormlrsnsm

461 467 957 541 mmeudere
998 466 1727 539 voluntisedplurimosin
1770 465 3650 542 eﬁmopa-Amiinmddﬁdntopmepiwpuw

2139 556 2309 612 bilem
2335 572 2458 612 esse
2486 557 2634 612 sicut
2658 557 2761 611 Dei
2788 556 3221 627 dispensaton
3248 557 3371 623 (Tn.
3392 563 3444 627 ι).
3476 579 3503 614 ι
3534 563 3649 619 Cum

2138 647 2460 701 convenerit
2486 645 2680 716 utique
2694 645 2796 709 illi,
2828 649 2895 700 ut
2911 643 3283 716 presbyterum
3307 662 3423 701 eum
3448 649 3654 708 dicunt:

2138 736 2236 790 sed
2255 735 2542 791 evidenter
2594 739 2654 788 et
2695 733 3019 806 episcopum
3045 740 3102 788 et
3134 733 3488 806 presbyterum
3511 741 3654 795 nurui-

2137 823 2782 896 navit;quieautemeit
2817 836 3115 879 mnos
3148 825 3656 894 estjudmesmi-

2137 913 2310 969 lentio
2340 913 2647 985 praterire,
2670 911 2743 967 ob
2768 911 2925 967 illam
2952 911 3383 968 immutationem
3394 915 3655 979 Mum,

2138 1001 3662 1074 qumadpmsensessevidetur,etquaercausadis-

2137 1098 2291 1147 creta
2340 1096 2477 1146 sunt
2510 1108 2614 1147 nec
2656 1098 2807 1146 nunc
2840 1089 3073 1145 nomine
3104 1096 3165 1144 et
3200 1096 3373 1161 neque
3420 1092 3662 1162 episcopus

2138 1180 2248 1234 dici
2298 1185 2484 1251 potest
2500 1178 2815 1250 presbyter,
2828 1193 3013 1250 neque
3029 1177 3311 1249 presbyter
3326 1185 3548 1250 unquam
3567 1179 3663 1250 spi-

2138 1269 2289 1340 scOpi
2314 1267 2791 1340 nuncupationem
2819 1267 3029 1338 poterit
3064 1265 3169 1321 sibi
3195 1266 3456 1321 vindicare
3498 1282 3667 1338 usque-

2137 1357 2273 1413 dum
2310 1356 2605 1430 presbyter
2628 1372 2750 1412 esse
2778 1355 2943 1411 sistit.
2984 1355 3243 1426 Antiquis
3274 1355 3466 1411 etenim
3487 1361 3667 1426 tempo-

2138 1446 2292 1502 ribus
2320 1447 2547 1518 quando
2564 1445 2762 1518 pietati
2799 1444 3101 1501 studebant
3126 1442 3443 1515 presbyteri,
3467 1443 3601 1498 οωιι
3624 1445 3671 1498 in

2137 1537 2258 1591 loco
2286 1535 2710 1601 ordinabuntur,
2761 1536 2869 1589 hoc
2888 1535 3116 1606 quidem
3139 1546 3339 1589 nomen
3374 1533 3669 1604 contempla-

2134 1625 2304 1680 tionis
2340 1625 2569 1679 honoris
2612 1623 2969 1695 accipientes,
3006 1623 3151 1678 sieut
3203 1629 3260 1677 et
3302 1622 3443 1693 apud
3486 1621 3669 1677 ludens

2135 1708 2449 1786 presbyteri
2475 1712 2824 1779 dieebantur,
2858 1711 2967 1783 qui‘
2981 1711 3189 1784 papula
3220 1716 3495 1782 pmersnt.
3522 1710 3672 1764 Voca-

459 1801 566 1855 hoe
589 1798 663 1855 de
688 1801 799 1856 illis
826 1803 922 1873 qui
947 1816 1171 1875 seniper
1210 1804 1381 1858 vitam
1412 1819 1574 1859 suam
1605 1805 1808 1860 studiis
1827 1805 2053 1877 Optimis
2069 1796 2115 1858 Β
2133 1802 2339 1858 bantur
2354 1808 2546 1858 autem
2575 1807 2634 1856 et
2664 1801 2910 1873 episeopi
2936 1800 3009 1856 ab
3035 1801 3134 1856 illo
3155 1815 3339 1872 opere,
3367 1798 3505 1870 quod
3529 1798 3673 1853 ethn-

458 1884 903 1958 illustraverunt,
927 1898 986 1946 et
1004 1906 1118 1947 non
1174 1892 1551 1948 discesserunt
1572 1893 1648 1948 ab
1693 1894 1791 1949 illo
1842 1893 2055 1966 optimo

461 1978 767 2050 proposito,
813 1981 961 2052 quod
1010 1981 1066 2035 in
1122 1982 1465 2037 anteriorem
1514 1983 1688 2038 vitam
1726 1983 2057 2055 expendisse

458 2064 809 2136 videbantur,
827 2075 887 2124 et
908 2070 1155 2125 maxime
1191 2070 1263 2124 ob
1280 2072 1645 2142 cupiditatem
1662 2073 2055 2144 pecuniarum,

460 2161 521 2212 et
546 2159 695 2229 quod
722 2159 877 2213 omni
905 2172 973 2213 ex
1000 2160 1493 2231 pattecoadunare
1536 2166 1839 2233 properent
1892 2172 2057 2234 pecu-

458 2242 602 2313 nias,
631 2247 679 2301 si
708 2253 899 2302 tamen
926 2249 1246 2303 anteatales
1269 2248 1518 2315 fuerunt,
1538 2256 1643 2305 aut
1657 2256 1809 2305 certe
1836 2250 1907 2305 ab
1944 2251 2057 2305 illis

457 2335 554 2406 qui
600 2341 762 2391 extra
807 2332 1109 2393 Eculesiam
1164 2338 1300 2395 sunt
1340 2339 1696 2411 improperiis
1739 2340 2053 2411 pulsentur,

457 2436 563 2496 pro
580 2424 783 2497 quibus
802 2432 935 2481 ante
983 2442 1098 2481 non
1127 2427 1369 2481 mulum
1395 2429 1668 2499 temporis
1694 2445 1823 2483 cum
1850 2429 2060 2500 profess

458 2509 632 2566 sionis
659 2520 809 2568 esset
833 2511 980 2582 talis,
1013 2521 1113 2569 aut
1129 2515 1277 2580 talis,
1311 2515 1527 2570 nullum
1552 2516 1679 2570 vite
1707 2530 1822 2571 suae
1850 2518 1937 2571 vel
1976 2517 2060 2572 ius

458 2598 742 2670 tegritatis
766 2603 1153 2658 testimonium
1183 2603 1454 2658 habentes
1469 2606 1615 2676 quod
1664 2609 1895 2676 possent
1921 2607 2061 2661 talia

457 2700 667 2759 angere
693 2690 839 2757 aliis,
870 2696 929 2745 et
973 2690 1323 2761 diligentiam
1351 2692 1618 2748 adhibere
1646 2695 1733 2748 sui
1761 2695 2054 2766 propositi.

459 2774 698 2832 Evidens
716 2794 848 2833 vero
895 2777 1033 2834 illud
1090 2796 1157 2834 ex
1182 2781 1271 2835 his
1311 2796 1435 2852 qua
1463 2798 1499 2836 a
1542 2781 1705 2836 nobis
1733 2788 1865 2837 ante
1908 2783 2059 2837 dicta

458 2871 610 2932 sunt,
637 2868 905 2938 quoniam
921 2866 984 2923 Β.
1012 2868 1220 2924 Paulus
1240 2881 1390 2936 eum,
1423 2870 1520 2941 qui
1548 2871 1618 2924 de
1656 2887 1828 2942 prava
1847 2872 1963 2926 vita
1985 2873 2055 2927 ad

459 2955 749 3010 meliorem
779 2956 952 3011 vitam
980 2957 1225 3024 transiit,
1249 2960 1307 3013 et
1325 2972 1493 3030 opere
1511 2959 1632 3030 ipso
1659 2959 1787 3014 vita:
1818 2977 1935 3016 sua:
1960 2962 2057 3015 do-

457 3049 721 3099 cumenta
750 3045 1072 3117 praebuerit,
1106 3047 1164 3101 in
1214 3047 1663 3103 Ecclesiasticam
1691 3049 1891 3121 recipit
1931 3051 2056 3105 fun-

454 3132 715 3199 ctionem,
738 3148 852 3189 non
882 3135 953 3190 ob
977 3136 1218 3207 primam
1245 3137 1727 3192 conversationem
1747 3118 2052 3211 reprehens
2067 3118 2111 3178 (ἶ

451 3234 602 3287 eum,
649 3220 749 3276 sed
804 3232 907 3294 pro
964 3225 1213 3279 secunda
1252 3225 1489 3295 dignum
1534 3242 1657 3281 esse
1703 3227 2048 3284 existimans.

452 3309 600 3363 Nam
624 3310 787 3365 illum
823 3313 919 3383 qui
945 3313 1268 3384 huiusmodi
1308 3312 1497 3378 fuerit,
1543 3315 1861 3370 necessario
1897 3316 2055 3371 testi-

452 3398 705 3454 monium
740 3399 951 3456 bonum
1000 3402 1379 3474 subsequitur,
1427 3403 1501 3457 ob
1535 3404 1662 3459 vita
1708 3405 1832 3475 ejus
1873 3422 2057 3461 corre-

452 3485 715 3552 ctionem,
738 3490 874 3560 quia
890 3490 949 3544 in
977 3491 1180 3546 melius
1207 3509 1272 3546 se
1304 3498 1504 3563 sponte
1534 3493 1828 3548 transtulit
1870 3499 1929 3548 et
1958 3508 2055 3566 op-

453 3573 746 3645 p'robrium
770 3576 1025 3649 pristinas
1052 3578 1178 3634 vite
1215 3594 1331 3634 sum
1359 3596 1396 3634 a
1422 3596 1481 3635 se
1537 3579 1789 3651 dispulit.
1826 3581 1896 3636 Et
1938 3598 2052 3637 non

453 3666 541 3716 est
571 3663 1081 3734 pertimescendum
1110 3683 1180 3720 ne
1201 3666 1363 3721 facile
1412 3667 1605 3721 redeat
1656 3667 1912 3727 ulterius,
1954 3669 2051 3740 qui

454 3749 687 3807 arbitrio
714 3770 816 3808 suo
845 3755 917 3809 ab
946 3755 1057 3810 illis
1077 3763 1277 3829 sponte
1311 3756 1598 3812 discedere
1616 3758 2047 3828 praebcnoravit,

450 3840 723 3911 optimum
784 3859 907 3898 esse
944 3844 1270 3903 existimans
1316 3850 1381 3900 ut
1416 3846 1714 3901 meliorum
1761 3860 1908 3901 cum
1937 3852 2055 3902 stu-

450 3928 599 3991 deat,
633 3931 943 3987 secundum
970 3932 1121 3987 hunc
1157 3933 1387 3987 modum
1416 3933 1589 3989 etiam
1620 3934 1684 3987 Β.
1718 3934 2047 3989 Matthieum

448 4031 516 4070 es
548 4015 846 4087 publicano
864 4018 1105 4074 electum
1130 4018 1675 4085 fuisseinveniemus,
1707 4027 1765 4077 et
1782 4022 1969 4093 ipsum
1988 4023 2049 4077 in

448 4104 765 4174 apostolum
818 4106 1135 4162 invenimus
1164 4107 1452 4171 transisse,
1491 4125 1558 4162 eo
1617 4110 1767 4180 quod
1812 4111 2052 4182 pristina

446 4191 564 4246 vita
593 4208 787 4249 eorum
806 4195 1024 4249 nullum
1053 4195 1167 4250 illis
1195 4196 1386 4251 attulit
1423 4197 1909 4275 impedimentum,
1951 4202 2048 4270 qui

449 4280 554 4335 hoc
572 4281 819 4337 ofﬁcium
832 4290 1142 4345 sumerent,
1172 4302 1239 4340 eo
1271 4286 1423 4356 quod
1449 4291 1508 4341 et
1556 4287 1801 4358 perfecto
1845 4290 2049 4345 allectu

2133 1892 2289 1963 plere
2316 1891 2667 1958 videbantur,
2697 1906 2764 1945 eo
2816 1890 2966 1961 quod
2992 1889 3344 1945 considerare
3370 1887 3545 1943 omnia
3573 1902 3673 1956 qua

2135 1981 2206 2035 ad
2224 1980 2439 2035 cultum
2450 1979 2736 2051 pertinent
2759 1978 2985 2050 pietatis
2994 1975 3530 2033 ﬁienntoonstituti:
3544 1975 3677 2030 itaut

2135 2070 2523 2125 universorum
2547 2067 3023 2139 dispensationem
3051 2066 3324 2121 haberent
3348 2063 3675 2119 commissam.

2136 2159 2281 2212 Nam
2302 2164 2361 2212 et
2390 2158 2693 2229 perfectam
2725 2156 3207 2227 dispensationem
3227 2160 3287 2209 et
3318 2152 3681 2211 auctoritatqu

2135 2247 2496 2301 ecclesiastici
2516 2245 2817 2301 ministerii
2844 2245 2950 2316 ipsi
2994 2251 3132 2300 tunc
3166 2242 3507 2298 commissam
3547 2239 3685 2294 hahe-

2138 2335 2293 2402 bant,
2317 2341 2376 2391 et
2401 2335 2593 2390 omnia
2618 2334 2962 2405 regebantur
2986 2349 3092 2404 pro
3118 2348 3314 2389 eorum
3339 2329 3570 2386 arbitrio.
3593 2327 3688 2382 Hoc

2139 2428 2329 2479 autem
2359 2424 2567 2495 poterit
2593 2425 2721 2495 quis
2745 2430 2804 2478 et
2826 2440 2861 2479 a
2907 2423 3061 2478 Luca
3099 2421 3314 2477 discere
3365 2416 3686 2478 ωωωω.

2142 2513 2239 2584 qui
2274 2512 2334 2567 in
2356 2512 2589 2569 Actibus
2604 2512 2989 2584 apostolorum
3005 2513 3145 2580 (Act.
3175 2509 3229 2581 χ)
3256 2509 3402 2564 inter
3431 2502 3692 2563 celandi.

2140 2601 2221 2656 cit
2245 2601 2465 2657 misisse
2486 2601 2726 2656 Paulum
2750 2600 2979 2672 Ephesi,
3009 2606 3071 2653 et
3104 2612 3362 2654 evocasse
3388 2594 3695 2668 presbyteros

2139 2691 2211 2744 ad
2241 2707 2321 2756 se,
2352 2691 2514 2761 cujus
2539 2690 2714 2745 etiam
2740 2696 2799 2745 et
2841 2688 3293 2743 exhortationem
3322 2686 3496 2743 adeon
3526 2683 3696 2737 factum

2139 2779 2384 2849 exponit,
2417 2778 2551 2849 quia
2579 2777 2779 2832 iisdem
2806 2775 3238 2833 advenientibus
3272 2774 3465 2829 fecisse
3496 2770 3697 2831 videtur.

2139 2866 2199 2921 in
2227 2866 2430 2937 quibus
2462 2867 2673 2921 Paulus
2700 2866 2782 2920 ita
2807 2864 3034 2922 disserit
3062 2880 3076 2918 :
3114 2883 3142 2917 ς(
3173 2862 3461 2920 Attenditc
3485 2857 3626 2915 vobis
3653 2860 3699 2909 et

2139 2955 2292 3010 omni
2326 2955 2487 3026 gregi
2523 2955 2585 3009 in
2606 2972 2717 3026 quo
2738 2971 2833 3009 vos
2862 2953 3109 3025 Spiritus
3136 2958 3370 3009 sanctus
3402 2948 3579 3025 posuit
3609 2944 3702 3016 epi-

2137 3060 2334 3116 scopos
2362 3045 2435 3099 ad
2460 3043 2767 3114 regendam
2798 3043 3106 3101 Ecclesium
3136 3043 3262 3098 Dei.
3318 3062 3341 3091 ι)
3381 3039 3601 3096 Evideas
3630 3039 3702 3089 est

2134 3133 2267 3204 quia
2287 3148 2428 3204 quos
2456 3133 2578 3204 ipse
2603 3132 2916 3188 nominavit
2940 3131 3327 3204 presbyteros,
3362 3131 3461 3185 hos
3484 3144 3518 3183 a
3556 3123 3703 3181 Paulo

2132 3222 2423 3294 episcopos
2448 3223 2749 3279 accersitos
2792 3221 3169 3281 denuntiavit.
3204 3221 3264 3277 hi
3292 3236 3422 3275 vero
3458 3215 3551 3289 qui
3574 3212 3703 3269 unli-

2132 3309 2377 3366 nationis
2418 3324 2570 3367 nunc
2595 3309 2805 3367 habent
2839 3314 3205 3381 potestatem,
3229 3309 3328 3382 qui
3370 3322 3513 3363 nunc
3554 3300 3706 3359 nomi-

2133 3405 2344 3455 nantur
2409 3399 2675 3470 episcopi,
2726 3415 2841 3455 non
2884 3399 3057 3470 hujus
3109 3399 3365 3455 ecclesiae
3402 3393 3708 3452 creabatur

2133 3487 2397 3559 episcopi,
2417 3489 2517 3543 sed
2545 3488 3144 3560 provinciasintegras,
3163 3494 3224 3543 et
3237 3488 3553 3557 intempOl‘e
3574 3494 3706 3550 ηαδ·

2133 3575 2271 3632 bant
2296 3577 2682 3648 apostolorum
2724 3577 2954 3633 nomine
2982 3577 3322 3650 nuncupati,
3355 3576 3435 3630 sic
3471 3571 3709 3629 universe

2133 3666 2279 3720 Asiae
2305 3666 2663 3721 Timotheum
2680 3665 3199 3738 praeposuitbeatus
3229 3665 3457 3725 Paulus,
3480 3666 3537 3716 et
3557 3660 3709 3715 Crete

2132 3755 2340 3809 Titum.
2401 3755 2637 3809 Evidens
2686 3762 2877 3809 autem
2908 3762 2996 3809 est
3023 3756 3300 3826 quoniam
3331 3760 3389 3809 et
3423 3752 3557 3809 alios
3606 3745 3711 3801 alii!

2134 3843 2433 3914 provinciis
2450 3859 2554 3914 per
2582 3850 2773 3914 partes
2787 3844 2983 3898 itidem
3022 3844 3357 3916 pmposuit,
3382 3844 3461 3897 ita
3486 3845 3543 3897 et
3557 3848 3707 3893 unus-

2131 3932 2369 4003 quisque
2394 3946 2592 3987 eorum
2620 3931 2857 4003 integris
2873 3930 3613 4003 provincimsollicitudinonl
3636 3925 3710 3979 ἱιισ

2129 4021 2333 4092 deptus
2351 4027 2707 4092 percurreret
2734 4021 2995 4077 ecclesias
3026 4023 3347 4087 universas,
3382 4025 3439 4075 et
3464 4018 3531 4073 ad
3559 4013 3708 4070 ecclo‘

2129 4109 2412 4165 siasticam
2428 4109 2767 4165 functionem
2776 4150 2791 4175 ,
2807 4109 2903 4166 ubi
2915 4110 3156 4169 deerant
3166 4109 3382 4175 clerici,
3396 4106 3710 4165 ordinatam.

2129 4204 2188 4253 et
2215 4214 2580 4269 quaecumque
2602 4215 2784 4254 causae
2829 4198 2985 4254 duras
3038 4200 3191 4271 apud
3220 4199 3353 4255 illos
3381 4193 3709 4253 accedebant,

2129 4287 2526 4353 dissolvebant,
2576 4304 2672 4342 eos
2708 4287 2878 4343 simul
2934 4294 2991 4343 et
3026 4288 3201 4344 verbo
3250 4287 3521 4345 doctrinis
3568 4278 3717 4337 corri-

448 4369 1029 4429 meliorumstudiisse
1077 4373 1520 4429 illustraverunt.
1554 4375 1828 4431 Diaconos
1854 4377 2051 4433 simili—
2069 4391 2286 4448 “gens,
2320 4391 2416 4431 eos
2454 4382 2513 4431 et
2542 4376 2846 4431 durissima
2892 4382 3263 4448 peccatorum
3304 4377 3510 4433 delicta
3552 4384 3716 4441 νενω-

446 4460 832 4532 tenopinatur
848 4462 1101 4534 quisquis
1118 4480 1285 4520 usum
1294 4464 1613 4520 divinarum
1628 4466 2047 4537 Scripturarum
2069 4436 2337 4536 Dpitians
2390 4466 2558 4531 Deus,
2622 4436 2924 4520 dissolvere
2978 4480 3081 4536 per
3120 4467 3379 4537 gratiam
3428 4436 3711 4519 videbatur.

446 4546 688 4618 ignorat,
720 4549 947 4606 beatum
960 4552 1203 4607 Paulum
1223 4553 1581 4626 presbyteros
1598 4556 2044 4625 prmtermisisse,

447 4636 543 4690 sed
571 4653 685 4693 non
710 4637 796 4693 ita
831 4655 892 4693 se
934 4656 1024 4695 res
1076 4641 1280 4697 habet:
1314 4642 1415 4697 illa
1463 4642 1615 4697 enim
1666 4659 1789 4713 quae
1819 4643 1890 4697 de
1935 4644 2051 4716 epi-

446 4739 614 4795 scopo
641 4725 705 4780 in
720 4727 1097 4784 anterioribus
1119 4729 1277 4795 dixit,
1300 4731 1473 4785 etiam
1493 4731 1630 4786 etde
1648 4731 1760 4786 illis
1770 4731 1922 4799 dicit,
1949 4733 2047 4804 qui

445 4820 596 4867 nunc
610 4813 982 4871 nominantur
1003 4818 1334 4890 presbyteri,
1369 4835 1436 4874 eo
1461 4819 1609 4890 quod
1634 4819 1881 4891 antiquis
1903 4827 2045 4875 tem—

443 4900 675 4972 poribus
700 4905 954 4977 utrisque
973 4906 1060 4961 his
1071 4907 1393 4963 nominibus
1416 4914 1686 4963 vocantur
1706 4908 2038 4980 presbyteri,

443 4994 503 5044 et
526 4989 632 5047 hoc
668 4992 1003 5051 notabamus
1028 4996 1100 5051 de
1152 4997 1601 5068 Philippensibus
1644 4997 1950 5054 scribentes
1984 5000 2045 5055 in

443 5095 512 5134 ea
537 5081 793 5152 epistola,
818 5101 947 5141 cum
976 5084 1223 5141 scribens
1240 5087 1541 5158 Apostolus
1583 5087 1843 5158 ccepisset
1863 5093 1922 5143 et
1947 5104 2043 5143 co~

441 5167 717 5240 episcopis
744 5175 804 5225 et
828 5187 957 5227 cum
984 5171 1235 5227 diaconis
1261 5173 1419 5241 dixit,
1471 5174 1697 5229 evidens
1740 5175 1873 5246 quia
1927 5188 2042 5231 non

442 5263 567 5311 erat
592 5258 855 5328 possibile
874 5266 940 5315 ut
967 5261 1131 5317 multi
1168 5268 1357 5319 essent
1393 5263 1639 5335 episcopi
1669 5264 1727 5319 in
1757 5279 1870 5321 una
1905 5265 2041 5319 civi-

440 5349 578 5400 tate.
608 5346 810 5401 Melius
836 5354 1025 5405 autem
1059 5349 1185 5421 quis
1203 5366 1537 5421 cognoscere
1567 5352 1705 5409 illud
1750 5352 1958 5424 poterit
1975 5370 2042 5409 ex

441 5432 553 5489 illis
581 5449 705 5504 quis
745 5435 816 5489 ad
833 5437 1024 5493 Titum
1061 5437 1284 5509 scripsit
1309 5440 1642 5504 Apostolus;
1674 5436 2039 5496 dixitctenim

445 5539 471 5573 (ι
502 5527 569 5577 ut
597 5523 906 5579 constituas
931 5542 1034 5596 per
1049 5526 1301 5597 singulas
1356 5527 1606 5583 civitates
1659 5527 2035 5600 presbyteros,

442 5618 589 5681 sicut
609 5624 715 5684 ego
735 5613 841 5671 tibi
872 5616 1130 5688 prosapi,
1166 5637 1193 5670 ι)
1223 5622 1283 5672 at
1307 5615 1499 5673 dicens
1552 5617 1747 5689 quales
1800 5617 2045 5677 debeant

2127 4554 2198 4607 ad
2242 4555 2473 4626 plenum
2508 4554 2679 4609 etiam
2726 4555 2917 4609 omnia
2962 4554 3178 4611 faciens
3208 4556 3331 4621 illa,
3372 4571 3497 4626 qua
3547 4561 3720 4606 oonw'

2126 4641 2321 4697 niebat
2345 4642 2529 4699 facere
2573 4659 2727 4707 eum,
2784 4643 2883 4714 qui
2928 4645 3275 4714 praepositus
3333 4644 3485 4699 idem
3510 4639 3578 4696 ad
3630 4636 3721 4690 hoc

2125 4731 2328 4787 fuerat.
2387 4733 2533 4787 Nam
2587 4738 2647 4786 et
2696 4731 2971 4787 universas
3015 4733 3280 4789 civitates
3338 4739 3475 4788 tunc
3518 4724 3723 4802 presby-

2124 4824 2294 4885 teros,
2355 4827 2421 4875 ut
2457 4821 2590 4887 dixi,
2643 4814 2943 4887 habebant,
3002 4822 3101 4892 qui
3139 4839 3282 4878 suns
3344 4819 3604 4879 ecclesias
3628 4813 3727 4869 sin-

2122 4910 2242 4979 guli
2276 4927 2288 4965 :
2323 4909 2419 4980 qui
2447 4926 2577 4965 vero
2605 4926 2757 4965 nunc
2774 4909 3019 4982 episcOpi
3066 4911 3468 4976 nominantur,
3502 4907 3582 4963 illi
3608 4911 3727 4961 tunc

2121 4997 2364 5069 apostoli
2384 4997 2734 5053 dicebantur.
2758 4998 3039 5062 Quoniam
3067 5015 3324 5071 veroper
3349 4988 3727 5070 singulassivio

2123 5092 2271 5141 tates
2295 5093 2398 5142 aut
2411 5087 2807 5158 possessiones,
2830 5087 2927 5158 qui
2954 5087 3383 5145 ordinationem
3393 5088 3728 5160 episcopatui

2125 5179 2512 5247 susceperunt,
2532 5181 2591 5230 et
2608 5182 2745 5231 tunc
2782 5176 3011 5246 quidem
3032 5177 3139 5233 hoc
3168 5179 3349 5233 modo
3384 5174 3628 5232 ecclesiis
3653 5184 3729 5223 r0-

2122 5263 2404 5335 gebantur
2426 5283 2439 5332 ;
2459 5264 2723 5335 quoniam
2752 5280 2882 5319 vero
2909 5265 3089 5336 pietas
3138 5266 3569 5321 incrementum
3595 5274 3730 5316 sum-

2123 5353 2300 5424 psisse
2314 5353 2551 5419 videtur,
2573 5359 2629 5408 et
2640 5353 2865 5424 repleta:
2874 5359 3009 5409 sunt
3036 5371 3149 5409 non
3160 5356 3341 5410 modo
3353 5354 3607 5411 civitates
3618 5362 3727 5403 δη·-

2120 5442 2397 5506 dentium,
2423 5442 2523 5499 sed
2549 5441 2829 5512 regiones.
2861 5440 3051 5499 Bestia
3105 5460 3244 5499 vero
3274 5442 3557 5516 apostolis
3585 5439 3730 5495 dece-

2120 5531 2399 5597 dentibus,
2432 5531 2511 5585 illi
2538 5531 2638 5602 qui
2664 5536 2793 5602 post
2818 5532 2945 5587 illos
2982 5532 3235 5591 ordinati
3260 5540 3422 5599 sunt,
3443 5536 3514 5599 ut
3541 5540 3727 5601 praeo-

2119 5625 2251 5677 sent
2264 5619 2513 5677 ecclesiis
2540 5619 2653 5677 illis
2677 5619 2878 5692 primis
2895 5622 3177 5694 aequari
3192 5636 3319 5679 non
3343 5624 3631 5695 poterant,
3643 5629 3730 5670 ιιθ-
