3868 6138
197 344 270 410 009
532 332 1109 401 ENARRATIONUH
1136 332 1216 401 iN
1244 332 1400 401 ΕΡΡ.
1432 333 1647 401 PAULI
1677 335 1815 401 LIB.
1850 335 2053 401 XXIII.
2102 362 2167 387 -ε
2210 336 2290 400 IN
2330 336 2552 399 EPIST.
2583 339 2609 399 Ι
2645 340 2745 400 Μ]
2782 343 2933 400 Tm.

3266 332 3372 396 συθ

196 484 270 550 quo
293 461 636 528 miraculorum
665 458 1049 543 testimonium
1080 470 1185 540 par
1209 458 1323 523 illis
1342 470 1568 533 habere,
1589 471 1684 525 sed
1704 473 1749 530 A
1773 470 2094 524 communia
2119 476 2242 524 esse
2270 469 2370 523 illa
2397 480 2520 539 quae
2537 464 2805 523 virtutum
2835 475 2970 524 sunt
2989 465 3372 539 oportereext-

195 571 233 620 et
245 566 285 618 in
301 561 454 617 multis
469 559 585 613 aliis
604 558 943 611 infirmiores
964 559 1188 612 illorum
1208 572 1330 612 esse
1340 560 1688 626 videbantur,

1776 561 1966 612 stimet
1999 578 2008 611 :
2046 559 2239 628 adjicit
2270 570 2396 612 vero
2432 564 2490 611 et
2516 558 2708 629 aliqua
2736 558 3056 631 specialiter
3075 557 3286 617 dicens,
3310 560 3375 608 ut

190 640 1124 725 graieexistiimveruntapostolorum
1144 647 1692 702 sibivindicarenun—
1775 649 1952 718 magis
1983 648 2270 717 magisque
2300 648 2476 717 ipsius
2506 648 2588 700 rei
2632 646 2839 701 faceret
2866 646 3367 710 continuationem,

192 742 485 813 cupationem;
512 738 821 790 diviserunt
844 753 976 805 ergo
1009 737 1133 807 ipsa
1160 737 1473 799 nomina,et
1503 738 1611 791 illis
1634 738 1688 792 id

192 835 258 889 est.
277 826 565 899 presbyteris
588 825 924 896 presbyterii
955 832 1160 879 nomen
1184 826 1554 896 reliquerunt.
1581 827 1687 880 Alii

188 932 273 973 rem
295 915 497 987 Episcopi
526 920 659 968 sunt
682 915 1007 987 nuncupati,
1044 914 1117 979 hi,
1137 915 1231 984 Qui
1248 919 1304 968 et
1321 916 1689 969 ordinationis

185 1006 338 1079 pediti
364 1010 477 1058 sunt
492 1007 786 1074 potestate,
810 1004 889 1056 ita
910 1005 972 1056 in
1000 992 1323 1074 plenissime
1343 1002 1513 1057 iidem
1545 1012 1687 1075 prie-

183 1097 328 1167 positos
349 1111 400 1147 se
423 1093 773 1146 ecclesiarum
797 1098 916 1145 esse
939 1097 1365 1162 cognoscerent;
1391 1093 1537 1147 facta
1557 1099 1687 1148 sunt

183 1184 327 1237 verost
350 1181 628 1251 ampliores
677 1180 918 1251 episcopi
957 1194 1125 1233 causa
1166 1181 1243 1234 sic
1273 1182 1681 1251 depostuliinte.

180 1274 317 1326 Postea
340 1286 455 1323 vero
470 1273 523 1322 et
541 1269 654 1322 illis
686 1269 889 1339 adjecit
916 1274 1067 1335 sunt,
1102 1269 1197 1322 alii
1224 1269 1559 1324 liberalitate
1590 1288 1684 1324 eo-

181 1366 264 1413 rum
285 1359 360 1429 qui
385 1358 754 1412 ordinationes
780 1357 1076 1411 faciebant.
1108 1352 1389 1429 Imprimis
1417 1360 1565 1413 enini
1586 1368 1687 1431 per

177 1448 356 1518 singulas
380 1447 678 1518 provincias
702 1447 811 1500 dno
832 1450 931 1499 aut
953 1449 1191 1501 multum
1207 1453 1323 1501 tres
1344 1438 1553 1502 flebant
1574 1451 1685 1520 epi-

177 1537 292 1607 swpl,
318 1536 442 1606 quod
470 1540 522 1590 et
548 1536 610 1589 in
642 1535 896 1606 partibus
926 1537 1095 1589 etiam
1138 1537 1384 1591 occiduis
1415 1544 1525 1592 non
1557 1544 1687 1593 ante

173 1626 285 1679 inulti
303 1624 539 1695 temporis
560 1626 806 1696 spatium
828 1625 885 1678 in
912 1622 1166 1695 plurimis
1188 1627 1481 1696 provinciis
1500 1633 1686 1682 busto-

170 1715 252 1767 dire
272 1713 583 1775 videbantur,
621 1714 678 1767 in
708 1714 987 1783 aliquibus
1006 1731 1138 1767 vero
1159 1719 1215 1768 ct
1243 1719 1422 1785 usque
1450 1718 1521 1770 ad
1552 1734 1689 1787 prie-

1772 737 1972 790 deinde
2002 736 2196 805 adjicit
2222 737 2579 805 generaliter.
2611 757 2633 787 «
2669 736 2954 791 Habentes
2992 734 3371 789 ministerium

1772 818 1900 879 ﬁdei
1928 826 1986 879 in
2015 826 2356 879 conscientia
2385 838 2543 895 pura.
2585 842 2610 875 η
2657 822 3066 896 Compendiose
3097 824 3213 885 illa,
3248 832 3371 892 qua

1771 915 2004 968 deceant
2025 915 2294 968 diaconos
2314 914 2608 967 observare
2629 914 2786 977 dixit,
2806 916 3023 984 justum
3038 918 3141 975 est,
3164 911 3367 981 inquit,

1771 1018 1866 1057 eos
1897 1004 2025 1057 fidei
2051 1003 2361 1057 ministerio
2394 1003 2801 1063 ministrantes,
2834 1000 2900 1056 ut
2927 1003 3078 1055 dicat
3106 996 3370 1071 dogmata

1772 1091 1995 1163 pietatis
2029 1108 2041 1146 :
2076 1091 2408 1161 mysterium
2436 1091 2585 1144 enim
2619 1106 2765 1161 smpe
2794 1097 2953 1145 vocat
2971 1090 3110 1144 illud
3140 1090 3364 1158 dogma,

1770 1182 1915 1251 quod
1946 1181 2014 1234 de
2046 1182 2270 1234 Christo
2294 1188 2395 1237 est.
2429 1181 2575 1234 sicut
2589 1186 2647 1233 et
2674 1180 2730 1233 in
2754 1181 2857 1233 hac
2886 1176 3119 1251 epistola
3140 1194 3205 1232 ex
3234 1178 3369 1230 sub-

1769 1269 2132 1339 sequentibus
2163 1271 2362 1323 melius
2393 1282 2727 1338 cognoscere
2757 1269 3085 1338 poterimus,
3115 1274 3180 1321 ut
3207 1278 3368 1320 mun-

1766 1359 1896 1411 dam
1919 1359 2317 1412 conscientiam
2350 1359 2521 1411 habes
2532 1364 2594 1411 ‘nt
2608 1358 2665 1411 in
2685 1373 2753 1411 ea
2765 1359 3049 1411 fnnctione
3069 1366 3239 1427 quam
3259 1356 3366 1409 im-

1768 1448 1919 1517 plere
1940 1444 2359 1501 videnturJndo
2376 1448 2594 1516 adjicit:
2620 1448 2685 1501 Et
2701 1448 2757 1499 hi
2779 1444 3087 1517 probentur
3097 1444 3361 1516 primum,

1770 1542 1827 1589 et
1855 1538 1934 1589 sic
1956 1532 2277 1590 ministrent
2295 1537 2415 1590 sine
2433 1536 2664 1590 crimine
2690 1532 3036 1589 constituti.»
3052 1536 3196 1588 Nam
3216 1534 3365 1603 quod

1770 1625 1910 1678 dixit
1938 1624 2277 1683 ministrent.
2310 1626 2414 1678 hoc
2457 1632 2559 1685 est,
2590 1626 2973 1696 producantur
3002 1625 3059 1676 in
3087 1622 3362 1688 diaconla,

1770 1731 1836 1767 eo
1859 1716 2007 1784 quod
2053 1730 2155 1768 nec
2198 1721 2419 1785 poterat
2461 1715 2582 1767 ﬂeri
2630 1722 2694 1767 ut
2732 1714 3138 1777 ministrarent,
3173 1713 3219 1764 si
3250 1724 3363 1765 non

169 1808 255 1855 iens
269 1802 313 1855 id
337 1803 563 1856 inveniet
582 1803 710 1873 quis
729 1803 1071 1856 custoditum
1092 1822 1102 1855 :
1129 1809 1383 1874 tempore
1400 1820 1531 1859 vero
1559 1814 1683 1876 pro-
1702 1799 1748 1858 B
1768 1804 2009 1874 primum
2036 1804 2246 1857 fuerint
2257 1804 2519 1859 ordinati.
2537 1802 2617 1856 sic
2630 1800 3367 1873 videturperomniabeatus

167 1896 350 1943 movente
376 1907 475 1944 non
494 1886 683 1945 solum
713 1906 814 1962 per
828 1892 1079 1945 civitates
1099 1893 1339 1947 ordinati
1357 1896 1570 1955 sunt,et
1584 1906 1685 1966 per

165 1980 321 2047 singula
346 1981 469 2043 loca,
497 1981 554 2034 in
590 1979 792 2051 quibus
818 1996 921 2034 nec
952 1983 1092 2034 adeo
1120 1984 1419 2036 necessitas
1460 1985 1682 2055 ﬂagita-

163 2067 360 2129 batutad
378 2069 509 2122 hanc
531 2070 883 2123 iunctionem
907 2071 1236 2140 explendam
1265 2073 1679 2127 ordinarentur.

163 2152 308 2210 Bitiae
323 2158 527 2231 quidem
544 2158 617 2210 ad
634 2159 1140 2212 manifestationem
1152 2170 1349 2213 sensus
1368 2162 1685 2230 apostolica:

160 2244 387 2315 Suipturae
415 2260 447 2298 a
475 2246 639 2300 nobis
660 2252 793 2300 sunt
823 2242 991 2312 dicta,
1026 2252 1089 2301 ut
1108 2254 1165 2301 et
1194 2249 1289 2301 illa
1318 2256 1441 2319 qua:-
1471 2251 1683 2304 dudum

160 2333 287 2387 iaciat
307 2335 379 2387 vel
423 2336 789 2399 consuetudo,
821 2338 905 2389 vel
955 2330 1355 2391 demutationis
1402 2346 1572 2392 causa
1628 2340 1683 2393 in

157 2425 347 2490 apertum
372 2425 721 2478 consisteret.

204 2510 561 2567 intendendum
591 2526 724 2567 vero
754 2518 839 2567 est
866 2514 935 2567 de
960 2520 1159 2568 cretero
1190 2515 1299 2569 illis
1318 2524 1441 2585 quae
1470 2516 1537 2570 ’de
1570 2516 1684 2570 dia-

153 2598 320 2653 cnnllitis
346 2601 489 2667 dicit,
524 2606 659 2656 cuni
700 2602 923 2655 evidens
966 2604 1037 2657 sit
1074 2604 1233 2671 illud,
1278 2605 1542 2675 quoniam
1588 2605 1684 2659 illa

154 2702 237 2755 qua
254 2689 308 2741 de
323 2690 586 2762 episcopis
617 2692 767 2744 dicta
795 2699 943 2755 sunt,
961 2692 1029 2745 de
1062 2692 1169 2745 illis
1192 2694 1285 2762 qui
1303 2700 1435 2746 tunc
1462 2694 1685 2765 presby-

155 2780 257 2828 teros
272 2777 669 2846 gubernabant,
705 2780 783 2833 ita
813 2784 876 2833 ut
904 2780 1091 2834 essent
1117 2786 1251 2835 tunc
1290 2798 1390 2853 per
1436 2782 1685 2851 singulas

152 2866 394 2930 provincias
405 2868 1036 2938 singulimuncupantes
1049 2870 1223 2923 voluit
1233 2871 1685 2941 signiﬁcari,un

154 2951 205 3003 vel
227 2955 432 3009 maxime
459 2957 806 3010 conveniunt
834 2958 903 3011 ad
937 2968 1199 3028 praesens,
1216 2962 1408 3012 etcum
1434 2960 1583 3012 omni
1605 2960 1685 3013 di-

150 3038 317 3106 ligentia
333 3036 705 3099 obSerVantur
731 3045 799 3099 ab
830 3046 937 3100 illis
969 3048 1229 3117 quinunc
1262 3048 1506 3118 episcopi
1536 3058 1681 3102 nun-

1765 1894 1971 1946 Paulus
1984 1893 2051 1946 de
2069 1894 2283 1962 illo,qui
2305 1893 2360 1945 in
2377 1890 2691 1945 ministerio
2702 1894 2788 1945 est
2810 1890 3365 1962 producendus,scri-
3443 1892 3450 1903 '

1766 1981 1916 2045 bere,
1946 1986 2009 2034 ut
2036 1976 2242 2035 bonum
2291 1982 2678 2034 testimonium
2734 1980 2939 2033 habeat
2976 1994 3038 2032 ex
3077 1979 3365 2049 praeterita

1766 2070 1897 2135 vita,
1931 2082 2042 2124 non
2064 2078 2253 2124 tamen
2277 2070 2529 2124 absolute
2558 2077 2615 2123 et
2642 2070 2876 2123 ibrtuitu
2898 2068 3212 2121 ministerio
3240 2078 3365 2137 pro—

1769 2160 2026 2221 ducatur,
2060 2160 2261 2212 deinde
2291 2160 2424 2229 quia
2450 2159 2712 2212 diaconos
2731 2157 2888 2217 dixit,
2912 2166 3207 2210 commune
3234 2162 3365 2208 vero

1770 2249 1874 2301 hoc
1904 2262 2109 2301 nomen
2128 2255 2213 2301 est
2241 2249 2409 2301 etiam
2433 2254 2490 2301 et
2507 2246 2836 2301 mulieribus
2848 2244 2973 2316 quae
3001 2245 3058 2298 in
3078 2246 3182 2297 hoc
3197 2256 3365 2314 opere

1768 2337 2173 2407 producuntur.
2190 2338 2400 2407 optime
2421 2335 2633 2405 adjicit.
2654 2355 2675 2385 α
2709 2332 2973 2389 Mulieres
2989 2334 3251 2387 similiter
3265 2344 3366 2403 pu-

1768 2426 1936 2479 dicas.
1978 2438 2003 2477 il
2038 2427 2161 2479 Non
2198 2427 2301 2479 nec
2329 2426 2449 2479 vult
2476 2425 2660 2478 dicere
2692 2425 2750 2477 in
2782 2425 2885 2476 hoc
2922 2419 3060 2487 loco,
3096 2418 3361 2491 quoniam

1766 2515 2027 2568 convenit
2064 2530 2159 2567 eos
2198 2512 2341 2568 tales
2378 2513 2585 2567 habere
2626 2528 2842 2575 uxores,
2876 2512 2973 2565 sed
3013 2510 3274 2581 quoniam
3307 2515 3365 2563 et

1767 2602 2049 2668 mulieres,
2084 2616 2205 2673 quae
2234 2603 2482 2657 diaconis
2512 2601 2756 2656 ofﬁcium
2776 2600 3009 2671 implere
3037 2602 3366 2653 statuuntur

1760 2680 1974 2745 'similes
2005 2706 2126 2745 esse
2171 2693 2445 2753 convenit,
2479 2696 2545 2745 ut
2578 2689 2801 2744 virtutis
2830 2690 3016 2743 studio
3045 2702 3203 2759 33de
3248 2684 3364 2741 sint

1768 2781 2232 2835 illustratieﬁam
2245 2787 2303 2834 et
2324 2781 2381 2834 in
2404 2782 2521 2834 loco
2543 2778 2646 2833 hoc
2671 2780 2797 2833 ideo
2827 2779 3051 2847 adjecit,
3078 2796 3101 2827 ε
3128 2777 3252 2830 Non
3275 2790 3363 2830 ac-

1766 2871 2086 2923 cusatrices.
2126 2890 2148 2920 )
2184 2871 2260 2924 Eo
2283 2870 2431 2940 quod
2452 2869 2766 2923 necessario
2797 2868 2917 2921 fieri
2950 2868 3143 2931 soleat,
3160 2872 3225 2919 ut
3254 2874 3360 2919 eaa-

1765 2963 1899 3012 terve
1930 2959 2193 3013 mulieres
2222 2959 2568 3012 confidenter
2606 2957 2717 3011 illis
2756 2972 2823 3010 ea
2863 2970 2985 3026 quae
3021 2956 3091 3008 de
3140 2966 3200 3008 se
3230 2952 3362 3008 sunt

1764 3048 2011 3101 referant
2045 3067 2055 3100 :
2080 3049 2397 3102 necessario
2417 3062 2550 3117 ergo
2574 3047 2712 3100 dicit
2738 3060 2849 3099 non
2880 3044 3083 3098 debere
3112 3059 3207 3097 eas
3238 3058 3362 3097 esse

148 3136 373 3197 cupantur,
394 3138 555 3188 tanto
578 3136 857 3188 intentius
878 3140 1088 3206 quanto
1132 3138 1405 3206 majorem
1437 3129 1738 3191 ﬂinctio-C
1761 3134 2149 3201 accusatrices,
2184 3137 2263 3189 ita
2291 3144 2355 3190 ut
2390 3150 2501 3190 non
2552 3136 2836 3207 duplicent
2863 3134 2960 3187 illa
2989 3132 3129 3197 aliis,
3166 3146 3290 3203 qua:
3329 3145 3363 3185 a

147 3229 233 3269 nem
256 3224 594 3277 commissam
629 3224 835 3277 habere
868 3225 1147 3278 videntur.
1174 3216 1318 3289 Quid
1352 3238 1483 3295 ergo
1504 3214 1679 3281 dicit?

148 3303 341 3361 diaconos
356 3311 623 3366 similiter
642 3313 801 3366 illum
823 3314 1078 3367 ordinem
1097 3315 1520 3385 propemodum,
1545 3320 1604 3369 et
1621 3316 1679 3369 in

146 3392 213 3446 hoc
234 3396 332 3451 loco
350 3414 603 3455 servasse
626 3402 866 3465 videtur,
891 3416 1058 3472 quem
1089 3404 1157 3456 de
1179 3398 1507 3457 mulieribus
1533 3405 1683 3458 dixe-

149 3486 202 3532 rat
218 3488 260 3537 et
281 3487 418 3541 viris.
435 3490 584 3543 Nam
617 3494 675 3543 et
696 3491 793 3543 illa
816 3496 938 3560 qua:
960 3492 1028 3545 de
1060 3492 1191 3544 viris
1212 3493 1471 3562 primitus
1490 3493 1680 3547 dicens

145 3568 303 3637 tijecit,
330 3596 349 3627 ε
381 3579 653 3633 similiter
690 3586 881 3634 autem
914 3584 971 3633 et
999 3581 1282 3641 mulieres,
1323 3600 1345 3630 ι
1382 3583 1680 3636 ostendens

148 3662 339 3725 quoniam
353 3666 446 3719 illa
458 3676 587 3738 qua:
603 3669 875 3722 virtutum
889 3672 1040 3725 sunt.
1057 3676 1352 3723 commune
1367 3671 1433 3723 ad
1455 3676 1547 3724 eds
1564 3670 1682 3725 vult

146 3750 371 3814 petiuere.
398 3757 513 3810 Hoc
544 3758 699 3810 idem
730 3768 859 3812 vero
879 3759 1010 3812 fecit
1042 3766 1099 3811 et
1126 3760 1184 3812 in
1206 3759 1309 3811 hoc
1332 3760 1468 3823 loco,
1490 3760 1678 3813 dicens

146 3834 204 3888 illa
217 3846 315 3908 quis
332 3848 461 3898 tunc
488 3834 563 3899 de
586 3848 863 3917 episcopis
879 3849 1096 3902 dixerat
1110 3848 1201 3919 qui
1218 3863 1364 3901 nunc
1387 3850 1681 3902 nominans

142 3932 201 3975 tu!
220 3930 759 4004 presbyteri.adjicit,
789 3948 816 3985 (ι
833 3925 1095 3989 diaconos
1124 3936 1400 3999 similiter,
1423 3955 1443 3989 ι
1470 3937 1573 3990 hoc
1594 3941 1679 3991 est

143 4015 336 4072 universa
354 4038 475 4091 quae
496 4025 573 4077 ad
604 4025 871 4077 virtutem
903 4026 1205 4094 pertinent,
1225 4022 1486 4078 similiter
1505 4031 1562 4078 et
1591 4026 1677 4079 his

142 4100 456 4180 Messccnpio.
467 4113 690 4166 Deinde
702 4113 912 4181 adjicit.
924 4124 947 4163 ι
963 4114 1218 4167 Pudicos'.
1234 4130 1254 4163 δ
1266 4116 1287 4180 (
1293 4117 1331 4167 Α
1344 4131 1390 4165 m
1402 4114 1547 4183 br.)J
1551 4119 1679 4167 usta

144 4192 295 4249 ratione
322 4214 383 4252 eo
412 4202 565 4270 quod
604 4202 945 4254 mediatores
970 4202 1194 4271 quidem
1217 4207 1273 4255 et
1295 4203 1535 4255 ministri
1559 4204 1678 4256 fun—

142 4279 280 4337 dinnis
302 4290 689 4351 sacerdotalis,
715 4296 824 4344 non
855 4292 1038 4343 solum
1069 4306 1204 4359 erga
1235 4290 1379 4343 viros
1396 4292 1677 4352 erant,sed

142 4376 289 4440 “erga
302 4379 593 4432 mulieres:
635 4380 946 4432 necessario
970 4390 1102 4447 ergo
1123 4396 1219 4433 eos
1241 4380 1381 4432 tales
1403 4396 1526 4433 esse
1544 4362 1677 4434 coin-

1762 3224 2094 3295 quibusdam
2115 3226 2225 3279 illis
2244 3225 2525 3289 dicuntur,
2548 3238 2618 3278 ne
2641 3234 2704 3278 ex‘
2733 3225 2839 3277 hoc
2859 3222 3246 3276 contentiones
3262 3222 3363 3276 ali-

1762 3328 1901 3384 quas
1929 3315 2153 3367 adnasci
2182 3315 2391 3367 faciant
2421 3317 2521 3367 aut
2547 3314 2805 3367 divortia.
2843 3330 2868 3363 α
2903 3310 3147 3366 Sobrius.
3187 3324 3211 3362 »
3244 3311 3360 3364 Hoc

1762 3408 1848 3458 est
1873 3410 2119 3473 argutas,
2153 3404 2233 3457 ita
2270 3411 2334 3457 ut
2372 3403 2644 3474 impleant
2672 3416 2798 3455 cum
2845 3401 3140 3454 velocitate
3169 3401 3359 3453 omnia

1763 3490 1859 3545 illa
1888 3506 2011 3562 quae
2041 3508 2074 3546 a
2104 3508 2161 3545 se.
2191 3491 2900 3553 fiericonveniunt,deinde
2930 3489 3179 3559 plenarie
3201 3489 3354 3542 dicit.

1766 3600 1788 3632 «
1822 3578 2039 3635 Fideles
2060 3581 2117 3634 in
2142 3578 2421 3633 omnibus.
2461 3594 2483 3630 ι
2518 3580 2701 3634 Media
2718 3594 2849 3631 vero
2878 3577 3355 3647 interponensilla

1762 3685 1884 3739 qua;
1896 3670 1964 3722 de
1978 3669 2301 3722 mulieribus
2312 3669 2580 3721 diaconiae
2595 3666 2838 3720 ofﬁcium
2853 3664 3216 3736 fungentibus
3234 3670 3357 3735 pro-

1760 3765 1885 3828 pter
1912 3758 2155 3811 nominis
2180 3756 2399 3810 dixerat
2425 3756 2893 3815 communionem,
2910 3755 2990 3807 ita
3012 3760 3075 3807 ut
3102 3754 3357 3806 ostende-

1762 3848 1865 3911 ret,
1900 3847 2045 3917 quod
2080 3848 2198 3900 vult
2226 3844 2502 3905 similiter,
2521 3851 2577 3898 et
2606 3845 2743 3898 istas
2756 3841 2956 3897 studiis
2974 3843 3244 3895 virtutum
3275 3843 3356 3895 in-

1760 3937 2009 3999 tendere,
2038 3934 2241 3989 deinde
2264 3935 2501 3988 resumit
2532 3933 2977 4005 prosecutioneni
3004 3930 3159 3985 illam
3184 3944 3351 4002 quam

1760 4025 1828 4078 de
1857 4024 2183 4078 diaconibus
2202 4025 2259 4077 in
2281 4023 2723 4095 praecedentibus
2755 4022 2977 4076 dixerat
3005 4020 3229 4075 residua
3253 4021 3352 4074 ad-

1756 4114 1973 4184 jiciens.
1992 4133 2019 4164 ‹‹
2036 4108 2285 4178 Diaconi,
2310 4113 2510 4183 inquit,
2526 4113 2640 4166 sint
2666 4113 2834 4166 unius
2846 4111 3036 4165 uxoris
3048 4111 3153 4164 viri
3175 4120 3185 4163 ε
3212 4105 3357 4164 ﬁlios

1762 4202 1900 4256 bene
1927 4209 2184 4273 regentes
2200 4204 2463 4256 etdomos
2474 4218 2623 4255 suas.
2645 4210 2667 4252 ἱ
2688 4200 3349 4272 Compendioseidipsum

1759 4292 2076 4361 dixit,quod
2094 4290 2149 4345 in
2179 4292 2564 4362 snperioribus
2582 4296 2639 4344 et
2657 4291 2726 4343 de
2750 4287 3089 4361 presbyteris
3113 4286 3350 4349 dixerat,

1762 4397 1861 4452 per
1878 4381 2065 4433 omnia
2115 4381 2415 4434 ostendens
2455 4380 2718 4450 quoniam
2762 4388 3057 4432 commune
3088 4376 3198 4429 illis
3238 4376 3355 4428 vult

146 4459 345 4517 rmirbat.
364 4486 385 4516 σ
398 4468 529 4521 Non
546 4468 847 4537 bilingues.
872 4486 891 4518 ι
915 4469 982 4522 Et
994 4470 1096 4521 hoc
1111 4470 1266 4539 justa
1283 4469 1417 4522 dicit
1434 4471 1672 4535 ratione,
1694 4448 1742 4505 Ῑ)
1761 4448 1956 4523 adesse
1981 4468 2229 4525 studium
2250 4448 2491 4531 virtutis,
2511 4469 2712 4521 deinde
2733 4467 2865 4536 quia
2882 4465 3219 4519 inﬁrmiores
3234 4476 3354 4516 esse

142 4543 170 4593 gi
189 4549 301 4604 enim
326 4555 593 4611 deferunt
622 4557 737 4621 illa,
762 4566 883 4627 quae
916 4558 1259 4611 mandantur
1286 4568 1319 4611 a
1339 4558 1680 4629 presbyteris

146 4632 216 4683 Si"?
237 4640 365 4705 Viris,
395 4646 513 4699 sive
544 4642 879 4699 mulieribus
910 4647 978 4699 ad
1025 4656 1164 4716 quos
1195 4647 1573 4701 admittuntur
1589 4650 1679 4717 jus

144 4728 239 4777 5mm
264 4738 337 4784 est
362 4748 457 4787 eos
489 4736 719 4788 sincero
768 4733 1020 4799 arbitrio,
1075 4737 1221 4789 sicut
1267 4737 1543 4801 convenit,
1570 4738 1676 4790 im-

146 4810 259 4875 iitm.
284 4834 396 4889 quae
421 4824 532 4876 sibi
565 4812 851 4887 dicuntur,
873 4830 929 4877 et
949 4838 1071 4895 quae
1099 4834 1197 4895 per
1221 4836 1315 4878 eos
1345 4826 1676 4879 inundantes

145 4899 326 4960 mdium.
373 4912 523 4966 Nam
572 4913 889 4966 utilitatem
936 4914 1286 4967 decretorum
1330 4913 1475 4967 beati
1519 4914 1675 4968 Pauli

148 4997 451 5069 l1humilisque
500 5010 645 5054 tunc
683 5001 969 5055 evidenter
1012 5003 1323 5073 perspicere
1370 5003 1592 5072 poterit,
1628 4994 1675 5056 si

145 5076 252 5132 rebus
262 5084 379 5154 ipsis
393 5096 511 5143 una
532 5091 861 5144 examinare
884 5091 1140 5144 voluerit.
1164 5108 1187 5141 α
1206 5093 1330 5144 Νοη
1351 5092 1529 5145 multo
1549 5092 1676 5144 vino

146 5162 416 5230 deumnon
438 5180 615 5249 turpe
630 5180 845 5232 lucrum
859 5184 1195 5249 spectantes.
1217 5200 1237 5226 ι
1257 5174 1504 5249 Utraque
1526 5179 1675 5233 enim

230 5268 520 5321 necessaria
544 5274 682 5321 sunt
702 5267 1051 5329 diaconibus,
1068 5269 1213 5321 sicut
1229 5274 1285 5322 et
1312 5269 1671 5339 presbyteris.

148 5338 236 5436 iam
256 5355 299 5401 et
324 5353 377 5405 in
402 5366 654 5423 persona
697 5356 1153 5427 presbyterorum
1187 5363 1244 5410 et
1276 5338 1458 5427 ipsum
1484 5338 1680 5428 posuit

148 5426 268 5489 ﬁ"ens
290 5452 390 5495 non
412 5426 911 5508 vinolentummon
925 5447 1189 5518 cupidum
1210 5426 1600 5517 pecuniarum:
1621 5449 1677 5501 in

149 5532 185 5566 εῠ
206 5533 353 5581 autem
380 5531 518 5585 dum
543 5530 685 5586 dicit
718 5550 744 5583 α
776 5534 1053 5602 similiter,
1095 5554 1115 5586 η
1159 5536 1502 5590 sufﬁcienter
1528 5538 1678 5591 visus

148 5608 197 5660 “Si
214 5609 293 5669 hoc
317 5617 495 5689 ipsum
518 5618 890 5692 significasse,
924 5625 1190 5695 quoniam
1221 5636 1322 5697 per
1351 5627 1543 5680 omnia
1566 5626 1677 5680 illis

1762 4559 2022 4611 videntur
2050 4557 2389 4628 presbyteris
2424 4557 2731 4610 secundum
2768 4548 3027 4623 gradum,
3054 4553 3353 4606 ostendens

1759 4648 1891 4718 quia
1911 4648 1968 4699 in
1994 4647 2148 4699 nulla
2166 4654 2326 4716 parte
2346 4647 2702 4698 minorantur
2714 4641 2785 4695 ab
2798 4642 2929 4707 illis,
2944 4642 2991 4695 si
3020 4642 3348 4703 secundum,

1759 4742 1824 4790 ut
1852 4735 2184 4789 conveniens
2203 4742 2307 4793 est.
2342 4746 2506 4787 suum
2531 4733 2774 4786 officium
2796 4731 3029 4802 implere
3054 4730 3349 4796 voluerint,

1760 4824 1971 4894 adjicit.
2002 4844 2021 4874 ι
2046 4824 2151 4888 Qui
2182 4824 2332 4876 enim
2355 4822 2495 4875 bene
2517 4819 3226 4891 ministmveﬁnt,gradum
3248 4819 3353 4873 sibi

1760 4914 1967 4967 bonum
1999 4913 2314 4983 acquirunt,
2347 4919 2403 4966 et
2432 4912 2666 4965 multam
2699 4908 2981 4975 fiduciam,
3018 4924 3139 4981 quae
3181 4917 3267 4963 est
3294 4911 3351 4962 in

1760 5000 1981 5056 Christo
2010 5004 2161 5056 Jesu.
2189 5020 2215 5055 ι
2257 5003 2362 5065 Qui
2387 5001 2537 5054 enim
2578 4998 2976 5054 convenienter
3006 4995 3351 5053 funutlonem

1759 5108 1918 5145 suam
1967 5088 2341 5161 impleverint,
2384 5091 2513 5143 licet
2550 5089 2597 5142 si
2636 5089 2693 5142 in
2735 5088 2990 5160 praesenti
3029 5087 3355 5141 inﬁrmioris

1757 5181 1966 5250 gradus
1996 5197 2117 5232 esse
2144 5180 2457 5243 videantur,
2492 5179 2537 5231 si
2580 5179 2894 5248 provisores
2921 5176 3024 5229 sibi
3066 5176 3122 5228 in
3159 5177 3352 5230 futuro

1759 5270 1951 5340 optimi
1967 5269 2177 5339 gradus
2192 5269 2434 5321 existunt
2452 5267 2711 5320 fiduciam
2726 5267 2817 5337 plu
2826 5266 3025 5318 rimam
3043 5262 3351 5319 assecuturi

1760 5376 1793 5412 a
1815 5358 2054 5415 Christo,
2074 5354 2282 5410 bonum
2302 5356 2539 5426 gradum
2568 5371 2678 5409 non
2697 5355 2752 5407 in
2776 5355 3035 5425 prtesenti
3053 5354 3256 5409 saeculo
3276 5355 3357 5408 dia

1760 5448 1852 5513 cit,
1895 5458 1996 5500 nec
2036 5446 2263 5499 dixisset
2297 5445 2536 5515 gradum
2584 5443 2690 5497 sibi
2728 5443 2934 5497 bonum
2978 5444 3351 5514 anquirerent,

1760 5548 1890 5590 nam
1920 5538 1979 5589 et
2008 5535 2276 5589 diaconim
2302 5535 2511 5605 gradus
2532 5534 2713 5587 bonus
2740 5530 2842 5595 est,
2860 5528 2958 5586 sed
2986 5533 3218 5586 dixisset
3246 5534 3353 5586 uti-z

1760 5637 1868 5697 que
1894 5627 2199 5696 majorem;
2245 5635 2395 5678 nunc
2444 5629 2636 5678 autem
2683 5622 2954 5693 adjiciens
2984 5620 3211 5688 bonum,
3237 5632 3350 5676 non
