3866 6158
449 357 456 362 .
486 302 590 362 607

1088 311 1152 366 Β.
1193 310 1465 367 mm
1503 309 1738 367 mum
1775 311 2095 367 ARCHIEP
2130 289 2455 368 modum.
2497 309 2797 368 orarum
2832 311 3016 368 pass
3052 313 3148 369 In.

486 430 619 502 quia
632 447 746 487 non
767 430 945 488 bonus
970 434 1180 506 gradus
1199 435 1486 502 diaconiae,
1509 435 1609 490 sed
1632 435 1900 507 quoniam
1919 435 2080 491 illum
2097 441 2138 498 Α
2159 435 2331 490 etiam
2367 441 2426 490 et
2457 436 2526 491 de
2553 435 2664 490 illis
2694 435 2983 508 disputare
3010 435 3079 490 ad
3107 435 3224 491 illos
3253 455 3265 490 :
3295 439 3669 510 dogmaticorum

486 521 711 590 quidem
728 521 967 591 gradum
982 525 1283 580 conﬁtetur
1301 542 1422 580 esse
1441 525 1670 592 bonum,
1691 530 1749 579 et
1763 527 1968 596 juvans
1987 543 2082 580 eos

485 609 580 678 qui
607 625 736 664 eum
766 613 990 683 assequi
1031 613 1326 670 voluerint.
1360 615 1505 669 Nam
1538 631 1650 669 non
1695 631 1861 686 posse
1891 631 2086 686 quem-

484 713 654 768 quam
679 699 896 769 juvare,
929 701 978 756 si
1013 719 1128 758 non
1167 709 1226 758 et
1260 703 1358 758 illa
1395 720 1520 774 quae
1548 703 1946 759 conscientiam
1987 720 2083 759 no-

483 790 658 841 stram
667 796 898 858 possent
911 790 1191 863 integram
1202 809 1488 848 reservare
1498 793 1884 848 consenserint
1895 793 2075 861 nobis,

483 879 542 930 et
567 875 804 946 adjecit:
833 898 860 932 (ί
885 880 954 934 Et
972 881 1209 936 multam
1237 881 1500 936 ﬁduciam
1530 882 1589 936 in
1618 882 1745 947 ﬁde,
1762 899 1887 953 qua:
1906 887 1993 936 est
2019 883 2079 937 in

483 964 706 1020 Christo
734 967 887 1022 Jesu.
914 988 940 1021 »
964 969 1264 1026 Evidenter
1290 971 1554 1038 ostendit,
1584 971 1852 1042 quoniam
1880 971 1950 1026 de
1969 972 2080 1026 illis

482 1069 606 1124 quae
634 1060 769 1110 tunc
796 1064 964 1112 erunt
990 1059 1128 1114 dicit
1160 1078 1172 1113 :
1205 1060 1324 1115 vult
1364 1061 1515 1115 enim
1543 1077 1640 1114 eos
1679 1059 1898 1128 docere,
1946 1061 2080 1133 quia

482 1142 700 1199 nullum
711 1144 1112 1203 detrimentum
1135 1149 1334 1204 aiferre
1355 1149 1562 1220 poterit
1574 1149 1852 1203 inﬁrmior
1867 1151 2078 1220 gradus

483 1231 591 1287 illis
628 1232 724 1304 qui
755 1234 910 1306 digni
936 1237 1301 1294 inveniuntur
1327 1254 1535 1309 magna
1564 1243 1623 1292 et
1647 1238 1896 1308 perfecta
1923 1255 2078 1294 asse-

482 1321 578 1391 qui
605 1321 770 1390 bona,
793 1325 841 1378 si
867 1331 1060 1380 tamen
1080 1326 1417 1382 conscientia
1445 1343 1659 1395 eorum,
1692 1333 1860 1398 prout
1885 1345 2082 1383 conve-

481 1409 585 1476 nit,
607 1410 826 1467 illibata
842 1413 913 1467 ab
931 1414 1042 1468 illis
1065 1415 1202 1486 ipsis
1225 1415 1394 1470 fuerit
1415 1417 1714 1471 custodita.
1738 1418 2079 1472 Percurrens

481 1514 612 1552 vero
635 1499 740 1554 hoc
759 1502 925 1578 modo
953 1504 1124 1559 etiam
1153 1505 1265 1559 illis
1293 1503 1517 1560 ordines
1545 1505 1640 1576 qui
1669 1505 1955 1561 functione
1982 1507 2080 1561 ha-

482 1585 686 1642 bentur
713 1591 1106 1660 ecclesiastica,
1125 1593 1318 1664 adjicit
1341 1613 1352 1647 :
1393 1614 1415 1645 ι
1441 1596 1572 1649 Haec
1598 1594 1699 1648 tibi
1731 1594 1932 1662 scribo,
1959 1613 2081 1667 spe-

485 1693 508 1724 ι
543 1692 675 1730 rans
701 1679 890 1733 venire
905 1681 975 1735 ad
993 1687 1046 1736 te
1065 1683 1197 1750 cito,
1224 1683 1272 1736 si
1291 1688 1481 1738 autem
1499 1683 1814 1750 tardavero,
1833 1689 1898 1739 ut
1913 1685 2077 1753 scias,

2163 541 2294 579 vero
2323 531 2668 580 memoratus
2689 531 2776 579 est
2803 525 3096 580 verborum
3122 526 3332 582 illorum
3349 545 3456 600 quae
3479 533 3553 586 vel
3575 550 3670 588 ma-

2165 613 2315 668 xime
2333 620 2469 669 tunc
2497 613 2798 692 memorari
2827 613 3126 670 necessitas
3146 614 3264 686 ipsa
3286 617 3556 688 ﬂagitabat,
3576 637 3673 692 pro-

2165 707 2292 774 pter
2319 703 2468 775 quod
2499 703 2580 758 ait
2613 687 2634 756 ε’

2235 811 2260 843 ι
2285 786 2670 847 Εῐωαιιίΐθεω
2689 808 2959 863 magnum
2984 798 3070 847 est
3088 793 3303 864 pietatis
3327 803 3676 852 sacramentum

2160 880 2275 935 sive
2303 881 2656 953 mysterium.
2684 901 2707 933 ι
2734 881 2810 936 Ut
2827 880 2978 935 dicat
3005 881 3220 952 dogma,
3250 882 3348 936 hoc
3365 889 3475 936 erat
3495 883 3617 954 quod
3632 885 3677 938 in

2161 969 2544 1041 superioribus
2598 968 3050 1040 signiﬁcavimus,
3105 969 3354 1042 quoniam
3405 972 3676 1043 mysterium

2161 1075 2307 1130 saepe
2320 1059 2460 1114 illud
2481 1059 2686 1130 dogma
2709 1058 2862 1125 dicit,
2878 1059 3028 1130 quod
3049 1059 3118 1113 de
3139 1059 3350 1114 Christo
3375 1065 3468 1125 est,
3491 1075 3546 1114 eo
3564 1061 3679 1131 quod

2160 1147 2340 1202 deitas
2360 1147 2644 1218 Unigeniti
2667 1147 2851 1203 inerat
2869 1147 2927 1202 in
2955 1147 3198 1214 homine,
3221 1154 3276 1202 et
3291 1153 3500 1219 propter
3515 1147 3600 1202 hoc
3614 1147 3680 1202 fa-

2160 1236 2264 1290 cile
2293 1253 2407 1290 non
2441 1237 2513 1291 ad
2542 1236 2920 1308 cognitionem
2951 1241 3172 1308 poterat
3203 1237 3384 1291 venire
3409 1235 3680 1290 multorum.

2159 1325 2306 1380 Nam
2333 1330 2392 1380 et
2409 1325 2680 1398 mysteria
2699 1331 3110 1380 consueverunt
3136 1342 3246 1380 non
3272 1325 3339 1380 ab
3365 1323 3590 1380 omnibus
3611 1341 3683 1378 co-

2157 1414 2352 1485 gnosci
2397 1414 2676 1480 similiter,
2726 1414 2807 1468 sic
2846 1414 3020 1468 etiam
3061 1420 3119 1469 et
3155 1413 3445 1468 Corinthiis
3485 1411 3686 1468 scribens

2160 1503 2300 1557 dixit
2331 1521 2343 1556 ε
2379 1523 2401 1554 ι
2437 1503 2546 1558 Sed
2574 1503 2858 1574 loquimur
2898 1504 3000 1558 Dei
3035 1503 3364 1575 sapientiam
3391 1502 3445 1556 in
3470 1501 3687 1573 mysterio

2162 1592 2312 1664 quod
2339 1591 2726 1647 absconditum
2764 1597 2851 1647 est
2889 1593 2943 1660 (Ι
2969 1593 3094 1648 Cor.
3124 1597 3234 1662 vn).
3263 1610 3290 1646 ι
3340 1591 3602 1646 Evidenter
3637 1589 3690 1643 de

2161 1680 2555 1752 praedicatione
2573 1680 2670 1734 illa
2684 1697 2808 1752 quae
2819 1680 3128 1735 secundum
3144 1679 3420 1735 Christum
3435 1684 3512 1732 est
3520 1678 3688 1742 dicens,

485 1784 507 1816 ι
544 1767 1020 1836 quemadmodum
1057 1772 1352 1826 conveniat
1377 1777 1434 1826 te
1459 1773 1520 1827 in
1541 1773 1706 1827 domo
1731 1773 1832 1828 Dei
1859 1781 2146 1842 conver-B
2163 1775 2221 1824 et
2239 1775 2554 1841 postpauca
2570 1769 2782 1840 adjicit,
2801 1790 2826 1822 ι
2843 1769 3113 1841 quoniam
3140 1769 3187 1824 si
3218 1767 3592 1839 cognovissent,
3605 1781 3694 1820 non

485 1872 509 1904 ι
542 1855 674 1921 sari,
707 1873 829 1926 quae
858 1864 944 1912 est
970 1859 1214 1914 Ecclesia
1236 1861 1336 1915 Dei
1365 1861 1490 1915 vivi:
1524 1863 1785 1918 columna
1812 1869 1870 1917 et
1893 1864 2080 1917 ﬁrma-

485 1960 512 1994 ε
542 1949 796 2000 mentum
845 1947 1116 2003 veritatis.
1155 1969 1178 2002 ι
1227 1951 1308 2004 De
1335 1950 1444 2018 his,
1479 1951 1682 2022 inquit,
1715 1951 1912 2024 scripsi
1951 1951 2072 2028 tibi,

479 2048 712 2103 sperans
740 2035 826 2089 vel
856 2037 1100 2092 maxime
1130 2038 1239 2093 cito
1267 2039 1458 2094 venire
1495 2040 1566 2094 ad
1593 2046 1671 2106 te,
1709 2040 1758 2094 si
1796 2057 1926 2096 vero
1957 2058 2079 2096 eve-

477 2122 628 2175 nerit
643 2139 734 2177 me
753 2125 998 2194 tardare,
1023 2133 1089 2181 ut
1114 2127 1257 2182 scias
1294 2145 1418 2200 quae
1441 2134 1499 2184 te
1526 2144 1694 2200 agere
1720 2130 2074 2198 conveniant,

479 2215 538 2264 et
563 2213 843 2282 quomodo
879 2214 1084 2270 debeas
1113 2217 1416 2272 Ecclesiam
1461 2217 1565 2272 Dei
1603 2234 1817 2289 regere.
1853 2218 2078 2290 Optime

478 2305 669 2354 autem
697 2301 923 2374 adjecit,
959 2324 982 2356 ι
1021 2305 1122 2360 Dei
1149 2305 1276 2360 vivi.
1309 2325 1336 2359 ι
1371 2307 1459 2362 Ita
1486 2313 1551 2361 ut
1580 2307 1842 2362 ostendat
1878 2324 1946 2362 ex
1972 2309 2078 2363 hoc

479 2388 736 2446 Ecclesiae
775 2391 1129 2463 dignitatem,
1159 2395 1298 2449 illud
1345 2412 1476 2451 vero
1514 2401 1601 2451 est
1628 2397 2078 2467 cognoscendum

479 2479 748 2548 quoniam
766 2481 996 2536 domum
1010 2483 1112 2538 Dei
1131 2485 1456 2551 Ecclesiam,
1481 2501 1594 2540 non
1614 2486 1845 2540 domum
1874 2486 2078 2542 oratio-

479 2566 567 2620 nis
591 2567 726 2623 dicit
745 2571 1051 2626 secundum
1071 2572 1445 2642 plurimorum
1468 2574 1808 2646 opinionem,
1827 2575 1925 2630 sed
1945 2576 2080 2630 ﬁde-

476 2653 616 2708 lium
628 2658 1118 2729 congregationem
1127 2661 1310 2727 ,sicuti
1323 2667 1380 2716 et
1389 2661 1639 2718 Hebreis
1657 2663 1906 2719 scribens
1919 2664 2074 2730 dicit,

479 2759 508 2796 ι
520 2759 645 2816 qua:
663 2743 864 2800 domus
875 2764 1072 2803 sumus
1089 2765 1192 2803 nos
1206 2768 1234 2804 ι
1253 2769 1265 2804 :
1283 2751 1441 2806 Unde
1460 2770 1487 2804 α
1503 2757 1562 2806 et
1573 2753 1890 2808 columnam
1899 2753 2073 2820 illam,

477 2835 536 2885 et
563 2832 983 2891 ﬁrmamentum
1013 2837 1264 2893 veritatis
1295 2857 1322 2892 ν
1354 2841 1605 2908 vocavit;
1638 2857 1705 2895 eo
1735 2841 1883 2912 quod
1919 2842 1981 2896 in
2009 2858 2078 2896 ea

478 2919 726 2976 veritatis
747 2923 984 2980 ﬁrmitas
1005 2925 1298 2994 habeatur,
1319 2944 1384 2982 eo
1408 2929 1556 3000 quod
1573 2929 1820 2985 Ecclesia
1839 2935 1925 2984 est
1943 2931 2077 2986 lide-

477 3008 618 3064 lium
645 3014 1024 3084 congregatio,
1048 3014 1107 3069 in
1126 3015 1231 3070 hac
1252 3016 1480 3088 pietatis
1497 3028 1726 3074 necesse
1745 3019 1950 3090 dogma
1963 3019 2076 3074 sal-

2160 1858 2355 1929 utique
2368 1857 2674 1912 Dominum
2681 1857 2874 1928 gloriae
2886 1857 3310 1923 cruciﬁxissent,
3342 1875 3364 1907 ι
3388 1855 3541 1909 etiam
3553 1854 3638 1908 hoc
3648 1853 3693 1906 in

2159 1946 2299 2001 loco.
2337 1966 2367 2000 ι
2409 1946 2720 2014 Manifeste,
2753 1947 2956 2018 inquit,
2990 1963 3258 2017 magnum
3284 1943 3496 2018 pietatis
3522 1949 3694 2014 myste-

2157 2035 2326 2103 rium,
2350 2055 2374 2088 ι
2391 2036 2497 2090 hoc
2523 2052 2636 2090 non
2663 2041 2750 2090 est
2767 2035 3020 2090 dubium.
3037 2037 3183 2090 Nam
3202 2041 3260 2089 et
3276 2032 3502 2088 habebat
3519 2048 3575 2086 ex
3590 2031 3697 2102 ipsis

2159 2123 2326 2179 rebus
2343 2123 2633 2179 indubiam
2653 2123 3042 2196 probationem
3079 2125 3226 2179 unde
3244 2129 3298 2178 et
3313 2121 3492 2192 adjicit
3508 2137 3555 2172 τι
3571 2117 3696 2184 Quod

2159 2213 2519 2268 manifestum
2548 2213 2702 2268 estin
2721 2230 2908 2268 carne.
2937 2233 2961 2265 ι
2990 2214 3110 2268 Hoc
3127 2218 3231 2280 est,
3255 2210 3471 2284 pietatis
3497 2209 3699 2262 delectus

2159 2302 2492 2368 ministerio,
2524 2318 2590 2356 eo
2630 2303 2780 2374 quod
2813 2303 2888 2358 sit
2923 2319 3196 2373 magnum
3232 2306 3290 2356 et
3315 2298 3698 2372 supereminens,

2160 2392 2428 2463 quoniam
2449 2391 2497 2445 is
2525 2391 2622 2462 qui
2643 2391 2936 2446 invisibilis
2961 2397 3050 2446 est
3078 2392 3249 2456 Deus,
3271 2389 3523 2452 Verbum,
3541 2385 3704 2455 Unige-

2159 2481 2312 2535 nitus
2335 2481 2519 2535 Patris
2539 2480 2918 2535 manifestavit
2936 2497 2996 2534 se
3025 2479 3368 2545 hominibus,
3389 2477 3445 2531 in
3463 2491 3607 2530 carne
3630 2489 3703 2544 ap-

2159 2586 2362 2642 parens
2392 2586 2494 2642 pro
2516 2569 2801 2624 communi
2829 2569 3084 2624 omnium
3112 2565 3531 2638 salute.0ptime
3554 2568 3707 2617 autem

2158 2659 2264 2714 hoc
2293 2659 2353 2712 in
2389 2658 2512 2712 loco
2541 2675 2654 2714 non
2693 2657 2832 2712 dixit
2858 2658 2918 2712 in
2947 2658 3198 2723 homine,
3231 2656 3329 2710 sed
3365 2655 3422 2708 in
3448 2667 3596 2707 carne
3622 2667 3632 2702 :
3665 2655 3708 2700 et

2161 2747 2388 2819 quidem
2406 2747 2465 2801 in
2491 2746 2873 2818 superioribus
2891 2745 3457 2801 evidenterdixerata
3478 2739 3710 2806 Quoniam

2157 2837 2438 2892 mediator
2455 2837 2558 2891 Dei
2579 2842 2638 2892 et
2663 2837 2958 2892 hominum
2979 2835 3153 2890 homo
3175 2835 3428 2890 Christus
3442 2833 3604 2894 Jesus,
3619 2845 3642 2880 ι
3659 2841 3710 2879 eo

2158 2926 2308 2997 quod
2337 2925 2443 2980 hoc
2470 2931 2612 2994 erat,
2647 2925 2798 2998 quod
2839 2931 2974 2980 tunc
3011 2924 3184 2979 dubie
3214 2919 3644 2994 suscipiebamus,
3669 2918 3712 2968 et

2157 3013 2263 3068 hac
2290 3015 2361 3069 de
2389 3030 2561 3070 causa
2585 3013 2658 3070 ad
2676 3014 2788 3069 ista
2811 3013 3000 3080 verba,
3033 3013 3378 3068 descendere
3404 3015 3486 3065 est
3508 3004 3712 3076 compul—

476 3097 615 3164 vari,
650 3099 746 3170 qui
773 3101 822 3155 si
863 3103 1191 3170 secundum,
1225 3111 1290 3159 ut
1325 3107 1678 3174 conveniens,
1709 3107 1769 3161 in
1811 3107 1921 3162 ﬁde
1949 3106 2130 3180 per-C
2151 3119 2267 3158 sus.
2291 3105 2438 3158 Nam
2465 3103 2563 3158 illo
2591 3103 2650 3158 in
2680 3107 2933 3175 tempore
2964 3107 3168 3157 contra
3195 3099 3420 3174 pietatis
3445 3094 3714 3152 doctrinam

476 3188 1089 3255 manserint,illibatum
1098 3193 1292 3265 utique
1304 3201 1599 3273 permanet
1609 3197 1816 3267 dogma
1825 3197 2070 3268 pietatis:

475 3275 524 3329 si
543 3281 735 3332 autem
754 3278 812 3332 hi
833 3280 929 3350 qui
949 3280 1206 3337 Ecclesiae
1225 3289 1359 3338 sunt
1375 3300 1411 3338 a
1434 3301 1536 3338 suo
1567 3285 1854 3356 proposito
1893 3286 2073 3340 aversi

472 3363 703 3433 fuerint,
735 3369 1050 3424 necessario
1079 3371 1378 3439 vacillabit,
1403 3379 1460 3427 et
1479 3373 1758 3444 dogmatis
1789 3375 2074 3447 scrupulo-

473 3453 628 3520 sitas,
653 3471 719 3510 eo
748 3457 897 3527 quod
921 3460 1228 3515 secundum
1259 3467 1594 3532 praesentem
1613 3462 1788 3517 vitam
1817 3463 2072 3518 veritatis

471 3543 717 3613 cognitio
747 3546 897 3617 apud
925 3547 1182 3604 homines
1215 3567 1338 3604 esse
1369 3551 1723 3622 perspicitur.
1757 3552 1900 3606 Illud
1938 3569 2070 3608 vero

470 3630 634 3687 dictis
653 3635 859 3689 nostris
879 3636 1049 3707 adjici
1068 3638 1302 3708 dignum
1322 3645 1426 3707 est,
1451 3641 1716 3711 quoniam
1740 3656 1854 3696 non
1879 3658 2074 3696 conve-

469 3719 556 3774 nit
573 3721 840 3778 demivari
853 3741 932 3791 se,
948 3727 1097 3798 quod
1113 3744 1292 3800 neque
1311 3727 1736 3796 subdiaconum,
1757 3746 1940 3802 neque
1964 3731 2073 3785 ele-

468 3815 688 3865 ctorum
725 3814 1057 3870 memoriam
1093 3817 1397 3888 Apostolus
1434 3818 1632 3873 fecisse
1659 3818 1881 3874 videtur
1913 3837 1925 3872 :
1961 3819 2073 3875 illis

468 3900 680 3954 etenim
705 3901 976 3971 gradibus
1001 3903 1372 3973 functionum,
1406 3907 1504 3978 qui
1527 3907 1586 3961 in
1607 3907 1855 3962 Ecclesia
1881 3923 2068 3962 neces»

469 3988 619 4042 sario
637 3988 934 4057 habentur,
951 3992 1043 4046 isti
1056 3999 1253 4064 postea
1264 3995 1444 4066 magis
1462 4001 1598 4050 sunt
1613 3996 1704 4067 adj
1711 3997 1820 4050 ecti
1840 4002 2070 4068 propter

469 4076 772 4132 utilitatem
792 4079 1264 4153 ministerii,quod
1277 4089 1507 4154 propter
1521 4083 1940 4139 multitudinem
1952 4102 2068 4140 cre-

469 4163 723 4220 dentium
739 4183 840 4237 per
859 4168 1064 4224 alteros
1083 4177 1282 4241 postea
1296 4171 1530 4242 implere
1550 4171 1753 4229 debere
1766 4174 2066 4228 necessitas

470 4252 762 4324 ﬂagitavit.
797 4256 956 4312 Unde
974 4274 1076 4312 nec
1105 4259 1513 4315 ordinationem
1543 4266 1675 4315 ante
1703 4261 1880 4316 altare
1909 4279 2064 4317 asse-

2155 3193 2361 3263 dogma
2391 3193 2440 3246 si
2485 3192 2674 3248 minus
2713 3192 2896 3264 magis
2933 3192 3219 3264 pullulare
3264 3188 3562 3252 videbatur,
3591 3180 3713 3255 quod

2155 3281 2361 3352 dogma
2391 3282 2652 3337 universa
2678 3282 2788 3337 ista
2813 3298 2936 3353 quae
2963 3281 3232 3337 videntur
3251 3279 3322 3334 ob
3351 3273 3716 3350 opiﬁcationem

2153 3370 2256 3425 Dei
2279 3370 2527 3425 alienare
2551 3370 2825 3438 tentabat,
2858 3376 3091 3442 propter
3121 3371 3233 3424 hoc
3252 3368 3422 3424 etiam
3449 3362 3616 3420 carnis
3638 3359 3719 3413 de-

2153 3457 2398 3529 negabat
2415 3458 2620 3514 factam
2647 3459 2819 3514 fuisse
2847 3459 3301 3531 assumptionem
3329 3473 3340 3508 :
3363 3452 3572 3510 dicebat
3593 3447 3715 3503 enim

2153 3548 2548 3618 phantasmate
2569 3548 2687 3602 solo
2715 3548 3017 3603 Dominum
3038 3547 3377 3620 apparuisse
3394 3545 3452 3599 in
3471 3555 3638 3603 carne,
3656 3537 3719 3590 ita

2154 3642 2219 3691 ut
2235 3653 2350 3691 non
2375 3637 2662 3692 videretur
2676 3653 2808 3692 caro
2831 3637 2932 3691 tali
2949 3636 3192 3703 ratione,
3216 3637 3430 3690 honore
3451 3639 3506 3687 et
3521 3628 3717 3697 diligen-

2152 3723 2236 3779 tia
2261 3724 2434 3796 digna
2459 3725 2636 3780 videri
2669 3745 2685 3780 :
2715 3725 2994 3797 siquidem
3020 3730 3082 3780 et
3107 3725 3171 3780 in
3199 3721 3542 3779 habitatione
3563 3714 3720 3771 divina

2153 3813 2326 3884 digna
2341 3813 2531 3881 fuerit,
2553 3813 2756 3868 deinde
2777 3814 2986 3879 dicens,
3015 3834 3038 3865 ι
3061 3814 3162 3886 qui
3184 3809 3655 3868 manifestatusest
3672 3802 3716 3854 in

2149 3918 2336 3971 carne,
2372 3922 2398 3956 »
2433 3902 2580 3974 quod
2609 3903 2679 3958 de
2706 3904 2822 3958 Deo
2853 3903 2962 3958 dici
2975 3903 3108 3973 jure
3141 3901 3464 3958 videbatur.
3489 3891 3721 3986 Nam-illa

2150 3997 2274 4046 erat
2291 3991 2573 4058 divinitas,
2592 4007 2716 4063 quae
2735 3992 2796 4046 in
2809 4008 2976 4046 carne
2994 3991 3211 4046 Christi
3229 3991 3419 4046 fuerat
3437 3988 3576 4052 visa;
3596 3991 3721 4038 tum.

2149 4079 2225 4134 sit
2253 4086 2312 4134 et
2337 4081 2408 4134 ad
2437 4081 2535 4135 illa
2561 4097 2684 4151 quae
2711 4081 2782 4135 de
2808 4081 3036 4135 homine
3079 4079 3196 4135 dici
3226 4083 3509 4153 poterant,
3538 4080 3597 4130 ut
3620 4085 3719 4125 am-

2148 4168 2324 4239 pliore
2371 4185 2694 4224 sermonum
2749 4169 3144 4241 prosecutione
3204 4169 3564 4224 conﬁrmaret
3608 4155 3720 4214 illud

2148 4257 2296 4328 quod
2315 4261 2451 4312 tunc
2463 4257 2766 4313 vocabatur
2790 4258 2850 4312 in
2865 4257 3120 4312 dubium.
3147 4275 3175 4310 ¢
3192 4257 3570 4312 Justiﬁcatum
3588 4253 3662 4304 est
3674 4245 3720 4299 in

469 4348 740 4412 quuntur,
755 4361 822 4399 eo
851 4347 1000 4416 quod
1029 4363 1131 4402 nec
1157 4349 1440 4420 mysteriis
1466 4349 1789 4404 ministrare
1808 4356 2066 4406 statuun-
2145 4345 2366 4416 spiritu.
2391 4365 2412 4398 ι
2438 4347 2674 4402 Evidens
2693 4347 2816 4415 hoc,
2842 4347 3112 4418 quoniam
3143 4348 3220 4402 ad
3250 4347 3521 4401 deitatem
3540 4351 3721 4409 nequa-

469 4436 582 4498 tur,
612 4432 711 4487 sed
739 4434 836 4488 alii
865 4435 1094 4506 quidem
1123 4453 1320 4492 eorum
1343 4438 1646 4494 lectionum
1679 4439 1924 4494 ofﬁcium
1955 4440 2063 4494 im-
2079 4432 2126 4488 D
2144 4451 2314 4506 quam
2335 4440 2520 4506 potest
2532 4436 2816 4507 pertinere
2833 4455 2844 4490 :
2864 4437 3129 4493 humanae
3145 4452 3286 4490 vero
3305 4441 3520 4490 natura:
3533 4427 3722 4485 eviden-

469 4520 627 4590 plent
649 4537 662 4575 :
684 4522 780 4577 alii
810 4540 940 4579 vero
969 4525 1118 4580 infra
1143 4525 1442 4582 diaconum
1469 4527 1568 4582 illa
1594 4535 2066 4600 praeparant,quze

469 4609 540 4663 ad
561 4609 924 4668 diaconorum
945 4615 1230 4686 pertinent
1255 4613 1589 4683 ministeria,
1613 4632 1715 4672 nec
1731 4633 1845 4672 non
1867 4617 2067 4672 sollici-

467 4697 724 4752 tudinem
735 4699 970 4772 implent
985 4704 1438 4760 luminariorum.
1453 4705 1598 4761 Nam
1619 4707 1872 4778 mysterii
1894 4706 2065 4760 mini-

468 4785 706 4840 sterium
733 4788 1043 4862 presbyteri
1069 4792 1325 4864 implent,
1349 4799 1408 4848 et
1423 4793 1643 4849 diaconi
1661 4795 1766 4849 soli
1790 4814 1801 4849 :
1828 4795 1926 4849 alii
1948 4795 2068 4866 qui-

469 4873 598 4928 dem
615 4891 810 4930 eorum
838 4880 1182 4936 sacerdotale
1201 4899 1342 4954 opus
1361 4883 1680 4954 implentes,
1703 4884 1800 4938 alii
1827 4901 1958 4938 vero
1980 4900 2067 4938 sa-

467 4963 580 5019 cris
597 4965 1004 5022 ministrantes.
1030 4969 1098 5024 Et
1115 4970 1219 5025 hoc
1238 4971 1466 5042 quidem
1495 4972 1838 5042 signavimus
1863 4989 1934 5027 ne
1965 4973 2065 5027 ali-

468 5054 594 5125 quis
607 5055 892 5112 existimet
909 5056 1150 5113 Paulum
1165 5059 1440 5116 oblivione
1455 5061 1698 5132 quadam
1719 5077 1815 5116 eos
1832 5061 2065 5116 minime

467 5158 810 5200 memorasse
837 5162 1080 5217 quorum
1101 5163 1382 5203 memores
1411 5165 1534 5203 esse
1561 5149 1944 5204 conveniebat.
1969 5151 2064 5205 ln-

466 5231 811 5288 tendendum
839 5251 969 5290 vero
999 5241 1086 5290 est
1113 5241 1172 5290 et.
1197 5238 1502 5308 sequentia;
1531 5238 1891 5293 narrationis.
1919 5239 2064 5294 Nam

466 5320 768 5390 Apostolus
779 5339 845 5378 eo
854 5325 1310 5396 quodEcclesiam
1319 5346 1340 5378 ι
1349 5327 1668 5381 columnam
1673 5333 1737 5382 et
1747 5329 2067 5382 ﬁrmamen-

468 5412 592 5462 tum
636 5411 887 5466 veritatis
919 5432 943 5464 ι
978 5414 1208 5481 vocavit,
1249 5415 1526 5486 optimum
1565 5433 1687 5470 esse
1729 5417 2066 5472 existimavit

469 5496 642 5551 etiam
661 5497 1005 5568 dogmaticos
1025 5503 1362 5558 interserere
1385 5520 1692 5572 sermones,
1716 5511 1780 5560 ut
1805 5505 2066 5560 ostendat

469 5584 650 5656 ipsam
680 5587 992 5659 veritatem,
1009 5607 1132 5664 quae
1144 5592 1238 5647 sit.
1251 5593 1540 5664 Praeparat
1555 5610 1686 5648 vero
1701 5594 2060 5652 Timotheum

2147 4529 2236 4576 ter
2263 4529 2449 4594 potest
2474 4525 2677 4596 aptari,
2711 4526 2808 4596 qui
2841 4531 2898 4579 et
2929 4525 3168 4596 spiritus
3198 4523 3653 4579 inhabitationem
3675 4513 3723 4566 in

2147 4611 2484 4683 baptismate
2506 4614 2738 4686 accepit.
2755 4614 2990 4678 Quando
3011 4619 3069 4668 et
3085 4614 3149 4669 in
3168 4614 3361 4686 specie
3381 4607 3636 4666 columba
3651 4617 3726 4656 su-

2148 4718 2250 4772 per
2275 4701 2435 4757 illum
2460 4703 2610 4758 venit
2635 4723 2651 4758 :
2670 4703 2770 4758 sed
2798 4721 2834 4758 a
2857 4703 3058 4775 spiritu
3081 4703 3142 4758 in
3165 4703 3535 4759 solitudinem
3553 4697 3726 4752 ductus

2148 4795 2252 4858 est,
2282 4797 2344 4846 ut
2377 4797 2573 4846 contra
2600 4792 2886 4847 diabolum
2920 4793 2979 4846 in
3020 4809 3209 4863 agone
3237 4793 3582 4855 decertaret;
3609 4789 3660 4837 et
3679 4780 3727 4833 in

2149 4879 2351 4951 spiritu
2363 4881 2464 4936 Dei
2475 4880 2734 4951 ejiciebat
2747 4881 3048 4948 daemones,
3063 4882 3221 4937 sicut
3229 4882 3354 4953 ipse
3375 4881 3436 4935 in
3447 4869 3730 4945 Evangeliis

2148 4968 2301 5036 dicit,
2323 4975 2381 5024 et
2407 4971 2478 5024 ad
2497 4965 2736 5042 plenum
2746 4971 2844 5026 illa
2863 4987 2986 5042 quae
3004 4972 3330 5026 secundum
3348 4967 3729 5025 inhabitantem

2147 5057 2207 5112 in
2235 5075 2296 5113 se
2323 5059 2584 5130 spiritum
2607 5061 2804 5130 gratiae
2833 5077 2935 5132 pro
2964 5065 3164 5114 nostra
3190 5058 3531 5132 expediebat
3556 5053 3731 5109 salute.

2149 5147 2417 5204 Primitiae
2445 5149 2672 5220 quidem
2699 5149 2898 5204 salutis
2927 5154 3134 5204 nostra:
3165 5155 3340 5204 erant
3367 5149 3484 5214 illa,
3516 5160 3633 5216 quae
3656 5154 3732 5191 se-

2148 5237 2393 5292 cundum
2419 5238 2706 5293 Christum
2734 5237 3107 5293 celebrantur.
3142 5238 3312 5294 Unde
3341 5243 3402 5293 et
3429 5234 3651 5309 spiritus
3675 5223 3734 5281 ad

2148 5325 2543 5396 perfectionem
2559 5327 2812 5380 omnium
2829 5326 3065 5398 suscipit
3080 5325 3374 5380 bonorum
3393 5318 3732 5379 inhabitatio-

2148 5431 2279 5469 nem
2305 5415 2405 5470 Dei
2436 5415 2625 5482 Verbi,
2649 5433 2716 5470 eo
2737 5416 2887 5487 quod
2913 5422 2972 5469 et
2997 5413 3161 5469 nobis
3185 5413 3622 5488 participatione
3643 5402 3738 5477 spi-

2147 5503 2291 5558 ritus
2310 5505 2563 5559 omnium
2580 5503 2853 5559 bonorum
2872 5519 3042 5558 causa
3057 5505 3404 5575 acquiritur,
3420 5504 3536 5557 sive
3549 5501 3606 5554 in
3619 5509 3738 5567 prw'

2147 5593 2292 5648 senti
2319 5593 2541 5661 saeculo,
2570 5593 2671 5647 sivi
2702 5593 2760 5648 in
2787 5592 2978 5648 futuro
3007 5593 3076 5648 Et
3100 5593 3251 5649 illud
3284 5609 3402 5648 non
3429 5597 3520 5648 est
3546 5586 3738 5644 miran-
