3868 6138
179 310 269 367 609
577 304 1150 360 ENARRATIONUM
1187 303 1266 359 IN
1304 304 1458 358 EPP.
1501 304 1714 360 PAULI
1753 304 1890 359 LIB.
1933 304 2134 359 XXIII.
2169 335 2232 344 —
2261 305 2338 360 IN
2377 305 2597 362 EPIST.
2640 309 2663 362 I
2701 309 2799 364 AD
2836 310 2985 366 TIM.
3311 319 3414 374 610

175 436 294 488 dum
319 432 363 486 si
391 431 547 502 quasi
563 431 628 484 de
643 431 838 484 eodem
857 430 978 501 ipso
997 429 1290 500 disputans
1309 431 1379 484 de
1394 429 2060 494 deitatisser-Afuturos,
2091 431 2186 501 qui
2217 437 2274 484 et
2301 433 2526 502 nuptias
2567 440 2625 487 et
2667 452 2822 490 escas
2866 446 3028 493 erant
3073 443 3410 516 adempturi,

179 521 410 576 monibus
429 520 498 573 ad
516 520 921 573 humanitatem
933 519 1484 573 transissevideatur.
1501 520 1742 572 Consue—
1824 518 1990 572 simul
2018 525 2304 588 negantes,
2337 526 2394 572 et
2423 522 2568 591 quod
2595 532 2854 594 suscepta
2883 527 3052 581 fuerit
3081 547 3209 586 caro
3238 551 3272 587 a
3301 535 3417 590 Deo

179 611 295 666 tudo
332 611 443 664 hec
483 615 565 662 est
604 608 919 662 divinarum
959 608 1398 678 Scripturarum,
1447 608 1592 662 sicut
1630 624 1741 661 non
1822 607 2007 660 verbo.
2053 608 2278 678 Optime
2301 625 2434 678 ergo
2469 627 2536 663 ea
2572 628 2699 665 cum
2728 612 2838 668 illis
2868 619 3189 688 complexus
3217 629 3320 687 est,
3353 631 3420 678 ut

178 701 334 755 solum
370 699 428 752 in
458 698 763 769 apostolica
789 697 1254 767 interpretatione
1285 697 1342 750 id
1371 697 1737 760 ostendimus,
1821 695 2104 749 videretur
2123 696 2380 750 insistere
2397 714 2461 750 ex
2484 705 2722 771 utroque
2746 702 2940 769 latere',
2958 708 3117 776 quasi
3152 711 3419 766 adversus

178 789 389 842 sedetin
405 787 829 856 Evangeliorum
847 787 1310 856 interpretatione
1326 785 1740 839 videntibushis
1822 801 1999 838 unum
2029 785 2396 855 propositum.
2431 787 2575 848 Nam
2613 795 2670 843 et
2707 792 3040 848 Manichmos
3077 802 3135 850 et
3184 799 3419 854 Marcio-

178 876 673 931 demonstravimus.
701 875 1017 946 «Apparuit
1045 874 1277 944 angelis.
1308 895 1332 925 »
1360 875 1478 928 Hoc
1506 881 1592 927 est
1621 891 1742 943 per-
1823 872 2016 936 nistas,
2051 880 2107 926 et
2135 891 2228 926 eos
2281 875 2375 944 qui
2415 877 2484 929 de
2513 878 2892 938 Valentiniani
2932 890 3065 938 sunt
3111 887 3328 954 haeresi,
3365 896 3422 943 et

176 968 371 1038 spicuus
416 965 633 1035 angelis
680 965 856 1018 factus
907 970 1011 1017 est.
1064 965 1180 1017 Hoc
1217 963 1368 1017 enim
1407 963 1542 1016 dicit
1574 982 1599 1012 «
1641 979 1741 1032 ap-
1825 979 2017 1015 omnes
2043 961 2137 1032 qui
2159 964 2434 1031 ejusmodi
2449 967 2855 1024 suntsimiliter
2886 972 3010 1042 quis
3031 976 3348 1046 perspiciet,
3365 984 3424 1032 et

176 1056 352 1128 paruit,
397 1075 421 1106 »
465 1060 529 1108 ut
574 1055 837 1108 ostendat
891 1052 1366 1124 quemadmodum
1414 1051 1743 1121 magnitudo
1826 1049 2051 1119 nuptias
2077 1049 2364 1114 damnare,
2393 1058 2450 1106 et
2482 1070 2735 1109 escarum
2786 1073 2951 1113 usum
2993 1062 3152 1131 quasi
3192 1063 3423 1119 inhone-

175 1147 277 1215 ejus
299 1151 352 1198 et
380 1143 596 1212 angelis
617 1143 881 1196 existeret
896 1141 1185 1196 mirabilis.
1208 1159 1234 1192 «
1266 1140 1634 1194 Praedicatum
1661 1146 1745 1194 est
1827 1144 1976 1191 stum
2007 1137 2314 1204 criminari,
2349 1146 2406 1194 et
2435 1143 2583 1211 quod
2612 1145 2944 1201 annitantur
2980 1152 3275 1207 ostendere
3305 1171 3423 1208 car-

175 1234 220 1289 in
237 1233 504 1305 gentibus.
541 1252 567 1283 »
599 1231 982 1286 Annuntiatus
1027 1236 1128 1296 est,
1166 1229 1368 1300 inquit,
1403 1228 1740 1292 hominibus,
1826 1243 1955 1281 nem
1975 1228 2140 1282 aDeo
2157 1245 2267 1282 non
2288 1228 2459 1284 fuisse
2478 1238 2814 1304 susceptam.
2839 1237 3252 1296 Intendendum
3281 1259 3413 1297 vero

175 1323 346 1377 deinde
365 1322 514 1392 quod
537 1322 722 1391 majus
739 1327 824 1375 est
846 1339 856 1373 :
888 1341 913 1373 «
949 1320 1239 1374 Creditum
1259 1325 1345 1372 est
1370 1318 1426 1372 in
1447 1318 1676 1372 mundo.
1715 1337 1739 1368 »
1827 1317 2300 1386 quemadmodum
2322 1320 2674 1375 amarissime
2689 1331 3033 1381 memoratus
3053 1345 3266 1394 eorum,
3285 1337 3342 1385 et
3359 1337 3424 1386 ut

175 1413 302 1468 Nihil
327 1412 474 1465 enim
501 1427 774 1480 magnum
802 1415 925 1463 erat
953 1409 1100 1480 quod
1123 1406 1534 1479 praedicabatur
1552 1423 1744 1460 secun-
1826 1405 2188 1460 vehementer
2216 1407 2476 1461 instituat
2506 1409 2575 1462 de
2602 1409 2728 1476 illis,
2757 1413 2850 1482 qui
2865 1413 2976 1468 ista
3002 1417 3200 1472 docere
3230 1419 3288 1473 in
3320 1437 3422 1474 no-

175 1503 284 1555 dum
303 1518 377 1564 se,
400 1500 446 1553 si
467 1516 583 1554 non
597 1506 655 1552 et
675 1499 812 1552 fides
842 1498 1166 1552 auditorum
1193 1496 1490 1551 subsecuta
1525 1495 1740 1549 fuisset.
1827 1493 2066 1547 vissimis
2081 1496 2426 1565 temporibus
2446 1497 2717 1568 incipient
2732 1502 3030 1571 spirituum
3049 1507 3426 1577 malignorum

177 1591 270 1644 Hoc
295 1597 477 1644 autem
512 1588 735 1642 dicebat
763 1586 1170 1657 magnitudinis
1217 1587 1338 1656 ejus
1376 1585 1745 1639 sufﬁcientem
1828 1582 2998 1653 seductioneseasessedicens,etdoctrinas
3025 1593 3426 1651 daemoniorum

175 1678 557 1749 pmbationem,
591 1694 656 1731 eo
688 1675 837 1747 quod
864 1675 1120 1729 homines
1151 1674 1245 1745 qui
1268 1673 1324 1727 in
1340 1673 1746 1728 omnibuslocis
1828 1688 2028 1724 vocans
2057 1672 2200 1738 illas,
2235 1673 2313 1726 sic
2348 1691 2575 1743 gravem
2618 1678 2820 1732 horum
2860 1681 3262 1750 professionem
3307 1703 3428 1740 esse

176 1774 308 1820 erant
319 1767 671 1837 susciperent
689 1766 758 1819 de
778 1781 843 1818 eo
866 1765 1053 1828 ﬁdem,
1075 1763 1473 1834 quinunquam
1492 1768 1745 1833 pateren-
1763 1751 1810 1810 Β
1832 1759 2204 1814 existimabat.
2231 1762 2380 1815 Bene
2413 1769 2602 1818 autem
2633 1768 2899 1835 quoniam
2929 1770 3086 1835 dixit,
3111 1792 3132 1823 ι
3169 1773 3228 1827 in
3258 1774 3430 1846 hypo-

175 1862 379 1910 turcum
399 1871 682 1910 consensu
713 1854 938 1907 credere
968 1852 1097 1918 illis,
1133 1869 1255 1923 quae
1285 1852 1353 1905 de
1384 1869 1448 1905 eo
1488 1850 1749 1906 diceban-
1833 1847 1960 1902 crisi
2010 1849 2361 1919 loquentium
2406 1853 2780 1908 mendacium.
2825 1876 2852 1909 »
2901 1858 3046 1912 Nam
3090 1877 3284 1917 omnes
3334 1863 3429 1916 isti

176 1952 264 2011 tur,
287 1945 456 1999 sinon
478 1943 656 1997 rebus
674 1943 828 2013 ipsis,
849 1943 917 1996 de
933 1942 1021 1994 his
1057 1958 1178 2012 quae
1209 1940 1557 2001 dicebantur,
1589 1939 1750 1993 testi-
1835 1937 2181 1992 Christianos
2205 1956 2261 1992 se
2297 1956 2419 1993 esse
2441 1940 2728 2006 simulant,
2763 1951 2820 1998 et
2847 1946 3106 2001 doctrina
3132 1967 3236 2004 sua
3248 1952 3429 2022 majo-

175 2034 393 2088 monium
412 2033 800 2088 satisfactione
818 2030 1214 2101 percepissent.
1247 2049 1271 2079 «
1302 2031 1640 2100 Assumptus
1667 2033 1753 2082 est
1834 2041 1952 2078 rem
1984 2043 2044 2080 se
2073 2031 2264 2080 tenere
2294 2028 2632 2098 promittunt
2660 2032 2995 2102 castitatem,
3029 2037 3270 2092 multum
3299 2057 3429 2094 vero

178 2123 410 2193 ingloria.
429 2122 621 2176 sDicit
643 2121 790 2175 enim
819 2120 888 2174 de
914 2120 1011 2173 illa
1025 2119 1546 2189 assumptione,qua
1573 2118 1642 2171 de
1657 2118 1752 2170 ho-
1833 2113 2056 2184 pietatis
2086 2123 2283 2169 contra
2313 2133 2406 2170 eos
2437 2118 2533 2188 qui
2561 2119 2664 2172 sibi
2695 2120 3088 2193 obtemperant
3115 2126 3184 2178 de
3207 2128 3430 2182 Christo

178 2211 388 2266 minibus
401 2216 736 2280 assumptus
757 2214 860 2262 est.
881 2210 944 2262 In
964 2208 1165 2262 ultimo
1182 2213 1370 2262 autem
1387 2207 1525 2260 illud
1543 2206 1746 2277 posuit,
1832 2203 2030 2258 docere
2051 2205 2402 2259 annituntur.
2421 2206 2625 2260 Omnia
2635 2225 2763 2262 vero
2785 2209 2883 2264 illa
2903 2229 3024 2282 quae
3044 2213 3276 2269 luxuriae
3299 2223 3432 2270 sunt

177 2301 308 2371 quasi
329 2301 456 2371 quia
475 2299 766 2354 sufficiens
788 2303 934 2352 esset
953 2298 1024 2350 ad
1058 2297 1225 2350 ﬁdem
1259 2313 1354 2350 eos
1393 2296 1648 2360 invitare,
1682 2311 1748 2348 eo
1830 2293 2017 2362 plena,
2034 2310 2155 2364 quae
2176 2299 2233 2347 et
2253 2311 2478 2348 omnem
2501 2297 2559 2350 in
2579 2314 2637 2350 se
2652 2299 2939 2353 continent
2953 2302 3306 2371 pravitatem,
3323 2305 3431 2375 ipsi

177 2390 296 2459 quod
316 2397 368 2443 et
385 2388 612 2459 angelis
629 2387 801 2442 fuerit
813 2387 990 2440 factus
1011 2385 1336 2457 perspicuus
1349 2392 1406 2438 et
1433 2383 1749 2438 hominibus
1831 2381 1979 2436 inter
2007 2401 2066 2436 se
2095 2400 2263 2452 agere
2301 2401 2427 2437 cum
2476 2387 2629 2438 omni
2675 2395 2976 2458 properent
3033 2391 3427 2459 sollicitudine,

175 2478 506 2546 praedicatus,
532 2477 640 2530 fide
671 2477 744 2530 sit
773 2475 972 2529 abillis
992 2480 1302 2545 susceptus.
1329 2474 1459 2527 Haec
1491 2474 1559 2526 de
1596 2473 1751 2527 Chri-
1833 2487 1955 2540 quae
1996 2471 2052 2524 in
2093 2472 2291 2542 primis
2342 2473 2410 2525 ad
2442 2473 2671 2544 plenum
2719 2476 2883 2531 silere
2913 2477 3191 2534 videntur.
3227 2482 3302 2535 At
3337 2481 3431 2536 ubi

177 2571 245 2620 sto
267 2567 461 2626 dicens,
507 2565 670 2636 quasi
703 2565 835 2636 quia
858 2570 915 2618 et
941 2563 1272 2628 necessarie,
1307 2568 1364 2616 et
1401 2561 1659 2632 cognosci
1699 2567 1755 2616 et
1837 2575 1936 2629 per
1951 2559 2106 2613 illam
2127 2577 2296 2630 quam
2316 2561 2516 2616 ineunt
2533 2562 2951 2620 simulationem
2967 2567 3434 2638 aliqueminstan-

175 2656 408 2709 custodiri
434 2654 709 2718 debeant,
731 2671 831 2707 nec
853 2671 887 2706 a
904 2653 1138 2707 veritate
1168 2651 1464 2706 dimoveri:
1487 2650 1534 2704 si
1567 2655 1755 2704 tamen
1836 2653 1924 2702 ter
1940 2649 2175 2702 suadere
2197 2649 2300 2702 sibi
2317 2668 2418 2721 per
2433 2652 2621 2704 omnia
2639 2652 2910 2719 fecerunt,
2930 2661 3063 2710 tunc
3093 2657 3190 2711 illa
3218 2676 3432 2712 sermo-

177 2746 312 2797 ﬁrma
333 2752 387 2798 et
414 2760 539 2798 non
563 2742 818 2797 absolute
848 2743 1050 2797 horum
1081 2740 1354 2796 confessio
1384 2740 1531 2810 apud
1562 2739 1752 2793 fideles
1837 2737 2003 2791 nibus
2033 2737 2366 2808 quibusdam
2401 2740 2689 2795 adducunt
2717 2742 2775 2797 in
2819 2745 3069 2798 medium
3111 2747 3429 2813 suadentes,

177 2833 546 2903 permanserit.
1835 2832 1899 2880 ut
1929 2826 2025 2880 illa
2059 2833 2349 2897 peragant,
2401 2830 2562 2899 quasi
2590 2830 2818 2901 pietatis
2861 2850 3030 2904 opera
3058 2836 3429 2905 perﬁcientes,

762 2955 994 3010 CAPUT
1053 2953 1145 3008 1V,
1839 2931 1960 3010 qu?
2007 2916 2157 3010 οξξιξξί
2205 2922 2338 3010 sunt
2375 2918 2878 3010 spurcitiaiuplena.
2917 2923 2986 2976 Et
3031 2924 3136 2977 hoc
3193 2925 3438 2980 inveniet

1838 3004 1982 3074 quis,
2005 3004 2050 3058 si
2073 3005 2171 3059 illa
2191 3005 2380 3060 omnia
2392 3023 2514 3077 quae
2526 3007 2790 3078 praedicta
2807 3015 2956 3076 sunt,
2973 3011 3298 3067 cautissime
3311 3031 3436 3068 con-

179 3083 400 3138 Excludz't
427 3085 724 3151 Apostolus
758 3083 979 3171 modgzm
1004 3080 1561 3171 dqcendz'frroneum,
1595 3084 1644 3133 et
1665 3095 1706 3132 υ‹

1902 3070 2086 3147 ierare
2105 3095 2362 3160 voluerit,
2382 3070 2514 3149 licet
2526 3070 2644 3150 non
2664 3097 2825 3152 facile
2843 3070 3429 3171 possintdeprehendi,

513 3169 644 3206 "um
678 3158 836 3221 Ρθηδί
873 3153 1100 3205 ἀπθηώ
1143 3152 1386 3204 ⁷η⁰ά⁸⁴⁷η·
1839 3199 1904 3236 eo
1931 3183 2080 3253 quod
2109 3183 2284 3237 latere
2312 3184 2584 3254 plurimos
2616 3203 2787 3256 super
2821 3188 3028 3243 talibus
3051 3152 3312 3261 operibus
3342 3209 3437 3245 an-

239 3298 258 3327 q
287 3279 532 3349 Spiritus
578 3282 767 3331 autem
813 3275 1107 3329 manifeste
1163 3274 1316 3339 dicit,
1376 3274 1643 3345 quoniam
1699 3273 1757 3327 in
1840 3271 2118 3324 nituntur.
2145 3273 2764 3343 Consequenterautem
2779 3277 3436 3347 adjecit,¢cauteriatam

182 3385 204 3419 ι
229 3367 533 3422 novissimis
587 3364 936 3436 temporibus
966 3363 1255 3417 discedent
1284 3363 1513 3433 quidam
1556 3381 1591 3415 a
1626 3363 1754 3424 fide,
1841 3359 2171 3414 habentium
2195 3378 2356 3415 suam
2386 3363 2633 3433 ipsorum
2655 3366 3072 3433 conscientiam,
3107 3389 3128 3418 ι
3155 3369 3251 3440 qui
3287 3370 3437 3424 enim

182 3457 578 3510 «attendentes
608 3453 897 3525 spiritibus
929 3452 1154 3516 erroris,
1183 3458 1241 3506 et
1269 3451 1539 3505 doctrinis
1558 3452 1761 3506 dmmo—
1841 3449 1910 3502 de
1955 3449 2213 3503 castitate
2269 3451 2555 3517 simulant,
2609 3470 2832 3507 omnem
2882 3457 3208 3526 spurcitiam
3257 3459 3314 3513 in
3379 3477 3439 3514 se

182 3561 204 3596 ι
225 3544 449 3610 niorum,
485 3545 544 3598 in
575 3543 855 3614 hypocrisi
870 3541 1221 3613 loquentium
1235 3541 1759 3606 mendacium,cau-
1841 3543 2167 3609 perpetrare
2199 3539 2579 3594 inveniuntur.
2605 3541 2844 3596 Evidens
2878 3550 2964 3598 est
3005 3546 3271 3615 quoniam
3303 3549 3440 3601 talia

184 3651 204 3686 ‹
229 3635 481 3689 teriatam
522 3632 855 3687 habentium
892 3630 1311 3692 conscientiam,
1345 3629 1761 3700 prohibentium
1842 3627 2110 3680 facientes
2130 3643 2242 3680 non
2263 3627 2644 3697 integritatem
2661 3637 2896 3700 possunt
2917 3632 3440 3699 habere,contraria

183 3742 206 3775 ε
230 3723 444 3790 nubere,
466 3723 756 3777 abstinere
777 3738 811 3774 a
825 3720 983 3785 cibis,
1015 3739 1041 3772 ››
1066 3725 1124 3774 et
1141 3725 1362 3774 caetera.
1383 3719 1590 3789 (G-reg.)
1617 3719 1764 3771 Nam
1845 3715 1995 3768 enim
2016 3716 2200 3786 specie
2220 3733 2450 3770 suorum
2472 3734 2795 3798 sermonum
2816 3718 2920 3772 sibi
2937 3721 3041 3790 ipsi
3059 3723 3263 3776 conscii
3285 3730 3436 3788 sunt,

179 3818 291 3866 sunt
312 3812 594 3876 nonnulli,
629 3811 725 3881 qui
755 3811 833 3864 ita
861 3809 1173 3879 virginitati
1205 3808 1391 3862 carnis
1420 3807 1666 3872 student,
1700 3813 1765 3860 ut
1846 3821 1968 3874 qum
1997 3811 2054 3857 et
2079 3805 2138 3858 in
2167 3822 2226 3858 se
2258 3811 2517 3859 exercent
2545 3812 2601 3859 et
2628 3807 2768 3860 alios
2801 3807 3020 3862 docent.
3056 3811 3293 3864 Evidens
3345 3829 3442 3866 au-

181 3903 379 3972 nuptias
402 3903 682 3956 damnent
710 3919 720 3951 :
755 3904 812 3953 et
839 3897 1235 3954 suntnonnulli
1265 3897 1359 3968 qui
1382 3897 1462 3950 ita
1483 3895 1764 3950 abstinen-
1844 3899 1960 3946 tem
2007 3894 2156 3963 quod
2199 3894 2339 3948 dixit
2381 3895 2802 3966 prohibentium
2846 3897 3057 3952 nubere
3102 3898 3384 3953 abstinere
3409 3919 3443 3954 a

181 3990 296 4044 liam
320 3991 580 4055 laudant,
614 3995 677 4042 ut
707 3993 995 4042 sumentes
1025 3987 1296 4040 alimenta
1320 3985 1636 4040 necessaria
1663 3986 1762 4039 de-
1845 3981 1999 4049 cibis,
2041 3983 2342 4037 ostendens
2386 3983 2648 4054 quoniam
2703 4002 2815 4038 non
2875 3985 3106 4054 nubere,
3164 3995 3264 4043 aut
3328 4006 3440 4044 non

183 4082 453 4144 'estentur,
487 4080 561 4132 de
593 4077 795 4148 quibus
823 4094 924 4148 per
944 4077 1182 4130 Paulum
1212 4075 1417 4128 dicitur
1450 4093 1460 4126 :
1496 4092 1523 4128 α
1565 4074 1763 4128 Prohi-
1845 4088 2068 4125 sumere
2115 4089 2268 4126 escas
2307 4073 2540 4127 crimine
2584 4073 2816 4143 dignum
2867 4081 2970 4141 est,
3003 4078 3098 4131 sed
3145 4079 3293 4149 quod
3322 4079 3443 4149 lege

185 4186 204 4216 ε
231 4166 476 4223 bentium
507 4166 743 4232 nubere,
768 4165 1049 4220 abstinere
1067 4181 1101 4218 a
1117 4163 1253 4218 cibis
1274 4181 1412 4234 quos
1431 4163 1582 4217 Deus
1606 4180 1764 4217 crea-
1849 4159 1956 4214 ista
1981 4161 2276 4231 prohibere
2314 4162 2647 4218 annitantur
2679 4183 2689 4216 :
2726 4181 2792 4217 ex
2814 4163 3046 4218 arbitrio
3075 4167 3226 4220 enim
3263 4167 3443 4221 conti-

185 4274 205 4304 ε
231 4257 302 4310 vit
326 4258 394 4310 ad
424 4255 855 4328 percipiendum
888 4271 1015 4307 cum
1043 4253 1360 4323 gratiarum
1387 4251 1605 4305 actione
1635 4252 1768 4305 ﬁde-
1850 4266 1988 4303 nere
2019 4269 2078 4305 se
2108 4251 2352 4323 aliquem
2383 4251 2453 4305 ab
2481 4253 2604 4306 istis
2623 4270 2735 4307 non
2757 4260 2844 4308 est
2863 4254 3274 4310 inconveniens.
3297 4257 3443 4310 Nam

185 4364 204 4392 ι
233 4345 389 4400 libus.
425 4367 450 4397 ι
487 4345 639 4410 Quia
668 4361 798 4414 ergo
820 4360 914 4397 eos
933 4359 967 4396 a
983 4341 1194 4395 carnali
1214 4340 1528 4395 intentione
1546 4357 1660 4394 sua:
1681 4357 1769 4394 su-
1785 4387 1834 4415 η
1853 4339 2150 4410 prohibere
2177 4341 2247 4394 de
2271 4341 2356 4395 his
2389 4342 2738 4396 necessitatis
2763 4350 2849 4397 est
2877 4343 3081 4414 potius,
3108 4362 3220 4398 non
3239 4362 3444 4415 propo-

183 4436 510 4500 perstitionis
536 4431 1042 4494 revocat,haeretici
1066 4447 1193 4484 cum
1224 4431 1325 4483 hos
1355 4429 1635 4500 aspiciunt
1659 4430 1763 4483 ali-
1789 4428 1960 4493 "siti,
1992 4429 2139 4500 quod
2169 4430 2430 4484 similiter
2450 4431 2635 4485 dicere
2672 4449 2784 4486 non
2816 4438 3018 4502 potest,
3053 4434 3319 4503 quoniam
3348 4433 3444 4487 ubi

183 4527 257 4574 ter
273 4523 449 4576 vivere
480 4539 654 4593 quam
684 4522 1012 4584 docuerunt,
1045 4520 1282 4573 lacertos
1303 4535 1500 4573 eorum
1539 4517 1608 4571 ab
1629 4535 1764 4589 ope-
1847 4519 2196 4588 propositum
2245 4525 2332 4573 est
2373 4520 2450 4573 ibi
2489 4521 2855 4585 continentia,
2903 4521 3010 4576 ista
3051 4539 3182 4576 vero
3221 4523 3446 4576 evidens

186 4611 378 4665 ratione
408 4627 582 4682 quam
611 4610 765 4681 prius
797 4615 1104 4664 tenuerunt
1129 4607 1504 4662 comminutos
1533 4624 1672 4673 esse,
1696 4607 1766 4661 ab
1849 4608 2124 4661 execratio
2155 4615 2258 4661 est.
2292 4610 2616 4662 Notandum
2646 4627 2775 4663 vero
2808 4615 2894 4663 est
2920 4611 2979 4664 in
3000 4628 3084 4676 eo,
3119 4611 3264 4682 quod
3286 4611 3443 4675 dixit,

188 4697 408 4754 Ecclesia
459 4705 761 4754 testantur.
811 4699 969 4753 Unde
1011 4704 1067 4752 et
1096 4697 1153 4752 in
1184 4698 1288 4751 hoc
1317 4704 1570 4768 tempore
1600 4697 1766 4751 disci-
1853 4715 1883 4749 α
1917 4696 2198 4750 abstinere
2229 4715 2263 4750 a
2287 4696 2442 4762 cibis,
2478 4715 2504 4750 ι
2539 4698 2702 4752 sicuti
2723 4700 3273 4770 etimperfectionem
3293 4707 3449 4755 nota-

183 4786 350 4855 plinae,
386 4789 435 4842 si
468 4787 603 4860 quid
633 4788 683 4841 ei
713 4787 1066 4841 adversitatis
1089 4787 1353 4852 evenerit,
1387 4786 1492 4840 hoc
1519 4786 1767 4840 evenisse
1850 4783 2032 4838 bimus
2046 4802 2113 4838 eo
2135 4787 2280 4855 quod
2314 4787 2526 4840 nullam
2551 4787 2901 4857 diligentiam
2923 4790 3255 4860 eloquentia
3283 4789 3451 4844 faciat

185 4889 240 4928 ξι
296 4877 467 4948 digna
525 4883 879 4948 peccatorum
953 4875 1320 4929 retributione
1389 4875 1763 4946 suspicantur.
1850 4873 2729 4945 multadicensimperfecte.Nam
2743 4881 2798 4929 et
2813 4876 2984 4930 hocin
2998 4877 3446 4948 locoquoddixit,

189 4965 368 5025 'Amb.)
399 4966 637 5020 Evidens
667 4965 896 5036 quidem
925 4965 1189 5036 quoniam
1235 4964 1352 5018 haec
1399 4964 1534 5017 dicit
1573 4963 1770 5017 beatus
1858 4983 1880 5013 ι
1914 4963 2351 5033 prohibentium,
2390 4985 2412 5015 ι
2445 4965 2603 5035 quasi
2635 4982 2734 5034 per
2753 4967 3142 5020 necessitatem
3170 4967 3304 5020 illud
3327 4967 3447 5019 fieri

193 5050 400 5120 Paulus,
437 5071 550 5108 non
581 5054 716 5124 quia
741 5060 878 5107 tunc
900 5055 1020 5124 jam
1050 5053 1200 5124 apud
1241 5053 1460 5124 aliquos
1487 5057 1772 5124 caeperant
1853 5052 2151 5123 accipiens,
2171 5053 2762 5122 sequentiamillorum
2793 5055 3019 5124 reliquit
3039 5054 3444 5125 imperfectam,

191 5139 284 5195 ista
312 5143 582 5214 profiteri,
615 5143 715 5197 sed
744 5143 892 5214 quod
913 5147 1108 5214 postea
1129 5142 1239 5196 ista
1266 5147 1429 5196 erant
1443 5141 1513 5194 ab
1534 5141 1772 5196 homini-
1855 5142 2014 5212 quasi
2048 5142 2176 5196 hinc
2206 5142 2383 5212 possit
2409 5141 2578 5194 etiam
2609 5141 2747 5196 illud
2781 5143 3038 5214 cognosci
3075 5159 3184 5213 quo
3231 5143 3451 5198 incusat

193 5227 281 5285 lius
312 5232 651 5305 principium
683 5238 995 5303 sumptura.
1031 5232 1175 5286 Nam
1223 5238 1281 5286 et
1317 5231 1426 5285 ista
1469 5248 1533 5285 eo
1573 5230 1770 5302 spin'tu
1855 5247 1950 5284 eos
1982 5230 2076 5301 qui
2096 5236 2305 5300 cogunt
2320 5229 2600 5284 abstinere
2621 5231 2830 5296 acibis,
2855 5231 3056 5285 deinde
3071 5231 3260 5286 dicens
3277 5233 3449 5288 etiam

187 5321 499 5390 cognovisse
527 5321 855 5392 designavit,
885 5326 944 5376 et
971 5321 1120 5392 quod
1149 5320 1207 5374 in
1232 5319 1549 5374 novissimis
1563 5325 1776 5390 tempo-
1857 5319 2196 5373 sententiam
2231 5335 2400 5390 quam
2448 5324 2506 5373 et
2553 5325 2795 5383 accusat,
2842 5318 2974 5390 quia
3014 5319 3073 5373 in
3111 5320 3306 5376 ultimo
3345 5323 3453 5378 erit

193 5407 333 5463 libus
359 5410 476 5465 sint
500 5411 706 5476 futura,
752 5409 1154 5482 pronuntiavit.
1188 5408 1492 5478 Conjunxit
1533 5425 1664 5463 vero
1710 5425 1777 5462 ea
1859 5408 2007 5479 apud
2038 5407 2314 5473 homines,
2333 5407 2527 5478 abjicit
2553 5408 2962 5479 probationem,
2997 5410 3145 5480 quod
3174 5427 3286 5466 non
3318 5429 3451 5467 con-

196 5495 290 5550 -llis
320 5499 687 5564 sermonibus,
722 5515 846 5570 quae
877 5499 946 5553 de
976 5498 1200 5554 Christo
1227 5497 1453 5552 fuerant
1471 5497 1639 5561 dicta,
1659 5513 1768 5550 non
1854 5497 2141 5550 venienter
2189 5496 2297 5550 ista
2344 5503 2678 5567 proponant.
2717 5515 2743 5549 ι
2775 5497 2926 5560 Quos
2969 5498 3118 5553 Deus
3147 5501 3354 5554 creavit
3381 5503 3451 5554 ad

195 5583 456 5654 absolute,
495 5589 591 5644 sed
618 5588 886 5660 quoniam
914 5587 1038 5643 illos
1067 5587 1219 5659 ipsos
1245 5586 1456 5642 sciebat
1474 5587 1614 5641 tales
1651 5603 1774 5640 esse
1855 5585 2272 5657 percipiendum
2285 5602 2414 5642 cum
2432 5586 2747 5657 gratiarum
2767 5586 3038 5643 actione.¢
3057 5590 3204 5645 Nam
3221 5591 3453 5646 etvalde
