3868 6138
508 199 613 257 615

1100 200 1164 254 Β.
1206 197 1480 255 RABANI
1517 198 1749 255 MAUBI
1785 200 2123 257 ARCHIEP.
2162 199 2488 257 MOGUNT.
2529 198 2828 258 OPERUM
2865 203 3050 259 PARS
3084 205 3180 261 III.

3616 214 3700 271 ﬁlii

506 328 823 401 pidantium
840 326 1172 383 vestimenta
1190 327 1482 382 servabat?
1492 326 1580 382 his
1598 344 1732 399 ergo
1752 327 1999 400 primum
2017 346 2105 384 co-
2118 331 2170 391 Α
2184 333 2350 383 trem.
2408 348 2431 380 ι
2487 329 2723 394 (Ambr.)
2763 328 3055 384 Seniorem
3100 327 3244 394 dicit,
3288 346 3390 384 non
3439 336 3702 392 secundum

504 417 871 488 gitationibus
898 415 1184 471 humiliari
1197 432 1294 471 cor
1312 416 1495 483 debet,
1513 423 1572 472 et
1598 422 1732 471 tunc
1756 417 1984 472 demum
2012 418 2107 489 de-

505 506 881 577 linquentium
908 504 1177 576 iniquitas
1204 505 1721 577 increpari.Deinde
1748 523 1815 561 ex
1832 505 2107 577 generali-

504 599 622 649 tate
651 611 780 650 eum
812 594 1113 649 exhortans
1141 594 1212 648 de
1236 594 1324 649 his
1355 611 1479 665 quae
1502 594 1608 649 sibi
1642 595 1983 650 conveniunt
2001 595 2103 650 ad-

499 682 650 754 jicit:
671 702 698 737 «
712 684 860 738 Dum
887 684 1048 737 venio
1071 683 1299 737 attende
1318 682 1545 737 lectioni
1568 689 1624 737 et
1653 683 2028 738 exhortationi
2048 689 2105 738 et

510 792 541 825 ι
567 772 854 827 doctrinae.
892 791 915 823 ι
964 771 1204 839 (Αηιὸν.)
1244 772 1314 826 Et
1361 771 1796 827 sollicitudinem
1842 772 2103 843 impende

503 877 642 932 erga
667 861 982 927 lectionem,
1005 866 1070 915 ut
1099 861 1313 915 discere
1342 860 1539 932 possis,
1574 877 1697 932 quae
1726 867 1784 915 te
1812 866 1872 915 et
1897 861 2098 927 facere,

504 955 565 1005 et
597 949 738 1004 alios
765 950 964 1005 docere
994 949 1306 1017 conveniat,
1344 955 1409 1004 ut
1445 948 1775 1004 assiduitate
1802 948 2105 1004 lectionum

503 1040 746 1113 teipsum
764 1039 1048 1094 instruens
1067 1038 1328 1094 insistere
1348 1038 1528 1109 possis
1548 1038 1811 1093 doctrinae
1832 1044 1891 1092 et
1908 1038 2104 1093 exhor-

504 1128 726 1194 tationi,
757 1145 871 1183 non
906 1127 1042 1182 dicit
1089 1128 1241 1182 enim
1279 1127 1533 1182 absolute
1568 1127 1971 1193 narrationem,
2004 1127 2104 1182 sed

505 1217 955 1273 exhortationem
974 1217 1089 1271 sive
1106 1216 1483 1279 collationem,
1498 1214 1655 1270 illam
1671 1215 2103 1270 commotionem

503 1325 628 1378 quae
656 1324 722 1361 ex
743 1305 1025 1377 aliquibus
1056 1304 1447 1359 accedentibus
1471 1304 1594 1359 ﬁeri
1626 1304 1786 1371 solet,
1811 1320 1982 1376 quam
2012 1304 2102 1359 in-

503 1397 727 1451 terdum
746 1400 805 1449 et
824 1394 882 1448 in
903 1393 1185 1449 communi
1204 1394 1387 1448 facere
1409 1399 1495 1448 est
1512 1409 1737 1447 necesse
1758 1394 1843 1447 vel
1858 1393 2100 1447 maxime

503 1501 631 1539 cum
659 1480 814 1537 illam
840 1482 1224 1537 narrationem
1261 1482 1643 1549 inciderimus,
1667 1498 1837 1553 quam
1865 1482 2100 1552 singulis

2187 417 2557 472 ordinationis
2587 417 2884 484 rationem,
2922 418 3021 473 sed
3047 418 3340 473 secundum
3376 425 3591 488 aetatem,
3618 424 3705 480 hoc

2187 512 2290 571 est,
2325 523 2539 569 senem,
2570 511 2636 561 ut
2661 506 2831 571 dicat,
2871 505 3097 561 senibus
3143 506 3251 561 noli
3292 507 3503 563 acerbus
3541 511 3703 579 videri,

2185 595 2285 650 sed
2313 611 2444 649 cum
2473 595 2748 649 modestia
2774 595 2887 649 illis
2914 595 3156 666 loquere,
3174 595 3325 666 quasi
3356 597 3582 667 patribus
3597 601 3706 656 tuis.

2189 701 2217 735 «
2256 684 2495 738 Juvenes
2538 690 2603 738 ut
2647 684 2871 739 fratres.
2915 702 2941 736 »
2974 685 3038 738 In
3084 699 3364 738 commune
3396 686 3565 756 posuit
3596 688 3708 744 illud

2186 772 2336 843 quod
2364 772 2599 832 dixerat,
2636 790 2662 824 ‹‹
2692 772 2942 837 obsecra,
2980 791 3006 824 »
3038 772 3155 826 vult
3196 772 3339 826 enim
3375 772 3559 840 dicere,
3595 777 3710 831 nulli

2185 860 2467 915 inveharis
2494 878 2677 933 neque
2706 861 2783 915 sis
2807 859 3040 915 acerbus
3062 866 3160 914 aut
3185 877 3434 915 amarus:
3457 862 3713 919 clementer

2185 954 2315 1004 vero
2340 955 2398 1004 et
2421 949 2661 1020 benigne
2692 966 2828 1021 erga
2855 965 3050 1004 omnes
3074 955 3231 1004 tuum
3258 948 3445 1004 exhibe
3469 951 3709 1015 aﬂ'ectum,

2185 1038 2464 1109 longaevos
2490 1038 2652 1110 quasi
2681 1044 2870 1109 patres
2898 1038 3156 1108 diligens,
3184 1037 3429 1109 juniores
3454 1044 3513 1093 ut
3528 1039 3710 1106 fratres,

2185 1131 2244 1181 et
2289 1126 2425 1199 quia
2476 1126 2586 1181 ista
2621 1127 2691 1182 de
2746 1126 2881 1182 viris
2944 1126 3180 1194 dixerat,
3237 1127 3419 1182 volens
3468 1129 3716 1184 ostendere

2185 1215 2453 1286 quoniam
2481 1220 2779 1287 paternum
2806 1216 3071 1270 affectum
3095 1214 3347 1270 convenit
3390 1231 3510 1270 eum
3547 1215 3718 1271 habere

2184 1320 2321 1374 erga
2365 1304 2513 1359 viros
2550 1309 2609 1359 et
2652 1321 2787 1374 erga
2824 1304 3106 1370 mulieres,
3129 1304 3331 1359 transit
3357 1303 3425 1358 ad
3452 1303 3590 1358 illam
3612 1322 3716 1376 par-

2182 1398 2299 1446 tem
2314 1393 2473 1464 paria
2488 1393 2678 1448 dicens
2703 1412 2714 1447 :
2735 1412 2758 1445 ι
2783 1394 2941 1448 Anus
2955 1398 3020 1448 ut
3037 1398 3264 1459 matres,
3291 1412 3317 1445 »
3336 1409 3465 1464 erga
3479 1393 3716 1459 mulieres,

2183 1480 2386 1552 inquit,
2418 1482 2591 1535 talem
2619 1486 2676 1537 te
2703 1481 2902 1536 exhibe
2951 1488 3017 1543 ut
3043 1482 3288 1537 seniores
3327 1498 3509 1536 earum
3549 1487 3719 1537 matres

502 1589 780 1645 exponere
799 1589 889 1626 res
918 1572 1042 1643 ipsa
1061 1571 1377 1643 compellat.
1408 1572 1746 1625 Permanere
1765 1587 1895 1625 vero
1918 1571 1977 1624 in
2007 1571 2104 1625 do-
2182 1574 2310 1624 tuas
2324 1586 2446 1625 esse
2461 1570 2763 1626 existimes.
2785 1570 2998 1625 Deinde
3028 1576 3086 1625 et
3113 1571 3184 1626 de
3204 1570 3427 1625 novellis
3452 1571 3636 1625 similia
3654 1571 3721 1625 di-

501 1661 685 1716 ctrina
697 1659 1149 1715 etexhortatione
1170 1659 1428 1730 diligenti
1445 1660 1689 1714 suadens
1701 1658 2098 1729 placabilitate,
2118 1645 2331 1723 Bcens,
2364 1658 2559 1729 adjicit
2590 1677 2601 1712 :
2643 1677 2670 1713 ς(
2694 1660 3028 1714 Juveneulas
3070 1664 3136 1714 ut
3183 1676 3398 1715 sorores
3439 1676 3556 1714 cum
3598 1659 3721 1714 omni

503 1749 697 1821 adjicit
728 1768 739 1803 :
778 1768 807 1803 ι
837 1748 963 1803 Noli
998 1748 1283 1819 negligere
1319 1748 1564 1818 gratiam
1603 1765 1726 1819 quae
1755 1747 1813 1801 in
1842 1752 1899 1802 te
1928 1752 2034 1802 est.
2071 1769 2098 1797 ι

501 1840 649 1893 Nam
678 1843 736 1893 et
763 1837 1105 1892 sufficienter
1131 1842 1355 1909 poterat
1382 1837 1434 1891 ei
1465 1837 1827 1908 persuadere,
1869 1842 1935 1891 ut
1971 1852 2099 1891 cum

501 1926 877 1983 sollicitudine
897 1926 1162 1981 doctrinae
1182 1942 1322 1997 opus
1350 1925 1631 1997 impleret,
1654 1942 1720 1980 eo
1744 1925 1892 1996 quod
1912 1925 1983 1980 ad
2011 1926 2099 1979 di-

501 2017 689 2071 vinam
715 2015 1077 2070 donationem
1105 2015 1176 2069 ab
1206 2015 1312 2068 hac
1338 2013 1464 2086 ipsa
1490 2030 1661 2069 causa
1697 2014 1900 2085 dignus
1932 2014 2103 2069 fuerit

500 2105 725 2176 assequi
749 2105 899 2159 unde
937 2109 994 2158 et
1022 2103 1264 2175 amplius
1291 2104 1488 2158 datum
1536 2103 1721 2175 ipsum
1766 2119 1972 2174 augere
2001 2119 2100 2157 cu-

499 2193 679 2266 piens,
694 2199 760 2248 ut
778 2193 958 2264 magis
973 2195 1265 2263 magisque
1281 2208 1412 2246 eum
1434 2192 1849 2257 adhortaretur,
1863 2192 2060 2262 adjicit
2080 2211 2091 2246 :

2183 1748 2460 1802 castitate.
2498 1767 2524 1800 »
2549 1748 2619 1802 Et
2642 1748 2764 1813 has,
2782 1748 2985 1819 inquit,
3010 1747 3158 1803 sicut
3175 1765 3392 1803 sorores
3406 1749 3638 1820 proprias
3652 1748 3721 1802 di-

2180 1836 2311 1907 lige,
2325 1836 2654 1891 divisionem
2670 1853 2906 1894 sexuum
2924 1854 3027 1908 per
3042 1842 3268 1893 aetatem
3287 1838 3405 1892 ﬁeri
3424 1836 3607 1892 debere
3624 1854 3725 1909 pro-

2182 1924 2353 1992 bavit,
2387 1930 2445 1980 et
2471 1925 2701 1997 quidem
2727 1942 2855 1980 cum
2876 1925 3053 1998 possit
3079 1925 3198 1994 illa,
3230 1926 3407 1997 magis
3434 1931 3489 1980 et
3510 1925 3724 1981 absolute

2183 2018 2242 2067 et
2269 2013 2327 2067 in
2357 2013 2639 2069 communi
2668 2014 2870 2081 dicere,
2904 2014 3001 2068 sed
3031 2014 3140 2070 hoc
3168 2014 3317 2082 fecit,
3348 2020 3411 2069 ut
3446 2031 3539 2086 per
3571 2020 3727 2086 partes

2181 2102 2521 2169 ostenderet,
2545 2102 2812 2174 quoniam
2840 2102 3101 2158 similiter
3122 2120 3253 2160 eum
3278 2103 3396 2159 vult
3422 2119 3549 2174 erga
3568 2119 3729 2157 omnes

2179 2196 2299 2245 tam
2327 2190 2493 2257 viros,
2516 2208 2686 2263 quam
2705 2192 2970 2247 mulieres
2998 2192 3263 2248 affectum
3291 2192 3572 2247 ostendere
3594 2207 3729 2246 suum
3768 2186 3779 2195 ’

503 2298 537 2335 ιι
563 2282 698 2347 Quae
715 2282 851 2336 data
874 2287 960 2336 est
971 2281 1075 2337 tibi
1096 2297 1198 2353 per
1210 2280 1564 2352 prophetiam
1588 2297 1717 2334 cum
1741 2279 2097 2352 impositione
2180 2279 2293 2334 sive
2321 2296 2483 2335 senes
2512 2280 2644 2347 sint,
2677 2280 2791 2335 sive
2813 2282 3065 2353 juvenes.
3090 2282 3319 2354 Optime
3344 2285 3526 2336 autem
3551 2296 3730 2335 nonso-

503 2389 528 2422 «
557 2387 759 2425 manus
788 2369 1186 2442 presbyterii.»
1215 2370 1360 2423 Nam
1387 2374 1445 2423 et
1465 2369 1676 2423 donum
1700 2368 1952 2423 divinum
1972 2385 2098 2440 pro-
2178 2368 2298 2423 lum
2321 2369 2631 2424 secundum
2659 2385 2854 2424 sexum
2882 2369 3029 2425 viros
3058 2375 3118 2425 et
3146 2371 3413 2425 mulieres
3443 2369 3628 2435 divisit,
3654 2368 3733 2422 sed

500 2464 628 2530 pter
654 2459 761 2513 hoc
792 2462 1079 2513 assecutus
1109 2474 1189 2523 es,
1221 2474 1323 2528 per
1355 2457 1750 2512 revelationem
1782 2458 1921 2512 illud
1949 2457 2097 2511 acci-
2179 2457 2353 2512 etiam
2382 2463 2441 2512 et
2458 2458 2779 2513 secundum,
2797 2462 3010 2525 aetates,
3038 2475 3164 2529 quae
3195 2459 3530 2530 proprietate
3555 2462 3735 2511 natura:

500 2545 678 2618 piens,
700 2547 1085 2617 per,inquam,
1107 2545 1523 2617 impositionem
1543 2562 1814 2601 manuum
1832 2546 2099 2617 plurimo-
2178 2546 2429 2601 accidere
2454 2547 2655 2601 solent.
2687 2547 2847 2602 Unde
2874 2552 2932 2601 et
2953 2548 3197 2603 nomine.
3222 2547 3526 2603 secundum
3551 2552 3737 2602 aetatem

2178 2640 2524 2690 memoratus
2553 2640 2657 2703 est,
2676 2635 2757 2690 ita
2774 2640 2841 2690 ut
2854 2636 3132 2707 longaevos
3152 2636 3391 2709 quidem
3410 2652 3556 2691 more
3573 2651 3736 2707 paren-

2177 2729 2296 2778 tum
2337 2724 2643 2791 al'fectaret,
2691 2724 2926 2795 juvenes
2965 2741 3098 2779 vero
3150 2742 3319 2780 more
3348 2726 3593 2791 fratrum,
3617 2728 3739 2778 etut

497 2651 626 2689 rum
654 2640 713 2688 et
738 2635 845 2689 hoc
864 2651 975 2689 non
990 2634 1408 2700 vilissimorum,
1433 2634 1530 2705 qui
1549 2634 1609 2689 in
1629 2639 1728 2689 tua
1745 2635 2097 2690 ordinatione

495 2722 602 2794 ipsi
630 2723 827 2794 gratiae
861 2723 966 2777 visi
1003 2727 1138 2777 sunt
1181 2721 1548 2777 ministrasse.
1594 2725 1790 2794 Itaque
1827 2724 1979 2778 omni
2028 2740 2095 2777 ex

497 2818 676 2884 parte,
706 2828 820 2866 non
840 2816 927 2866 est
957 2819 1183 2866 auctum
1202 2810 1323 2873 tibi,
1350 2817 1417 2867 ut
1443 2811 1693 2882 negligas
1724 2811 1821 2866 illa
1848 2829 1971 2883 qua:
1990 2812 2093 2867 tibi
2174 2818 2407 2884 augeret
2436 2814 2557 2883 ejus
2586 2813 2847 2868 allectum
2873 2813 2934 2868 in
2959 2813 3167 2869 melius
3198 2814 3383 2870 simile
3410 2813 3608 2884 aliquid
3625 2811 3738 2866 dixit

495 2906 631 2956 sunt
655 2901 927 2971 injuncta,
960 2900 1073 2954 sive
1102 2904 1332 2971 propter
1374 2900 1790 2965 revelationem,
1823 2917 1950 2956 cum
1982 2919 2095 2973 qua
2118 2960 2157 2974 η
2173 2900 2417 2968 illorum,
2433 2918 2555 2972 quae
2572 2902 2846 2956 Dominus
2865 2901 3082 2957 dixerat
3102 2902 3182 2957 ad
3204 2902 3386 2968 illum,
3405 2901 3499 2974 qui
3512 2901 3608 2957 sibi
3625 2916 3739 2956 nun-

496 3006 565 3044 ea
590 2960 879 3044 assecutus
908 2960 988 3056 es,
1020 2960 1134 3043 sive
1165 2960 1235 3043 ob
1264 2988 1648 3060 dignationem
1676 2960 1872 3043 eorum
1897 2960 2093 3060 qui.ob
2114 2960 2159 3022 Ο
2174 2960 2429 3057 tiaverat,
2444 2960 2711 3061 quoniam
2725 2995 2908 3045 mater
2920 2996 3023 3045 tua
3041 2995 3100 3045 et
3119 2990 3333 3047 fratres
3458 2993 3741 3063 exspectant

497 3079 603 3133 hoc
645 3078 830 3150 ipsum
868 3077 1255 3132 ministrantes
1300 3092 1501 3133 manus
1535 3077 1640 3131 tibi
1678 3077 2088 3149 imposuerunt.
2173 3078 2327 3145 foris,
2359 3079 2649 3150 respondit
2675 3097 2687 3132 :
2727 3098 2753 3133 «
2780 3080 2979 3145 Mater,
3011 3079 3223 3150 inquit,
3245 3097 3375 3135 mea
3399 3086 3457 3135 et
3487 3080 3672 3134 fratres
3693 3074 3742 3131 hi

494 3166 859 3239 Presbyteros
884 3184 1016 3221 vero
1042 3167 1148 3221 hoc
1168 3166 1227 3221 in
1244 3167 1366 3221 loco
1391 3182 1507 3221 non
1526 3183 1621 3221 eos
1650 3166 1978 3233 nominavit,
1996 3168 2092 3239 qui
2174 3172 2325 3233 sunt,
2344 3167 2440 3238 qui
2459 3167 2912 3223 faciuntverbum
2926 3184 3153 3235 meum;
3171 3188 3200 3222 »
3215 3170 3297 3225 sic
3307 3175 3367 3224 et
3381 3169 3563 3241 ipsein
3577 3167 3743 3222 eodem

493 3273 643 3311 nunc
667 3256 1033 3311 nominantur
1050 3254 1364 3327 presbyteri
1389 3274 1401 3308 ε
1423 3272 1527 3310 nec
1554 3260 1745 3310 autem
1774 3273 1864 3310 res
1883 3257 2091 3311 admit-
2173 3255 2370 3310 ordine
2401 3256 2592 3311 fideles
2636 3272 2765 3311 eum
2806 3256 3015 3311 habere
3044 3259 3334 3330 praecepit.
3369 3255 3743 3313 Intendendum

491 3344 648 3400 tebat
672 3346 809 3400 istos
837 3361 1038 3400 manus
1065 3344 1356 3416 imponere
1379 3344 1451 3399 ad
1476 3343 1888 3399 ordinationem
1916 3345 2093 3417 ipsius
2172 3361 2302 3399 vero
2332 3349 2421 3399 est
2446 3344 2530 3399 illi
2546 3346 2797 3412 cautelae,
2815 3346 3303 3417 quemadmodum
3321 3348 3391 3403 de
3418 3343 3744 3402 adolescenti-

490 3434 813 3501 functionis,
857 3434 957 3489 sed
993 3434 1376 3506 apostolorum
1418 3433 1559 3488 dicit
1605 3439 1960 3501 conventum,
1995 3435 2091 3506 qui
2172 3431 2276 3487 bus
2302 3432 2634 3488 mulieribus
2681 3433 2917 3505 loquens
2947 3434 3225 3505 posuerit,
3262 3454 3290 3487 ‹‹
3322 3440 3587 3507 tanquam
3610 3447 3743 3487 soro-

491 3523 688 3579 aderat
705 3524 956 3596 apostolo
982 3522 1178 3588 Paulo,
1194 3528 1250 3577 et
1270 3539 1398 3577 cum
1422 3539 1488 3577 eo
1506 3539 1708 3578 manus
1728 3522 2092 3595 imponebant
2170 3537 2279 3589 res,
2315 3540 2341 3575 »
2367 3526 2425 3577 et
2451 3522 2542 3577 his
2569 3522 2839 3593 adjecerit
2858 3540 2883 3574 (ι
2910 3523 2969 3576 in
2989 3523 3142 3578 omni
3165 3524 3451 3591 castitate,
3480 3544 3504 3577 ›)
3534 3522 3685 3578 simul
3701 3525 3748 3574 et

487 3611 548 3667 in
560 3613 684 3683 ejus
694 3610 1549 3683 ordinationem.Presbyterium
1561 3617 1750 3666 autem
1762 3611 1901 3666 illud
1911 3611 2090 3667 nomi-
2169 3609 2465 3665 consilium
2493 3627 2658 3665 suum
2686 3627 2823 3681 erga
2847 3627 3115 3682 personas
3162 3599 3611 3668 memoratarum
3636 3625 3744 3682 pro-

488 3701 660 3768 navit,
676 3700 1148 3772 contemplatione
1159 3700 1406 3767 honoris,
1420 3700 1669 3755 istavero
1683 3701 2087 3756 consuetudine
2169 3705 2296 3771 pter
2324 3704 2547 3754 aetatem
2577 3704 2807 3754 cautum
2842 3700 3166 3769 ostendens,
3201 3702 3378 3769 simul
3421 3704 3479 3757 et
3514 3700 3643 3757 illud
3673 3697 3747 3753 in-

486 3790 660 3847 etiam
687 3807 835 3846 nunc
856 3795 1033 3859 agunt
1052 3806 1231 3860 usque
1250 3789 1378 3855 huc,
1404 3794 1471 3844 ut
1491 3789 1549 3843 in
1575 3788 1964 3861 episcoporum
1992 3806 2085 3845 or-
2167 3793 2409 3857 struens,
2441 3788 2708 3860 quoniam
2736 3787 3001 3860 possibile
3029 3795 3117 3844 est
3141 3791 3417 3847 atfectum
3444 3789 3640 3845 habere
3666 3802 3744 3839 ve.

485 3878 774 3933 dinatione
800 3895 914 3933 non
935 3895 1102 3942 unus,
1127 3877 1228 3932 sed
1247 3877 1477 3949 plurimi
1499 3884 1557 3932 et
1584 3879 1911 3948 hujusmodi
1939 3879 2086 3934 ordi-
2165 3877 2489 3933 hementem
2526 3877 2999 3949 contemplatione
3039 3877 3277 3949 pietatis
3317 3897 3458 3952 erga
3494 3876 3746 3937 mulieres,

484 3966 773 4021 nationem
787 3966 1077 4038 impleant,
1093 3966 1295 4021 deinde
1315 3971 1374 4020 et
1389 3965 1695 4038 persistens
1711 3967 1770 4021 in
1786 3967 2084 4039 praebendo
2164 3966 2298 4021 licet
2324 3966 2438 4021 sint
2465 3983 2566 4038 per
2592 3970 2817 4021 aetatem
2855 3966 3104 4034 novellae,
3133 3973 3194 4023 et
3221 3969 3334 4024 hoc
3362 3986 3477 4024 non
3504 3968 3561 4023 in
3586 3971 3747 4021 actum

484 4053 737 4120 consilio,
786 4054 982 4124 adjicit
1019 4074 1031 4108 :
1079 4074 1102 4106 ς
1138 4055 1269 4109 Haec
1306 4055 1601 4122 meditare,
1631 4055 1692 4109 in
1729 4056 1819 4110 his
1848 4061 1988 4124 esto,
2021 4063 2086 4112 ut
2164 4055 2462 4111 deducitur
2488 4054 2817 4126 pessimum.
2850 4055 2996 4110 Nam
3033 4057 3186 4128 quod
3214 4057 3367 4113 dixit
3397 4077 3425 4111 tt
3455 4046 3600 4113 sicut
3623 4068 3752 4109 soro—

487 4159 518 4197 (
547 4142 828 4214 profectus
864 4148 999 4196 tuus
1039 4142 1371 4197 manifestus
1410 4143 1482 4198 sit
1532 4143 1812 4211 omnibus,
1855 4145 2083 4200 attende
2164 4161 2274 4211 res,
2312 4164 2339 4197 »
2380 4161 2447 4199 ex
2473 4144 2760 4215 superiore
2786 4145 3081 4216 sequentia
3106 4145 3288 4202 etiam
3335 4147 3445 4202 hoc
3483 4147 3542 4201 in
3570 4146 3679 4199 loco
3701 4139 3748 4194 id

486 4248 518 4284 at
547 4230 649 4286 tibi
678 4237 737 4286 et
764 4231 1049 4297 doctrinae,
1073 4230 1223 4285 insta
1249 4231 1308 4285 in
1335 4231 1592 4287 illis.Hoc
1618 4232 1765 4286 enim
1791 4233 1998 4289 faciens
2025 4240 2145 4307 etn
2164 4232 2368 4304 posuit,
2386 4232 2682 4288 consilium
2703 4233 2863 4300 dans,
2886 4238 2954 4288 ut
2975 4250 3088 4289 non
3109 4236 3302 4290 solum
3321 4236 3525 4307 diligat
3542 4249 3650 4299 eas,
3666 4230 3753 4285 sic-

486 4340 511 4373 ι
542 4321 789 4392 teipsum
817 4320 1033 4376 salvum
1060 4320 1249 4387 facies,
1274 4325 1332 4375 et
1343 4337 1439 4375 eos
1467 4321 1561 4392 qui
1588 4326 1648 4376 te
1676 4322 1933 4378 audiunt.
1951 4340 1979 4377 ι
2013 4324 2083 4378 Et
2100 4319 2143 4336 ν
2163 4322 2247 4377 uti
2275 4328 2332 4377 et
2359 4322 2418 4376 in
2448 4321 2832 4393 superioribus
2871 4321 3105 4389 dixerat,
3139 4324 3243 4378 sed
3290 4330 3353 4379 et
3391 4325 3465 4379 ad
3511 4319 3753 4379 ostensio.

481 4427 584 4482 per
612 4410 800 4465 omnia
834 4409 974 4465 illud
1013 4408 1168 4474 dicit,
1201 4409 1468 4481 quoniam
1494 4410 1790 4465 conveniat
1816 4416 1873 4466 te
1922 4417 2081 4466 tuam
2161 4427 2291 4466 nem
2320 4410 2662 4482 integritatis
2682 4411 2906 4482 adjecit,
2940 4416 3006 4466 ut
3029 4428 3103 4466 ne
3130 4412 3203 4467 ab
3233 4413 3449 4468 affectu
3495 4414 3625 4483 jura
3654 4407 3753 4462 vio.

480 4499 658 4571 ipsius
688 4498 1040 4569 diligentiam
1070 4498 1294 4565 habere,
1331 4516 1398 4552 ac
1444 4498 1744 4554 virtutibus
1773 4500 2076 4569 illustrare,
2160 4500 2351 4555 lentur
2368 4499 2663 4567 castitatis,
2678 4500 2726 4553 si
2745 4505 2937 4554 tamen
2952 4488 3067 4554 non
3086 4501 3298 4573 aliquis
3319 4508 3527 4574 sponte
3540 4498 3753 4555 meliora

481 4587 564 4641 ita
581 4593 647 4642 ut
666 4592 724 4641 et
742 4592 873 4642 ante
889 4587 1426 4643 omnialectionibus
1447 4587 1727 4655 intendas,
1747 4589 2080 4645 etdoctrinze
2161 4588 2461 4660 dispiciens
2489 4589 2549 4643 in
2576 4588 2824 4644 deterius
2847 4605 3073 4660 serpere
3101 4590 3372 4657 voluerit,
3406 4589 3679 4662 siquidem
3704 4588 3755 4638 et

470 4690 622 4745 opus
667 4691 794 4729 cum
841 4676 994 4730 omni
1043 4676 1305 4748 expedias
1353 4677 1746 4744 sollicitudine,
1795 4678 1875 4732 sic
1927 4679 2079 4741 enim
2160 4677 2504 4733 sororessint
2519 4677 2785 4732 mulieres
2802 4683 2862 4732 et
2877 4678 3133 4733 eamdem
3155 4678 3417 4734 habeant
3431 4684 3689 4734 naturam
3706 4678 3754 4727 et

479 4762 583 4818 tibi
621 4763 730 4835 ipsi
771 4769 829 4818 et
865 4764 989 4819 aliis
1028 4765 1223 4819 multis
1260 4765 1370 4820 eris
1410 4764 1678 4821 bonitatis
1717 4767 1987 4837 provisor,
2010 4772 2081 4822 .et
2161 4766 2366 4821 similia
2384 4765 2601 4837 perpeti
2630 4765 2865 4837 possint,
2886 4771 2944 4820 et
2963 4766 3265 4837 diligemus
3285 4773 3529 4840 propter
3554 4770 3755 4821 natura:

480 4868 748 4925 quoniam
776 4852 847 4906 de
873 4852 962 4907 his
990 4854 1401 4908 consummavit
1425 4854 1871 4909 exhortationem
1898 4855 2077 4926 pluri-
2159 4855 2654 4927 propinquitatem,
2688 4859 2746 4909 et
2770 4854 3089 4910 cavebimus
3117 4855 3341 4928 aliquid
3371 4854 3756 4912 inconveniens

479 4942 590 4997 mis
619 4958 746 4997 eam
776 4941 1130 4996 sermonibus
1178 4943 1405 5014 explens
1449 4943 1643 4998 scribit
1679 4944 1748 4999 de
1790 4949 1990 5000 caetero
2022 4951 2080 5001 et
2159 4944 2218 4998 in
2256 4944 2380 4999 illas
2434 4960 2619 5014 agere,
2652 4943 3131 5015 propinquitatem
3175 4951 3526 5001 venerantes
3555 4949 3755 5000 naturae

480 5032 705 5103 qualem
725 5048 854 5086 eum
886 5046 1008 5085 esse
1036 5047 1173 5101 erga
1197 5032 1448 5103 singulos
1476 5033 1788 5088 conveniat.
2157 5050 2285 5088 cum
2311 5032 2502 5087 debita
2529 5032 2860 5087 reverentia.

1112 5138 1346 5195 CAPUT
1368 5140 1434 5193 ν,
2232 5139 2258 5173 (ς
2298 5122 2510 5177 Viduas
2536 5121 2767 5188 honora,
2804 5137 2927 5193 quae
2954 5138 3083 5176 vere
3113 5121 3298 5179 viduae
3326 5130 3490 5179 sunt.
3518 5141 3546 5175 ν
3569 5118 3759 5178 Omnia

484 5226 721 5280 Instruit
749 5225 1029 5294 Apostolus
1055 5226 1397 5281 Timotheum
1418 5229 1481 5281 de
1504 5230 1831 5295 senioribus,
1845 5230 2076 5297 juveni-

2183 5226 2281 5282 [uae
2303 5211 2362 5266 in
2391 5209 2770 5297 superioribus
2789 5210 3135 5282 interjecisse
3157 5208 3394 5268 videtur
3412 5211 3619 5269 beatus
3643 5224 3763 5280 apo-

554 5298 652 5371 bus
681 5300 731 5349 et
760 5298 972 5371 viduis;
1004 5298 1150 5371 docet
1182 5314 1302 5366 qua
1333 5314 1471 5352 vers
1514 5301 1693 5353 viduas
1721 5296 1857 5365 sint,
1889 5316 1954 5353 ac
2001 5302 2076 5353 lo-
2156 5300 2333 5354 stolus
2355 5300 2582 5365 Paulus,
2605 5298 2675 5353 ab
2687 5296 2785 5354 illo
2805 5316 2914 5371 quo
2932 5299 3090 5365 dixit,
3110 5318 3136 5352 α
3160 5300 3476 5356 manifeste
3502 5310 3757 5370 magnum

553 5368 751 5434 quitur
785 5367 849 5419 de
882 5370 1195 5435 provisione
1236 5371 1630 5423 ministrorum
1670 5371 1932 5435 Ecclesia,
1965 5374 2071 5424 etc.
2158 5394 2245 5444 est
2260 5388 2486 5460 Pietatis
2512 5367 2861 5459 ηιγεωιιίηης,
2895 5407 2923 5440 ,,
2954 5404 3132 5459 usque
3159 5388 3232 5443 ad
3264 5388 3382 5444 hoc
3411 5367 3634 5445 dictum}
3662 5400 3762 5457 quo

557 5490 584 5525 ι
629 5470 921 5528 Seniorem
947 5488 1020 5529 ne
1063 5473 1429 5547 increpueris,
1458 5476 1558 5534 sed
1601 5475 1851 5546 obsecra,
1881 5482 1947 5534 ut
1970 5494 2074 5551 pa-
2155 5476 2312 5546 dixit,
2339 5496 2369 5533 α
2396 5476 2841 5534 adolescentulus
2855 5482 2915 5534 et
2929 5493 3150 5534 sorores
3168 5476 3231 5535 in
3246 5478 3420 5537 omni
3434 5477 3713 5539 castitate,
3734 5490 3758 5522 ιθ
