3868 6138
215 198 306 255 617

627 198 1207 257 ENARRATIONUM
1242 201 1322 256 IN
1360 201 1514 257 EPP.
1556 201 1771 259 PAULI
1808 203 1945 259 LIB.
1986 204 2189 261 XXIII.
2223 233 2288 246 -
2328 205 2407 260 IN
2444 205 2667 262 EPIST.
2709 208 2754 263 Ι.
2785 208 2884 265 AD
2919 206 3071 265 TIM.

3376 210 3481 268 618

210 324 299 379 illa
315 322 555 395 quidem
574 342 698 397 quae
718 326 1035 398 dogmatica
1051 327 1281 393 sunt,ad
1309 327 1694 400 probationem
1715 344 1805 383 ve-
1820 340 1871 398 Α
1890 346 1916 381 α
1948 329 2124 384 vicem
2145 330 2379 385 reddere
2399 331 2745 403 parentibus,
2766 333 2872 388 hoc
2898 333 3051 389 enim
3071 338 3363 406 acceptum
3393 341 3481 392 est

211 413 390 470 ritatis
410 414 624 485 posuit,
660 432 728 469 eo
755 415 905 486 quod
934 415 1236 470 Ecclesiam
1279 416 1420 470 dixit
1449 433 1570 471 esse
1591 418 1806 472 colum-

1892 436 1917 469 (ι
1948 432 2138 473 coram
2166 419 2302 473 Deo.
2340 438 2365 471 »
2392 420 2552 484 Quod
2567 420 2967 490 dixit,discant,
2983 422 3052 476 de
3077 422 3208 476 filiis
3226 426 3285 478 et
3305 439 3483 495 nepo-

211 519 333 558 nam
353 508 416 557 et
435 505 863 559 ﬁrmamentum
890 505 1162 559 veritatis.
1185 506 1313 560 Alia
1341 523 1472 560 vero
1501 507 1573 560 ad
1594 507 1807 561 instru-
1886 507 2038 562 tibus
2067 507 2223 574 dixit,
2249 524 2361 562 non
2384 509 2452 563 de
2479 509 2661 564 viduis
2691 528 2703 564 :
2738 510 3077 582 properabat
3105 511 3256 565 enim
3282 512 3484 568 docere

214 591 452 647 stionem
483 592 636 647 beati
680 593 819 648 dixit
858 593 1156 660 Timothei,
1193 611 1315 666 quae
1354 601 1412 649 et
1465 596 1648 650 facere
1678 612 1808 649 eum

211 682 424 752 justum
454 681 833 749 existimabat,
874 683 989 737 sive
1034 683 1105 737 ob
1159 684 1310 738 illius
1348 684 1525 755 ipsius
1558 701 1807 751 causam,

216 770 319 824 sive
357 769 432 823 ob
462 775 799 825 caeterorum
843 772 1131 841 juvamen.
1165 773 1349 844 C(epit
1384 778 1575 827 autem
1603 773 1673 827 ab
1716 772 1812 827 illo

216 860 326 913 loco
348 875 466 930 quo
498 859 656 923 dixit,
685 878 711 911 ((
735 859 977 914 Obsecro
1003 878 1136 931 ergo
1152 862 1400 932 primum
1421 862 1672 916 omnium
1691 860 1812 915 ﬁeri

218 949 520 1013 orationes,
554 948 997 1019 deprecationes,
1039 950 1462 1021 postulationes,
1499 951 1814 1021 gratiarum

217 1037 484 1104 actiones,
512 1056 537 1089 ι)
572 1054 696 1108 quae
716 1038 981 1092 universa
1000 1038 1069 1092 ad
1119 1039 1423 1093 utilitatem
1458 1044 1516 1094 et
1544 1040 1615 1093 ad
1646 1056 1813 1094 orna-

218 1131 471 1180 mentum
504 1127 820 1181 communis
854 1127 1110 1182 Ecclesiae
1141 1128 1427 1199 pertinere
1456 1128 1811 1183 videbantur.

218 1216 355 1269 Nam
378 1215 535 1287 quod
567 1215 706 1270 dicit
738 1234 750 1269 :
783 1234 808 1267 «
838 1222 972 1271 ante
1002 1217 1211 1285 omnia,
1246 1237 1272 1270 »
1306 1218 1449 1272 illud
1473 1218 1555 1272 vel
1575 1217 1817 1272 maxime

220 1305 496 1375 designat,
526 1305 675 1375 quod
708 1305 1081 1360 communiter
1106 1307 1598 1378 congregationem
1628 1307 1819 1361 Eccle-

221 1394 305 1450 siae
325 1392 401 1447 ab
429 1393 544 1447 illis
582 1394 705 1448 ﬁeri
760 1401 1021 1466 oportere
1062 1395 1436 1462 existimabat,
1495 1396 1708 1450 scilicet
1755 1401 1821 1450 ut

221 1483 399 1538 omnis
419 1483 611 1537 cultus
654 1483 770 1538 Deo
825 1483 1048 1538 debitus
1094 1485 1444 1551 restituatur,
1472 1502 1601 1540 cum
1630 1484 1821 1540 debita

219 1572 533 1644 gratiarum
552 1572 794 1637 actione,
828 1589 953 1643 quae
981 1573 1032 1626 ei
1053 1573 1299 1628 debetur.
1317 1590 1417 1645 pro
1437 1573 1568 1640 illis,
1599 1591 1722 1645 quae
1748 1573 1818 1627 ab

1891 596 2155 666 quoniam
2176 596 2284 652 illa;
2319 598 2449 652 sola;
2479 597 2686 653 debent
2714 604 2941 671 sumptu
2973 600 3346 656 ecclesiastico
3376 618 3483 664 nu-

1891 686 2035 752 triri,
2067 702 2189 757 quae
2217 686 2443 740 aliunde
2482 687 2808 742 alimoniam
2855 688 3062 743 habere
3094 688 3325 744 minime
3355 707 3485 761 pos-

1893 775 2008 829 sint
2037 793 2049 826 :
2086 774 2131 828 si
2164 775 2337 845 igitur
2363 776 2528 830 vidua
2556 782 2657 831 aut
2690 777 2836 832 filios
2876 782 2978 832 aut
3030 782 3264 849 nepotes
3292 778 3482 845 habet,

1893 863 2112 917 discant
2139 863 2218 917 illi
2246 864 2340 935 qui
2387 882 2450 918 ex
2479 882 2549 919 ea
2575 866 2695 919 nati
2733 873 2867 920 sunt
2917 868 3067 922 alere
3102 872 3343 922 matrem
3370 867 3486 923 sive

1895 951 2094 1018 aviam,
2127 952 2261 1023 quia
2277 952 2382 1006 hoc
2411 953 2591 1023 magis
2618 954 2888 1025 placitum
2917 962 3004 1010 est
3030 957 3165 1023 Deo,
3188 961 3252 1010 ut
3287 956 3358 1010 ab
3379 956 3490 1012 illis

1895 1040 2238 1107 nutriantur,
2275 1046 2332 1094 et
2380 1057 2493 1095 non
2542 1042 2914 1097 ecclesiastico
2947 1043 3240 1114 indigeant
3267 1044 3488 1102 solatio.

1897 1129 2111 1183 Deinde
2147 1128 2283 1183 dicit
2309 1129 2378 1183 de
2435 1130 2547 1184 illis
2584 1130 2788 1199 viduis,
2817 1148 2957 1203 quas
2987 1147 3117 1187 vere
3144 1132 3339 1188 viduas
3368 1150 3492 1189 esse

1898 1217 2203 1286 existimat,
2236 1218 2429 1272 dicens
2462 1236 2473 1271 :
2511 1238 2537 1271 «
2584 1219 2718 1284 Quae
2750 1227 2941 1276 autem
2964 1238 3094 1276 vere
3122 1221 3293 1276 vidua
3321 1227 3495 1286 est\et

1903 1326 1928 1358 «
1953 1307 2224 1373 desolata,
2255 1313 2447 1379 sperat
2476 1308 2535 1362 in
2555 1308 2754 1375 Deum,
2791 1315 2849 1363 et
2879 1310 3056 1365 instat
3090 1310 3494 1365 obsecrationi-

1904 1415 1930 1447 (ι
1963 1395 2067 1450 bus
2095 1403 2153 1451 et
2181 1396 2549 1461 orationibus,
2592 1402 2753 1451 nocte
2781 1415 2846 1453 ac
2891 1398 3000 1452 die.
3049 1418 3074 1451 »
3137 1398 3374 1455 Evidens
3411 1406 3500 1455 est

1902 1484 2051 1555 quod
2077 1501 2270 1539 veram
2299 1484 2527 1539 viduam
2558 1485 2777 1539 duabus
2808 1503 2875 1539 ex
2909 1486 3094 1541 causis
3123 1487 3497 1543 ecclesiastico

1902 1579 2134 1645 sumptu
2154 1573 2275 1627 vult
2300 1572 2524 1640 nutriri,
2554 1590 2733 1628 unum
2762 1578 2827 1629 ut
2875 1580 2933 1628 et
2967 1574 3219 1630 moribus
3247 1575 3323 1629 sit
3349 1576 3504 1631 ordi-

221 1678 279 1716 eo
307 1662 448 1715 data
474 1666 615 1716 sunt
641 1660 803 1715 nobis
834 1679 845 1713 :
880 1666 940 1715 et
959 1661 1187 1732 quidem
1216 1662 1526 1716 orationem
1551 1658 1883 1718 facientesB
1900 1667 2053 1725 nata,
2087 1667 2144 1715 et
2162 1661 2462 1715 virtutibus
2490 1662 2775 1717 illustrata
2804 1681 2817 1730 ;
2865 1663 3110 1717 alterum
3140 1681 3206 1718 eo
3253 1666 3401 1736 quod
3429 1665 3500 1720 ad

223 1767 325 1806 non
359 1767 471 1822 pro
493 1750 656 1804 nobis
680 1749 816 1821 ipsis
847 1750 980 1804 solis
1000 1750 1182 1805 facere
1202 1750 1489 1818 debemus,
1517 1752 1615 1806 sed
1635 1758 1693 1806 et
1720 1768 1821 1823 pro

223 1839 486 1894 omnibus
509 1838 851 1893 hominibus.
878 1838 1038 1894 Unde
1058 1839 1197 1893 etin
1223 1839 1692 1912 subsequentibus
1720 1858 1822 1895 ne-

222 1928 465 1983 cessario
492 1927 709 1998 adjicit,
741 1928 937 1999 quales
986 1944 1082 1982 eos
1139 1946 1261 1983 esse
1304 1929 1615 1996 conveniat,
1649 1930 1735 1984 vel
1764 1930 1823 1984 in

222 2018 346 2083 vita,
384 2017 477 2071 vel
506 2016 568 2071 in
598 2016 868 2083 moribus,
914 2017 1002 2071 vel
1040 2016 1100 2071 in
1127 2018 1567 2086 conversatione,
1618 2024 1677 2073 et
1708 2018 1825 2090 pri-

223 2123 375 2161 mum
407 2106 473 2160 in
497 2106 787 2161 communi
814 2112 1032 2161 natura:
1062 2105 1272 2161 abusus
1298 2113 1386 2161 est
1412 2107 1700 2174 divisione,
1715 2107 1827 2162 alia

219 2196 411 2250 dicens
447 2194 527 2249 ad
554 2195 985 2250 instructionem
1021 2195 1287 2262 virorum,
1320 2196 1605 2251 instruens
1634 2196 1828 2268 quales

220 2301 307 2340 eos
337 2288 617 2356 oporteat
661 2301 823 2352 esse;
874 2284 990 2339 alia
1030 2302 1162 2340 vero
1206 2285 1279 2340 ad
1326 2286 1611 2351 mulieres,
1635 2285 1826 2356 sicque

218 2374 606 2429 communiter
648 2373 722 2427 ad
767 2390 964 2429 omnes
1003 2390 1174 2445 super
1199 2373 1499 2428 virtutibus
1528 2373 1827 2445 implendis

217 2463 525 2519 consilium
542 2462 697 2517 visus
707 2468 795 2517 est
812 2463 1056 2530 dedisse,
1074 2463 1275 2517 deinde
1287 2463 1357 2516 ad
1369 2462 1624 2517 ordinem
1639 2468 1827 2517 trans-

216 2552 260 2606 it
282 2552 527 2608 illorum
583 2551 681 2623 qui
721 2569 825 2607 nec
880 2552 1135 2607 Ecclesiae
1176 2550 1553 2605 ministerium
1592 2552 1829 2623 implere

218 2640 504 2707 videntur,
556 2646 829 2711 reputans
889 2640 1154 2712 quoniam
1195 2640 1411 2712 privata
1451 2639 1509 2693 hi
1537 2640 1831 2710 indigeant

219 2729 638 2795 exhortatione,
661 2746 728 2783 eo
755 2730 903 2801 quod
931 2729 990 2783 in
1021 2745 1319 2784 commune
1354 2728 1689 2783 conveniens
1724 2730 1828 2784 Ec-

216 2819 388 2874 clesia
420 2835 628 2873 eorum
662 2818 931 2890 impletur
957 2817 1306 2872 ministerio:
1355 2823 1413 2872 et
1448 2817 1570 2872 istis
1603 2817 1831 2889 quidem

218 2907 356 2963 bene
388 2906 702 2979 agentibus
742 2908 984 2962 multum
1022 2912 1259 2978 possunt
1294 2907 1483 2962 caeteri
1529 2907 1785 2978 adjuvari
1815 2924 1827 2960 :

1904 1751 2132 1822 plenum
2162 1750 2447 1804 neminem
2475 1751 2697 1805 videtur
2715 1751 2942 1818 habere,
2966 1752 3063 1823 qui
3080 1752 3432 1824 diligentiam
3449 1754 3502 1809 ei

1904 1839 2328 1895 adhibeat.Haec
2338 1844 2530 1894 autem
2544 1845 2632 1894 est
2651 1856 2782 1894 vera
2801 1839 3114 1912 vidua,quae
3125 1841 3505 1914 propinquum

1908 1945 2020 1982 non
2041 1927 2228 1993 habet,
2263 1933 2320 1982 et
2340 1945 2441 1998 per
2451 1944 2617 1982 omne
2658 1932 2884 1999 tempus
2903 1927 3027 1983 vita:
3043 1947 3158 1984 suae
3191 1931 3326 1986 solis
3345 1938 3508 1988 vacat

1908 2016 2274 2071 orationibus.
2307 2035 2332 2069 «
2366 2017 2501 2081 Quae
2522 2022 2717 2071 autem
2744 2016 2803 2070 in
2823 2017 3037 2072 deliciis
3052 2019 3350 2085 est,vivens
3362 2038 3511 2076 mor-

1907 2109 2007 2160 tua
2031 2111 2134 2160 est.
2163 2124 2189 2158 »
2217 2105 2275 2160 Si
2303 2105 2494 2176 aliqua
2520 2105 2729 2159 amisso
2769 2105 2887 2160 viro
2918 2106 2977 2160 in
2998 2106 3268 2162 viduitate
3288 2126 3349 2163 se
3377 2126 3509 2181 per-

1907 2194 2105 2249 sistere
2132 2194 2431 2266 promittit,
2457 2198 2516 2248 et
2537 2193 2865 2249 deliciosam
2888 2200 3109 2250 exercet
3128 2195 3322 2261 vitam,
3358 2214 3511 2253 mor-

1908 2288 2115 2338 tuaest
2156 2283 2337 2354 magis
2367 2299 2538 2354 quam
2573 2282 2715 2350 viva,
2749 2282 2883 2337 licet
2915 2283 2963 2337 si
3008 2289 3068 2339 et
3116 2284 3299 2340 vivere
3328 2286 3513 2341 videa-

1906 2378 2019 2427 tur.
2052 2373 2169 2427 Nec
2198 2377 2390 2427 autem
2420 2372 2598 2426 altera
2627 2370 2873 2426 maritali
2902 2372 3244 2429 conscientia
3260 2380 3506 2443 tenetur,

1908 2477 2093 2531 neque
2128 2460 2352 2515 virtutis
2377 2460 2563 2515 studio
2590 2460 2926 2529 illustratur,
2952 2462 3052 2519 sed
3081 2463 3214 2517 solis
3242 2464 3423 2535 epulis
3442 2482 3509 2519 ac

1910 2549 2121 2604 deliciis
2150 2565 2347 2603 vacare
2371 2566 2697 2620 properans,
2714 2549 2857 2603 nihil
2877 2567 2943 2603 ex
2962 2550 3074 2606 illis
3104 2569 3226 2622 qua:
3248 2552 3353 2607 sibi
3381 2570 3508 2609 con-

1912 2638 2142 2693 veniunt
2167 2638 2351 2692 facere
2380 2638 2607 2710 poterit.
2661 2639 2929 2707 (Mog/ses.)
2962 2639 3106 2694 Nam
3136 2641 3505 2711 quemadmo-

1914 2727 2048 2783 dum
2073 2725 2266 2791 Zabuli
2280 2743 2519 2797 regnum
2546 2743 2648 2797 per
2660 2727 3075 2782 conniventiam
3109 2730 3415 2801 suscipitur
3431 2731 3509 2786 vi-

1914 2816 2142 2883 tiorum,
2167 2817 2248 2870 ita
2267 2832 2505 2888 regnum
2518 2816 2621 2871 Dei
2634 2832 2735 2886 per
2762 2816 3219 2872 exercitationem
3236 2819 3511 2875 virtutum

1914 2906 2160 2976 puritate
2181 2905 2363 2960 cordis
2394 2922 2459 2960 ac
2493 2904 2738 2976 spiritali
2765 2904 3002 2959 scientia
3030 2907 3366 2977 possidetur.
3401 2908 3509 2965 Ubi

218 3015 248 3051 e
266 2997 567 3054 contrario
599 2996 772 3051 etiam
800 2996 924 3051 istis
951 2996 1050 3049 illa
1086 3013 1209 3067 quae
1238 2996 1577 3051 conveniunt
1603 2996 1835 3050 minime
1854 3001 1898 3062 ί]
1916 2999 2106 3059 autem
2136 3011 2373 3065 regnum
2394 2993 2495 3049 Dei
2526 2999 2630 3060 est,
2662 2992 2738 3047 ibi
2769 2994 2961 3065 procul
3000 2993 3168 3050 dubio
3189 3001 3247 3050 et
3279 2996 3393 3051 vita
3416 2997 3515 3052 ha-

222 3086 684 3157 procurantibus,
703 3085 1301 3157 plurimadetrimenta
1312 3086 1505 3140 multis
1536 3085 1833 3139 videantur
1912 3083 2079 3138 betur
2103 3088 2332 3149 mterna,
2366 3088 2424 3136 et
2452 3082 2549 3137 ubi
2568 3099 2809 3153 regnum
2823 3082 3013 3137 Zabuli
3033 3089 3137 3151 est,
3171 3084 3247 3139 ibi
3266 3090 3509 3141 mortem

216 3176 491 3247 irrogari.
523 3175 686 3230 Unde
703 3180 760 3229 et
776 3174 847 3229 de
866 3173 1209 3247 presbyteris
1228 3174 1469 3246 primam
1498 3174 1720 3229 videtur
1748 3174 1831 3228 fe-
1915 3178 2083 3243 atque
2101 3172 2383 3227 infernum
2406 3188 2546 3237 esse,
2570 3188 2684 3225 non
2712 3170 2944 3225 dubium
2961 3178 3064 3239 est,
3081 3173 3141 3227 in
3154 3191 3265 3244 quo
3277 3174 3374 3245 qui
3391 3175 3509 3230 fue-

217 3262 356 3319 ciss'e
389 3263 862 3336 disputationem,
895 3264 1181 3319 instruens
1196 3265 1388 3335 quales
1403 3280 1498 3318 eos
1523 3280 1644 3318 esse
1664 3280 1831 3335 Opor-
1913 3260 2007 3326 rit,
2027 3277 2128 3314 nec
2147 3260 2377 3314 laudare
2406 3258 2707 3313 Dominum
2727 3264 2913 3329 potest
2930 3260 3239 3315 secundum
3256 3262 3506 3334 Prophe-

215 3358 349 3419 teat,
385 3352 608 3408 deinde
635 3352 982 3420 diaconibus,
1014 3359 1208 3425 postea
1224 3370 1355 3407 vero
1385 3353 1455 3407 de
1484 3352 1617 3406 viris
1644 3359 1700 3407 et
1713 3369 1833 3407 mu-
1912 3354 1983 3404 tae
2011 3348 2352 3404 sententiam
2375 3347 2608 3403 dicentis
2643 3366 2654 3400 :
2681 3366 2706 3398 «
2728 3349 2857 3402 Non
2875 3350 3083 3403 mortui
3102 3350 3416 3407 laudabunt
3428 3358 3503 3421 te,

214 3442 484 3509 lieribus,
508 3446 642 3513 post
666 3442 1207 3497 consummationem
1233 3458 1364 3496 vero
1393 3441 1600 3495 horum
1629 3442 1700 3495 ad
1727 3442 1832 3496 hoc
1912 3455 2094 3510 neque
2144 3454 2338 3492 omnes
2385 3437 2483 3507 qui
2533 3436 2879 3491 descendunt
2920 3437 2979 3491 in
3027 3437 3311 3494 infernum
3343 3442 3506 3508 (Psal.

209 3530 667 3586 instructionem
694 3547 858 3585 suam
886 3530 1214 3602 produxisse
1251 3530 1403 3585 visus
1433 3535 1535 3596 est,
1572 3547 1743 3601 quam
1775 3534 1833 3585 et
1914 3530 2084 3596 cxm),
2111 3548 2136 3580 »
2165 3527 2287 3581 sine
2316 3525 2484 3581 dubio
2514 3525 2747 3596 peccati,
2784 3544 2810 3576 «
2851 3525 2950 3579 sed
2994 3542 3115 3593 nos,
3169 3526 3374 3598 inquit,
3408 3529 3506 3601 qui

208 3618 627 3692 interpositam
640 3624 698 3674 et
716 3619 1073 3691 interjectam
1085 3619 1832 3674 essediximus.Conveniens
1914 3616 2169 3679 vivimus,
2205 3636 2230 3669 ι)
2264 3631 2377 3669 non
2404 3614 2572 3680 vitiis,
2608 3614 2821 3668 scilicet
2847 3630 2951 3668 nec
2986 3615 3198 3669 mundo
3228 3616 3376 3683 huic,
3408 3618 3508 3673 sed

208 3718 421 3765 autem
454 3715 579 3763 erat
606 3713 735 3780 post
773 3725 1131 3763 communem
1168 3709 1633 3775 exhortationem,
1661 3725 1830 3780 quam
1913 3706 2047 3771 Deo,
2075 3724 2100 3757 «
2126 3702 2507 3759 benedicimus
2530 3702 2835 3758 Dominum
2853 3719 2920 3756 ex
2951 3703 3055 3757 hoc
3076 3720 3227 3759 nunc
3256 3711 3315 3759 et
3331 3722 3512 3779 usque

208 3799 279 3854 ad
301 3814 522 3854 omnes
550 3797 748 3853 fecisse
776 3797 1089 3865 videbatur,
1119 3802 1175 3852 et
1221 3797 1447 3870 praprie
1473 3798 1544 3852 ad
1575 3798 1699 3852 illos
1738 3796 1833 3869 qui
1915 3794 1973 3848 in
2002 3794 2268 3849 saeculum
2301 3794 2510 3861 ([bz'd.).
2539 3810 2565 3844 »
2617 3792 2746 3845 Non
2801 3790 2951 3845 enim
2979 3798 3067 3847 est
3093 3791 3153 3846 in
3180 3799 3383 3862 morte,
3416 3795 3513 3867 qui

211 3888 487 3944 Ecclesiae
540 3886 887 3942 functionem
931 3886 1257 3959 implebant,
1289 3887 1633 3958 conjungere
1661 3886 1834 3941 etiam
1916 3900 2133 3939 memor
2162 3888 2249 3938 est
2275 3883 2346 3948 ei,
2379 3881 2437 3936 in
2456 3881 2674 3936 inferno
2693 3886 2885 3935 autem
2905 3882 3117 3952 peccati
3137 3883 3263 3954 quis
3281 3885 3511 3940 conﬁte-

208 3979 308 4034 illa
334 3995 474 4051 qua:
507 3976 581 4032 de
614 3975 796 4031 viduis
817 3976 925 4031 dici
953 3975 1373 4044 conveniebant,
1406 3993 1547 4048 quas
1576 3976 1746 4031 etiam
1773 3976 1834 4031 in
1913 3973 2068 4028 bitur
2094 3972 2373 4027 Domino?
2402 3971 2459 4025 id
2482 3976 2585 4038 est,
2617 3986 2782 4025 nemo
2826 3989 2837 4023 :
2888 3970 3079 4026 nullus
3106 3972 3257 4027 enim
3278 3973 3510 4030 tametsi

208 4084 314 4122 suo
336 4066 556 4122 ordine
584 4082 900 4121 memorare
937 4082 1041 4137 par
1082 4072 1205 4121 erat
1233 4065 1303 4120 ob
1350 4065 1505 4120 illam
1535 4065 1834 4136 providen-
1914 4062 2152 4116 militem
2188 4060 2575 4132 semetipsum,
2621 4060 2707 4114 vel
2746 4059 3150 4129 Christianum,
3179 4064 3513 4133 proﬁteatur

207 4156 376 4224 tiam,
406 4171 591 4229 quam
622 4170 875 4225 ergaeas
902 4155 1138 4226 implere
1178 4154 1491 4227 oportebat.
1523 4154 1668 4208 Hinc
1681 4170 1830 4219 vero,
1914 4168 2055 4218 esse,
2087 4151 2175 4206 vel
2203 4150 2561 4216 monachum,
2590 4166 2720 4204 cum
2748 4154 2961 4220 peccat,
2994 4150 3184 4205 nullus
3213 4154 3513 4209 conﬁtetur

208 4250 271 4299 ut
307 4245 461 4311 dixi,
494 4243 569 4298 ad
586 4242 934 4314 propositam
960 4242 1409 4313 interjectionem
1437 4241 1507 4296 ab
1526 4242 1625 4295 illa
1651 4258 1896 4339 egres-D
1914 4239 2113 4305 Deum,
2150 4239 2339 4294 nullus
2368 4238 2672 4293 admittens
2701 4254 2783 4303 ea,
2821 4255 2943 4308 quae
2973 4237 3245 4337 Dominus
3266 4256 3514 4296 exsecra-

207 4351 308 4388 sus
334 4339 434 4388 est
461 4331 800 4403 sequentia;
830 4336 958 4403 post
975 4331 1326 4403 sequentiam
1344 4336 1535 4385 autem
1557 4330 1832 4384 dictorum
1849 4326 1894 4339 ”
1915 4334 2027 4395 tur,
2060 4328 2454 4385 reminiscetur
2479 4326 2601 4393 Dei,
2616 4343 2719 4380 nec
2737 4343 2960 4380 servum
2987 4343 3048 4380 se
3067 4326 3339 4381 veraciter
3359 4328 3511 4384 illius

211 4420 584 4477 consuetudo
624 4426 713 4476 est
737 4420 821 4475 illi
868 4420 1040 4475 etiam
1067 4426 1126 4476 et
1168 4419 1586 4491 interjectiones
1627 4419 1828 4487 facere,
1917 4418 2230 4489 proﬁtetur,
2253 4417 2413 4487 cujus
2433 4414 3036 4487 praeceptacontumaci
3048 4415 3368 4470 temeritate
3382 4434 3511 4473 con-

208 4511 419 4583 sicque
451 4510 526 4565 ad
554 4510 683 4564 illos
711 4526 999 4565 sermones
1018 4509 1171 4576 exiit,
1208 4509 1304 4581 qui
1325 4526 1496 4581 super
1522 4502 1703 4563 viduis
1723 4508 1834 4562 dici
1916 4506 2137 4572 temnit,
2160 4506 2220 4559 in
2250 4522 2362 4576 qua
2381 4510 2562 4558 morte
2591 4503 2747 4556 illam
2766 4502 2992 4556 viduam
3024 4520 3147 4574 quae
3175 4504 3335 4559 estin
3366 4506 3508 4561 deli-

210 4600 537 4666 debebant,
561 4599 799 4666 honora,
832 4599 1035 4670 inquit,
1074 4598 1256 4665 «illas,
1291 4615 1413 4669 quae
1435 4613 1563 4651 vere
1593 4601 1728 4651 sunt
1750 4596 1834 4650 vi-
1916 4595 2034 4661 ciis,
2068 4594 2267 4648 beatus
2302 4592 2605 4663 Apostolus
2636 4607 2758 4644 esse
2803 4591 3150 4661 pronuntiat,
3173 4611 3200 4645 «
3222 4592 3407 4659 vidua,
3429 4595 3512 4651 in-

209 4688 554 4757 duas,»non
569 4687 886 4742 absolutam
896 4685 1836 4760 promissionemearumintendere
1917 4683 2133 4754 quiens,
2160 4698 2283 4753 qua:
2328 4681 2388 4735 in
2427 4679 2642 4734 deliciis
2690 4683 2793 4745 est,
2841 4680 3030 4734 vivens
3077 4686 3303 4737 mortua
3340 4689 3444 4739 est.
3481 4704 3507 4737 ι)

210 4779 421 4845 voluit,
458 4777 559 4831 sed
590 4776 817 4848 quando
844 4777 1142 4848 promissio
1171 4775 1293 4848 ipso
1322 4792 1489 4847 opere
1518 4773 1739 4845 impleri
1758 4773 1835 4826 vi-
1918 4772 2063 4826 Sunt
2092 4788 2224 4841 ergo
2253 4770 2417 4824 multi
2437 4768 2531 4840 qui
2560 4769 2807 4823 viventes
2838 4767 2895 4822 in
2914 4769 3019 4824 hoc
3038 4786 3269 4841 corpore
3300 4773 3512 4849 mortui

206 4867 411 4924 detur.
440 4867 593 4921 Nam
624 4866 777 4937 quod
808 4866 914 4920 hoc
932 4866 992 4920 in
1018 4866 1138 4920 loco
1168 4865 1311 4918 dixit
1341 4882 1367 4916 α
1406 4864 1639 4929 honora,
1669 4882 1695 4916 »
1730 4863 1834 4916 hoc
1916 4866 2066 4928 sunt,
2099 4865 2156 4914 et
2182 4860 2241 4914 in
2270 4858 2488 4913 inferno
2512 4858 2766 4929 jacentes
2785 4858 2967 4913 Deum
2995 4859 3226 4914 laudare
3256 4877 3369 4916 non
3380 4879 3511 4934 pos-

206 4961 316 5023 est,
343 4954 720 5026 diligentiam
742 4954 851 5009 illis
881 4953 1105 5022 adhibe,
1133 4953 1282 5025 quod
1307 4952 1531 5007 evidens
1552 4953 1615 5006 fit
1642 4968 1708 5005 ex
1724 4951 1833 5006 illis
1916 4955 2049 5005 sunt
2080 4967 2093 5015 ;
2118 4953 2176 5003 et
2204 4964 2235 5002 e
2260 4947 2542 5003 contrario
2570 4950 2720 5011 sunt,
2743 4946 2839 5019 qui
2857 4963 2987 5001 cum
3014 4948 3224 5002 mortui
3243 4948 3358 5003 sint
3385 4966 3511 5006 cor-

204 5045 381 5101 dictis
404 5060 540 5116 quae
567 5038 903 5115 sequuntur,
935 5060 1075 5116 quas
1094 5042 1321 5114 quidem
1349 5040 1433 5097 ita
1457 5058 1590 5096 vera
1617 5040 1835 5096 ratione
1917 5054 2071 5110 pore,
2094 5038 2276 5092 Deum
2301 5036 2503 5109 spiritu
2533 5034 2872 5090 benedidunt
2898 5042 3068 5107 atque
3096 5036 3513 5094 collaudantse-

204 5135 522 5190 existimat
546 5149 671 5189 esse
699 5133 915 5199 viduas,
947 5133 1093 5187 sicut
1118 5132 1176 5186 in
1203 5130 1676 5202 subsequentibus
1709 5147 1834 5185 me-
1917 5127 2315 5183 cundumillud
2350 5142 2361 5178 :
2384 5124 2760 5190 «Benedicite,
2788 5124 3017 5196 spiritus
3038 5129 3096 5179 et
3113 5124 3314 5182 animae
3332 5128 3514 5198 justo

205 5221 323 5279 lius
366 5220 739 5278 instruimur.
772 5220 986 5276 Iterum
1013 5236 1145 5275 vero
1173 5218 1242 5275 de
1434 5218 1685 5290 loquitur
1714 5235 1836 5289 quae
1917 5234 2064 5282 rum,
2098 5215 2400 5271 Dominum
2428 5215 2596 5283 (Dan.
2630 5214 2703 5284 III)
2741 5232 2753 5279 ;
2793 5233 2815 5264 ι
2842 5218 2899 5268 et
2931 5230 2959 5266 α
3010 5231 3021 5265 :
3056 5210 3252 5269 Omnis
3280 5216 3512 5289 spiritus

206 5329 329 5367 non
349 5309 581 5366 debent
609 5309 983 5365 ecclesiastico
995 5313 1223 5380 sumptu
1240 5308 1336 5374 ali,
1371 5306 1642 5379 adjiciens
1670 5307 1740 5361 de
1768 5307 1838 5361 il-
1921 5305 2113 5361 laudet
2132 5304 2435 5361 Dominum
2462 5305 2626 5369 (Psal.
2659 5305 2769 5372 CL).
2797 5298 2826 5355 si

209 5401 281 5455 lis
307 5420 321 5453 :
352 5418 385 5452 ς
425 5397 502 5453 Si
526 5416 641 5470 qua
666 5404 858 5457 autem
884 5399 1054 5454 vidua
1082 5398 1247 5465 ﬁlios,
1284 5402 1386 5451 aut
1410 5402 1643 5468 nepotes
1672 5396 1842 5452 habet
1996 5412 2023 5449 α
2040 5391 3087 5467 Ethocpraecipe,utirreprehensibiles
3100 5393 3512 5469 sint.n(.4mbr.)
3558 5408 3563 5413 ‘

215 5510 241 5542 σ
269 5490 486 5545 discat
513 5487 770 5561 [discant]
797 5488 1045 5561 primum
1073 5488 1305 5543 domum
1353 5498 1515 5542 suam
1536 5502 1752 5558 regere,
1784 5490 1844 5541 et
1924 5486 2043 5541 Hoc
2070 5490 2173 5552 est,
2206 5489 2265 5540 et
2282 5484 2370 5539 his
2397 5481 2586 5549 dicito,
2628 5486 2693 5537 ut
2717 5480 2927 5555 optime
2972 5481 3220 5539 viventes
3248 5495 3517 5545 maneant

650 5589 920 5651 Parion.
949 5586 1108 5651 CXII
3125 5580 3206 5647 20
