3868 6138
481 236 588 298 819
893 275 898 280 -
1077 233 1142 296 B.
1185 229 1458 296 mm
1494 230 1724 297 MAURI
1764 228 2097 298 Ananiae.
2135 227 2462 299 'MoGUNT.
2505 225 2802 297 ornabit
2839 223 3021 298 plus
3057 226 3154 299 In.
3605 238 3693 307 aio

481 363 1018 437 irreprehensibiles.
1070 365 1284 419 Deinde
1322 366 1516 436 adjicit
1549 384 1560 418 :
1608 372 1631 417 ἁ
1661 355 1720 420 Si
1743 367 1869 437 quis
1889 371 2079 421 autem
2095 368 2280 428 Asine
2321 367 2510 438 aliquo
2545 367 2736 421 labore
2767 368 2850 421 vel
2880 379 3046 438 Opere
3063 365 3218 422 facile
3247 371 3600 441 quotidianum
3628 375 3695 428 vi-

483 474 511 506 1
546 464 796 519 suorum,
828 457 885 506 et
905 454 1146 507 maxime
1159 447 1616 520 domesticorum,
1636 471 1828 509 curam
1859 472 1970 509 non
1984 455 2081 509 ha—
2161 463 2310 510 ctum
2326 456 2627 523 haberent;
2662 457 2778 510 haec
2805 473 2936 526 ergo
2965 457 3158 510 beatus
3187 459 3383 513 Paulus
3415 462 3698 518 cautissime

489 556 512 593 δ
547 543 658 608 bet,
691 543 859 596 fidem
889 543 1130 612 negavit,
1155 549 1214 596 et
1233 549 1319 596 est
1350 543 1562 597 inﬁdeli
1603 543 1866 598 deterior.
1905 564 1927 594 ι
1963 545 2082 598 Hoc
2162 546 2390 616 cupiens
2419 547 2770 611 conﬁrmare,
2805 552 2970 600 aetate
3010 551 3065 600 et
3092 546 3289 600 virtute
3317 550 3502 602 statuit
3525 550 3700 605 debere

483 632 556 686 ad
585 629 724 686 illud
750 624 1016 695 retulit,si
1034 651 1056 682 1
1077 647 1190 702 qua
1206 643 1337 686 vero
1357 632 1524 686 vidua
1551 631 1696 687 ﬁlios
1722 639 1822 686 aut
1850 637 2082 704 nepotes
2163 635 2387 705 probari
2409 635 2579 698 illam,
2617 651 2741 705 quae
2785 635 2932 688 inter
2964 634 3159 688 viduas
3203 653 3261 688 se
3297 637 3443 707 cupit
3484 639 3661 692 ascribi
3692 660 3702 706 ;

484 719 675 786 habet,
706 719 928 794 discant
973 720 1218 790 primum
1255 735 1415 774 suam
1455 722 1686 775 domum
1716 723 1982 788 colere,»
2015 737 2081 776 eo
2161 728 2326 777 aetate
2353 723 2598 794 quidem,
2628 741 2693 776 eo
2723 723 2870 794 quod
2893 727 3022 776 ante
3045 724 3148 777 hoc
3167 729 3381 795 tempus
3403 727 3568 779 aetatis
3597 745 3704 797 pos-

485 809 638 880 quod
667 807 827 875 dixit,
843 809 1111 878 quoniam
1129 815 1354 880 oportet
1374 816 1439 864 ut
1452 810 1628 864 talisa
1658 806 1792 865 ﬁliis
1823 816 1880 864 et
1906 825 2083 880 nepo-
2163 818 2289 865 sent
2321 812 2491 865 etiam
2522 829 2622 883 per
2655 829 2827 884 Opera
2846 829 3118 866 manuum
3149 829 3371 866 suarum
3408 813 3505 867 sibi
3532 816 3707 870 victum

479 897 632 953 tibus
657 897 960 964 nutriatur,
983 897 1066 952 ita
1096 903 1160 952 ut
1187 897 1327 952 nihil
1348 899 1461 953 illis
1476 900 1624 953 desit
1653 900 1722 953 de
1756 900 1843 953 his
1857 909 1979 970 quae
2001 898 2082 952 eis
2165 901 2483 972 acquirere;
2538 901 2744 956 virtute
2773 917 2920 967 vero,
2945 918 3010 954 eo
3042 901 3187 972 quod
3213 903 3422 970 justum
3458 919 3559 956 non
3602 921 3704 958 esse

482 987 804 1042 necessaria
829 993 978 1041 sunt.
1014 987 1132 1041 Hoc
1179 984 1248 1064 de
1293 988 1408 1042 illis
1436 988 1596 1055 dixit,
1649 989 1958 1042 admonens
1988 1005 2083 1042 eos
2165 989 2540 1057 existimabat,
2577 993 2642 1044 ut
2685 989 3044 1044 ecclesiastici
3083 995 3332 1060 sumptus
3389 991 3617 1044 absolute
3657 992 3704 1046 in

485 1080 1012 1147 utergaparentum
1033 1066 1383 1146 diligentiam
1415 1077 1530 1131 sint
1555 1075 2082 1148 solliciti,quoniam
2166 1077 2442 1149 quaslibet
2469 1079 2666 1134 viduas
2697 1077 3162 1150 expenderentur,
3197 1078 3288 1133 sed
3332 1079 3502 1149 magis
3542 1079 3708 1134 decere

481 1170 706 1237 oportet
732 1165 992 1220 omnibus
1011 1165 1107 1236 qui
1134 1165 1294 1220 nobis
1321 1167 1740 1237 propinquitate
1764 1167 2089 1237 junguntur
2169 1167 2510 1232 existimans,
2535 1170 2600 1221 ut
2618 1167 2824 1221 virtute
2855 1168 2970 1220 sint
2999 1168 3306 1233 illustrataa,
3341 1183 3458 1238 qua:
3486 1168 3710 1222 ecclesia-

483 1254 838 1324 diligentiam
851 1253 1136 1320 adhibere,
1151 1255 2090 1320 maximedomesticorum,utdicat
2170 1256 2310 1309 stica
2340 1261 2473 1310 sunt
2501 1257 2722 1310 tuendae
2753 1255 3066 1326 diligentia.
3101 1256 3257 1310 Unde
3277 1256 3458 1310 dicens
3503 1255 3565 1310 de
3591 1263 3711 1310 tem-

483 1356 679 1399 eorum
709 1342 804 1414 qui
831 1343 1008 1398 nimia
1035 1343 1194 1397 nobis
1232 1344 1651 1416 propinquitate
1680 1343 1903 1416 generis
1919 1343 2084 1415 jungi
2168 1361 2322 1416 pore,
2371 1345 2567 1415 adjicit
2615 1345 2672 1398 in
2709 1343 3180 1416 subsequentibus
3209 1346 3373 1399 etiam
3411 1345 3475 1399 de
3501 1345 3713 1399 moribus

485 1433 764 1498 videntur,
796 1438 861 1486 ut
881 1438 1019 1503 puta
1044 1438 1224 1504 pater,
1249 1439 1450 1498 mater,
1491 1449 1645 1498 avus,
1673 1433 1796 1486 avia
1839 1449 1850 1484 :
1883 1433 1930 1486 si
1960 1433 2085 1504 quis
2168 1450 2381 1496 earum,
2407 1434 2686 1504 quomodo
2705 1434 2870 1488 vellet
2885 1451 2981 1487 eas
3003 1435 3289 1488 institutas
3307 1434 3522 1497 habere,
3553 1437 3604 1487 et
3627 1435 3716 1504 pri-

485 1533 614 1576 vero
659 1522 763 1576 hos
788 1521 1081 1592 despiciat,
1125 1520 1484 1576 manifestum
1515 1525 1618 1586 est,
1645 1523 1794 1592 quod
1820 1538 1923 1575 nec
1953 1521 2085 1574 ﬁdei
2168 1539 2322 1576 mum
2353 1522 2504 1576 dicit.
2530 1543 2552 1572 ε
2587 1523 2722 1586 Qua:
2743 1523 2916 1576 fuerit
2945 1523 3114 1576 unius
3141 1523 3242 1577 viri
3265 1539 3416 1576 uxor.
3437 1541 3458 1571 ι
3483 1523 3624 1576 Nunc
3641 1539 3718 1575 au-

484 1623 679 1666 euram
709 1610 879 1665 habet
923 1609 1118 1676 ullam,
1152 1611 1251 1664 sed
1305 1611 1517 1665 inﬁdeli
1571 1611 1646 1664 sit
1684 1611 1948 1675 deterior,
1973 1611 2086 1663 sive
2167 1617 2284 1664 tem
2314 1611 2418 1665 hoc
2447 1611 2504 1664 in
2536 1612 2656 1665 loco
2684 1611 2877 1665 dicens
2906 1612 3076 1666 unius
3104 1611 3206 1665 viri
3237 1628 3478 1676 uxorem,
3502 1611 3624 1665 illud
3649 1609 3718 1664 di-

483 1694 783 1771 quiaillam
793 1699 974 1770 legem
993 1715 1116 1770 qua:
1132 1705 1348 1754 natum
1361 1699 1542 1770 posita
1564 1703 1649 1753 est
1673 1694 1784 1752 illis
1798 1699 1892 1770 qui
1905 1716 1963 1753 se
1973 1700 2088 1770 pie-
2101 1681 2150 1748 Β
2167 1701 2260 1765 cit,
2292 1715 2405 1754 non
2434 1715 2557 1770 quae
2589 1701 2895 1754 secundum
2927 1701 3144 1771 accepit
3173 1700 3452 1764 maritum,
3475 1700 3582 1770 ipse
3594 1699 3718 1752 enim

480 1795 658 1843 tatem
675 1801 899 1842 servare
918 1787 1505 1859 promittit,custodire
1516 1788 1780 1860 noluerit.
1808 1788 2086 1859 Incipiens
2167 1789 2223 1842 id
2243 1787 2366 1842 ﬁeri
2385 1789 2542 1844 dedit
2555 1790 2872 1855 consilium,
2903 1790 3053 1860 quod
3074 1805 3428 1860 nequaquam
3449 1788 3619 1858 aliqua
3643 1805 3717 1841 ra-

484 1889 615 1934 vero
649 1878 854 1932 docere
871 1876 946 1930 ab
964 1877 1064 1932 illo
1081 1877 1204 1932 loco
1235 1877 1382 1948 quod
1411 1877 1566 1944 dixit,
1597 1895 1619 1929 1
1642 1875 1836 1931 viduas
1871 1878 2086 1931 honora
2165 1878 2319 1932 tione
2345 1878 2589 1932 incusari
2612 1879 2768 1950 quasi
2803 1879 3066 1932 indecens
3096 1878 3434 1950 patiebatur,
3461 1876 3546 1930 sed
3574 1876 3613 1930 si
3631 1891 3716 1947 pu-

487 1979 609 2040 qua:
637 1977 766 2022 vere
795 1965 973 2020 vidua!
993 1970 1144 2033 sunt,
1179 1985 1202 2017 ι
1237 1967 1430 2037 quales
1468 1967 1763 2020 conveniat
1791 1982 1912 2020 esse
1958 1966 2084 2020 illas
2165 1967 2286 2021 dice
2305 1984 2431 2022 cum
2460 1983 2562 2021 suo
2589 1967 2788 2022 vixerit
2805 1968 2944 2032 viro,
2961 1967 3076 2021 sive
3110 1983 3287 2022 unum
3307 1972 3518 2020 tantum
3541 1963 3714 2018 habue-

486 2067 610 2129 quae
629 2056 736 2110 sub
752 2055 1255 2110 ecclesiasticarum
1275 2055 1568 2126 diligentia
1580 2050 1877 2121 habentur,
1902 2055 2082 2109 inter-
2165 2056 2256 2122 rit,
2275 2057 2394 2110 sive
2414 2059 2472 2110 et
2489 2057 2731 2110 secundo
2747 2055 2919 2110 fuerit
2933 2061 3112 2127 nupta
3131 2054 3428 2120 tantum,si
3443 2053 3590 2108 alteri
3601 2069 3716 2106 nun-

485 2146 674 2218 posuit
700 2145 770 2199 de
797 2144 910 2199 illis
940 2143 1124 2198 viduis
1149 2160 1273 2215 quae
1302 2144 1447 2198 ﬁlios
1475 2145 1561 2198 vel
1593 2150 1824 2215 nepotes
1851 2135 2077 2210 habent,
2166 2161 2333 2216 quam
2360 2145 2603 2200 intendit
2631 2162 2697 2199 eo
2735 2150 2989 2216 tempore
3035 2162 3148 2216 quo
3179 2145 3440 2200 maritum
3476 2141 3712 2196 habebat:

487 2236 560 2290 ad
598 2250 738 2306 quos
757 2231 863 2288 hoc
881 2233 1390 2304 reddidit,implens
1410 2231 1549 2288 illud
1572 2233 1720 2304 quod
1753 2233 1810 2286 in
1829 2233 2083 2304 superio-
2163 2233 2492 2304 pudicitiam
2521 2225 2731 2288 etenim
2753 2233 2987 2304 requirit
3010 2233 3080 2286 ab
3103 2232 3382 2303 ejusmodi
3410 2230 3718 2286 viduisNam

489 2317 647 2379 ribus
668 2323 856 2378 minus
871 2322 1091 2376 dixerat
1124 2341 1134 2375 :
1167 2323 1372 2377 deinde
1389 2322 1458 2376 ad
1488 2339 1648 2376 suam
1669 2337 1964 2377 recurrens
1994 2339 2082 2376 se-
2165 2323 2490 2394 pudicitiam
2520 2329 2905 2393 exsequuntur
2933 2329 3101 2376 etiam
3132 2329 3190 2376 et
3217 2322 3326 2376 illa:
3338 2336 3456 2392 quae
3483 2320 3536 2374 in
3563 2319 3721 2388 conju-

487 2413 798 2486 quentiam,
849 2411 1145 2465 manifeste
1189 2412 1418 2482 exponit
1449 2412 1641 2482 quales
1669 2412 1803 2466 velit
1845 2428 1967 2465 esse
2005 2409 2086 2463 vi-
2168 2412 2261 2482 gio
2291 2411 2489 2483 pudice
2509 2412 2624 2466 suis
2653 2412 2783 2465 viris
2804 2411 3120 2472 convivunt,
3157 2411 3273 2465 sive
3301 2427 3426 2465 cum
3448 2409 3610 2480 primo
3627 2408 3724 2460 ina-

494 2503 636 2557 duas
666 2516 789 2572 quae
818 2507 876 2554 et
903 2499 1008 2554 sub
1042 2501 1238 2570 regula
1266 2500 1639 2554 ecclesiastica
1661 2507 1718 2554 et
1737 2499 2087 2571 providentia
2169 2501 2296 2566 rito,
2322 2501 2434 2555 sive
2465 2517 2592 2555 cum
2626 2501 2870 2555 secundo
2909 2519 2921 2553 :
2967 2501 3370 2555 inconveniens
3412 2498 3603 2552 etenim
3628 2501 3727 2549 erat

485 2590 696 2645 debent
715 2589 910 2644 haberi
942 2607 953 2640 :
979 2607 1002 2639 1
1024 2587 1578 2658 Viduaeligaturnon
1601 2587 2088 2658 minussexaginta
2171 2589 2313 2654 illas,
2348 2605 2471 2660 quae
2501 2589 2760 2643 secundis
2779 2590 2990 2660 nuptiis
3006 2591 3244 2660 junctaa,
3269 2589 3530 2642 virtutum
3541 2585 3724 2644 studiis,

488 2690 786 2733 annorum.
823 2696 847 2728 ι
880 2677 1026 2731 Ante
1045 2677 1254 2743 omnia,
1290 2681 1513 2730 aetatem
1534 2676 1937 2746 designandum
1967 2695 2088 2732 esse
2168 2683 2233 2732 ut
2252 2679 2526 2741 convenit,
2545 2684 2677 2732 sunt
2687 2679 2990 2744 adornatae,
3014 2679 3224 2732 deinde
3246 2678 3313 2732 ad
3332 2675 3640 2748 profundam
3664 2688 3728 2725 se-

485 2767 742 2833 credidit,
773 2766 833 2820 in
865 2782 977 2836 qua
995 2765 1321 2820 constitutae
1335 2765 1542 2819 debent
1562 2766 1620 2819 in
1641 2765 1896 2820 ordinem
1915 2766 2086 2837 recipi
2169 2771 2450 2820 nectutem
2474 2771 2607 2821 sunt
2636 2768 2892 2832 redactae,
2921 2767 2991 2820 ab
3017 2767 3399 2822 ecclesiastica
3427 2760 3731 2820 excludidili-

485 2853 802 2922 viduarum,
821 2855 1050 2926 quidam
1073 2871 1203 2908 vero
1237 2869 1348 2908 non
1366 2855 1786 2908 considerantes
1817 2872 1987 2926 quam
2015 2855 2086 2910 ob
2166 2856 2376 2926 gentia,
2394 2856 2474 2910 ita
2489 2863 2552 2910 ut
2564 2861 2792 2926 egentes
2807 2857 3045 2926 penuria
3063 2861 3434 2911 conterantur
3454 2871 3516 2908 ea
3527 2851 3724 2912 ratione,

492 2957 721 3000 causam
741 2950 965 3000 aetatem
985 2943 1227 2997 voluerit
1250 2943 1576 3014 signiﬁcari,
1601 2944 1720 2998 huic
1739 2949 2080 3012 statuerunt,
2115 3012 2145 3016 __
2168 2945 2300 3015 quia
2328 2945 2570 2999 secundo
2587 2944 2802 2999 fuerint
2843 2947 3054 3015 junctae
3083 2946 3316 3010 marito,
3351 2943 3493 3016 quod
3521 2941 3658 2996 nullo
3685 2939 3730 2992 in

485 3035 814 3090 utrumnam
840 3033 1110 3088 mulieres
1135 3032 1498 3099 diaconissas,
1519 3037 1650 3086 ante
1671 3033 1816 3087 hanc
1835 3039 2079 3101 aetatem,
2103 3012 2148 3070 θ
2167 3033 2287 3087 loco
2309 3033 2663 3104 prohibuisse
2689 3035 2839 3088 visus
2863 3041 2949 3088 est
2971 3033 3215 3096 Paulus;
3241 3052 3306 3088 ex
3331 3031 3597 3088 contrario
3623 3043 3731 3081 vero

483 3124 748 3180 ordinare
775 3123 1008 3176 minime
1037 3123 1352 3176 conveniat.
1388 3123 1534 3192 Erga
1564 3139 1702 3193 quas
1729 3122 1815 3176 vel
1845 3123 2086 3177 maxime
2169 3121 2465 3176 excludens
2495 3122 2918 3176 fornicationem
2961 3124 3019 3176 id
3069 3123 3196 3177 ﬁeri
3240 3122 3514 3177 annuerit.
3545 3115 3729 3174 Deinde

484 3214 542 3268 id
569 3212 775 3267 debere
800 3211 1081 3266 observari
1093 3211 1530 3272 aestimaverunt,
1548 3226 1614 3265 eo
1637 3212 1783 3282 quod
1805 3212 1861 3264 in
1885 3212 2084 3282 majori
2169 3211 2360 3281 adjicit
2384 3229 2394 3263 :
2435 3229 2461 3263 (ι
2493 3212 2555 3266 In
2587 3212 2850 3282 operibus
2877 3209 3040 3266 bonis
3055 3212 3446 3266 testimonium
3475 3209 3679 3263 habens.
3703 3223 3726 3256 μ

485 3301 680 3357 ordine
699 3319 731 3355 a
760 3299 941 3354 viduis
969 3299 1084 3354 sint
1102 3299 1495 3370 producenda,
1521 3317 1703 3370 neque
1733 3300 1869 3354 illud
1883 3301 2087 3354 intelli—
2169 3300 2238 3354 Et
2267 3301 2369 3353 hac
2391 3300 2617 3370 quidem
2639 3301 2966 3354 summatim
2995 3301 3314 3370 explicavit,
3337 3302 3393 3354 in
3424 3298 3731 3366 subsequen-

483 3396 700 3462 gentes,
732 3389 999 3460 quoniam
1030 3389 1077 3442 si
1109 3389 1165 3442 in
1200 3403 1395 3442 earum
1425 3389 1778 3444 ordinatione
1805 3389 1861 3442 id
1891 3389 2084 3442 obser-
2165 3388 2314 3442 tibus
2335 3405 2464 3442 vero
2493 3389 2630 3442 illud
2663 3406 2765 3460 per
2793 3393 2984 3460 partes
3024 3390 3160 3460 agit,
3213 3391 3435 3445 dicens:
3471 3407 3496 3441 1
3527 3386 3579 3440 Si
3608 3383 3728 3437 ﬁlios

485 3479 602 3534 vari
660 3477 924 3545 decrevit,
978 3479 1157 3532 multo
1205 3479 1383 3548 magis
1439 3495 1574 3549 erga
1621 3477 1978 3550 presbyteros
2028 3485 2085 3532 et
2166 3477 2438 3532 educavit.
2469 3492 2493 3529 li
2523 3478 2626 3531 Illa
2656 3486 2866 3540 autem,
2896 3495 3018 3549 quae
3056 3495 3293 3533 suorum
3315 3479 3550 3532 ﬁliorum
3565 3487 3728 3528 curam

485 3570 775 3641 episcopos
803 3568 862 3622 id
890 3567 1170 3622 custodire
1219 3568 1590 3638 praecepisset,
1642 3568 1789 3638 quod
1848 3567 2081 3621 minime
2164 3583 2276 3620 non
2301 3566 2515 3629 habuit,
2547 3567 2774 3620 evidens
2806 3574 2890 3620 est
2939 3568 3177 3621 multam
3210 3567 3662 3622 inhumanitatcm
3685 3560 3730 3612 in

482 3659 796 3732 perspicere
826 3661 1150 3728 potuerunt.
1202 3657 1409 3710 Beatus
1462 3662 1650 3710 autem
1681 3657 1890 3710 Paulus
1941 3672 2082 3710 nun-
2162 3655 2350 3709 animo
2377 3655 2638 3709 habuisse
2660 3673 2780 3709 suo.
2818 3673 2844 3708 1
2867 3656 2926 3710 Si
2967 3657 3300 3726 peregrinos
3347 3655 3578 3726 hospitio
3601 3664 3728 3704 rece-

483 3760 653 3820 quam
684 3763 786 3819 per
813 3750 1034 3801 aetatem
1093 3744 1437 3799 functionem
1468 3745 1705 3799 credidit
1735 3762 1856 3799 esse
1887 3745 2079 3799 deccr-
2163 3745 2261 3815 pit.
2297 3765 2318 3794 ι
2354 3746 2478 3799 Non
2529 3743 2597 3798 de
2627 3745 2938 3816 peregrinis
2983 3745 3330 3816 quibuslibet
3373 3744 3624 3816 loquitur,
3649 3737 3726 3791 sed

483 3837 756 3902 nendatn;
789 3849 920 3888 nam
939 3835 1296 3888 Timotheum
1326 3835 1511 3905 ipsum
1529 3835 1686 3889 valde
1704 3835 1969 3905 juvenem
1991 3851 2080 3888 ex-
2161 3834 2231 3887 de
2259 3834 2536 3899 ﬁdelibus,
2569 3833 2710 3888 etiis
2742 3833 2998 3888 ﬁdelibus
3029 3833 3123 3905 qui
3151 3835 3351 3889 virtuti
3381 3833 3613 3888 student.
3636 3828 3726 3882 De-

484 3929 729 3981 stantem
759 3923 933 3978 tantis
956 3923 1259 3994 praeposuit
1270 3923 1810 3994 ecclesiis,magnum
1837 3923 1918 3976 illi
1937 3939 2077 3993 opus
2159 3923 2329 3994 nique
2355 3923 2544 3977 volens
2574 3929 2630 3976 et
2667 3924 2725 3977 in
2754 3923 3230 3994 subsequentibus
3258 3924 3436 3996 ipsius
3464 3916 3727 3991 hospitali-

482 4017 540 4070 et
568 4013 716 4085 quod
745 4011 1004 4066 omnibus
1034 4011 1352 4082 praecellere
1371 4011 1610 4079 videtur,
1635 4011 2077 4077 committen's,et
2157 4013 2290 4066 tatis
2310 4012 2550 4083 speciem
2567 4013 2882 4083 explanare.
2904 4029 3073 4083 quam
3100 4013 3186 4066 vel
3219 4013 3466 4066 maxime
3497 4027 3586 4064 eas
3604 4021 3729 4061 exse-

481 4105 588 4158 hoc
600 4101 948 4173 sighiﬂcatbr
965 4116 1067 4172 per
1080 4100 1452 4166 illashtteras,
1479 4115 1618 4171 quas
1632 4101 1699 4155 ad
1720 4117 1847 4155 eum
1859 4101 2068 4172 dirigit,
2157 4102 2250 4172 qui
2276 4107 2446 4173 cupit,
2488 4101 2682 4172 adjicit
2706 4117 2717 4152 :
2746 4122 2769 4152 ι
2797 4101 2853 4156 Si
2885 4105 3210 4156 sanctorum
3233 4103 3406 4174 pedes
3426 4100 3603 4155 lavit.-
3627 4097 3728 4151 Non

482 4193 704 4247 dicens:
739 4203 763 4241 1
793 4189 973 4244 Nemo
977 4190 1333 4259 juventutem
1351 4195 1509 4243 tuam
1525 4190 1912 4256 condemnet,»
1939 4191 2072 4260 quid
2156 4190 2480 4262 peregrinos
2525 4189 2779 4245 absolute
2809 4189 2972 4255 dixit,
3005 4190 3101 4244 sed
3138 4195 3388 4255 sanctos,
3435 4194 3501 4244 ut
3527 4184 3730 4241 suadeat

459 4295 618 4353 ergo
636 4285 725 4335 est
751 4277 899 4350 quod
931 4277 1022 4332 hic
1040 4277 1176 4332 dicit
1199 4277 1224 4330 ?
1253 4277 1472 4332 virtutis
1491 4278 1826 4333 industriam
1864 4295 1975 4333 non
2007 4297 2071 4333 ex
2087 4325 2137 4390 Β
2156 4280 2328 4334 etiam
2359 4281 2528 4351 pedes
2549 4279 2722 4333 lavari
2753 4295 2949 4333 eorum
2980 4295 3120 4352 quos
3147 4278 3396 4351 hospitio
3412 4275 3730 4348 recipit,me-

496 4375 636 4390 .,1_A-
682 4368 825 4390 ---ΑΕΔ
858 4366 1066 4390 η.....-..ξ
1128 4368 1283 4390 -.-2---
1303 4367 1385 4390 -.-1
1419 4367 1653 4390 μ---ε...-
1682 4368 2063 4390 ---ι-ιξ-..-...
2157 4369 2387 4390 ..Α-..ξλω
2414 4369 2461 4390 1‘.
2477 4369 2619 4390 -ε-..-
2652 4385 2745 4390 --.Α
2761 4373 2965 4390 -A-.._____
3025 4367 3140 4390 II--
3199 4374 3263 4390 --Α
3306 4367 3413 4390 J:_:
3466 4367 3528 4390 _..I
3558 4363 3728 4390 -..Ι-Αι-

479 4375 644 4428 aetate
674 4368 829 4441 cupit
857 4366 1089 4433 ﬁrmari,
1124 4368 1285 4438 cujus
1303 4367 1390 4422 vel
1419 4367 1658 4422 maxime
1682 4368 2069 4440 probationem
2087 4363 2137 4390 υ
2157 4369 2394 4423 muriam
2414 4369 2620 4422 faciens
2649 4373 2990 4423 sanctorum.
3025 4367 3162 4434 Hoc,
3199 4374 3267 4422 ut
3302 4367 3438 4434 dixi,
3465 4367 3530 4420 ad
3555 4363 3728 4418 exhor-

479 4461 662 4516 facere
691 4459 937 4526 videtur;
961 4455 1168 4512 sufﬁcit
1181 4457 1332 4511 enim
1364 4455 1460 4510 illa
1475 4463 1630 4524 astas,
1657 4473 1782 4528 quae
1795 4464 1927 4512 ante
1957 4457 2074 4512 haec
2153 4459 2355 4512 tandas
2385 4475 2480 4512 eas
2501 4457 2710 4528 adjicit,
2740 4463 2805 4512 ut
2832 4457 3093 4512 ostendat
3120 4459 3394 4528 quoniam
3425 4469 3637 4511 summa
3657 4448 3728 4502 di-

471 4555 734 4620 témpora
749 4547 983 4602 nimiam
1017 4551 1074 4601 et
1101 4553 1324 4602 cautam
1355 4545 1657 4618 praebuerit
1685 4546 2073 4618 probationem
2153 4547 2388 4617 ligentia
2413 4547 2673 4601 convenit
2699 4563 2793 4601 eos
2819 4546 3062 4618 hospitio
3099 4547 3294 4618 recipi,
3325 4563 3426 4602 nec
3452 4541 3648 4613 aliquid
3675 4553 3730 4590 ex

476 4638 916 4708 uniuscujusque
936 4635 1226 4708 propositi.
1251 4636 1394 4700 Quia
1414 4651 1556 4690 verae
1584 4637 1762 4691 viduae
1791 4636 1849 4690 in
1879 4636 2074 4690 ordine
2156 4636 2242 4690 his
2267 4653 2388 4708 qua:
2404 4635 2473 4690 ad
2487 4636 2785 4690 honestum
2801 4637 3088 4707 pertinent
3101 4635 3440 4708 obsequium
3452 4631 3728 4703 despicere.

475 4723 963 4781 constituebantur
991 4725 1383 4790 ecclesiastico,
1409 4731 1473 4780 ut
1509 4723 1937 4780 ecclesiasticam
1980 4742 2074 4795 po-
2162 4745 2184 4776 1
2219 4725 2708 4780 Sitribulationem
2734 4725 3078 4798 patientibus
3101 4722 3612 4779 subministravit.»
3643 4718 3733 4771 Ite-

475 4813 1162 4886 tiren’turprovidentiam,
1198 4815 1388 4868 multa
1421 4820 1611 4869 autem
1641 4819 1822 4877 erant,
1846 4832 1968 4885 quae
1996 4815 2072 4868 vi-
2155 4831 2280 4869 rum
2311 4815 2638 4868 summatim
2666 4815 2722 4868 id
2754 4814 2894 4868 dixit
2942 4833 2954 4867 :
3019 4833 3042 4865 1
3083 4814 3131 4868 si
3177 4831 3349 4880 omne
3378 4827 3516 4885 Opus
3545 4810 3731 4863 bonum

470 4918 568 4962 ros
595 4905 918 4969 amiserant,
943 4920 1064 4974 quae
1083 4920 1194 4958 non
1223 4904 1495 4958 virtutum
1515 4903 1700 4958 studio
1716 4905 1865 4958 inter
1877 4903 2071 4959 viduas
2154 4904 2451 4958 subsecuta
2483 4908 2568 4958 est
2597 4921 2614 4954 :
2644 4924 2670 4957 ι)
2702 4903 2928 4958 evidens
2969 4910 3056 4958 est
3100 4903 3374 4974 quoniam
3413 4915 3514 4974 pro
3551 4897 3730 4951 virium

475 5013 536 5052 se
565 4993 901 5050 commorari
924 4991 1204 5058 volebant,
1226 4993 1321 5047 sed
1340 4999 1403 5046 ut
1426 4993 1800 5048 ecclesiastica
1821 4993 2070 5047 fruentes
2154 4993 2422 5064 qualitate
2458 4993 2567 5047 ista
2598 4991 2718 5046 ﬁeri
2746 4994 2962 5048 suadet.
2989 4993 3219 5047 Certum
3243 4997 3334 5046 est
3362 4995 3550 5044 autem
3579 5003 3637 5040 ex
3656 4982 3730 5036 his

475 5085 808 5158 provisione,
843 5097 1036 5136 secure
1053 5081 1153 5136 illa
1183 5099 1304 5153 quae
1337 5083 1406 5136 ad
1437 5099 1605 5137 usum
1633 5081 1919 5154 pertinent
1946 5097 2068 5136 cor-
2150 5083 2330 5148 dictis,
2358 5083 2621 5153 quoniam
2651 5081 2776 5138 illas
2820 5099 2944 5153 quae
2967 5081 3026 5136 in
3055 5081 3421 5136 matrimonio
3453 5083 3580 5132 sunt
3616 5073 3731 5128 ﬁde-

475 5174 724 5247 poralem
735 5170 1026 5238 habentes,
1051 5170 1220 5225 vitam
1241 5187 1399 5226 suam
1413 5173 1723 5242 transigere
1740 5175 1986 5242 possent,
2003 5187 2070 5226 ex
2151 5173 2250 5236 les,
2273 5173 2414 5226 tales
2433 5171 2589 5243 cupit
2603 5189 2723 5226 esse
2741 5170 2938 5225 viduas
2963 5189 2974 5224 :
3001 5172 3098 5243 qui
3119 5171 3272 5244 enim
3293 5170 3494 5223 viduas
3521 5163 3644 5220 dicit
3658 5167 3728 5214 ta-

475 5266 580 5318 liae
600 5263 819 5316 ratione
845 5259 1042 5326 multa,
1060 5265 1123 5314 ut
1142 5261 1405 5326 assolent,
1433 5261 1584 5315 mala
1597 5259 2064 5327 adnascebantur,
2153 5261 2234 5314 les
2251 5261 2376 5314 vitae
2406 5259 2608 5314 debere
2638 5260 2828 5327 fuisse,
2867 5277 2932 5314 eo
2971 5261 3029 5313 in
3075 5263 3332 5329 tempore
3359 5273 3476 5328 quo
3503 5250 3726 5309 erantin

478 5370 544 5408 eo
577 5351 723 5422 quod
752 5368 856 5404 nec
887 5356 951 5404 ut
972 5351 1222 5414 decebat,
1265 5350 1448 5404 vivere
1477 5351 1941 5422 studebant,quia
1968 5367 2072 5404 nec
2153 5350 2531 5416 matrimonio,
2552 5350 2710 5420 paria
2726 5349 3152 5421 cupitimplerc;
3175 5347 3449 5417 alioquin,
3473 5338 3727 5414 quemad-

463 5441 544 5497 ‘ob
601 5438 1131 5510 contemplationem
1175 5437 1399 5493 virtutis
1446 5455 1567 5494 sese
1613 5439 1832 5507 ascribi,
1879 5448 1943 5494 ut
1985 5440 2068 5493 vi-
2151 5439 2378 5494 modum
2401 5446 2708 5510 potuerunt
2725 5437 3031 5508 hujusvitae
3055 5435 3308 5500 inveniri,
3334 5435 3381 5490 si
3401 5447 3517 5489 non
3545 5432 3599 5484 in
3628 5442 3728 5482 ma-

473 5531 614 5586 duas
641 5527 959 5599 cupiebant,
989 5529 1084 5582 sed
1114 5528 1232 5582 solo
1247 5525 1566 5584 securitatis
1593 5529 1890 5596 desiderio,
1923 5534 1980 5584 et
2006 5537 2071 5585 ut
2151 5529 2415 5585 trimonio
2427 5529 2746 5584 constitutae
2764 5529 2906 5584 tales
2916 5527 3227 5584 ﬁieﬁntht
3243 5524 3551 5581 ostendens
3578 5528 3729 5591 quam
