3866 6158
255 295 333 363 6‘21

626 292 1206 359 ENARRATIUNUM
1244 293 1323 360 iii
1360 294 1519 365 Epp.
1558 292 1781 362 rem
1811 296 1948 361 LIB.
1990 296 2191 362 XXIII.
2242 337 2306 347 -
2352 300 2430 361 1N
2470 297 2692 361 EPiST.
2735 298 2757 360 Ῑ
2795 298 2891 361 ΑΒ
2929 309 3078 363 ΤΙΜ.

3384 301 3488 367 6ἱὲ

250 429 307 483 ob
328 434 433 482 rem
456 427 629 481 etiam
650 431 871 481 aetatem
892 427 1286 498 designaverit,
1307 432 1615 485 secundum
1636 438 1807 501 quam
1826 433 1874 490 Α
1894 424 1997 495 ret,
2031 430 2127 483 sed
2155 432 2219 483 ut
2259 431 2438 500 magis
2468 442 2563 484 eas
2604 424 2867 484 invitaret
2896 450 2908 483 :
2947 432 3041 502 qui
3064 432 3218 486 enim
3247 432 3481 502 (iuerat,

245 517 421 572 illasin
463 504 659 570 ordine
682 516 977 569 viduarum
1022 519 1193 588 recipi
1241 519 1522 591 praecepit,
1568 520 1803 590 adjicit:

247 625 266 656 ι
286 604 742 660 Adulescentiores
773 610 962 658 autem
992 602 1188 660 viduas
1220 607 1423 662 devita.
1463 616 1489 660 ὁ
1522 611 1646 663 Non
1679 610 1812 679 quia

244 710 334 749 non
344 694 591 764 sitdigna
602 695 868 764 juventus
899 695 1125 765 exsequi
1140 695 1421 761 virtutem,
1444 699 1539 751 sed
1556 700 1722 769 quam
1740 697 1811 751 ob

244 794 435 837 Causam
456 783 511 835 id
534 783 758 847 diXerit,
802 783 861 836 in
882 783 1349 854 subsequentibuS
1372 787 1589 857 pandit:
1611 803 1636 839 σ
1669 788 1811 840 Cum

243 890 265 924 (ι
292 873 421 926 enim
452 871 743 926 luxuriatae
763 872 975 926 fuerint
1004 873 1062 927 in
1093 861 1334 939 Christo,
1360 876 1569 929 nubere
1597 876 1807 941 volunt,

244 967 266 1013 ἂ
292 961 541 1015 habentes
569 962 1012 1027 damnationem,
1048 963 1181 1032 quia
1209 953 1450 1033 primam
1479 965 1648 1018 iidem
1680 962 1811 1018 irri-

243 1070 263 1097 ες
289 1050 390 1103 tam
422 1040 695 1104 iccerunt.
730 1060 754 1097 ni
780 1042 930 1105 Bene
969 1042 1282 1106 luxuriatae
1312 1053 1371 1106 in
1403 1042 1625 1108 Christo
1655 1054 1808 1120 dicit,

242 1138 324 1193 hoc
348 1151 442 1203 est,
466 1144 527 1192 at
564 1139 661 1193 ubi
690 1140 838 1193 inter
864 1141 1058 1195 viduas
1100 1132 1309 1195 fuerint
1340 1148 1592 1213 receptae,
1636 1144 1812 1197 eccle-

238 1228 491 1281 siasticum
512 1236 784 1283 assecutae
803 1230 1010 1283 fuerint
1030 1236 1341 1301 sumptum,
1362 1242 1570 1286 securae
1591 1226 1808 1286 exstan-

212 1320 305 1369 't'es
324 1332 481 1387 super
502 1318 887 1388 corporalibus
918 1320 1343 1374 necessitatibUS
1370 1321 1509 1374 nihil
1530 1321 1682 1375 aliud
1710 1338 1808 1375 cu-

237 1410 357 1469 rant,
374 1398 478 1459 nisi
502 1406 570 1459 ut
579 1408 758 1461 otiose
778 1414 975 1461 vacent
996 1409 1228 1463 luXuriae
1248 1410 1542 1479 corporali,
1564 1424 1629 1463 eo
1660 1411 1810 1481 quod

238 1502 328 1548 non
339 1494 545 1550 habent
558 1495 629 1549 de
645 1495 849 1567 quibus
862 1496 1111 1552 sollicitae
1142 1498 1274 1565 sint,
1292 1512 1414 1569 quae
1428 1500 1598 1553 etiam
1629 1500 1812 1553 solent

236 1588 281 1637 et
295 1584 633 1639 intellectum
654 1585 949 1639 humiliare
971 1587 1301 1653 humanum,
1320 1589 1496 1642 otiose
1523 1604 1655 1643 vero
1685 1589 1812 1643 eﬂ'e-

234 1677 331 1737 ctae,
347 1674 721 1744 despicientes
744 1674 1145 1744 professionem
1157 1684 1337 1741 snam,
1368 1678 1438 1731 de
1450 1694 1523 1731 nu
1532 1675 1660 1749 ptiis
1670 1678 1810 1732 inci-

1892 534 2003 572 non
2033 524 2290 589 Oportere
2318 519 2442 572 illas
2465 522 2586 589 quae
2612 532 2713 573 nec
2741 525 2905 574 astate
2925 526 3025 574 nec
3043 521 3491 577 virtutibussunt

1893 604 2103 661 orhatze
2134 608 2190 661 in
2222 604 2475 661 ordinem
2500 608 2671 678 recipi
2697 609 2991 662 viduarum
3018 601 3243 664 illarum
3265 604 3387 682 quae
3408 612 3494 667 be-

1893 694 2201 750 clesiastico
2231 702 2459 767 sumptu
2492 697 2740 763 alunthr,
2776 692 2886 752 ista
2928 712 3057 752 vero
3105 699 3313 763 dicens;
3347 710 3490 771 prae-

1894 784 2128 855 parabat
2153 802 2265 849 eas,
2296 791 2361 839 ut
2404 786 2459 838 id
2508 803 2618 840 non
2666 792 3026 841 attentarent.
3061 782 3487 858 Convenientel',

1894 866 2043 927 dicta
2073 872 2223 927 enim
2245 870 2395 928 illius
2420 870 2516 927 illa
2538 876 2773 946 mpiunt
2795 886 2895 947 per
2916 877 3106 930 omnia
3134 876 3487 946 confirmare,

1894 967 1961 1016 ut
1987 956 2084 1016 illa
2115 962 2236 1032 quae
2268 970 2487 1033 oportet
2512 960 2851 1020 custodiant.
2876 966 3036 1019 Unde
3064 977 3177 1021 non
3206 968 3494 1024 videretur

1894 1052 1964 1105 ad
1986 1053 2213 1122 plenum
2229 1051 2476 1106 devitarc
2490 1053 2745 1123 juniores
2760 1052 2971 1119 viduas,
2998 1064 3121 1126 quae
3141 1062 3303 1111 caute
3320 1053 3492 1113 vitam

1894 1136 2053 1194 suain
2102 1138 2424 1207 instituunt,
2475 1142 2732 1212 sequitur
2766 1160 2777 1195 :
2816 1154 2841 1195 α
2873 1138 3099 1198 Nullam
3143 1138 3491 1206 occasionem

1891 1230 2025 1283 dare
2054 1229 2373 1284 adversario
2426 1229 2706 1285 maledicti
2734 1232 2936 1301 gratia.
2975 1234 2999 1283 ὁ
3032 1228 3157 1287 Neu
3191 1235 3340 1288 enim
3368 1236 3491 1290 volo

1892 1318 2016 1371 illas
2044 1317 2113 1372 ob
2144 1318 2298 1371 illam
2329 1314 2557 1371 causam
2588 1316 2918 1373 viduitatem
2939 1316 3269 1376 simulantes
3298 1324 3495 1393 postea

1890 1407 1950 1459 in
1981 1406 2105 1461 aliis
2134 1406 2391 1472 inveniri,
2427 1413 2484 1461 et
2527 1422 2591 1460 ex
2636 1408 2741 1461 hoc
2782 1408 2917 1463 dare
2966 1411 3310 1464 occasionem
3361 1412 3491 1477 illis,

1893 1496 1988 1565 qui
2018 1495 2178 1549 nobis
2217 1496 2486 1566 derogare
2517 1502 2839 1567 properant,
2877 1497 2946 1551 ob
2992 1496 3146 1552 illam
3193 1494 3491 1567 rationem,

1894 1585 2025 1654 quia
2052 1582 2176 1640 vitae
2216 1590 2420 1639 nostra;
2452 1586 2671 1639 nullum
2719 1582 2969 1641 studium
3010 1581 3363 1655 adhibemus,
3395 1590 3493 1644 sed

1894 1680 2007 1744 Spei
2027 1674 2073 1725 fi
2104 1676 2326 1728 tantum
2357 1675 2622 1728 virtutem
2654 1690 2768 1729 non
2800 1677 3025 1747 exsequi
3047 1677 3397 1731 simulamus.
3429 1679 3498 1733 Et

237 1760 371 1831 piunt
396 1763 668 1832 cogitare,
701 1763 1029 1834 gravissime
1061 1778 1121 1819 se
1152 1764 1419 1820 obnoxias
1450 1756 1717 1820 facientes
1747 1751 1878 1820 eaB
1897 1769 1960 1816 ut
1987 1770 2057 1815 ne
2086 1760 2340 1816 videatur
2367 1763 2486 1834 ipse
2517 1764 2831 1834 suspicione
2873 1765 2928 1819 id
2960 1765 3237 1835 colligere,
3271 1760 3499 1820 causam

235 1852 423 1905 ratione
470 1862 587 1923 qua
616 1853 955 1923 promissum
995 1860 1180 1919 Suum,
1224 1868 1388 1925 quem
1434 1857 1816 1926 promiserunt

233 1940 449 2006 Christo,
481 1943 861 2012 Spernendum
892 1958 1013 1996 esse
1060 1943 1537 2009 existimaverunt,
1572 1946 1813 2015 primam

231 2027 489 2083 duntaxat
541 2030 711 2083 ﬁdem
765 2030 985 2084 irritam
1040 2030 1329 2085 facientes.
1361 2026 1476 2086 Nec
1516 2040 1704 2086 autem
1745 2034 1814 2087 de

230 2116 415 2187 nuptiis
440 2118 561 2172 ista
586 2119 746 2183 dixit,
779 2119 925 2173 sicut
955 2120 1185 2190 quidam
1215 2136 1249 2173 a
1276 2118 1456 2175 inulta
1483 2122 1817 2193 desipientia

228 2206 478 2277 suspicati
507 2214 658 2271 sunt,
690 2208 789 2261 sed
820 2209 889 2262 de
932 2210 1276 2280 professione
1321 2210 1464 2264 dixit
1505 2206 1812 2279 viduitatis,

230 2296 344 2364 quia
370 2306 479 2349 nec
506 2296 590 2349 fas
618 2301 742 2350 erat
769 2302 835 2351 ut
861 2298 1493 2354 damhationiobnbxias
1523 2292 1735 2354 diceret
1754 2300 1817 2353 il-

1894 1851 2073 1922 ipsam
2104 1848 2263 1922 ponit
2291 1858 2349 1906 et
2376 1850 2546 1905 dicit:
2585 1866 2613 1904 ι
2645 1854 2769 1907 Jam
2800 1854 2950 1907 enim
2981 1855 3236 1924 quaedam
3267 1864 3499 1910 conver-

1901 1956 1921 1993 ο
1957 1954 2031 1994 sae
2061 1946 2192 1995 sunt
2220 1944 2370 1994 retro
2401 1942 2689 1995 Satanam.
2728 1960 2751 1992 ι
2787 1943 2877 1996 Sic
2905 1936 3128 1997 videtur
3170 1944 3353 1998 modis
3382 1955 3500 1999 om—

1899 2028 2063 2083 nibus
2089 2031 2215 2084 illas
2246 2046 2369 2101 quae
2386 2044 2499 2084 non
2530 2030 2671 2086 bene
2699 2037 2939 2085 utuntur
2961 2032 3081 2103 ipsa
3107 2025 3377 2087 viduitate
3407 2044 3498 2087 ex-

1899 2119 2122 2173 cludere
2153 2118 2222 2172 ab
2256 2119 2449 2173 ordine
2496 2119 2811 2183 viduarum,
2847 2134 3072 2174 omnem
3121 2122 3498 2175 simulationis

1899 2208 2248 2263 occasionem
2297 2208 2367 2262 ab
2414 2209 2538 2279 ipsa
2584 2206 2841 2263 adimens‘
2884 2208 3244 2279 professione.
3278 2204 3423 2264 Nam
3443 2216 3502 2264 et

1898 2292 2015 2350 risu
2044 2297 2277 2366 dignum
2306 2294 2527 2351 videtur
2570 2298 2950 2369 virginitatem
2996 2298 3264 2368 recipere,
3297 2298 3345 2351 si
3375 2298 3498 2369 quis

1899 2382 2154 2439 eamdem
2186 2386 2438 2457 proﬁteri
2464 2387 2624 2450 nolit,
2657 2385 2802 2440 sicut
2847 2391 2933 2440 est
2976 2386 3033 2439 id
3080 2386 3393 2457 perspicere
3432 2388 3498 2441 ex

1900 2475 2148 2545 Epistula
2165 2476 2287 2545 ejus
2309 2489 2479 2546 quam
2500 2475 2571 2529 ad
2602 2470 2920 2530 Corinthius
2940 2470 3226 2546 scripsisse
3245 2476 3494 2542 videtur;

228 2560 322 2613 cit:
346 2579 367 2612 ι
390 2560 580 2616 Simul
602 2562 793 2616 autem
816 2569 873 2617 et
909 2565 1100 2619 otiosa;
1139 2565 1364 2619 discunt
1388 2566 1685 2620 circumire
1716 2568 1817 2639 do-
1844 2579 1852 2591 ί
1900 2560 2025 2617 illas
2052 2576 2180 2617 vero
2210 2564 2653 2619 adolescentulus
2697 2576 2821 2635 quae
2878 2564 3013 2618 viris
3069 2558 3202 2618 sunt
3247 2565 3496 2635 privatae,

228 2669 247 2697 ι
275 2656 403 2715 mos,
424 2662 546 2704 non
566 2652 751 2705 solum
772 2653 982 2717 oti0sae,
1002 2654 1099 2707 sed
1121 2658 1177 2707 et
1205 2654 1449 2708 verbosas
1481 2662 1538 2709 et
1563 2656 1815 2722 curiosae,
1901 2666 2013 2706 non
2040 2650 2310 2723 recipere,
2342 2652 2567 2707 tametsi
2594 2654 2926 2707 viduitatem
2966 2659 3030 2707 ut
3077 2654 3336 2708 convenit
3380 2660 3501 2708 stu-

228 2752 250 2788 ι
276 2738 567 2809 loquentes
588 2754 713 2811 quae
733 2748 845 2795 non
865 2748 1103 2813 oportet.
1126 2752 1147 2793 ἡ
1175 2744 1293 2797 Hoc
1321 2736 1442 2797 vult
1453 2744 1552 2815 per
1572 2744 1680 2799 ista
1706 2760 1820 2799 om-
1901 2742 2035 2795 dere
2085 2738 2382 2796 voluerint.
2414 2737 2529 2797 Nec
2574 2746 2765 2797 autem
2793 2744 2902 2799 illa:
2949 2744 3071 2814 quae
3118 2743 3500 2813 virginitatem

230 2827 541 2889 niadicere,
563 2831 829 2900 quoniam
852 2832 1064 2885 nullam
1097 2832 1366 2886 habentes
1386 2833 1821 2888 sollicitudinem
1910 2832 2262 2901 proﬁtentur,
2319 2834 2447 2902 post
2510 2838 2853 2886 senectutem
2921 2838 3089 2887 erunt
3150 2832 3498 2903 professum.

230 2917 767 2988 corporalium,dum
795 2930 1005 2975 securae
1027 2927 1405 2991 assequuntur
1423 2922 1516 2975 illa
1550 2938 1673 2992 quae
1696 2923 1822 2976 usui
1904 2921 2127 2974 Justum
2157 2926 2244 2974 est
2263 2920 2366 2974 hoc
2396 2921 2454 2973 in
2483 2921 2602 2974 loto
2634 2933 2951 2975 memorare
2970 2921 3195 2975 illorum
3215 2922 3313 2992 qui
3333 2929 3499 2974 omne

225 3013 340 3059 sunt
353 3008 698 3072 necessaria,
713 3008 935 3063 discunt
948 3010 1149 3081 exipsa
1164 3010 1426 3081 largitate
1443 3011 1670 3065 studere
1682 3012 1821 3065 otio-
1849 3004 2153 3081 “studium
2184 3009 2241 3062 in
2269 3024 2334 3063 eo
2364 3013 2599 3080 ponunt,
2634 3016 2698 3064 ut
2733 3006 2767 3063 a’
2797 3011 3009 3081 nuptiis
3038 3010 3353 3076 excludant,
3401 3010 3495 3080 qui

224 3093 379 3149 sitati.
409 3098 536 3150 Nec
556 3067 748 3151 autem
769 3104 855 3153 est
873 3099 987 3152 ulla
1023 3067 1132 3162 res,
1167 3067 1289 3170 qua;
1320 3100 1444 3152 illas
1474 3101 1651 3170 possit
1671 3101 1820 3155 ultra
1842 3067 1964 3152 Cet
1990 3099 2210 3151 diversa
2232 3067 2412 3152 facere
2441 3067 2737 3163 conantur,
2769 3104 2832 3153 ut
2864 3067 3083 3170 aliqum
3122 3096 3180 3152 in
3225 3100 3331 3153 hac
3376 3067 3501 3169 pro-

225 3180 283 3236 ad
310 3202 445 3256 Opus
502 3188 785 3240 cohortari
817 3206 827 3239 :
863 3188 1056 3242 otiosa:
1104 3205 1234 3242 vero
1283 3193 1582 3253 astantes,
1619 3195 1819 3244 vacant
1898 3186 2138 3241 fessione
2168 3187 2471 3254 adducant,
2504 3202 2537 3241 a
2567 3182 2770 3258 quibus
2798 3188 3038 3258 negotiis
3082 3194 3306 3242 tantum
3348 3184 3500 3241 vide-

224 3273 561 3341 verbositati,
582 3281 962 3347 etproperant
982 3278 1184 3332 horum
1207 3272 1358 3331 dicta
1388 3278 1457 3331 ad
1479 3276 1604 3332 illas
1630 3272 1813 3332 defer-
1896 3280 1991 3329 tur
2010 3274 2169 3329 Pauli
2200 3286 2384 3329 sermo
2416 3270 2644 3344 distare,
2679 3282 2743 3331 ut
2786 3272 2842 3331 et
2879 3277 2948 3331 ab
2991 3278 3114 3348 ipsa
3159 3276 3502 3348 prefessione

224 3376 288 3426 re,
304 3369 358 3416 et
374 3363 617 3418 illorum
651 3358 720 3418 ad
751 3364 979 3429 istas,et
999 3381 1065 3419 ex
1088 3367 1193 3419 hoc
1220 3367 1605 3421 adnascuntur
1632 3368 1811 3421 tristi-
1897 3364 2188 3435 prohibeat
2222 3365 2440 3430 tandiu,
2472 3366 2649 3419 donec
2694 3366 2818 3436 quis
2862 3366 3163 3436 plurimam
3212 3366 3498 3433 virtutem,

217 3450 312 3512 tiae,
337 3453 475 3508 dum
515 3452 584 3506 de
614 3454 815 3508 alienis
840 3454 1055 3509 curiose
1086 3460 1335 3525 agentes,
1372 3456 1524 3525 loqui
1557 3454 1654 3510 illa
1691 3461 1813 3510 stu-
1895 3453 2247 3522 diligentiam
2278 3453 2336 3506 in
2356 3454 2775 3508 conversatione
2805 3450 2909 3509 sua
2929 3455 3205 3519 ostendat,
3231 3448 3388 3508 addit
3415 3456 3499 3508 er-

217 3539 336 3593 dent
362 3556 497 3613 qua
517 3542 703 3612 eloqui
716 3543 950 3597 minime
967 3544 1207 3614 oportet.
1229 3544 1312 3599 Ob
1328 3545 1472 3597 hanc
1494 3538 1669 3614 igitur
1688 3560 1816 3599 cau-
1895 3557 1966 3611 go
1986 3559 1998 3593 :
2022 3561 2043 3591 ε
2067 3536 2125 3595 Si
2156 3542 2281 3611 quis
2300 3540 2482 3595 ﬁdelis
2515 3544 2621 3609 (vel
2653 3542 2697 3596 si
2729 3557 2841 3612 qua
2860 3536 3060 3609 ﬁdelis)
3082 3542 3253 3596 habet
3276 3542 3492 3608 viduas,

220 3636 327 3681 sa‘m
356 3630 706 3700 significavit
724 3631 782 3684 in
801 3632 1183 3702 superioribus
1202 3637 1259 3687 et
1280 3638 1589 3687 aetatem'et
1609 3648 1811 3700 mores,
1904 3630 2295 3689 subministret
2322 3630 2453 3695 illiS,
2488 3637 2545 3684 et
2584 3642 2696 3684 non
2738 3636 3006 3701 gravetur
3048 3624 3314 3684 ECCIBSia.
3349 3644 3376 3682 ³
3411 3631 3501 3685 Et-

217 3724 479 3784 statuens,
522 3726 587 3773 ut
628 3736 750 3790 quae
780 3736 913 3791 erga
952 3722 1140 3775 studia
1178 3722 1453 3775 virtutum
1487 3739 1676 3776 curam
1710 3722 1821 3776 non
1904 3719 2055 3772 enim
2086 3719 2250 3772 sicuti
2281 3718 2664 3789 superioribus
2693 3720 2763 3773 de
2791 3720 2905 3773 illis
2932 3719 3086 3785 dixit,
3121 3726 3243 3789 quae
3292 3719 3503 3774 habent

215 3804 570 3877 impendunt,
602 3810 978 3863 ecclesiastico
1008 3812 1236 3880 sumptu
1286 3811 1533 3865 minime
1565 3812 1821 3865 nutrian-
1905 3807 2049 3861 ﬁlios
2078 3815 2177 3861 aut
2204 3810 2455 3879 nepotes,
2495 3814 2558 3861 ut
2586 3808 2656 3861 ab
2685 3808 2797 3862 illis
2828 3804 3170 3871 nutriantur,
3207 3808 3286 3862 sic
3313 3814 3375 3861 et
3402 3809 3504 3863 hoc

216 3898 318 3947 tur.
350 3897 509 3950 Nam
548 3898 656 3952 illa;
688 3906 811 3968 quae
841 3898 900 3952 in
941 3900 1235 3967 iuventute
1267 3900 1449 3953 adhuc
1476 3901 1619 3953 tales
1665 3906 1814 3967 sunt,
1904 3897 1961 3949 in
1991 3898 2110 3951 loco
2140 3913 2254 3963 eos,
2280 3898 2376 3967 qui
2404 3898 2598 3951 ﬁdeles
2644 3898 2854 3951 habent
2891 3898 2951 3951 in
2989 3897 3248 3952 domibus
3284 3898 3406 3952 suis
3426 3898 3503 3951 vi-

216 3983 410 4039 debeut
439 4000 588 4055 erga
613 3986 819 4041 victum
849 3988 1096 4058 corporis
1142 3988 1579 4042 sollicitudinem
1623 4002 1822 4059 expen-
1904 3986 2062 4051 duas,
2095 3987 2216 4039 vult
2243 3992 2307 4040 ut
2334 3984 2686 4057 diligentiam
2713 3984 2825 4040 illis
2854 3985 3176 4051 adhibeant,
3208 3986 3289 4040 ita
3315 3992 3381 4041 ut
3409 3996 3501 4040 ec-

215 4071 356 4137 dere,
391 4091 460 4128 eo
493 4075 648 4144 quod
678 4076 855 4145 possit
875 4076 1005 4130 talis
1032 4076 1349 4131 sollicitudo
1366 4078 1535 4131 etiam
1554 4090 1688 4148 erga
1706 4083 1821 4132 stu-
1905 4075 2074 4129 clesia
2102 4090 2217 4129 non
2231 4076 2464 4129 multam
2490 4076 2923 4130 sollicitudinem
2944 4076 3012 4130 de
3034 4076 3243 4130 talibus
3266 4078 3335 4129 su'
3351 4068 3505 4130 dine-

213 4160 358 4216 dium
387 4163 628 4233 pietatis
661 4163 772 4216 illis
800 4165 1041 4219 multum
1084 4166 1367 4237 prodesse,
1404 4182 1469 4220 eo
1514 4168 1662 4237 quod
1703 4167 1826 4237 ipsa
1904 4170 2025 4231 ret;
2059 4170 2116 4218 et
2144 4171 2207 4218 ut
2226 4178 2296 4217 ne
2324 4158 2580 4218 videatur
2603 4165 2707 4218 hoc
2726 4165 2877 4218 idem
2900 4165 3023 4235 lege
3044 4164 3503 4231 statuere,uttali

221 4245 540 4306 sollicitudo
571 4252 972 4308 alimentorum
1002 4260 1187 4325 potest
1215 4270 1283 4309 ea
1312 4270 1342 4308 a
1366 4256 1542 4308 nimia
1577 4255 1825 4309 vanitate
1907 4253 2194 4307 occasione
2226 4252 2285 4306 hi
2312 4252 2407 4323 qui
2437 4248 2684 4324 praesunt
2716 4248 2962 4308 ecclesiis
3000 4255 3263 4324 pecunias
3292 4254 3509 4325 possint

216 4354 489 4407 coercere,
521 4346 583 4395 ut
612 4342 918 4411 cogitatum
946 4359 1110 4396 suum
1142 4344 1525 4407 humiliantes,
1542 4344 1611 4397 de
1632 4359 1691 4398 se
1712 4344 1826 4398 sint
1842 4392 1888 4412 ᾗ
1907 4343 2168 4412 colligere
2189 4343 2388 4409 securi,
2413 4349 2694 4397 exstantes
2720 4356 2754 4398 a
2783 4343 3143 4397 multitudine
3165 4338 3224 4396 et
3241 4343 3508 4397 sollicitu-

508 4392 749 4500 ProptZr
781 4431 887 4484 ho‘c
902 4446 1087 4502 neque
1101 4392 1538 4505 depresbyteris,
1554 4448 1735 4503 neque
1755 4433 1824 4487 de
1842 4392 1890 4450 Β
1907 4392 2071 4484 dineo
2093 4392 2407 4495 viduarum,
2443 4432 2644 4501 quibus
2692 4432 3008 4486 necessaria
3051 4432 3334 4501 praestent,
3369 4430 3511 4484 bene

219 4514 548 4573 diaconibus
577 4516 769 4572 dicens
797 4519 979 4573 aetatis
1006 4526 1094 4574 est
1120 4527 1482 4589 memoratus,
1526 4522 1625 4575 sed
1649 4522 1719 4575 de
1749 4522 1825 4575 vi-
1906 4518 2101 4590 adjicit
2134 4539 2144 4572 :
2189 4538 2219 4574 ‹‹
2248 4520 2321 4573 Ut
2351 4519 2438 4574 his
2467 4532 2588 4591 quae
2620 4536 2762 4574 verae
2792 4521 2972 4574 viduae
3002 4517 3153 4587 sunt,
3186 4512 3449 4573 sufficiat.
3476 4539 3501 4571 ι

218 4603 335 4657 duis
363 4613 599 4661 tantum
626 4609 750 4678 quae
780 4622 840 4662 se
868 4608 941 4663 ob
973 4609 1129 4663 illam
1167 4608 1392 4664 causam
1424 4624 1594 4681 quam
1623 4608 1736 4664 dixi
1766 4610 1823 4665 in
1906 4610 2080 4663 Veras
2118 4609 2313 4662 viduas
2341 4609 2478 4663 dicit
2506 4609 2651 4675 illas,
2863 4622 2930 4662 ex
2967 4607 3119 4662 omni
3167 4613 3326 4679 parte
3374 4604 3507 4663 sunt

214 4693 408 4749 ordine
423 4692 730 4750 viduarum
750 4696 954 4751 ascribi
980 4698 1372 4770 deproperant.
1408 4699 1667 4753 Ostendit
1693 4714 1823 4753 vero
1906 4694 2188 4763 desolatas,
2219 4703 2277 4750 et
2303 4698 2585 4751 neminem
2623 4697 2849 4765 habent,
2885 4698 2978 4769 qui
3017 4696 3371 4769 diligentiam
3394 4690 3506 4752 illis

215 4788 269 4834 et
295 4798 533 4839 causam
564 4784 635 4838 ob
666 4798 837 4856 quam
862 4787 1117 4857 juniores
1145 4786 1341 4841 viduas
1369 4786 1713 4859 praeceperat
1725 4788 1824 4841 mi-
1906 4786 2185 4850 adhibeat,
2210 4787 2291 4841 sic
2321 4786 2470 4840 enim
2490 4792 2714 4857 poterat
2743 4787 2973 4841 illarum
2998 4782 3183 4841 facere
3209 4787 3505 4858 providen-

218 4866 363 4926 uime
394 4873 605 4944 recipi:
638 4888 751 4928 non
777 4876 912 4946 quia
940 4890 1053 4930 non
1072 4876 1148 4930 sit
1172 4877 1352 4931 ﬁdelis
1374 4882 1432 4931 et
1448 4876 1603 4931 utilis
1628 4879 1825 4947 juven-
1906 4876 2044 4929 tiam
2075 4870 2338 4940 Ecclesia,
2373 4890 2495 4946 quae
2523 4870 2786 4930 desolatas
2815 4882 2965 4943 sunt,
2991 4876 3215 4947 quando
3233 4886 3345 4929 non
3366 4876 3509 4930 mul-

216 4964 303 5013 tus
328 4963 401 5015 ad
432 4963 627 5016 smdia
650 4963 943 5031 virtutum,
975 4966 1073 5025 sed
1105 4966 1238 5036 Quia
1285 4980 1397 5020 non
1441 4964 1826 5037 competenter
1906 4970 2093 5019 tarum
2120 4964 2575 5032 sollicitudinem,
2609 4965 2705 5019 sed
2753 4974 3060 5036 paucarum
3107 4959 3507 5019 adamantibus

220 5050 403 5105 multae
435 5060 639 5104 earum
669 5050 728 5105 id
761 5054 988 5124 exsequi
1014 5053 1308 5109 videntur:
1342 5056 1614 5109 simulant
1635 5060 1825 5109 autem
1907 5054 1988 5108 eis
2027 5054 2097 5107 ad
2144 5054 2249 5107 hoc
2296 5054 2573 5117 ﬁdelibus,
2608 5055 2654 5108 si
2686 5054 2877 5109 tamen
2920 5050 3167 5126 praebere
3204 5053 3501 5119 valuerint,

220 5148 272 5189 se
298 5140 611 5208 persistere
639 5141 698 5194 in
726 5138 1000 5196 viduitate
1030 5158 1129 5215 spe
1176 5142 1275 5197 illa
1299 5144 1436 5207 sola,
1468 5150 1534 5198 ut
1572 5144 1827 5198 ecclesia-
1908 5158 1973 5196 ex
2015 5142 2214 5213 opibus
2268 5143 2413 5209 suis;
2461 5143 2571 5196 illis
2615 5144 2745 5198 vero
2796 5143 3001 5209 viduis,
3030 5154 3175 5213 quas
3206 5142 3267 5195 in
3309 5142 3506 5197 domos

220 5224 353 5279 scito
382 5227 621 5299 sumptu
662 5231 1010 5286 nutriantur.
1050 5250 1072 5282 ι
1110 5232 1250 5286 Volo
1279 5244 1412 5303 ergo
1437 5232 1692 5303 juniores
1719 5249 1826 5287 rru-
1909 5228 2165 5303 proprias
2192 5231 2398 5302 singuli
2427 5231 2654 5299 habent,
2678 5232 3053 5304 provisionem
3075 5230 3187 5284 illis
3203 5230 3385 5285 facere
3414 5231 3510 5285 ad-

228 5328 251 5361 ι
280 5314 436 5381 bere,
462 5316 609 5371 filios
637 5332 953 5389 procreare,
967 5327 1177 5375 matres
1206 5318 1448 5375 familias
1477 5338 1598 5375 esse
1640 5323 1826 5386 iQua-
1911 5320 2188 5386 hortatur,
2219 5321 2265 5374 si
2309 5326 2410 5375 aut
2445 5322 2686 5375 m‘atrem‘
2733 5321 2959 5387 habent,
2993 5325 3095 5374 aut
3144 5319 3345 5386 aviam,
3373 5324 3503 5392 pro-

220 5414 281 5453 re
298 5403 323 5454 ’I
351 5404 431 5457 Ut
462 5406 781 5473 juventutis
804 5409 1050 5480 impetus
1077 5424 1212 5479 erga
1224 5409 1527 5480 plurimam
1557 5410 1827 5465 sollicitu-
1911 5416 2036 5480 pter
2064 5408 2345 5463 summam
2392 5411 2868 5485 propinquitatem
2915 5420 3016 5481 pro
3044 5408 3247 5463 virium
3274 5420 3507 5463 suarum

223 5490 417 5546 dinem
448 5502 757 5565 occupatus
776 5498 955 5568 possit
992 5498 1288 5569 compesci.
1322 5499 1439 5553 Hoc
1467 5506 1656 5555 autem
1684 5505 1823 5565 erat,
1910 5498 2182 5569 qualitate
2211 5498 2563 5569 diligentiam
2605 5500 2723 5553 illis
2764 5494 3087 5553 adhibeant.
3117 5499 3300 5553 Tanta
3339 5498 3509 5568 super

214 5593 335 5635 non
363 5580 434 5637 ut
465 5583 723 5653 juniores
746 5586 944 5642 viduas
963 5601 998 5641 a
1021 5586 1296 5644 virtutum
1341 5589 1547 5643 studiis
1574 5589 1827 5645 exclude-
1909 5587 2135 5642 alendis
2151 5584 2334 5643 viduis
2360 5582 2672 5659 disputans,
2697 5584 2835 5659 quia
2856 5587 2923 5642 in
2938 5586 3325 5659 superioribus
3352 5581 3508 5640 dixe-

227 2382 313 2447 las,
341 2401 469 2454 quae
517 2385 655 2438 illud
702 2386 919 2440 faciunt
947 2388 1094 2457 quod
1129 2389 1248 2458 ipse
1277 2389 1398 2442 ﬁeri
1430 2389 1579 2443 visus
1608 2395 1694 2443 est
1722 2404 1817 2443 an-

228 2472 425 2540 nuisse;
454 2478 522 2526 et
550 2474 853 2529 otiositatis
867 2475 1042 2546 ipsius
1068 2476 1341 2530 malitiam
1372 2478 1652 2548 explicans
1671 2478 1815 2549 adji-
