3866 6158
414 311 517 370 623

996 310 1062 363 Β.
1104 306 1375 362 RABANI
1412 306 1645 361 MAURI
1682 302 2018 360 ARCHIEP.
2059 303 2385 372 MOGUNT,
2428 302 2726 358 OPERUM
2761 286 2946 357 PARS
2990 302 3085 357 III.

3513 306 3598 363 624

415 443 508 492 rat
535 437 727 509 quales
756 451 879 488 esse
908 432 1202 488 conveniat
1229 430 1605 504 presbyteros,
1637 430 1707 484 de
1729 418 2013 502 obsequiis
2024 429 2330 491 Asationes
2357 427 2585 482 adnasci
2614 427 2850 498 possint,
2883 425 3181 498 opitulante
3223 426 3296 481 eis
3322 443 3470 498 opere
3487 429 3607 500 ipso-

413 541 545 581 vero
572 540 768 580 eorum
795 522 883 576 vel
928 521 1211 576 alimentis
1236 521 1380 575 nihil
1409 520 1598 575 fuerat
1624 524 1970 574 memoratus
1993 537 2007 585 ;

415 619 474 669 et
498 612 723 685 quidem
754 610 866 666 illis
893 610 1030 682 ipsis
1057 610 1365 665 secundum
1391 610 1530 665 illud
1559 615 1783 680 tempus
1812 608 2015 663 sollici-

415 702 669 758 tudinem
698 700 1061 755 ecclesiarum
1080 698 1465 772 implentibus,
1488 697 1629 753 bene
1660 696 1857 768 adjicit
1874 696 2013 752 etde

411 791 519 845 his.

489 898 514 931 ‹
549 878 657 944 Qui
684 878 827 934 bene
846 883 1097 950 praesunt
1116 877 1430 950 presbyteri
1459 877 1669 949 duplici
1694 878 1907 932 honore
1926 876 2013 930 di-

420 989 442 1021 α
475 968 572 1040 gni
603 966 935 1024 habeantur.
973 987 995 1019 ι
1051 967 1343 1039 Duplicem
1384 967 1594 1034 dicens,
1644 966 2014 1037 multiplicem

414 1057 699 1129 intelligit.
733 1057 881 1113 Nam
926 1055 1301 1128 presbyteros,
1331 1056 1534 1127 inquit,
1566 1054 1738 1110 etiam
1781 1053 2013 1125 majoris

413 1145 746 1219 provisionis
773 1146 973 1217 dignos
1020 1150 1280 1216 oportere
1311 1145 1631 1201 existimare
1654 1145 1810 1216 justa
1839 1144 2013 1215 depo-

416 1235 522 1291 scit
560 1235 727 1290 ratio.
762 1235 923 1291 Unde
971 1239 1029 1289 et
1076 1232 1288 1307 adjicit,
1325 1250 1355 1289 ι
1385 1233 1481 1305 qui
1510 1233 1651 1289 bene
1678 1238 1946 1305 praesunt,
1985 1252 2008 1283 ι

414 1325 515 1380 sed
544 1340 647 1379 nec
674 1324 744 1379 de
773 1323 1003 1379 illorum
1030 1323 1385 1395 providentia
1426 1322 1681 1377 absolute
1725 1321 1883 1387 dixit,
1918 1320 2014 1392 qui

413 1414 474 1468 in
502 1413 698 1469 ordine
718 1418 776 1467 et
799 1413 981 1484 gradu
1005 1417 1231 1466 tantum
1258 1417 1390 1466 sunt
1416 1411 1893 1483 presbyterorum,
1916 1410 2015 1464 sed

412 1504 484 1558 de
509 1502 622 1558 illis
650 1502 747 1574 qui
775 1502 985 1573 gradus
1032 1501 1121 1557 sui
1170 1500 1515 1556 functionem
1560 1500 1814 1572 implere,
1849 1503 2017 1571 prout

416 1591 694 1657 convenit,
726 1591 1006 1645 videntur.
1030 1589 1192 1645 Unde
1217 1594 1275 1644 et
1318 1590 1548 1662 adjicit:
1587 1609 1611 1642 ι
1641 1590 1881 1645 Maxime
1919 1587 2016 1659 qui

422 1678 740 1734 «laborant
791 1679 851 1733 in
901 1678 1068 1733 verbo
1124 1684 1182 1733 et
1237 1679 1512 1733 doctrina.
1534 1698 1565 1731 ι
1599 1680 1727 1734 Non
1762 1677 2016 1731 absolute

2091 534 2238 584 rum,
2271 522 2336 571 ut
2362 515 2420 570 id
2449 516 2598 587 quod
2627 516 2824 570 volunt
2848 515 3107 569 adversus
3142 530 3231 568 eos
3256 514 3437 581 dicere,
3463 518 3609 571 veris-

2093 607 2239 661 sima
2252 605 2606 660 existimatur
2624 604 2925 672 accusatio,
2940 609 3159 675 propter
3176 604 3313 674 quod
3329 604 3532 659 licenter
3540 606 3611 660 vel

2092 695 2320 749 videant
2346 693 2612 749 mulieres
2622 693 2709 748 vel
2725 694 3028 765 loquantur
3039 709 3161 748 cum
3187 692 3280 759 eis,
3295 708 3405 762 que
3430 710 3614 748 resma-

2093 784 2262 855 lignis
2299 782 2620 838 hominibus
2647 782 2995 837 occasionem
3023 781 3370 836 accusationis
3415 782 3530 835 dare
3551 783 3615 835 vi-

2094 874 2313 928 deatur.
2346 872 2492 938 Quid
2523 889 2655 943 ergo
2684 870 2967 926 observari
2984 870 3254 925 decernit?
3273 869 3438 935 aliter,
3448 869 3617 941 inquit,

2094 963 2210 1017 noli
2239 962 2455 1028 audire,
2484 961 2597 1015 nisi
2628 961 2739 1016 duo
2760 965 2859 1015 aut
2887 965 3004 1014 tres
3045 960 3326 1012 videantur
3348 964 3501 1013 testes
3523 975 3621 1012 esse

2095 1044 2306 1122 negotii
2340 1051 2516 1122 ipsius
2543 1051 2613 1104 de
2644 1050 2846 1121 quibus
2871 1049 3178 1104 intenditur
3196 1047 3468 1103 accusatio.
3492 1047 3552 1101 Et
3571 1053 3623 1101 ut

2094 1158 2166 1196 ne
2216 1141 2501 1194 videretur
2547 1140 2658 1194 ista
2712 1139 2903 1193 dicens
2959 1137 3387 1209 delinquentium
3436 1140 3625 1207 peccata

2097 1230 2237 1284 velle
2278 1229 2622 1300 contingere,
2655 1227 2886 1299 adjicit:
2923 1243 2950 1280 α
2976 1227 3269 1282 Peccantes
3288 1240 3459 1279 coram
3483 1223 3627 1278 omni-

2102 1339 2126 1372 ι
2159 1318 2265 1373 bus
2296 1335 2490 1388 argue,
2518 1323 2584 1372 ut
2610 1323 2666 1372 et
2693 1317 2880 1372 ceteri
2901 1316 3161 1370 timorem
3195 1313 3439 1368 habeant.
3472 1331 3493 1363 ι
3520 1312 3631 1367 Exa-

2097 1424 2229 1463 men
2260 1407 2475 1478 negotii
2503 1407 2573 1461 de
2600 1406 2711 1461 illis
2740 1418 2870 1460 cum
2913 1405 3065 1459 omni
3093 1402 3492 1474 scrupulositate
3532 1401 3631 1455 volo

2057 1487 2063 1491 ’
2097 1497 2306 1563 ﬁeri,et
2316 1513 2429 1551 non
2445 1495 2697 1551 absolute
2716 1497 2983 1550 adversus
3002 1510 3095 1549 eos
3109 1491 3385 1547 crimenad
3407 1495 3632 1562 punctum

2098 1586 2271 1657 recipi
2294 1606 2309 1639 :
2340 1586 2387 1640 si
2419 1603 2548 1640 vero
2577 1584 2752 1656 aliqui
2772 1601 2903 1639 vera
2929 1584 3145 1638 ratione
3166 1579 3446 1651 deliquisse
3463 1578 3637 1633 fuerint

2099 1675 2321 1742 detecti,
2343 1680 2537 1747 aperte
2563 1675 2945 1744 increpentur,
2978 1678 3045 1727 ut
3071 1677 3127 1726 et
3161 1670 3340 1726 caeteri
3371 1685 3543 1723 eorum
3566 1682 3639 1720 ex-

415 1769 519 1823 hos
554 1767 755 1839 dignos
780 1783 901 1822 esse
942 1767 1294 1839 providentia
1319 1768 1476 1834 dixit,
1509 1769 1607 1824 sed
1654 1767 1755 1821 illa
1799 1765 2018 1821 ratione
2038 1765 2283 1836 Bemplo
2312 1763 2500 1836 pudici
2533 1763 2871 1818 efficiantur.
2902 1762 3128 1833 Optime
3155 1765 3337 1814 autem
3360 1763 3414 1812 et
3437 1756 3638 1811 aliorum

414 1873 529 1929 qua
575 1856 881 1928 plurimum
933 1856 1185 1911 laborem
1241 1857 1579 1928 expendunt,
1612 1857 1660 1910 si
1712 1862 1924 1922 tamen,
1953 1859 2018 1909 ut
2098 1854 2502 1909 correctionem
2521 1870 2643 1907 esse
2663 1852 2831 1906 dixit:
2856 1868 2960 1906 nec
2981 1850 3151 1905 etiam
3169 1854 3288 1904 erat
3312 1845 3639 1902 necessarium

414 1946 691 2012 convenit,
723 1946 989 2001 doctrine
1012 1962 1152 2017 opus
1179 1947 1417 2017 implere
1444 1946 1744 2012 voluerint,
1768 1945 1849 1999 ita
1864 1948 1931 1999 ut
1955 1943 2016 1998 in
2098 1948 2164 1997 ut
2188 1942 2294 1997 hoc
2322 1943 2405 1997 ita
2433 1943 2613 2007 ﬁeret,
2643 1941 2753 1996 nisi
2781 1940 2852 1995 ob
2898 1940 3140 1995 aliorum
3168 1939 3326 1993 ﬁeret
3351 1932 3641 1990 emendatio-

415 2034 700 2091 communi
721 2035 792 2090 de
820 2034 1082 2090 omnibus
1109 2035 1550 2090 sollicitudinem
1582 2034 1930 2107 impendant,
1952 2050 2018 2087 ac
2098 2048 2250 2097 nem,
2280 2032 2350 2085 de
2380 2030 2582 2102 quibus
2608 2031 2668 2085 in
2691 2030 2990 2100 Evangelia
3018 2028 3225 2100 legitur
3249 2042 3264 2082 :
3297 2045 3318 2077 ι
3343 2024 3398 2080 Si
3423 2036 3642 2096 peccave-

416 2126 656 2180 doceant
683 2141 779 2180 eos
807 2124 908 2178 illa
956 2124 1139 2180 facere
1169 2142 1292 2195 que
1322 2125 1447 2179 ﬁeri
1493 2129 1731 2196 oportet,
1767 2128 1824 2177 et
1855 2128 1921 2176 ut
1947 2122 2017 2177 de
2098 2121 2177 2175 rit
2198 2121 2259 2175 in
2287 2120 2545 2175 te~frater
2572 2124 2724 2185 tuus,
2758 2119 2918 2173 valde
2946 2124 3005 2172 et
3032 2117 3249 2189 corripe
3276 2128 3399 2170 eum
3441 2112 3572 2166 intra
3596 2115 3643 2162 te

416 2213 654 2285 singulis
683 2213 907 2268 solliciti
925 2214 1170 2268 multum
1182 2214 1428 2269 habeant
1445 2230 1702 2285 agonem,
1721 2217 1782 2267 ut
1810 2227 2018 2266 unum-
2100 2214 2158 2264 et
2183 2210 2371 2281 ipsum
2415 2210 2599 2264 solum
2625 2209 2840 2279 (Matth.
2876 2210 3052 2277 xvm).
3087 2227 3110 2258 ι
3145 2204 3356 2277 [Greg.]
3384 2203 3512 2258 Cum
3540 2213 3646 2252 vero

421 2317 702 2374 quemque
730 2301 980 2357 consiliis
1021 2301 1248 2373 optimis
1269 2307 1328 2356 et
1353 2300 1834 2357 exhortationibus
1862 2300 1934 2354 ad
1956 2298 2021 2352 il-
2102 2298 2375 2370 discipulo
2421 2298 2670 2352 dictante
2712 2313 2949 2368 peccans
2982 2316 3006 2348 ι
3038 2312 3228 2351 coram
3263 2291 3503 2348 omnibus
3530 2306 3552 2339 ι
3581 2302 3650 2340 ar-

419 2390 520 2446 lud
548 2391 697 2463 quod
745 2392 949 2446 decens
978 2396 1064 2446 est
1112 2391 1410 2446 adducant.
1444 2391 1535 2447 Sic
1561 2390 1713 2445 enim
1769 2394 1827 2444 et
1870 2387 2020 2443 beati
2100 2388 2359 2459 guendus
2386 2392 2490 2455 est,
2513 2386 2650 2458 quid
2679 2387 2798 2457 ipse
2827 2386 3102 2456 magister
3127 2382 3370 2438 veritatis
3402 2396 3427 2432 (‹
3454 2379 3583 2432 intra
3604 2378 3651 2428 te

419 2480 661 2552 apostoli
689 2479 951 2535 videntur
978 2480 1246 2535 doctrine
1292 2497 1430 2553 opus
1471 2480 1729 2535 omnibus
1759 2477 2022 2551 operibus
2057 2522 2061 2528 .
2105 2483 2163 2531 et
2177 2478 2361 2549 ipsum
2384 2477 2588 2543 solum,
2615 2495 2641 2530 ιι
2663 2476 2884 2531 locutus
2905 2475 3035 2529 est?
3057 2476 3215 2530 Hanc
3236 2470 3651 2544 questionemce-

421 2568 829 2640 anteposuisse.
852 2568 1012 2624 Unde
1032 2572 1091 2622 et
1102 2569 1575 2640 contemplatione
1602 2569 1900 2623 viduarum
1918 2565 2025 2621 ali-
2107 2566 2280 2621 lerius
2309 2566 2680 2631 absolvemus,
2700 2564 2747 2619 si
2774 2564 2889 2618 vim
2918 2564 3199 2618 dictorum
3225 2557 3527 2632 diligentius
3551 2569 3655 2609 con-

422 2656 645 2727 quando
686 2655 884 2711 oborta
929 2658 1289 2712 contentione
1318 2658 1455 2726 (Act.
1496 2660 1593 2727 vi),
1624 2657 1888 2711 dixerunt
1910 2671 2024 2709 non
2108 2656 2439 2721 sideremus,
2475 2654 2553 2709 ibi
2585 2654 2725 2708 dixit
2762 2658 3081 2725 peccantes,
3113 2652 3212 2708 sed
3260 2666 3369 2704 non
3395 2644 3588 2701 addidit
3607 2641 3654 2695 in

420 2761 544 2800 esse
562 2744 798 2816 dignum
823 2745 1205 2816 relinquentes
1253 2763 1313 2800 se
1343 2746 1575 2801 verbum
1603 2745 1890 2810 doctrine,
1924 2743 2027 2797 mi-
2109 2762 2297 2816 quem,
2328 2744 2419 2799 hic
2446 2744 2603 2809 dixit,
2639 2760 2668 2796 σι
2695 2742 2743 2796 si
2771 2742 3085 2814 peccaverit
3111 2742 3171 2795 in
3196 2746 3271 2795 te.
3310 2758 3332 2791 ι
3372 2736 3427 2792 Si
3449 2748 3566 2804 ergo
3590 2746 3659 2784 00-

420 2833 663 2888 nistrare
692 2833 900 2888 mensis
946 2832 1262 2902 viduarum,
1296 2835 1445 2905 quod
1490 2835 1758 2889 doctrine
1795 2849 1934 2905 opus
1963 2847 2023 2886 se
2105 2835 2253 2888 culte
2281 2833 2339 2889 in
2368 2838 2427 2887 te
2451 2832 2769 2905 peccaverit
2793 2831 2968 2886 frater
2993 2837 3151 2898 tuus,
3183 2835 3240 2884 et
3264 2829 3345 2882 vis
3371 2839 3542 2880 coram
3561 2836 3659 2876 om-

421 2922 603 2993 magis
633 2922 830 2977 decere
858 2922 1271 2978 existimabant.
1304 2923 1513 2978 Volens
1548 2929 1740 2978 autem
1770 2927 1828 2976 et
1871 2919 2023 2976 Scri—
2104 2923 2269 2977 nibus
2297 2939 2554 2993 arguere,
2588 2937 2702 2976 non
2731 2938 2792 2975 es
2820 2925 3123 2987 corrector,
3156 2919 3253 2974 sed
3281 2914 3532 2989 proditor,
3560 2922 3660 2981 pec-

422 3016 720 3083 pturarum
739 3011 1064 3066 testimonio
1090 3012 1391 3083 Apostolus
1411 3010 1774 3084 comprobare
1802 3011 1872 3065 de
1899 3026 2024 3081 pre-
2104 3017 2296 3066 cantes
2324 3016 2514 3066 autem
2532 3011 2592 3065 in
2622 3011 2801 3065 Deum
2829 3028 2854 3062 ι
2888 3026 3082 3064 coram
3111 3007 3384 3072 omnibus,
3417 3020 3442 3056 ››
3474 3000 3571 3070 (hic
3586 3013 3659 3051 re-

422 3099 663 3172 sbyteris
690 3100 792 3155 illa
834 3117 956 3171 que
1003 3101 1239 3167 dixerat,
1281 3118 1557 3167 asserens,
1597 3119 1623 3151 ι(
1655 3100 1751 3172 qui
1777 3098 2081 3192 maximec
2103 3101 2303 3172 spires)
2334 3106 2398 3154 ut
2438 3100 2577 3154 illud
2624 3098 2874 3162 verbum,
2912 3119 2941 3149 «ι
2967 3115 3164 3169 argue,
3201 3116 3228 3150 ι
3260 3095 3329 3150 ad
3373 3093 3658 3192 sequentem

423 3187 685 3244 laborant
707 3187 766 3242 in
794 3188 1069 3257 doctrina,
1087 3207 1111 3241 ι
1144 3189 1368 3260 adjicit:
1389 3209 1413 3241 ι
1432 3189 1581 3244 Dicit
1602 3189 1753 3243 enim
1775 3178 2081 3258 Scriptu-u
2102 3207 2292 3244 vocem
2327 3190 2623 3261 adjungas.
2660 3189 2804 3242 Hinc
2836 3188 3045 3242 Paulus
3095 3188 3178 3242 ait
3209 3186 3343 3259 (Gal.
3368 3183 3419 3253 η)
3451 3199 3461 3233 :
3498 3197 3521 3231 (ί
3543 3178 3661 3232 Cum

424 3293 523 3331 ra:
562 3295 588 3329 «
618 3277 745 3332 Non
775 3276 1082 3332 infrenabis
1110 3294 1173 3332 os
1199 3276 1324 3331 bovi
1345 3277 1655 3344 trituranti,
1676 3282 1750 3343 et,
1769 3276 2023 3346 «Dignus
2104 3280 2348 3334 venisset
2373 3280 2575 3333 Petrus
2617 3278 2995 3344 Antiochiam,
3030 3277 3094 3331 in
3147 3276 3345 3331 faciem
3383 3271 3461 3327 illi
3490 3263 3660 3327 restiti.

347 3371 515 3439 me“
543 3366 836 3438 operarius
865 3367 1121 3421 mercede
1155 3383 1277 3420 sua.
1306 3387 1335 3418 »
1366 3368 1447 3421 Ac
1473 3368 1520 3421 si
1548 3370 1741 3438 aperte
1767 3365 1980 3420 diceret
2007 3383 2019 3416 :
2106 3385 2172 3423 eo
2193 3369 2342 3439 quod
2369 3385 2483 3422 non
2511 3373 2662 3422 recte
2683 3367 2969 3422 incederet
2995 3366 3069 3420 ad
3103 3367 3274 3420 ﬁdem
3317 3356 3608 3431 Evangelii:
3637 3370 3660 3405 ι

428 3454 860 3511 Predicatorem
902 3454 1055 3510 verbi
1101 3454 1171 3510 ab
1213 3455 1620 3527 stipendiorum
1647 3471 1878 3510 suorum
1905 3469 2027 3525 per-
2107 3461 2165 3512 et
2192 3462 2320 3529 post
2354 3473 2532 3528 pauca
2565 3474 2578 3509 :
2613 3474 2642 3511 α
2671 3456 2797 3512 Dixi
2844 3456 3013 3510 Petro
3052 3472 3246 3510 coram
3277 3449 3537 3511 omnibus,
3566 3464 3586 3495 ι
3613 3458 3667 3496 ac

421 3542 678 3616 ceptione
705 3560 820 3598 non
842 3543 1169 3615 prohibetis.
1189 3545 1391 3614 (Greg.)
1414 3544 1533 3599 Hac
1551 3543 1905 3614 diligentiam
1932 3542 2026 3596 de-
2107 3546 2154 3601 si
2184 3546 2433 3612 dixisset,
2465 3563 2531 3600 eo
2559 3546 2708 3617 quod
2744 3544 3167 3600 simulationem
3212 3558 3399 3598 coram
3441 3531 3665 3592 omnibus

423 3631 538 3687 bite
586 3632 947 3705 prehendam
985 3632 1096 3687 illis
1135 3633 1343 3700 dicens,
1403 3632 1599 3704 adjicit
1631 3651 1642 3685 :
1680 3649 1708 3684 ι
1739 3633 2021 3697 Adversus
2102 3634 2406 3701 habuisset,
2437 3655 2459 3685 ‹
2496 3634 2555 3689 Si
2581 3641 2665 3701 tu,
2698 3634 2902 3705 inquit,
2936 3650 3065 3688 cum
3117 3632 3196 3688 sis
3224 3631 3443 3687 Judeus
3468 3619 3663 3696 gentili-

426 3740 453 3775 «
488 3722 878 3795 presbyterum
896 3723 1309 3778 accusationem
1351 3722 1464 3776 noli
1484 3722 1753 3794 recipere,
1779 3721 1887 3776 nisi
1915 3719 2020 3774 sub
2099 3730 2189 3779 ter
2220 3729 2276 3779 et
2301 3741 2414 3778 non
2439 3723 2671 3778 Judaice
2698 3723 2852 3787 vivis,
2895 3722 3179 3793 quomodo
3219 3724 3413 3791 gentes
3440 3713 3577 3784 cogis
3596 3710 3668 3780 ju-

425 3829 452 3863 ι
476 3811 694 3867 duobus
739 3816 840 3866 aut
867 3811 1049 3866 tribus
1085 3811 1340 3866 testibus.
1385 3829 1411 3864 ι
1457 3812 1693 3881 (Ambr.)
1723 3809 1892 3866 Omni
1921 3809 2021 3863 de-
2102 3814 2361 3868 daizare?
2393 3833 2418 3865 »
2454 3811 2642 3883 (Ῑὺίά.)
2662 3812 2894 3867 Occulta
2917 3827 3050 3882 ergo
3082 3815 3315 3883 peccata
3358 3806 3575 3879 possunt
3597 3813 3668 3851 oc-

422 3899 722 3956 miratione
742 3900 953 3971 dignus
981 3906 1069 3955 est
1093 3901 1414 3972 Apostolus,
1448 3900 1581 3971 quia
1627 3904 1686 3954 et
1711 3916 1881 3970 super
1915 3899 2022 3952 hoc

424 3989 651 4059 negotio
682 3988 955 4043 sollicitus
981 3988 1105 4044 fuit.
1136 3989 1283 4044 Nam
1313 3994 1373 4044 et
1398 3988 1612 4043 dictum
1640 3988 1826 4043 fuerat
1847 4004 2020 4059 gene-

424 4075 650 4131 raliter:
688 4093 715 4129 α
743 4077 809 4131 In
839 4093 935 4131 ore
982 4077 1225 4132 duorum
1257 4081 1316 4131 et
1352 4078 1526 4131 trium
1574 4078 1806 4132 testium
1850 4076 2022 4130 stabit

424 4163 606 4219 omnis
635 4180 818 4219 sermo
846 4167 929 4233 (II
954 4165 1075 4220 Cor.
1092 4168 1208 4235 xv);
1239 4166 1338 4220 sed
1352 4166 1466 4220 hoc
1493 4165 1553 4220 in
1578 4166 1700 4220 loco
1740 4165 2020 4220 contrario

422 4251 687 4308 abdicans
711 4254 1146 4320 accusationem,
1181 4255 1340 4321 dixit,
1376 4272 1404 4307 α
1434 4255 1565 4310 Noli
1602 4255 1883 4326 suscipere
1913 4254 2021 4309 nisi

422 4358 614 4398 coram
640 4342 858 4398 duobus
886 4348 987 4397 aut
1012 4342 1193 4398 tribus
1221 4342 1478 4409 testibus,
1505 4362 1528 4395 ι
1560 4361 1625 4398 eo
1663 4344 1813 4415 quod
1851 4360 2022 4415 super

2107 3903 2255 3957 culte
2277 3901 2502 3972 corripi,
2553 3906 2610 3956 et
2652 3900 2937 3972 publicata
2970 3898 3208 3971 peccata
3225 3913 3411 3953 coram
3438 3888 3664 3949 omnibus

2107 3991 2314 4047 debent
2341 3990 2522 4061 argui,
2561 4009 2585 4041 ι
2619 3994 2684 4044 ut
2726 3995 2783 4044 et
2824 3989 3011 4044 ceteri
3057 3989 3327 4043 timorem
3376 3982 3615 4038 habeant.
3642 3992 3665 4028 ι

2105 4080 2387 4152 Quidquid
2401 4085 2592 4135 autem
2608 4084 2856 4133 mentem
2876 4077 3050 4132 movit
3066 4078 3333 4143 aliorum,
3349 4078 3667 4144 nequaquam

2102 4169 2471 4236 reticendum,
2505 4168 2603 4223 sed
2652 4185 2780 4222 cum
2807 4184 3015 4237 magna
3056 4165 3384 4221 humilitate
3424 4158 3673 4233 proferen-

2102 4259 2237 4313 dum
2267 4263 2371 4313 est.
2405 4257 2619 4313 Deinde
2670 4256 2928 4311 omnibus
2976 4255 3090 4311 illis
3128 4256 3322 4311 dicens
3359 4245 3673 4308 terribiliter;

2100 4348 2296 4419 adjicit
2324 4366 2337 4401 :

425 4432 641 4487 ceteris
668 4431 886 4487 interea
914 4448 1005 4487 res
1041 4432 1274 4504 patitur,
1310 4439 1374 4487 ut
1404 4438 1463 4487 et
1495 4434 1661 4488 aliter
1685 4434 1755 4488 de
1794 4434 2019 4504 negotio
2043 4448 2093 4506 D
2176 4417 2204 4488 Vc
2240 4436 2532 4491 Testiﬁcor
2560 4451 2750 4489 coram
2778 4435 2900 4490 Deo
2929 4439 2987 4488 et
3012 4434 3241 4489 Christo
3278 4434 3411 4488 Jesu
3437 4434 3492 4483 et
3517 4417 3678 4479 electis

420 4521 742 4591 judicetur;
774 4521 880 4576 hoc
907 4538 1038 4576 vero
1067 4521 1126 4575 in
1152 4522 1271 4576 loco
1320 4538 1433 4576 non
1462 4521 1665 4576 debere
1692 4522 1775 4576 ita
1801 4522 1924 4576 fieri
1952 4521 2023 4577 ob

426 4609 567 4664 duas
588 4610 777 4681 posuit
805 4627 1022 4666 causas.
1056 4612 1181 4666 Una
1212 4611 1479 4683 quoniam
1520 4628 1745 4666 necesse
1775 4616 1862 4666 est
1903 4628 2027 4683 pre-

428 4697 818 4769 sbyterum,ut
846 4706 975 4770 pote
1004 4694 1361 4755 communem
1390 4700 2026 4772 patrem,tamvirorum

430 4801 603 4858 quam
631 4786 933 4841 mulierum
953 4804 1147 4843 curam
1177 4789 1461 4857 adhibere,
1484 4806 1551 4844 eo
1573 4790 1721 4861 quod
1750 4795 1809 4844 et
1837 4789 2030 4843 simili-

430 4880 519 4930 ter
537 4875 831 4946 utriusque
849 4892 1015 4931 sexus
1024 4877 1711 4950 sollicitudinemimplens
1728 4879 2028 4933 indiscrete

431 4970 490 5019 et
508 4964 774 5019 mulieres
801 4965 1022 5035 cogitur
1061 4965 1251 5021 videre
1280 4972 1337 5021 et
1362 4966 1518 5038 loqui
1545 4984 1672 5023 cum
1699 4967 1830 5032 illis,
1862 4973 2032 5039 prout

433 5054 578 5110 ratio
597 5054 773 5125 exigit
794 5053 1020 5125 pietatis
1046 5072 1058 5108 :
1090 5055 1271 5110 altera
1282 5071 1423 5110 vero
1441 5072 1630 5123 causa,
1645 5073 1710 5111 eo
1726 5057 1872 5128 quod
1892 5057 2033 5111 mul-

430 5144 506 5198 tis
531 5149 590 5199 et
611 5142 779 5198 variis
808 5142 1191 5199 occasionibus
1211 5145 1442 5200 diverse
1462 5145 1885 5217 [accusationes]
1906 5163 2034 5202 con-

434 5237 525 5286 tra
549 5248 646 5287 eos
674 5232 1081 5287 exercebantur
1124 5248 1193 5287 ea
1219 5232 1438 5289 ratione
1466 5250 1579 5305 qua
1607 5234 1779 5290 iidem
1808 5234 2035 5309 presby-

433 5320 542 5375 teri
570 5321 747 5376 coacti
775 5320 1061 5377 interdum
1092 5320 1388 5394 increpant
1413 5322 1678 5379 obnoxios
1707 5340 1808 5396 pro
1829 5324 2034 5380 admis-

435 5408 513 5463 sis
541 5409 801 5479 peccatis,
838 5416 896 5464 et
924 5414 1173 5481 arguunt
1189 5427 1285 5466 eos
1312 5427 1414 5483 pro
1442 5412 1646 5484 quibus
1673 5429 1787 5468 non
1807 5429 2030 5487 compe-

435 5502 623 5554 tenter
631 5498 1125 5572 agunt.Prospexit
1133 5501 1861 5575 ergoApostolus,quoniam
1869 5503 2031 5559 facile

438 5587 704 5644 adversus
723 5586 1080 5661 presbyteros
1097 5589 1169 5644 ab
1199 5589 1295 5661 huj
1302 5590 1522 5646 usmodi
1538 5590 1862 5649 hominibus
1875 5609 2033 5649 accu-

2109 4544 2135 4579 «
2170 4525 2386 4596 angelis
2412 4525 2554 4594 ejus,
2584 4530 2651 4579 ut
2676 4525 2794 4579 hec
2813 4523 3097 4580 custodias
3117 4523 3244 4577 sine
3263 4506 3679 4596 prejudicionlif

2109 4632 2139 4665 α
2170 4594 2487 4668 hilvfaciens
2512 4613 2572 4667 in
2599 4612 2771 4667 aliam
2797 4618 3016 4684 partem
3043 4610 3400 4667 declinando.
3426 4626 3448 4658 ι
3473 4594 3672 4677 (Amer

2108 4703 2333 4758 Scilicet
2358 4709 2423 4758 ut
2448 4719 2561 4757 non
2590 4702 2751 4757 facile
2778 4701 3258 4772 contemplatione
3284 4698 3400 4753 odii
3437 4694 3675 4750 adversus

2110 4792 2355 4864 aliquem
2402 4790 2750 4863 pronunties,
2793 4791 3124 4861 priusquam
3161 4804 3299 4844 vera
3322 4786 3532 4841 ratione
3569 4791 3678 4832 con-

2111 4881 2382 4949 vincatur,
2415 4896 2597 4952 neque
2634 4897 2666 4935 e
2690 4877 2971 4934 contrario
2997 4877 3473 4954 contemplatione
3497 4867 3681 4925 amico-

2113 4987 2239 5025 rum
2267 4970 2585 5040 aliquorum
2612 4969 2855 5024 occultes
2880 4973 3110 5040 peccata
3141 4986 3155 5022 :
3184 4968 3295 5021 hoc
3341 4969 3525 5020 autem
3552 4953 3684 5040 dicit?

2113 5059 2255 5114 nihil
2298 5039 2507 5114 faciens
2561 5075 2663 5130 per
2707 5039 3157 5112 declinationem.
3193 5057 3342 5110 Nam
3392 5039 3688 5123 hujusmodi

2115 5148 2449 5203 contestatio
2476 5148 2536 5202 in
2563 5146 2769 5202 talibus
2798 5146 3039 5217 negotiis
3070 5146 3383 5200 admodum
3403 5146 3489 5197 est
3518 5148 3688 5193 neces-

2115 5237 2282 5293 saria.
2307 5237 2522 5293 Deinde
2550 5236 2790 5291 vertitur
2814 5236 2886 5290 ad
2915 5251 3063 5303 eum,
3098 5234 3289 5289 dando
3320 5232 3374 5287 ei
3400 5224 3686 5286 consilium.

2116 5333 2173 5382 et
2207 5326 2315 5381 ait:
2345 5347 2369 5378 ι
2394 5328 2594 5381 Manus
2621 5325 2731 5380 cito
2777 5324 2993 5380 nemini
3025 5322 3386 5396 imposueris.
3419 5339 3444 5372 »
3475 5312 3692 5373 Omnino

2114 5433 2227 5472 non
2258 5416 2421 5471 facile
2468 5415 2541 5469 ad
2587 5413 2995 5469 ordinationem
3026 5427 3371 5484 quemquam
3420 5405 3687 5480 producam

2114 5505 2236 5561 sine
2261 5505 2508 5578 plurima
2535 5503 2867 5576 probatione
2898 5522 2910 5556 :
2945 5508 3003 5556 et
3036 5501 3258 5574 pondus
3297 5499 3475 5571 ipsius
3502 5485 3693 5578 1188οῷ

2111 5575 2283 5667 grave
2309 5575 2628 5659 ostendens,
2661 5592 2855 5664 adjicit
2885 5610 2896 5645 :
2935 5609 2964 5646 ι
2993 5592 3191 5664 Neque
3217 5575 3693 5645 communicaveris
