3868 6138
248 268 342 327 625

653 271 1230 328 ENARRATIONUM
1267 272 1345 326 IN
1385 271 1540 326 EPP.
1583 271 1798 327 PAULI
1838 271 1975 327 LIB.
2016 271 2218 327 XXIII.
2253 302 2318 312 —
2361 273 2439 328 IN
2477 272 2699 328 EPIST.
2743 275 2787 329 Ι.
2823 274 2921 329 ΑΙ)
2958 274 3107 330 ΤΙΜ.
3187 251 3189 253 ι

3417 275 3521 333 626

245 415 267 444 ε
293 396 538 465 peccatis
570 396 788 452 alienis.
825 417 850 450 »
877 399 954 465 Si,
986 398 1190 469 inquit,
1215 403 1290 465 te,
1325 403 1390 452 ut
1416 399 1692 465 convenit,
1717 415 1842 470 pro-
1856 403 1906 461 A
1931 397 2138 469 (Greg.)
2163 401 2280 453 Nec
2306 400 2482 454 ullam
2510 417 2576 454 ex
2603 401 2691 454 his
2711 401 3069 455 nocivitatem
3097 400 3518 469 sustinebimus,

239 485 418 548 hante,
452 485 548 539 ille
579 486 896 558 deliquerit,
929 505 1042 541 non
1072 493 1159 541 est
1187 494 1350 542 tuum
1379 488 1615 541 crimen:
1642 488 1689 541 si
1709 505 1838 542 vero

1921 488 2053 541 licet
2079 487 2375 542 videantur
2403 489 2565 543 multi
2596 496 2755 543 actus
2776 490 2955 544 nostri
2983 507 3013 544 a
3035 490 3226 544 multis
3248 491 3520 561 ignorari.

239 579 294 628 tu
321 574 485 628 facile
516 582 576 629 et
605 593 719 630 non
749 594 876 630 cum
906 582 1070 632 cauta
1093 577 1420 647 probatione
1443 578 1513 630 ad
1541 577 1841 631 ordinatio-
1923 577 2129 630 Paulus
2150 594 2394 648 namque
2413 579 2714 649 Apostolus
2744 596 2873 633 cum
2899 580 3165 633 dilectum
3183 579 3520 652 discipulum

238 680 360 716 nem
373 665 660 734 producis,
677 666 958 736 particeps
976 666 1213 720 efﬁceris
1237 667 1285 735 ej
1293 683 1358 719 us
1374 666 1729 720 delictorum:
1745 666 1838 720 ille

237 753 512 824 enim,pro
527 754 732 825 quibus
742 754 1028 825 [peccavit]
1047 756 1205 825 justa
1223 755 1440 808 ratione
1455 755 1722 825 punietur
1738 774 1752 821 ;
1775 761 1836 810 tu

237 859 358 896 vero
379 860 484 912 pro
505 843 710 913 quibus
729 860 843 898 non
863 850 1024 898 caute
1042 843 1222 913 egisti,
1249 861 1351 898 nec
1369 844 1672 914 perfectam
1692 844 1835 898 arbi-

235 932 320 984 trii
341 934 467 1001 ejus
488 933 756 1002 colligens
786 933 1172 1003 probationem
1202 933 1274 986 ad
1301 933 1677 986 ministerium
1705 950 1835 987 eum

236 1022 563 1092 produxisti,
581 1029 638 1076 et
671 1022 855 1076 adhuc
882 1022 938 1076 in
964 1023 1224 1076 timorem
1246 1039 1376 1075 eum
1396 1022 1670 1092 redigens,
1697 1022 1836 1092 adji-

234 1110 301 1164 cit
337 1129 348 1161 :
388 1129 414 1160 (ί
448 1112 528 1164 Te
569 1112 753 1182 ipsum
803 1112 1020 1165 custodi
1066 1118 1302 1175 castum,
1335 1133 1358 1162 »
1387 1111 1587 1164 deinde
1635 1118 1691 1165 et
1738 1112 1835 1166 illa

236 1216 352 1269 quae
376 1200 448 1253 de
480 1217 548 1254 eo
579 1207 759 1265 erant,
784 1201 946 1254 dicit:
977 1219 1004 1250 ((
1030 1201 1158 1254 Noli
1187 1201 1370 1254 adhuc
1396 1217 1601 1270 aquam
1622 1200 1828 1267 bibere,

235 1309 257 1338 α
287 1289 386 1342 sed
413 1289 547 1342 vino
579 1289 794 1343 modico
825 1295 985 1342 utere
1018 1296 1248 1360 propter
1282 1289 1632 1343 stomachum
1669 1296 1831 1344 tuum

237 1399 258 1426 ιι
287 1384 343 1430 et
387 1378 718 1448 frequentes
773 1384 900 1432 tuas
956 1378 1332 1448 inﬁrmitates.
1373 1398 1396 1428 »
1432 1379 1667 1432 Evidens
1724 1384 1827 1445 est,

235 1467 498 1537 quoniam
547 1473 604 1520 et
650 1484 818 1538 super
848 1467 953 1520 hoc
991 1467 1286 1521 consilium
1329 1466 1408 1520 illi
1439 1467 1551 1532 dat,
1585 1485 1650 1521 eo
1684 1468 1832 1537 quod

233 1557 388 1609 valde
442 1556 736 1610 inﬁrmum
785 1573 913 1610 eum
963 1573 1194 1627 corpore
1244 1573 1364 1610 esse
1411 1556 1824 1626 perspiciebat:

229 1645 700 1716 contemplatione
757 1651 947 1699 autem
992 1645 1349 1699 continentiae
1399 1645 1581 1698 adhuc
1626 1662 1830 1716 aquam

1921 666 1990 718 de
2017 665 2376 720 instituendis
2403 667 2647 734 ecclesiae
2677 668 2874 722 ofﬁciis
2902 668 3252 735 admoneret,
3279 687 3350 724 ne
3380 688 3521 741 quos

1919 753 2062 808 forte
2089 755 2159 808 ad
2187 771 2374 810 sacros
2404 757 2627 810 ordines
2647 757 2964 812 inordinate
2983 758 3330 828 proveheret,
3349 760 3522 818 dixit:

1923 863 1948 894 «
1979 845 2178 898 Manus
2216 845 2327 898 cito
2357 846 2570 899 nemini
2608 847 2962 917 imposueris,
2997 864 3178 918 neque
3203 850 3518 904 communi-

1916 934 2126 987 caveris
2155 934 2395 1004 peccatis
2423 935 2640 1001 alienis,
2673 941 2730 989 te
2760 936 2944 1008 ipsum
2975 941 3194 991 castum
3219 938 3455 1006 custodi,
3486 958 3512 993 »

1917 1023 2012 1094 qui
2053 1023 2123 1076 ad
2163 1023 2552 1077 inﬁrmitatem
2593 1025 2715 1094 ejus
2763 1026 3010 1096 corporis
3055 1026 3310 1097 protinus
3349 1027 3519 1083 verba

1916 1116 2261 1178 convertens,
2295 1113 2376 1165 ait
2407 1132 2417 1165 :
2457 1130 2483 1164 «
2524 1114 2651 1167 Noli
2688 1115 2871 1168 adhuc
2921 1131 3128 1185 aquam
3176 1115 3383 1184 bibere,
3417 1118 3514 1172 sed

1913 1201 2132 1254 modico
2175 1201 2302 1254 vino
2347 1208 2505 1256 utere
2555 1207 2785 1273 propter
2837 1205 3188 1258 stomachum
3235 1210 3400 1260 tuum
3458 1213 3517 1261 et

1913 1288 2234 1359 frequentes
2263 1296 2390 1343 tuas
2420 1291 2798 1358 inﬁrmitates,
2821 1311 2847 1344 α
2871 1293 3176 1363 statimque
3202 1293 3512 1365 subjungit,

1913 1378 2104 1432 dicens
2129 1397 2140 1432 :
2170 1397 2196 1429 «
2229 1379 2615 1443 Quorumdam
2643 1381 2937 1435 hominum
2969 1387 3197 1452 peccata
3215 1384 3516 1439 manifesta

1913 1473 2048 1521 sunt
2070 1468 2443 1538 praecedentia
2471 1469 2541 1522 ad
2579 1469 2876 1539 judicium,
2911 1471 3284 1541 quorumdam
3321 1477 3514 1527 autem

1913 1561 1971 1610 et
1995 1556 2429 1626 subsequuntur.
2457 1579 2482 1609 »
2517 1559 2661 1622 Quid
2682 1575 2815 1628 ergo
2837 1559 2906 1612 ad
2937 1560 3076 1613 illud
3097 1561 3343 1630 pertinet
3363 1563 3514 1632 quod

1912 1645 1982 1699 ab
2011 1646 2232 1700 inﬁrmo
2263 1664 2469 1717 aquam
2517 1646 2630 1700 bibi
2661 1647 2947 1718 prohibuit
2973 1649 3077 1703 hoc
3106 1649 3253 1720 quod
3284 1650 3354 1704 de
3381 1667 3514 1720 pec-

230 1733 407 1788 bibere
437 1734 808 1805 persistebat;
833 1742 889 1788 et
909 1734 1041 1804 quia
1062 1735 1386 1804 frequenter
1401 1734 1640 1788 aliorum
1660 1752 1831 1789 causa
1848 1724 1896 1784 Β
1913 1735 2052 1788 catis
2079 1734 2419 1788 absconditis
2447 1737 2821 1806 quorumdam
2849 1738 3144 1792 hominum
3169 1739 3510 1792 manifestis-

226 1825 351 1877 talia
372 1825 624 1893 agimus,
650 1828 714 1876 ut
733 1840 802 1877 ne
830 1824 1124 1877 videamur
1143 1823 1526 1877 indiﬂ'ercntes
1557 1841 1677 1877 esse
1696 1841 1830 1894 erga

225 1912 724 1978 conversationem,
758 1929 868 1965 non
914 1912 1238 1981 ignorantes
1281 1913 1546 1982 quoniam
1577 1913 1675 1966 illa
1706 1931 1828 1983 quae

227 2002 288 2054 ad
329 2017 506 2054 usum
553 2001 713 2054 nobis
739 2003 825 2054 vel
860 2001 1007 2054 facta
1054 2007 1186 2054 sunt
1213 2001 1297 2054 vel
1349 2001 1579 2067 tributa,
1616 2019 1829 2072 nequa-

229 2107 391 2161 quam
416 2107 526 2144 nos
545 2090 830 2160 insumpta
855 2096 1123 2160 poterunt
1151 2107 1369 2144 nocere.
1407 2091 1602 2158 (Greg.)
1624 2091 1830 2145 Paulus

229 2197 472 2251 namque
515 2179 775 2249 egregius
806 2180 1140 2250 praedicator
1169 2179 1492 2250 Mitylenem
1522 2180 1749 2233 veniens
1775 2186 1832 2234 et

229 2271 451 2340 plenam
497 2269 816 2322 inﬁdelibus
858 2269 1100 2322 insulam
1151 2269 1350 2335 sciens,
1384 2274 1602 2338 patrem
1647 2269 1830 2323 Publii

229 2358 557 2430 dysenteria
613 2357 968 2428 febribusque
1017 2363 1274 2411 vexatum
1331 2358 1542 2412 orando
1600 2358 1832 2412 salvavit

127 2447 130 2450 ’
230 2449 360 2514 (Act.
385 2451 606 2516 XXVIII),
625 2452 681 2500 et
699 2453 890 2500 tamen
911 2452 1218 2517 aegrotante
1231 2446 1524 2501 Timotheo
1544 2448 1828 2518 praecepit,

227 2537 417 2591 dicens
468 2556 481 2589 :
531 2537 747 2591 Modico
801 2536 930 2590 vino
979 2543 1137 2590 utere
1194 2541 1424 2606 propter
1481 2537 1832 2591 stomachum

226 2631 386 2681 tuum
435 2632 497 2679 et
543 2625 865 2696 frequentes
910 2633 1038 2678 tuas
1082 2624 1515 2679 inﬁrmitates.»
1548 2625 1692 2688 Quid
1726 2630 1828 2692 est,

226 2717 420 2776 Paule,
450 2715 604 2785 quod
632 2720 904 2784 aegrotum
932 2714 1216 2768 inﬁdelem
1250 2715 1461 2767 orando
1491 2714 1563 2768 ad
1592 2715 1832 2769 salutem

224 2821 475 2867 revocas,
494 2811 553 2856 et
567 2809 790 2857 tantum
811 2803 900 2873 adj
908 2813 1128 2857 utorem
1147 2803 1431 2873 Evangelii
1455 2819 1612 2857 more
1626 2803 1829 2857 medici

222 2911 316 2964 per
342 2894 630 2947 alimenta
669 2892 869 2945 curas?
909 2892 1016 2945 nisi
1065 2893 1214 2962 quod
1261 2891 1466 2945 idcirco
1513 2893 1657 2946 ﬁunt
1684 2898 1830 2946 exte-

221 2984 371 3037 riora
422 2982 716 3046 miracula,
747 2987 812 3034 ut
848 2986 1066 3034 mentes
1107 2981 1400 3034 hominum
1441 2981 1513 3034 ad
1559 2981 1826 3036 interiora

218 3073 600 3137 adducantur,
635 3076 911 3140 quatenus
959 3087 1060 3140 per
1104 3069 1207 3123 hoc
1251 3071 1400 3140 quod
1450 3070 1658 3123 mirum
1697 3070 1892 3130 visi-C

220 3160 413 3215 biliter
448 3159 785 3225 ostenditur,
802 3175 868 3212 ea
904 3176 1026 3229 quae
1061 3158 1483 3213 admirabiliora
1502 3164 1651 3225 sunt,
1677 3159 1825 3213 invi-

215 3251 410 3304 sibilia
436 3249 760 3303 credantur.
785 3249 958 3318 Signo
979 3248 1185 3318 quippe
1208 3247 1429 3301 virtutis
1456 3253 1618 3318 pater
1643 3248 1827 3302 Publii

215 3339 513 3393 sanandus
540 3339 740 3402 fuerat,
775 3342 840 3391 ut
866 3343 1054 3391 mente
1087 3336 1456 3403 revivisceret,
1485 3337 1621 3391 dum
1651 3337 1826 3391 mira-

215 3430 335 3483 culo
358 3428 446 3481 ad
475 3427 715 3482 salutem
744 3427 985 3480 rediret:
1009 3426 1302 3480 Timotheo
1332 3429 1522 3478 autem
1553 3425 1825 3480 adhiben-

215 3519 347 3572 dum
385 3517 527 3569 foris
559 3516 892 3569 miraculum
931 3531 1045 3568 non
1072 3520 1210 3578 erat,
1245 3514 1378 3584 quia
1401 3515 1522 3584 jam
1550 3519 1703 3568 totus
1746 3516 1828 3569 in-

212 3614 302 3660 tus
324 3605 582 3660 vivebat.
608 3604 752 3669 Quid
777 3611 861 3658 est
884 3604 1058 3673 igitur
1076 3603 1302 3669 mirum,
1323 3603 1370 3656 si
1389 3611 1701 3675 propagata
1719 3605 1827 3658 ﬁde

211 3695 424 3750 crebro
457 3694 730 3748 miracula
747 3710 859 3746 non
888 3693 1049 3759 ﬁunt,
1067 3692 1292 3762 quando
1315 3692 1431 3746 hec
1450 3693 1557 3762 ipsi
1576 3694 1826 3762 Apostoli

209 3785 267 3840 in
299 3783 654 3857 quibusdam
676 3783 796 3852 jam
827 3781 1082 3836 ﬁdelibus
1112 3798 1223 3835 non
1253 3781 1547 3835 fecerunt?
1578 3781 1718 3835 bene
1733 3783 1828 3836 ad-

206 3876 327 3943 jicit
347 3895 359 3927 :

281 3984 308 4016 u‘
351 3961 750 4028 Quorumdam
781 3960 1073 4014 hominum
1103 3966 1332 4030 peccata
1370 3961 1670 4014 manifesta
1695 3966 1826 4014 sunt

269 4050 661 4123 praecedentia
679 4050 748 4103 ad
763 4049 1039 4119 judicium
1064 4067 1074 4100 :
1103 4049 1375 4119 quosdam
1393 4055 1583 4102 autem
1615 4055 1673 4102 et
1690 4049 1822 4102 sub-

209 4158 235 4191 ε
267 4145 619 4212 sequuntur.
644 4139 915 4192 Similiter
932 4144 989 4191 et
1007 4137 1151 4192 facta
1171 4137 1317 4191 bona
1348 4137 1642 4191 manifesta
1669 4142 1819 4202 sunt,

208 4248 233 4278 α
269 4239 328 4284 et
360 4247 494 4300 quae
523 4229 691 4282 aliter
717 4244 777 4280 se
815 4227 1041 4292 habent,
1069 4227 1335 4280 abscondi
1364 4243 1476 4280 non
1506 4233 1757 4296 possunt.
1795 4247 1820 4278 »

1911 1840 2018 1895 que
2040 1824 2360 1893 subjunxit?
2381 1825 2488 1878 nisi
2512 1826 2658 1895 quod
2688 1825 2951 1897 imposita
2979 1828 3048 1880 de
3068 1829 3192 1898 ejus
3211 1829 3512 1883 inﬁrmita-

1909 1918 1966 1966 te
1994 1914 2273 1966 sententia
2302 1913 2372 1966 ad
2392 1914 2496 1967 hoc
2525 1913 2584 1967 in
2619 1921 2867 1968 extremo
2895 1916 3059 1982 redit,
3085 1917 3234 1987 quod
3251 1918 3512 1988 superius

1913 2002 2096 2056 dixit:
2153 2020 2177 2052 «
2225 2003 2454 2056 Manum
2504 2003 2614 2057 cito
2668 2004 2880 2057 nemini
2927 2004 3280 2075 imposueris,
3325 2023 3511 2078 neque

1912 2091 2408 2144 communicaveris
2455 2092 2696 2162 peccatis
2743 2093 2960 2147 alienis.
3016 2113 3042 2146 »
3076 2095 3151 2149 Ut
3195 2095 3347 2148 enim
3393 2096 3511 2150 haec

1913 2180 2108 2233 eadem
2147 2185 2392 2250 peccata,
2445 2186 2658 2250 quanta
2705 2182 3080 2237 sollicitudine
3130 2184 3511 2254 perquirenda

1912 2275 2117 2336 essent,
2178 2269 2516 2335 ostenderet,
2575 2270 2841 2341 imposita
2893 2276 3088 2325 contra
3163 2271 3509 2328 inﬁrmitatis

1913 2358 2226 2411 molestiam
2241 2358 2593 2412 discretionis
2609 2359 3010 2427 admonitione,
3025 2360 3281 2432 protinus
3293 2361 3504 2429 intulit,

1913 2447 2060 2518 quod
2089 2447 2146 2500 in
2193 2447 2318 2501 aliis
2347 2452 2715 2518 patescerent,
2747 2449 2806 2502 in
2837 2449 2960 2503 aliis
2998 2450 3259 2516 laterent,
3296 2450 3507 2520 dicens,

1919 2555 1944 2587 «
1967 2537 2338 2606 quorumdam
2350 2536 2642 2591 hominum
2655 2543 2882 2608 peccata
2898 2538 3196 2593 manifesta
3213 2545 3348 2594 sunt
3362 2557 3508 2611 prae-

1915 2625 2170 2678 cedentia
2197 2625 2267 2678 ad
2292 2625 2586 2695 judicium,
2620 2628 2996 2697 quorumdam
3024 2634 3215 2682 autem
3245 2633 3303 2682 et
3319 2628 3509 2684 subse-

1917 2720 2193 2784 quuntur;
2240 2733 2265 2767 »
2302 2714 2448 2768 sicut
2481 2732 2614 2785 ergo
2645 2733 2745 2786 per
2771 2717 2916 2771 hanc
2936 2718 3276 2772 sententiam
3300 2719 3509 2773 Paulus

1911 2820 2022 2857 non
2051 2803 2263 2857 eisdem
2290 2802 2474 2858 verbis
2503 2806 2762 2876 congruit
2789 2806 2994 2876 quibus
3016 2808 3137 2878 jam
3166 2808 3401 2878 loquens
3437 2809 3510 2863 de

1909 2892 2188 2947 Timothei
2218 2892 2548 2947 inﬁrmitate
2577 2893 2885 2965 subjunxit,
2913 2903 3041 2966 post
3079 2897 3202 2963 hoc,
3228 2895 3424 2966 adjicit
3449 2902 3507 2950 et

1910 2981 1979 3035 de
2010 2981 2200 3035 servis.
3358 3004 3360 3006 -

2519 3073 2754 3128 CAPUT
2789 3074 2886 3129 VI.

1910 3178 2131 3231 Inducit
2158 3178 2440 3245 Apostolus
2468 3182 2730 3248 episcopos
2758 3182 2834 3234 ad
2861 3183 3164 3235 custodiam
3185 3197 3502 3250 pauperum

1980 3251 2043 3300 in
2072 3252 2298 3305 servitio
2325 3251 2702 3317 dominorum,
2727 3257 2889 3320 atque
2919 3254 3156 3318 inducit,
3189 3254 3264 3306 ad
3291 3257 3503 3306 sectan-

1979 3321 2109 3373 dam
2138 3321 2534 3387 humilitatem,
2560 3325 2821 3390 pietatem
2848 3327 2896 3376 et
2925 3330 3141 3378 caeteras
3161 3326 3412 3378 virtutes.

1983 3444 2009 3477 (ι
2040 3425 2368 3496 Quicunque
2407 3433 2541 3482 sunt
2568 3428 2672 3482 sub
2702 3431 2842 3498 jugo
2886 3430 3052 3496 servi,
3081 3430 3336 3484 dominos
3372 3445 3503 3485 suos

1913 3533 1939 3566 ί(
1970 3515 2120 3568 omni
2147 3515 2358 3568 honore
2387 3517 2584 3585 dignos
2613 3517 2975 3584 arbitrentur,
3015 3535 3087 3572 ne
3134 3535 3338 3573 nomen
3386 3519 3500 3572 Do-

1913 3623 1939 3655 «
1970 3605 2110 3658 mini
2137 3610 2196 3658 et
2231 3605 2485 3658 doctrina
2514 3605 2933 3675 blasphemetur
2955 3626 2980 3658 »
3008 3608 3240 3676 (Ambr.)
3273 3607 3404 3661 Hac
3430 3607 3501 3660 de

1909 3693 2019 3747 illis
2038 3693 2247 3759 scribit,
2272 3694 2366 3764 qui
2387 3694 2641 3747 inﬁdeles
2661 3694 2870 3748 habent
2883 3695 3159 3761 dominos,
3175 3695 3504 3766 praacipiens

1911 3783 2009 3847 eis,
2051 3788 2116 3836 ut
2159 3799 2325 3837 omne
2367 3782 2698 3853 obsequium
2742 3783 2857 3837 suis
2905 3769 3191 3854 praebeant
3233 3783 3498 3851 dominis,

1907 3871 2038 3924 licet
2063 3871 2177 3926 sint
2219 3889 2254 3925 a
2286 3872 2496 3942 pietate
2525 3872 2714 3939 alieni,
2748 3879 2815 3926 ut
2844 3889 2957 3926 non
2985 3873 3117 3927 hinc
3153 3871 3500 3943 blasphemia

1908 3959 2206 4030 aliquando
2248 3966 2347 4014 aut
2388 3961 2726 4032 vituperium
2768 3962 2994 4033 pietatis
3030 3961 3295 4016 doctrinae
3336 3960 3500 4014 afﬁn-

1904 4054 2090 4118 gatur,
2135 4049 2580 4105 existimantibus
2627 4051 2757 4117 illis,
2793 4051 2940 4122 quod
2987 4051 3067 4105 ita
3111 4067 3206 4105 eos
3245 4050 3502 4104 institua-

1906 4154 2032 4191 mus
2061 4143 2125 4191 ut
2145 4145 2506 4193 contemnant
2535 4140 2792 4194 dominos
2821 4157 2970 4195 suos.
3003 4141 3282 4205 Quoniam
3311 4145 3499 4194 autem

1907 4227 1976 4280 de
2007 4227 2116 4280 illis
2159 4228 2331 4281 servis
2378 4229 2513 4282 dicit
2550 4229 2645 4300 qui
2676 4229 2930 4284 inﬁdeles
2969 4230 3225 4284 dominos
3270 4229 3498 4296 habent,

206 4320 456 4384 (Am.er
484 4317 622 4370 Vult
658 4316 861 4380 dicere,
911 4316 1177 4386 quoniam
1223 4316 1670 4385 delinquentium
1718 4315 2131 4415 ho-Devidens
2166 4323 2268 4379 est,
2309 4322 2365 4371 et
2417 4335 2482 4371 ex
2526 4318 2725 4389 quibus
2770 4319 2928 4384 dixit,
2965 4338 2990 4371 «
3022 4326 3088 4373 ut
3133 4335 3204 4372 ne
3245 4318 3502 4372 doctrina

202 4409 434 4460 minum
487 4411 545 4460 et
593 4421 704 4458 non
752 4411 900 4458 recte
927 4405 1234 4458 viventium
1275 4405 1478 4458 delicta
1525 4404 1883 4458 manifesta”
1903 4405 2004 4459 Dei
2024 4405 2155 4459 hinc
2184 4405 2620 4476 blasphemetur.
2649 4426 2674 4458 »
2706 4407 3056 4461 Manifestius
3075 4423 3205 4460 vero
3232 4406 3289 4458 id
3318 4411 3502 4460 osten-
3577 4467 3587 4476 ε

202 4504 360 4562 sunt,
400 4512 528 4566 quae
558 4493 906 4548 necessarias
935 4493 1047 4547 illis
1076 4494 1135 4546 in
1169 4493 1360 4548 futuro
1395 4495 1596 4547 saeculo
1628 4509 1821 4564 pinnas

200 4594 341 4638 sunt
364 4585 685 4655 provisura,
709 4583 843 4636 licet
861 4582 907 4635 si
939 4588 996 4636 et
1023 4582 1232 4636 faciant
1259 4583 1449 4653 aliqua
1470 4600 1591 4652 qua
1613 4583 1820 4636 multos

207 4675 394 4727 latere
427 4679 713 4744 poterunt.
749 4672 839 4726 Sic
870 4677 928 4725 et
955 4671 1024 4724 de
1062 4671 1173 4724 illis
1212 4672 1307 4741 qui
1352 4677 1502 4725 recte
1531 4673 1711 4726 vivere
1741 4671 1822 4725 in-

204 4765 533 4817 stituerunt
576 4761 820 4832 plurima
850 4760 1077 4830 quidem
1111 4760 1338 4814 illorum
1368 4761 1666 4815 manifesta
1692 4764 1824 4814 sunt

205 4851 564 4916 hominibus,
597 4856 731 4904 sunt
773 4850 946 4903 etiam
985 4855 1043 4902 et
1071 4849 1259 4920 aliqua
1289 4867 1410 4920 qua
1441 4851 1654 4904 lateant
1675 4851 1826 4903 mul-

205 4951 314 5006 tos,
355 4942 483 4994 haec
503 4940 659 4994 enim
683 4939 979 5008 signiﬁcat,
1013 4937 1201 4992 dicens
1238 4939 1498 4993 similiter
1527 4945 1584 4993 et
1611 4956 1732 5009 qua;
1764 4955 1824 4993 se

205 5031 381 5083 aliter
431 5028 668 5092 habent,
720 5044 822 5082 nec
876 5027 1028 5080 enim
1081 5033 1316 5098 possunt
1367 5029 1558 5081 omnia
1611 5028 1826 5082 incerta

205 5137 354 5173 esse.
401 5119 604 5188 Itaque
642 5133 746 5170 nec
784 5117 888 5170 hoc
935 5115 1318 5187 pertimescas,
1351 5133 1423 5170 ne
1462 5117 1685 5187 quando
1715 5133 1827 5170 non

209 5207 431 5261 bonam
480 5207 611 5260 hinc
657 5205 979 5276 opinionem
1019 5205 1293 5275 acquiras,
1342 5211 1399 5259 te
1438 5205 1624 5276 ipsum
1670 5222 1828 5276 aqua

206 5304 352 5368 potu
389 5296 744 5365 expendens;
776 5299 936 5348 utere
973 5311 1103 5348 vero
1151 5295 1350 5364 exiguo
1386 5295 1513 5349 vino
1557 5311 1657 5366 pro
1707 5295 1831 5365 ipsa

208 5383 578 5439 inﬁrmitatis
634 5383 986 5448 necessitate,
1029 5384 1188 5437 valde
1235 5383 1416 5438 sciens
1461 5384 1722 5454 quoniam
1774 5390 1831 5438 et

209 5474 313 5528 illa
361 5489 500 5543 quae
529 5473 783 5526 homines
813 5473 1135 5542 conjiciunt,
1167 5473 1214 5527 si
1245 5479 1435 5526 tamen
1480 5479 1630 5527 recte
1681 5473 1830 5527 viva-

209 5581 369 5629 mus,
419 5560 570 5616 bona
620 5578 741 5616 esse
787 5561 1030 5632 plurima
1081 5578 1146 5616 ex
1196 5567 1355 5633 parte
1403 5562 1829 5635 prospiciantur.

1903 4493 2056 4548 ditur
2087 4499 2144 4547 et
2173 4511 2236 4547 ex
2267 4495 2376 4547 illis
2405 4512 2525 4565 quae
2555 4502 2886 4564 sequuntur,
2907 4496 3102 4566 adjicit
3129 4494 3279 4548 enim
3300 4513 3311 4546 :
3335 4513 3361 4546 «
3392 4493 3500 4558 Qui

1907 4601 1932 4634 «
1965 4589 2155 4636 autem
2195 4583 2386 4636 fideles
2427 4583 2635 4637 habent
2663 4584 2940 4650 dominos,
2972 4599 3087 4637 non
3115 4588 3495 4648 contemnant,

1909 4690 1934 4723 «
1965 4671 2099 4741 quia
2116 4670 2319 4725 fratres
2345 4677 2496 4738 sunt,
2511 4672 2607 4725 sed
2638 4673 2819 4743 magis
2846 4671 3116 4739 serviunt,
3147 4671 3280 4743 quia
3307 4673 3502 4727 ﬁdeles

1910 4779 1935 4811 «
1965 4765 2098 4814 sunt
2116 4766 2173 4814 et
2199 4760 2409 4825 dilecti,
2442 4761 2536 4831 qui
2559 4760 2956 4815 beneﬁciorum
2976 4768 3109 4816 sunt
3126 4762 3444 4834 participes.
3471 4781 3499 4815 »

1904 4850 2146 4914 Iustum,
2179 4849 2381 4919 inquit,
2417 4855 2520 4916 est,
2553 4855 2617 4903 ut
2643 4855 2700 4904 et
2739 4851 2842 4904 hos
2881 4868 2993 4905 non
3031 4851 3502 4922 contemplatione

1905 4939 2132 5009 pietatis
2151 4955 2283 4992 suos
2301 4944 2666 4994 contemnant
2682 4940 2958 5007 dominos,
2985 4941 3082 5011 qui
3104 4940 3344 5009 benigne
3372 4955 3501 4994 cum

1907 5027 2017 5080 illis
2069 5033 2264 5097 agunt,
2309 5029 2405 5082 sed
2447 5019 2622 5082 multo
2667 5030 2848 5099 magis
2894 5029 3102 5083 debent
3145 5029 3226 5082 eis
3270 5027 3500 5094 servire,

1911 5117 2070 5188 quasi
2107 5116 2383 5185 ﬁdelibus,
2415 5117 2509 5187 qui
2541 5123 2598 5172 et
2635 5118 2793 5188 diligi
2829 5123 3058 5188 propter
3083 5118 3268 5188 ipsum
3297 5115 3505 5171 debent

1909 5205 1980 5258 ab
2010 5205 2109 5269 eis,
2144 5211 2202 5258 et
2245 5206 2344 5260 illa
2373 5207 2458 5259 vel
2500 5206 2740 5261 maxime
2771 5207 2840 5260 de
2883 5223 3070 5272 causa,
3105 5221 3219 5278 qua
3261 5204 3504 5277 benigne

1912 5294 2020 5347 illis
2049 5299 2305 5348 utuntur.
2325 5296 2441 5349 Hoc
2455 5295 2605 5350 enim
2622 5295 2776 5354 dicit.
2801 5313 2826 5346 «
2845 5295 2942 5366 qui
2956 5294 3354 5349 beneﬁciorum
3372 5300 3510 5350 sunt

1912 5383 2230 5454 participes,
2268 5403 2294 5437 »
2326 5384 2429 5439 hoc
2475 5391 2577 5452 est,
2610 5385 2706 5455 qui
2751 5384 3036 5438 beneﬁciis
3078 5400 3174 5438 eos
3216 5383 3506 5438 sublevare

1913 5478 2218 5544 properant
2245 5473 2714 5544 contemplatione
2742 5473 2968 5545 pietatis
2995 5490 3166 5544 quam
3190 5489 3506 5544 exsequun-

1914 5568 2026 5616 tur.
2057 5561 2238 5632 Igitur
2273 5563 2628 5618 dominorum
2666 5562 2984 5632 benignitas
3016 5579 3128 5618 non
3159 5562 3326 5617 debet
3360 5561 3504 5615 servi
