  <div class='ocr_page' id='page_1' title='image "/cluster/home/n/w/nwhite01/storage/ocr_20150623/112/hvd.32044054759774/319.png"; bbox 0 0 3866 6158; ppageno 0'>
   <div class='ocr_carea' id='block_1_1' title="bbox 379 284 485 346">
    <p class='ocr_par' dir='ltr' id='par_1_1' title="bbox 379 284 485 346">
     <span class='ocr_line' id='line_1_1' title="bbox 379 284 485 346; baseline 0 -3"><span class='ocrx_word' id='word_1_1' title='bbox 379 284 485 346; x_wconf 66' lang='grc'><strong>61⁸1</strong></span> 
     </span>
    </p>
   </div>
   <div class='ocr_carea' id='block_1_2' title="bbox 980 285 3050 346">
    <p class='ocr_par' dir='ltr' id='par_1_2' title="bbox 980 285 3050 346">
     <span class='ocr_line' id='line_1_2' title="bbox 980 285 3050 346; baseline 0.001 -4"><span class='ocrx_word' id='word_1_2' title='bbox 980 287 1044 342; x_wconf 90' lang='grc' dir='ltr'><strong>Β.</strong></span> <span class='ocrx_word' id='word_1_3' title='bbox 1083 286 1358 342; x_wconf 76' lang='lat' dir='ltr'><strong>RABANI</strong></span> <span class='ocrx_word' id='word_1_4' title='bbox 1393 285 1626 342; x_wconf 68' lang='lat' dir='ltr'><strong>HAURI</strong></span> <span class='ocrx_word' id='word_1_5' title='bbox 1662 285 1996 342; x_wconf 75' lang='lat' dir='ltr'><strong>ARﬂHIEP.</strong></span> <span class='ocrx_word' id='word_1_6' title='bbox 2034 285 2361 343; x_wconf 70' lang='lat' dir='ltr'><strong>MOGUN&#39;F.</strong></span> <span class='ocrx_word' id='word_1_7' title='bbox 2401 287 2700 345; x_wconf 76' lang='lat' dir='ltr'><strong>ORBRUM</strong></span> <span class='ocrx_word' id='word_1_8' title='bbox 2734 287 2918 345; x_wconf 66' lang='lat' dir='ltr'><strong>PARS</strong></span> <span class='ocrx_word' id='word_1_9' title='bbox 2954 289 3050 346; x_wconf 77' lang='grc' dir='ltr'><strong>ΠΙ.</strong></span> 
     </span>
    </p>
   </div>
   <div class='ocr_carea' id='block_1_3' title="bbox 388 412 3578 491">
    <p class='ocr_par' dir='ltr' id='par_1_3' title="bbox 388 412 3578 491">
     <span class='ocr_line' id='line_1_3' title="bbox 388 412 3578 491; baseline 0.003 -22"><span class='ocrx_word' id='word_1_10' title='bbox 388 413 604 469; x_wconf 85' lang='lat' dir='ltr'><strong>occasio</strong></span> <span class='ocrx_word' id='word_1_11' title='bbox 649 414 769 468; x_wconf 86' lang='lat' dir='ltr'><strong>fieri</strong></span> <span class='ocrx_word' id='word_1_12' title='bbox 810 418 1180 482; x_wconf 72' lang='lat' dir='ltr'><strong>contemptus,</strong></span> <span class='ocrx_word' id='word_1_13' title='bbox 1211 413 1309 466; x_wconf 88' lang='lat' dir='ltr'><strong>sed</strong></span> <span class='ocrx_word' id='word_1_14' title='bbox 1357 413 1534 482; x_wconf 85' lang='lat' dir='ltr'><strong>magi</strong></span> <span class='ocrx_word' id='word_1_15' title='bbox 1564 429 1658 466; x_wconf 87' lang='lat' dir='ltr'><strong>eos</strong></span> <span class='ocrx_word' id='word_1_16' title='bbox 1686 412 1745 466; x_wconf 94' lang='lat' dir='ltr'><strong>in</strong></span> <span class='ocrx_word' id='word_1_17' title='bbox 1782 413 2229 482; x_wconf 67' lang='lat' dir='ltr'><strong>allectuAmala.</strong></span> <span class='ocrx_word' id='word_1_18' title='bbox 2277 412 2500 483; x_wconf 85' lang='lat' dir='ltr'><strong>Optime</strong></span> <span class='ocrx_word' id='word_1_19' title='bbox 2545 413 2756 484; x_wconf 75' lang='lat' dir='ltr'><strong>adjicit,</strong></span> <span class='ocrx_word' id='word_1_20' title='bbox 2795 414 3025 484; x_wconf 79' lang='lat' dir='ltr'><strong>Discede</strong></span> <span class='ocrx_word' id='word_1_21' title='bbox 3063 416 3129 470; x_wconf 85' lang='lat' dir='ltr'><strong>ab</strong></span> <span class='ocrx_word' id='word_1_22' title='bbox 3162 419 3420 489; x_wconf 82' lang='lat' dir='ltr'><strong>ejusmodi.</strong></span> <span class='ocrx_word' id='word_1_23' title='bbox 3450 425 3578 491; x_wconf 74' lang='lat' dir='ltr'><strong>Post-</strong></span> 
     </span>
    </p>
   </div>
   <div class='ocr_carea' id='block_1_4' title="bbox 389 501 1982 575">
    <p class='ocr_par' dir='ltr' id='par_1_4' title="bbox 389 501 1982 575">
     <span class='ocr_line' id='line_1_4' title="bbox 389 501 1982 575; baseline -0.001 -17"><span class='ocrx_word' id='word_1_24' title='bbox 389 504 648 575; x_wconf 87' lang='lat' dir='ltr'><strong>ampliori</strong></span> <span class='ocrx_word' id='word_1_25' title='bbox 688 501 853 556; x_wconf 83' lang='lat' dir='ltr'><strong>debet</strong></span> <span class='ocrx_word' id='word_1_26' title='bbox 899 501 1160 565; x_wconf 86' lang='lat' dir='ltr'><strong>retinere,</strong></span> <span class='ocrx_word' id='word_1_27' title='bbox 1195 508 1253 554; x_wconf 88' lang='lat' dir='ltr'><strong>et</strong></span> <span class='ocrx_word' id='word_1_28' title='bbox 1277 502 1484 556; x_wconf 80' lang='lat' dir='ltr'><strong>iterum</strong></span> <span class='ocrx_word' id='word_1_29' title='bbox 1523 501 1718 571; x_wconf 83' lang='lat' dir='ltr'><strong>adjicit</strong></span> <span class='ocrx_word' id='word_1_30' title='bbox 1749 521 1760 554; x_wconf 87' lang='lat'><strong>:</strong></span> <span class='ocrx_word' id='word_1_31' title='bbox 1791 520 1815 553; x_wconf 83' lang='lat'><strong>«</strong></span> <span class='ocrx_word' id='word_1_32' title='bbox 1853 504 1982 557; x_wconf 68' lang='lat' dir='ltr'><strong>Haec</strong></span> 
     </span>
    </p>
   </div>
   <div class='ocr_carea' id='block_1_5' title="bbox 389 591 1983 661">
    <p class='ocr_par' dir='ltr' id='par_1_5' title="bbox 389 591 1983 661">
     <span class='ocr_line' id='line_1_5' title="bbox 389 591 1983 661; baseline -0.002 -14"><span class='ocrx_word' id='word_1_33' title='bbox 389 593 524 647; x_wconf 82' lang='lat' dir='ltr'><strong>doce</strong></span> <span class='ocrx_word' id='word_1_34' title='bbox 551 598 610 658; x_wconf 79' lang='lat' dir='ltr'><strong>et</strong></span> <span class='ocrx_word' id='word_1_35' title='bbox 637 591 881 655; x_wconf 88' lang='lat' dir='ltr'><strong>obsecra,</strong></span> <span class='ocrx_word' id='word_1_36' title='bbox 922 609 944 641; x_wconf 78' lang='grc' dir='ltr'><strong>ι)</strong></span> <span class='ocrx_word' id='word_1_37' title='bbox 979 607 1080 661; x_wconf 89' lang='lat' dir='ltr'><strong>per</strong></span> <span class='ocrx_word' id='word_1_38' title='bbox 1125 591 1315 645; x_wconf 86' lang='lat' dir='ltr'><strong>omnia</strong></span> <span class='ocrx_word' id='word_1_39' title='bbox 1357 591 1704 649; x_wconf 85' lang='lat' dir='ltr'><strong>exsuscitans</strong></span> <span class='ocrx_word' id='word_1_40' title='bbox 1738 608 1886 655; x_wconf 89' lang='lat' dir='ltr'><strong>eum,</strong></span> <span class='ocrx_word' id='word_1_41' title='bbox 1920 598 1983 645; x_wconf 90' lang='lat' dir='ltr'><strong>ut</strong></span> 
     </span>
    </p>
   </div>
   <div class='ocr_carea' id='block_1_6' title="bbox 387 679 1982 736">
    <p class='ocr_par' dir='ltr' id='par_1_6' title="bbox 387 679 1982 736">
     <span class='ocr_line' id='line_1_6' title="bbox 387 679 1982 736; baseline -0.001 -1"><span class='ocrx_word' id='word_1_42' title='bbox 387 697 514 736; x_wconf 86' lang='lat' dir='ltr'><strong>cum</strong></span> <span class='ocrx_word' id='word_1_43' title='bbox 545 680 725 735; x_wconf 89' lang='lat' dir='ltr'><strong>multa</strong></span> <span class='ocrx_word' id='word_1_44' title='bbox 759 679 1133 734; x_wconf 85' lang='lat' dir='ltr'><strong>sollicitudine</strong></span> <span class='ocrx_word' id='word_1_45' title='bbox 1162 680 1232 734; x_wconf 93' lang='lat' dir='ltr'><strong>de</strong></span> <span class='ocrx_word' id='word_1_46' title='bbox 1259 679 1518 734; x_wconf 90' lang='lat' dir='ltr'><strong>omnibus</strong></span> <span class='ocrx_word' id='word_1_47' title='bbox 1555 680 1640 733; x_wconf 91' lang='lat' dir='ltr'><strong>his</strong></span> <span class='ocrx_word' id='word_1_48' title='bbox 1669 680 1982 734; x_wconf 83' lang='lat' dir='ltr'><strong>doctrinam</strong></span> 
     </span>
    </p>
   </div>
   <div class='ocr_carea' id='block_1_7' title="bbox 385 769 1985 842">
    <p class='ocr_par' dir='ltr' id='par_1_7' title="bbox 385 769 1985 842">
     <span class='ocr_line' id='line_1_7' title="bbox 385 769 1985 842; baseline 0 -18"><span class='ocrx_word' id='word_1_49' title='bbox 385 784 697 842; x_wconf 77' lang='lat' dir='ltr'><strong>proponere</strong></span> <span class='ocrx_word' id='word_1_50' title='bbox 725 769 1084 840; x_wconf 75' lang='lat' dir='ltr'><strong>deproperat;</strong></span> <span class='ocrx_word' id='word_1_51' title='bbox 1116 774 1174 823; x_wconf 91' lang='lat' dir='ltr'><strong>et</strong></span> <span class='ocrx_word' id='word_1_52' title='bbox 1201 769 1466 840; x_wconf 89' lang='lat' dir='ltr'><strong>quoniam</strong></span> <span class='ocrx_word' id='word_1_53' title='bbox 1488 769 1680 822; x_wconf 83' lang='lat' dir='ltr'><strong>omnia</strong></span> <span class='ocrx_word' id='word_1_54' title='bbox 1705 770 1985 840; x_wconf 82' lang='lat' dir='ltr'><strong>percurrit</strong></span> 
     </span>
    </p>
   </div>
   <div class='ocr_carea' id='block_1_8' title="bbox 386 858 1980 930">
    <p class='ocr_par' dir='ltr' id='par_1_8' title="bbox 386 858 1980 930">
     <span class='ocr_line' id='line_1_8' title="bbox 386 858 1980 930; baseline -0.001 -16"><span class='ocrx_word' id='word_1_55' title='bbox 386 875 509 930; x_wconf 78' lang='lat' dir='ltr'><strong>qua</strong></span> <span class='ocrx_word' id='word_1_56' title='bbox 537 859 610 912; x_wconf 81' lang='lat' dir='ltr'><strong>ad</strong></span> <span class='ocrx_word' id='word_1_57' title='bbox 639 858 1040 924; x_wconf 72' lang='lat' dir='ltr'><strong>correctionem</strong></span> <span class='ocrx_word' id='word_1_58' title='bbox 1071 858 1327 912; x_wconf 81' lang='lat' dir='ltr'><strong>Ecclesia</strong></span> <span class='ocrx_word' id='word_1_59' title='bbox 1359 858 1416 912; x_wconf 91' lang='lat' dir='ltr'><strong>in</strong></span> <span class='ocrx_word' id='word_1_60' title='bbox 1453 874 1748 912; x_wconf 89' lang='lat' dir='ltr'><strong>commune</strong></span> <span class='ocrx_word' id='word_1_61' title='bbox 1779 875 1980 913; x_wconf 83' lang='lat' dir='ltr'><strong>conve-</strong></span> 
     </span>
    </p>
   </div>
   <div class='ocr_carea' id='block_1_9' title="bbox 385 947 1982 1018">
    <p class='ocr_par' dir='ltr' id='par_1_9' title="bbox 385 947 1982 1018">
     <span class='ocr_line' id='line_1_9' title="bbox 385 947 1982 1018; baseline 0 -16"><span class='ocrx_word' id='word_1_62' title='bbox 385 948 507 1005; x_wconf 86' lang='lat' dir='ltr'><strong>nire</strong></span> <span class='ocrx_word' id='word_1_63' title='bbox 536 947 909 1013; x_wconf 78' lang='lat' dir='ltr'><strong>existimabat,</strong></span> <span class='ocrx_word' id='word_1_64' title='bbox 942 948 1088 1002; x_wconf 85' lang='lat' dir='ltr'><strong>sicut</strong></span> <span class='ocrx_word' id='word_1_65' title='bbox 1120 947 1501 1018; x_wconf 79' lang='lat' dir='ltr'><strong>scrupulosius</strong></span> <span class='ocrx_word' id='word_1_66' title='bbox 1545 947 1982 1018; x_wconf 80' lang='lat' dir='ltr'><strong>signiﬁcavimus</strong></span> 
     </span>
    </p>
   </div>
   <div class='ocr_carea' id='block_1_10' title="bbox 384 1037 1981 1108">
    <p class='ocr_par' dir='ltr' id='par_1_10' title="bbox 384 1037 1981 1108">
     <span class='ocr_line' id='line_1_10' title="bbox 384 1037 1981 1108; baseline 0 -17"><span class='ocrx_word' id='word_1_67' title='bbox 384 1038 443 1092; x_wconf 81' lang='lat' dir='ltr'><strong>in</strong></span> <span class='ocrx_word' id='word_1_68' title='bbox 474 1037 586 1091; x_wconf 83' lang='lat' dir='ltr'><strong>illis</strong></span> <span class='ocrx_word' id='word_1_69' title='bbox 616 1053 740 1108; x_wconf 79' lang='lat' dir='ltr'><strong>qua</strong></span> <span class='ocrx_word' id='word_1_70' title='bbox 772 1041 940 1091; x_wconf 67' lang='lat' dir='ltr'><strong>antea</strong></span> <span class='ocrx_word' id='word_1_71' title='bbox 981 1037 1336 1108; x_wconf 77' lang='lat' dir='ltr'><strong>interpretati</strong></span> <span class='ocrx_word' id='word_1_72' title='bbox 1381 1053 1596 1101; x_wconf 88' lang='lat' dir='ltr'><strong>sumus,</strong></span> <span class='ocrx_word' id='word_1_73' title='bbox 1633 1042 1981 1091; x_wconf 86' lang='lat' dir='ltr'><strong>memoratur</strong></span> 
     </span>
    </p>
   </div>
   <div class='ocr_carea' id='block_1_11' title="bbox 385 1125 1978 1197">
    <p class='ocr_par' dir='ltr' id='par_1_11' title="bbox 385 1125 1978 1197">
     <span class='ocr_line' id='line_1_11' title="bbox 385 1125 1978 1197; baseline 0.001 -18"><span class='ocrx_word' id='word_1_74' title='bbox 385 1126 592 1182; x_wconf 70' lang='lat' dir='ltr'><strong>iterum</strong></span> <span class='ocrx_word' id='word_1_75' title='bbox 621 1132 680 1180; x_wconf 91' lang='lat' dir='ltr'><strong>et</strong></span> <span class='ocrx_word' id='word_1_76' title='bbox 705 1125 775 1180; x_wconf 90' lang='lat' dir='ltr'><strong>de</strong></span> <span class='ocrx_word' id='word_1_77' title='bbox 805 1127 914 1180; x_wconf 86' lang='lat' dir='ltr'><strong>illis</strong></span> <span class='ocrx_word' id='word_1_78' title='bbox 947 1125 1043 1197; x_wconf 87' lang='lat' dir='ltr'><strong>qui</strong></span> <span class='ocrx_word' id='word_1_79' title='bbox 1071 1125 1354 1180; x_wconf 88' lang='lat' dir='ltr'><strong>contraria</strong></span> <span class='ocrx_word' id='word_1_80' title='bbox 1395 1125 1620 1196; x_wconf 89' lang='lat' dir='ltr'><strong>pietatis</strong></span> <span class='ocrx_word' id='word_1_81' title='bbox 1649 1125 1848 1188; x_wconf 86' lang='lat' dir='ltr'><strong>docere</strong></span> <span class='ocrx_word' id='word_1_82' title='bbox 1883 1142 1978 1181; x_wconf 64' lang='lat' dir='ltr'><strong>cas</strong></span> 
     </span>
    </p>
   </div>
   <div class='ocr_carea' id='block_1_12' title="bbox 384 1214 1978 1286">
    <p class='ocr_par' dir='ltr' id='par_1_12' title="bbox 384 1214 1978 1286">
     <span class='ocr_line' id='line_1_12' title="bbox 384 1214 1978 1286; baseline -0.001 -17"><span class='ocrx_word' id='word_1_83' title='bbox 384 1220 596 1270; x_wconf 76' lang='lat' dir='ltr'><strong>nentur</strong></span> <span class='ocrx_word' id='word_1_84' title='bbox 628 1233 639 1268; x_wconf 90' lang='lat'>:</span> <span class='ocrx_word' id='word_1_85' title='bbox 673 1215 811 1269; x_wconf 87' lang='lat' dir='ltr'><strong>dicit</strong></span> <span class='ocrx_word' id='word_1_86' title='bbox 839 1215 986 1269; x_wconf 87' lang='lat' dir='ltr'><strong>enim</strong></span> <span class='ocrx_word' id='word_1_87' title='bbox 1028 1215 1098 1269; x_wconf 89' lang='lat' dir='ltr'><strong>de</strong></span> <span class='ocrx_word' id='word_1_88' title='bbox 1145 1214 1258 1269; x_wconf 89' lang='lat' dir='ltr'><strong>illis</strong></span> <span class='ocrx_word' id='word_1_89' title='bbox 1303 1215 1399 1286; x_wconf 88' lang='lat' dir='ltr'><strong>qui</strong></span> <span class='ocrx_word' id='word_1_90' title='bbox 1446 1231 1511 1268; x_wconf 85' lang='lat' dir='ltr'><strong>ex</strong></span> <span class='ocrx_word' id='word_1_91' title='bbox 1559 1215 1978 1269; x_wconf 81' lang='lat' dir='ltr'><strong>circumcisione</strong></span> 
     </span>
    </p>
   </div>
   <div class='ocr_carea' id='block_1_13' title="bbox 383 1303 1977 1375">
    <p class='ocr_par' dir='ltr' id='par_1_13' title="bbox 383 1303 1977 1375">
     <span class='ocr_line' id='line_1_13' title="bbox 383 1303 1977 1375; baseline 0 -17"><span class='ocrx_word' id='word_1_92' title='bbox 383 1304 761 1372; x_wconf 73' lang='lat' dir='ltr'><strong>crediderunt,</strong></span> <span class='ocrx_word' id='word_1_93' title='bbox 782 1306 878 1375; x_wconf 89' lang='lat' dir='ltr'><strong>qui</strong></span> <span class='ocrx_word' id='word_1_94' title='bbox 906 1304 1096 1358; x_wconf 85' lang='lat' dir='ltr'><strong>omnia</strong></span> <span class='ocrx_word' id='word_1_95' title='bbox 1123 1321 1289 1375; x_wconf 86' lang='lat' dir='ltr'><strong>agere</strong></span> <span class='ocrx_word' id='word_1_96' title='bbox 1311 1303 1714 1358; x_wconf 85' lang='lat' dir='ltr'><strong>adnitebantur</strong></span> <span class='ocrx_word' id='word_1_97' title='bbox 1730 1304 1977 1371; x_wconf 82' lang='lat' dir='ltr'><strong>volentes</strong></span> 
     </span>
    </p>
   </div>
   <div class='ocr_carea' id='block_1_14' title="bbox 384 1393 1976 1465">
    <p class='ocr_par' dir='ltr' id='par_1_14' title="bbox 384 1393 1976 1465">
     <span class='ocr_line' id='line_1_14' title="bbox 384 1393 1976 1465; baseline -0.001 -17"><span class='ocrx_word' id='word_1_98' title='bbox 384 1394 524 1465; x_wconf 85' lang='lat' dir='ltr'><strong>legis</strong></span> <span class='ocrx_word' id='word_1_99' title='bbox 555 1393 866 1448; x_wconf 86' lang='lat' dir='ltr'><strong>custodiam</strong></span> <span class='ocrx_word' id='word_1_100' title='bbox 889 1393 1146 1461; x_wconf 80' lang='lat' dir='ltr'><strong>ﬁdelibus</strong></span> <span class='ocrx_word' id='word_1_101' title='bbox 1179 1393 1487 1464; x_wconf 78' lang='lat' dir='ltr'><strong>imponere,</strong></span> <span class='ocrx_word' id='word_1_102' title='bbox 1511 1393 1581 1446; x_wconf 89' lang='lat' dir='ltr'><strong>de</strong></span> <span class='ocrx_word' id='word_1_103' title='bbox 1602 1393 1804 1463; x_wconf 85' lang='lat' dir='ltr'><strong>quibus</strong></span> <span class='ocrx_word' id='word_1_104' title='bbox 1833 1399 1892 1447; x_wconf 91' lang='lat' dir='ltr'><strong>et</strong></span> <span class='ocrx_word' id='word_1_105' title='bbox 1918 1393 1976 1446; x_wconf 92' lang='lat' dir='ltr'><strong>in</strong></span> 
     </span>
    </p>
   </div>
   <div class='ocr_carea' id='block_1_15' title="bbox 382 1483 1975 1554">
    <p class='ocr_par' dir='ltr' id='par_1_15' title="bbox 382 1483 1975 1554">
     <span class='ocr_line' id='line_1_15' title="bbox 382 1483 1975 1554; baseline 0 -18"><span class='ocrx_word' id='word_1_106' title='bbox 382 1483 656 1554; x_wconf 74' lang='lat' dir='ltr'><strong>principio</strong></span> <span class='ocrx_word' id='word_1_107' title='bbox 685 1483 946 1553; x_wconf 73' lang='lat' dir='ltr'><strong>Epistula</strong></span> <span class='ocrx_word' id='word_1_108' title='bbox 971 1483 1218 1554; x_wconf 80' lang='lat' dir='ltr'><strong>plurima</strong></span> <span class='ocrx_word' id='word_1_109' title='bbox 1253 1483 1489 1550; x_wconf 71' lang='lat' dir='ltr'><strong>dixerat,</strong></span> <span class='ocrx_word' id='word_1_110' title='bbox 1531 1483 1724 1553; x_wconf 85' lang='lat' dir='ltr'><strong>sicque</strong></span> <span class='ocrx_word' id='word_1_111' title='bbox 1754 1483 1824 1536; x_wconf 90' lang='lat' dir='ltr'><strong>ad</strong></span> <span class='ocrx_word' id='word_1_112' title='bbox 1855 1499 1975 1536; x_wconf 86' lang='lat' dir='ltr'><strong>ser-</strong></span> 
     </span>
    </p>
   </div>
   <div class='ocr_carea' id='block_1_16' title="bbox 383 1571 1972 1642">
    <p class='ocr_par' dir='ltr' id='par_1_16' title="bbox 383 1571 1972 1642">
     <span class='ocr_line' id='line_1_16' title="bbox 383 1571 1972 1642; baseline 0 -16"><span class='ocrx_word' id='word_1_113' title='bbox 383 1587 577 1628; x_wconf 77' lang='lat' dir='ltr'><strong>mones</strong></span> <span class='ocrx_word' id='word_1_114' title='bbox 623 1571 1003 1638; x_wconf 75' lang='lat' dir='ltr'><strong>correctionis,</strong></span> <span class='ocrx_word' id='word_1_115' title='bbox 1026 1589 1149 1642; x_wconf 85' lang='lat' dir='ltr'><strong>qua</strong></span> <span class='ocrx_word' id='word_1_116' title='bbox 1195 1571 1254 1624; x_wconf 92' lang='lat' dir='ltr'><strong>in</strong></span> <span class='ocrx_word' id='word_1_117' title='bbox 1283 1587 1577 1632; x_wconf 85' lang='lat' dir='ltr'><strong>commune</strong></span> <span class='ocrx_word' id='word_1_118' title='bbox 1616 1571 1972 1638; x_wconf 90' lang='lat' dir='ltr'><strong>conveniunt,</strong></span> 
     </span>
    </p>
   </div>
   <div class='ocr_carea' id='block_1_17' title="bbox 381 1660 1975 1731">
    <p class='ocr_par' dir='ltr' id='par_1_17' title="bbox 381 1660 1975 1731">
     <span class='ocr_line' id='line_1_17' title="bbox 381 1660 1975 1731; baseline 0 -17"><span class='ocrx_word' id='word_1_119' title='bbox 381 1677 659 1730; x_wconf 76' lang='lat' dir='ltr'><strong>egressus,</strong></span> <span class='ocrx_word' id='word_1_120' title='bbox 710 1661 917 1722; x_wconf 84' lang='lat' dir='ltr'><strong>itcrum</strong></span> <span class='ocrx_word' id='word_1_121' title='bbox 962 1660 1031 1712; x_wconf 92' lang='lat' dir='ltr'><strong>de</strong></span> <span class='ocrx_word' id='word_1_122' title='bbox 1071 1660 1182 1714; x_wconf 88' lang='lat' dir='ltr'><strong>illis</strong></span> <span class='ocrx_word' id='word_1_123' title='bbox 1231 1661 1368 1731; x_wconf 87' lang='lat' dir='ltr'><strong>ipsis</strong></span> <span class='ocrx_word' id='word_1_124' title='bbox 1415 1677 1537 1731; x_wconf 85' lang='lat' dir='ltr'><strong>qua</strong></span> <span class='ocrx_word' id='word_1_125' title='bbox 1589 1660 1648 1728; x_wconf 82' lang='lat' dir='ltr'><strong>in</strong></span> <span class='ocrx_word' id='word_1_126' title='bbox 1702 1661 1975 1731; x_wconf 84' lang='lat' dir='ltr'><strong>pn&#39;ncipio</strong></span> 
     </span>
    </p>
   </div>
   <div class='ocr_carea' id='block_1_18' title="bbox 2063 503 3581 576">
    <p class='ocr_par' dir='ltr' id='par_1_18' title="bbox 2063 503 3581 576">
     <span class='ocr_line' id='line_1_18' title="bbox 2063 503 3581 576; baseline 0.009 -21"><span class='ocrx_word' id='word_1_127' title='bbox 2063 519 2232 572; x_wconf 90' lang='lat' dir='ltr'><strong>quam</strong></span> <span class='ocrx_word' id='word_1_128' title='bbox 2265 507 2453 556; x_wconf 88' lang='lat' dir='ltr'><strong>autem</strong></span> <span class='ocrx_word' id='word_1_129' title='bbox 2493 503 2740 558; x_wconf 85' lang='lat' dir='ltr'><strong>ostendit</strong></span> <span class='ocrx_word' id='word_1_130' title='bbox 2767 505 3093 574; x_wconf 87' lang='lat' dir='ltr'><strong>pravitatem</strong></span> <span class='ocrx_word' id='word_1_131' title='bbox 3124 507 3403 576; x_wconf 79' lang='lat' dir='ltr'><strong>hominum,</strong></span> <span class='ocrx_word' id='word_1_132' title='bbox 3431 519 3480 566; x_wconf 87' lang='lat' dir='ltr'><strong>et</strong></span> <span class='ocrx_word' id='word_1_133' title='bbox 3500 514 3581 568; x_wconf 75' lang='lat' dir='ltr'><strong>illa</strong></span> 
     </span>
    </p>
   </div>
   <div class='ocr_carea' id='block_1_19' title="bbox 2063 589 3584 662">
    <p class='ocr_par' dir='ltr' id='par_1_19' title="bbox 2063 589 3584 662">
     <span class='ocr_line' id='line_1_19' title="bbox 2063 589 3584 662; baseline 0.008 -19"><span class='ocrx_word' id='word_1_134' title='bbox 2063 607 2186 660; x_wconf 82' lang='lat' dir='ltr'><strong>qua</strong></span> <span class='ocrx_word' id='word_1_135' title='bbox 2221 589 2514 644; x_wconf 82' lang='lat' dir='ltr'><strong>inhoneste</strong></span> <span class='ocrx_word' id='word_1_136' title='bbox 2563 591 2634 645; x_wconf 88' lang='lat' dir='ltr'><strong>ab</strong></span> <span class='ocrx_word' id='word_1_137' title='bbox 2678 591 2792 646; x_wconf 85' lang='lat' dir='ltr'><strong>illis</strong></span> <span class='ocrx_word' id='word_1_138' title='bbox 2846 593 3170 662; x_wconf 83' lang='lat' dir='ltr'><strong>efﬁciuntur,</strong></span> <span class='ocrx_word' id='word_1_139' title='bbox 3218 598 3493 653; x_wconf 84' lang='lat' dir='ltr'><strong>sufﬁciebat</strong></span> <span class='ocrx_word' id='word_1_140' title='bbox 3529 608 3584 656; x_wconf 90' lang='lat' dir='ltr'><strong>ut</strong></span> 
     </span>
    </p>
   </div>
   <div class='ocr_carea' id='block_1_20' title="bbox 2063 680 3582 756">
    <p class='ocr_par' dir='ltr' id='par_1_20' title="bbox 2063 680 3582 756">
     <span class='ocr_line' id='line_1_20' title="bbox 2063 680 3582 756; baseline 0.007 -23"><span class='ocrx_word' id='word_1_141' title='bbox 2063 685 2284 734; x_wconf 88' lang='lat' dir='ltr'><strong>tantum</strong></span> <span class='ocrx_word' id='word_1_142' title='bbox 2333 680 2629 736; x_wconf 87' lang='lat' dir='ltr'><strong>consilium</strong></span> <span class='ocrx_word' id='word_1_143' title='bbox 2667 682 2846 747; x_wconf 86' lang='lat' dir='ltr'><strong>daret,</strong></span> <span class='ocrx_word' id='word_1_144' title='bbox 2879 685 3122 754; x_wconf 78' lang='lat' dir='ltr'><strong>separari</strong></span> <span class='ocrx_word' id='word_1_145' title='bbox 3167 684 3233 753; x_wconf 74' lang='lat' dir='ltr'><strong>ab</strong></span> <span class='ocrx_word' id='word_1_146' title='bbox 3275 686 3379 752; x_wconf 85' lang='lat' dir='ltr'><strong>eis;</strong></span> <span class='ocrx_word' id='word_1_147' title='bbox 3415 688 3582 756; x_wconf 78' lang='lat' dir='ltr'><strong>deinde</strong></span> 
     </span>
    </p>
   </div>
   <div class='ocr_carea' id='block_1_21' title="bbox 2063 767 3585 846">
    <p class='ocr_par' dir='ltr' id='par_1_21' title="bbox 2063 767 3585 846">
     <span class='ocr_line' id='line_1_21' title="bbox 2063 767 3585 846; baseline 0.006 -23"><span class='ocrx_word' id='word_1_148' title='bbox 2063 767 2386 838; x_wconf 90' lang='lat' dir='ltr'><strong>relinquens</strong></span> <span class='ocrx_word' id='word_1_149' title='bbox 2409 775 2613 827; x_wconf 83' lang='lat' dir='ltr'><strong>catera</strong></span> <span class='ocrx_word' id='word_1_150' title='bbox 2640 769 2712 824; x_wconf 90' lang='lat' dir='ltr'><strong>ad</strong></span> <span class='ocrx_word' id='word_1_151' title='bbox 2741 770 2895 839; x_wconf 84' lang='lat' dir='ltr'><strong>illam</strong></span> <span class='ocrx_word' id='word_1_152' title='bbox 2926 777 3136 841; x_wconf 86' lang='lat' dir='ltr'><strong>partem</strong></span> <span class='ocrx_word' id='word_1_153' title='bbox 3169 774 3319 838; x_wconf 84' lang='lat' dir='ltr'><strong>redit,</strong></span> <span class='ocrx_word' id='word_1_154' title='bbox 3348 780 3495 846; x_wconf 83' lang='lat' dir='ltr'><strong>atque</strong></span> <span class='ocrx_word' id='word_1_155' title='bbox 3519 777 3585 832; x_wconf 79' lang='lat' dir='ltr'><strong>in-</strong></span> 
     </span>
    </p>
   </div>
   <div class='ocr_carea' id='block_1_22' title="bbox 2062 849 3586 935">
    <p class='ocr_par' dir='ltr' id='par_1_22' title="bbox 2062 849 3586 935">
     <span class='ocr_line' id='line_1_22' title="bbox 2062 849 3586 935; baseline 0.006 -25"><span class='ocrx_word' id='word_1_156' title='bbox 2062 857 2229 922; x_wconf 89' lang='lat' dir='ltr'><strong>sistit,</strong></span> <span class='ocrx_word' id='word_1_157' title='bbox 2268 874 2381 928; x_wconf 88' lang='lat' dir='ltr'><strong>qua</strong></span> <span class='ocrx_word' id='word_1_158' title='bbox 2425 859 2689 928; x_wconf 81' lang='lat' dir='ltr'><strong>pecunias</strong></span> <span class='ocrx_word' id='word_1_159' title='bbox 2729 860 2993 930; x_wconf 77' lang='lat' dir='ltr'><strong>colligere</strong></span> <span class='ocrx_word' id='word_1_160' title='bbox 3022 849 3408 931; x_wconf 15' lang='lat' dir='ltr'><strong>iaccelerabant,</strong></span> <span class='ocrx_word' id='word_1_161' title='bbox 3446 864 3586 935; x_wconf 84' lang='lat' dir='ltr'><strong>inque</strong></span> 
     </span>
    </p>
   </div>
   <div class='ocr_carea' id='block_1_23' title="bbox 2061 945 3588 1022">
    <p class='ocr_par' dir='ltr' id='par_1_23' title="bbox 2061 945 3588 1022">
     <span class='ocr_line' id='line_1_23' title="bbox 2061 945 3588 1022; baseline 0.005 -24"><span class='ocrx_word' id='word_1_162' title='bbox 2061 945 2167 1000; x_wconf 90' lang='lat' dir='ltr'><strong>hac</strong></span> <span class='ocrx_word' id='word_1_163' title='bbox 2197 951 2356 1016; x_wconf 90' lang='lat' dir='ltr'><strong>parte</strong></span> <span class='ocrx_word' id='word_1_164' title='bbox 2386 947 2473 1001; x_wconf 88' lang='lat' dir='ltr'><strong>vel</strong></span> <span class='ocrx_word' id='word_1_165' title='bbox 2487 947 2729 1002; x_wconf 89' lang='lat' dir='ltr'><strong>maxime</strong></span> <span class='ocrx_word' id='word_1_166' title='bbox 2757 965 2924 1004; x_wconf 90' lang='lat' dir='ltr'><strong>suum</strong></span> <span class='ocrx_word' id='word_1_167' title='bbox 2952 965 3254 1007; x_wconf 85' lang='lat' dir='ltr'><strong>sermonem</strong></span> <span class='ocrx_word' id='word_1_168' title='bbox 3281 951 3432 1014; x_wconf 81' lang='lat' dir='ltr'><strong>latius</strong></span> <span class='ocrx_word' id='word_1_169' title='bbox 3455 969 3588 1022; x_wconf 77' lang='lat' dir='ltr'><strong>exag-</strong></span> 
     </span>
    </p>
   </div>
   <div class='ocr_carea' id='block_1_24' title="bbox 2059 1037 3588 1108">
    <p class='ocr_par' dir='ltr' id='par_1_24' title="bbox 2059 1037 3588 1108">
     <span class='ocr_line' id='line_1_24' title="bbox 2059 1037 3588 1108; baseline 0.003 -19"><span class='ocrx_word' id='word_1_170' title='bbox 2059 1041 2238 1104; x_wconf 84' lang='lat' dir='ltr'><strong>gerat,</strong></span> <span class='ocrx_word' id='word_1_171' title='bbox 2265 1052 2332 1090; x_wconf 90' lang='lat' dir='ltr'><strong>eo</strong></span> <span class='ocrx_word' id='word_1_172' title='bbox 2363 1037 2510 1108; x_wconf 83' lang='lat' dir='ltr'><strong>quod</strong></span> <span class='ocrx_word' id='word_1_173' title='bbox 2544 1053 2647 1091; x_wconf 91' lang='lat' dir='ltr'><strong>nec</strong></span> <span class='ocrx_word' id='word_1_174' title='bbox 2672 1037 2834 1092; x_wconf 86' lang='lat' dir='ltr'><strong>facile</strong></span> <span class='ocrx_word' id='word_1_175' title='bbox 2863 1054 3024 1108; x_wconf 86' lang='lat' dir='ltr'><strong>posse</strong></span> <span class='ocrx_word' id='word_1_176' title='bbox 3052 1038 3383 1094; x_wconf 83' lang='lat' dir='ltr'><strong>existimabat</strong></span> <span class='ocrx_word' id='word_1_177' title='bbox 3403 1057 3486 1094; x_wconf 88' lang='lat' dir='ltr'><strong>eos</strong></span> <span class='ocrx_word' id='word_1_178' title='bbox 3508 1041 3588 1094; x_wconf 85' lang='lat' dir='ltr'><strong>de-</strong></span> 
     </span>
    </p>
   </div>
   <div class='ocr_carea' id='block_1_25' title="bbox 2059 1125 3589 1200">
    <p class='ocr_par' dir='ltr' id='par_1_25' title="bbox 2059 1125 3589 1200">
     <span class='ocr_line' id='line_1_25' title="bbox 2059 1125 3589 1200; baseline 0.005 -24"><span class='ocrx_word' id='word_1_179' title='bbox 2059 1125 2274 1194; x_wconf 84' lang='lat' dir='ltr'><strong>spicere</strong></span> <span class='ocrx_word' id='word_1_180' title='bbox 2299 1125 2580 1194; x_wconf 78' lang='lat' dir='ltr'><strong>pecunias.</strong></span> <span class='ocrx_word' id='word_1_181' title='bbox 2615 1127 2805 1180; x_wconf 88' lang='lat' dir='ltr'><strong>Sciens</strong></span> <span class='ocrx_word' id='word_1_182' title='bbox 2827 1143 2954 1181; x_wconf 79' lang='lat' dir='ltr'><strong>vero</strong></span> <span class='ocrx_word' id='word_1_183' title='bbox 2975 1133 3034 1181; x_wconf 91' lang='lat' dir='ltr'><strong>et</strong></span> <span class='ocrx_word' id='word_1_184' title='bbox 3051 1128 3183 1182; x_wconf 91' lang='lat' dir='ltr'><strong>illud</strong></span> <span class='ocrx_word' id='word_1_185' title='bbox 3209 1129 3334 1199; x_wconf 85' lang='lat' dir='ltr'><strong>quia</strong></span> <span class='ocrx_word' id='word_1_186' title='bbox 3355 1129 3589 1200; x_wconf 84' lang='lat' dir='ltr'><strong>cupiditas</strong></span> 
     </span>
    </p>
   </div>
   <div class='ocr_carea' id='block_1_26' title="bbox 2060 1213 3588 1285">
    <p class='ocr_par' dir='ltr' id='par_1_26' title="bbox 2060 1213 3588 1285">
     <span class='ocr_line' id='line_1_26' title="bbox 2060 1213 3588 1285; baseline 0.003 -17"><span class='ocrx_word' id='word_1_187' title='bbox 2060 1213 2383 1282; x_wconf 73' lang='lat' dir='ltr'><strong>pecuniaria</strong></span> <span class='ocrx_word' id='word_1_188' title='bbox 2411 1213 2550 1269; x_wconf 86' lang='lat' dir='ltr'><strong>nihil</strong></span> <span class='ocrx_word' id='word_1_189' title='bbox 2579 1231 2645 1268; x_wconf 80' lang='lat' dir='ltr'><strong>ex</strong></span> <span class='ocrx_word' id='word_1_190' title='bbox 2673 1215 2785 1269; x_wconf 88' lang='lat' dir='ltr'><strong>illis</strong></span> <span class='ocrx_word' id='word_1_191' title='bbox 2816 1232 2939 1285; x_wconf 85' lang='lat' dir='ltr'><strong>qua</strong></span> <span class='ocrx_word' id='word_1_192' title='bbox 2959 1217 3079 1271; x_wconf 82' lang='lat' dir='ltr'><strong>fieri</strong></span> <span class='ocrx_word' id='word_1_193' title='bbox 3107 1217 3418 1272; x_wconf 88' lang='lat' dir='ltr'><strong>conveniunt</strong></span> <span class='ocrx_word' id='word_1_194' title='bbox 3440 1216 3588 1272; x_wconf 78' lang='lat' dir='ltr'><strong>facere</strong></span> 
     </span>
    </p>
   </div>
   <div class='ocr_carea' id='block_1_27' title="bbox 2059 1303 3591 1376">
    <p class='ocr_par' dir='ltr' id='par_1_27' title="bbox 2059 1303 3591 1376">
     <span class='ocr_line' id='line_1_27' title="bbox 2059 1303 3591 1376; baseline 0.001 -18"><span class='ocrx_word' id='word_1_195' title='bbox 2059 1303 2354 1372; x_wconf 83' lang='lat' dir='ltr'><strong>permittit,</strong></span> <span class='ocrx_word' id='word_1_196' title='bbox 2394 1303 2688 1374; x_wconf 88' lang='lat' dir='ltr'><strong>despectus</strong></span> <span class='ocrx_word' id='word_1_197' title='bbox 2732 1305 2942 1373; x_wconf 76' lang='lat' dir='ltr'><strong>etenim</strong></span> <span class='ocrx_word' id='word_1_198' title='bbox 2972 1305 3310 1376; x_wconf 86' lang='lat' dir='ltr'><strong>pecuniarius</strong></span> <span class='ocrx_word' id='word_1_199' title='bbox 3350 1305 3490 1360; x_wconf 83' lang='lat' dir='ltr'><strong>facile</strong></span> <span class='ocrx_word' id='word_1_200' title='bbox 3513 1305 3591 1360; x_wconf 79' lang='lat' dir='ltr'><strong>illa</strong></span> 
     </span>
    </p>
   </div>
   <div class='ocr_carea' id='block_1_28' title="bbox 2059 1391 3594 1463">
    <p class='ocr_par' dir='ltr' id='par_1_28' title="bbox 2059 1391 3594 1463">
     <span class='ocr_line' id='line_1_28' title="bbox 2059 1391 3594 1463; baseline 0.004 -20"><span class='ocrx_word' id='word_1_201' title='bbox 2059 1391 2318 1462; x_wconf 76' lang='lat' dir='ltr'><strong>expedire</strong></span> <span class='ocrx_word' id='word_1_202' title='bbox 2344 1392 2477 1447; x_wconf 86' lang='lat' dir='ltr'><strong>facit</strong></span> <span class='ocrx_word' id='word_1_203' title='bbox 2507 1409 2630 1463; x_wconf 81' lang='lat' dir='ltr'><strong>qua</strong></span> <span class='ocrx_word' id='word_1_204' title='bbox 2659 1393 2894 1451; x_wconf 87' lang='lat' dir='ltr'><strong>meliora</strong></span> <span class='ocrx_word' id='word_1_205' title='bbox 2913 1401 3062 1460; x_wconf 88' lang='lat' dir='ltr'><strong>sunt,</strong></span> <span class='ocrx_word' id='word_1_206' title='bbox 3085 1395 3196 1449; x_wconf 86' lang='lat' dir='ltr'><strong>ait:</strong></span> <span class='ocrx_word' id='word_1_207' title='bbox 3224 1413 3249 1447; x_wconf 76' lang='grc' dir='ltr'>ι</span> <span class='ocrx_word' id='word_1_208' title='bbox 3279 1395 3594 1458; x_wconf 75' lang='lat' dir='ltr'><strong>Quastusest</strong></span> 
     </span>
    </p>
   </div>
   <div class='ocr_carea' id='block_1_29' title="bbox 2057 1481 3591 1553">
    <p class='ocr_par' dir='ltr' id='par_1_29' title="bbox 2057 1481 3591 1553">
     <span class='ocr_line' id='line_1_29' title="bbox 2057 1481 3591 1553; baseline 0.002 -19"><span class='ocrx_word' id='word_1_209' title='bbox 2057 1497 2313 1550; x_wconf 81' lang='lat' dir='ltr'><strong>magnus,</strong></span> <span class='ocrx_word' id='word_1_210' title='bbox 2339 1481 2518 1552; x_wconf 89' lang='lat' dir='ltr'><strong>pietas</strong></span> <span class='ocrx_word' id='word_1_211' title='bbox 2545 1499 2673 1536; x_wconf 89' lang='lat' dir='ltr'><strong>cum</strong></span> <span class='ocrx_word' id='word_1_212' title='bbox 2693 1483 3046 1538; x_wconf 82' lang='lat' dir='ltr'><strong>sufficientia.</strong></span> <span class='ocrx_word' id='word_1_213' title='bbox 3074 1503 3093 1534; x_wconf 75' lang='grc' dir='ltr'><strong><em>ι</em></strong></span> <span class='ocrx_word' id='word_1_214' title='bbox 3113 1484 3364 1553; x_wconf 72' lang='lat' dir='ltr'><strong>Magnum</strong></span> <span class='ocrx_word' id='word_1_215' title='bbox 3390 1484 3591 1548; x_wconf 85' lang='lat' dir='ltr'><strong>lucrum,</strong></span> 
     </span>
    </p>
   </div>
   <div class='ocr_carea' id='block_1_30' title="bbox 2058 1569 3599 1643">
    <p class='ocr_par' dir='ltr' id='par_1_30' title="bbox 2058 1569 3599 1643">
     <span class='ocr_line' id='line_1_30' title="bbox 2058 1569 3599 1643; baseline 0.001 -19"><span class='ocrx_word' id='word_1_216' title='bbox 2058 1586 2275 1638; x_wconf 86' lang='lat' dir='ltr'><strong>magna</strong></span> <span class='ocrx_word' id='word_1_217' title='bbox 2322 1569 2546 1634; x_wconf 87' lang='lat' dir='ltr'><strong>divitia,</strong></span> <span class='ocrx_word' id='word_1_218' title='bbox 2580 1571 2854 1626; x_wconf 87' lang='lat' dir='ltr'><strong>lucrativa</strong></span> <span class='ocrx_word' id='word_1_219' title='bbox 2900 1572 3203 1642; x_wconf 82' lang='lat' dir='ltr'><strong>negotiatio</strong></span> <span class='ocrx_word' id='word_1_220' title='bbox 3233 1572 3400 1643; x_wconf 87' lang='lat' dir='ltr'><strong>pietas</strong></span> <span class='ocrx_word' id='word_1_221' title='bbox 3431 1576 3520 1637; x_wconf 90' lang='lat' dir='ltr'><strong>est,</strong></span> <span class='ocrx_word' id='word_1_222' title='bbox 3547 1578 3599 1626; x_wconf 88' lang='lat' dir='ltr'><strong>ut</strong></span> 
     </span>
    </p>
   </div>
   <div class='ocr_carea' id='block_1_31' title="bbox 2058 1659 3598 1729">
    <p class='ocr_par' dir='ltr' id='par_1_31' title="bbox 2058 1659 3598 1729">
     <span class='ocr_line' id='line_1_31' title="bbox 2058 1659 3598 1729; baseline 0.002 -18"><span class='ocrx_word' id='word_1_223' title='bbox 2058 1675 2192 1727; x_wconf 78' lang='lat' dir='ltr'><strong>erga</strong></span> <span class='ocrx_word' id='word_1_224' title='bbox 2219 1675 2288 1715; x_wconf 88' lang='lat' dir='ltr'><strong>ea</strong></span> <span class='ocrx_word' id='word_1_225' title='bbox 2329 1659 2550 1714; x_wconf 88' lang='lat' dir='ltr'><strong>solliciti</strong></span> <span class='ocrx_word' id='word_1_226' title='bbox 2591 1660 2789 1726; x_wconf 89' lang='lat' dir='ltr'><strong>simus,</strong></span> <span class='ocrx_word' id='word_1_227' title='bbox 2809 1661 3230 1716; x_wconf 85' lang='lat' dir='ltr'><strong>necessitatibus</strong></span> <span class='ocrx_word' id='word_1_228' title='bbox 3256 1661 3447 1729; x_wconf 78' lang='lat' dir='ltr'><strong>nostris</strong></span> <span class='ocrx_word' id='word_1_229' title='bbox 3473 1659 3598 1714; x_wconf 73' lang='lat' dir='ltr'><strong>sufﬁ-</strong></span> 
     </span>
    </p>
   </div>
   <div class='ocr_carea' id='block_1_32' title="bbox 380 1737 3600 1822">
    <p class='ocr_par' dir='ltr' id='par_1_32' title="bbox 380 1737 3600 1822">
     <span class='ocr_line' id='line_1_32' title="bbox 380 1737 3600 1822; baseline 0 -19"><span class='ocrx_word' id='word_1_230' title='bbox 380 1749 616 1812; x_wconf 84' lang='lat' dir='ltr'><strong>dixerat,</strong></span> <span class='ocrx_word' id='word_1_231' title='bbox 645 1749 856 1803; x_wconf 90' lang='lat' dir='ltr'><strong>dictum</strong></span> <span class='ocrx_word' id='word_1_232' title='bbox 885 1765 1176 1803; x_wconf 86' lang='lat' dir='ltr'><strong>resumens</strong></span> <span class='ocrx_word' id='word_1_233' title='bbox 1205 1749 1263 1803; x_wconf 90' lang='lat' dir='ltr'><strong>in</strong></span> <span class='ocrx_word' id='word_1_234' title='bbox 1293 1750 1403 1803; x_wconf 89' lang='lat' dir='ltr'><strong>illis</strong></span> <span class='ocrx_word' id='word_1_235' title='bbox 1430 1749 1566 1820; x_wconf 85' lang='lat' dir='ltr'><strong>ipsis</strong></span> <span class='ocrx_word' id='word_1_236' title='bbox 1593 1750 1767 1804; x_wconf 89' lang='lat' dir='ltr'><strong>etiam</strong></span> <span class='ocrx_word' id='word_1_237' title='bbox 1803 1751 1974 1804; x_wconf 85' lang='lat' dir='ltr'><strong>finem</strong></span> <span class='ocrx_word' id='word_1_238' title='bbox 1995 1737 2286 1803; x_wconf 83' lang='lat' dir='ltr'><strong>Bcicntes.</strong></span> <span class='ocrx_word' id='word_1_239' title='bbox 2322 1749 2471 1802; x_wconf 89' lang='lat' dir='ltr'><strong>Bene</strong></span> <span class='ocrx_word' id='word_1_240' title='bbox 2501 1765 2628 1802; x_wconf 87' lang='lat' dir='ltr'><strong>vero</strong></span> <span class='ocrx_word' id='word_1_241' title='bbox 2676 1749 2888 1820; x_wconf 84' lang='lat' dir='ltr'><strong>adjicit,</strong></span> <span class='ocrx_word' id='word_1_242' title='bbox 2929 1775 2950 1802; x_wconf 82' lang='lat'><strong>.-</strong></span> <span class='ocrx_word' id='word_1_243' title='bbox 2995 1751 3174 1822; x_wconf 84' lang='lat' dir='ltr'><strong>pietas</strong></span> <span class='ocrx_word' id='word_1_244' title='bbox 3207 1767 3330 1804; x_wconf 91' lang='lat' dir='ltr'><strong>cum</strong></span> <span class='ocrx_word' id='word_1_245' title='bbox 3357 1749 3600 1818; x_wconf 75' lang='lat' dir='ltr'><strong>sufﬁcien-</strong></span> 
     </span>
    </p>
   </div>
   <div class='ocr_carea' id='block_1_33' title="bbox 379 1838 1978 1910">
    <p class='ocr_par' dir='ltr' id='par_1_33' title="bbox 379 1838 1978 1910">
     <span class='ocr_line' id='line_1_33' title="bbox 379 1838 1978 1910; baseline 0 -18"><span class='ocrx_word' id='word_1_246' title='bbox 379 1839 678 1905; x_wconf 84' lang='lat' dir='ltr'><strong>cencludit,</strong></span> <span class='ocrx_word' id='word_1_247' title='bbox 711 1845 913 1893; x_wconf 88' lang='lat' dir='ltr'><strong>catera</strong></span> <span class='ocrx_word' id='word_1_248' title='bbox 956 1838 1015 1892; x_wconf 92' lang='lat' dir='ltr'><strong>in</strong></span> <span class='ocrx_word' id='word_1_249' title='bbox 1045 1839 1233 1892; x_wconf 91' lang='lat' dir='ltr'><strong>media</strong></span> <span class='ocrx_word' id='word_1_250' title='bbox 1270 1845 1428 1910; x_wconf 89' lang='lat' dir='ltr'><strong>parte</strong></span> <span class='ocrx_word' id='word_1_251' title='bbox 1461 1839 1720 1909; x_wconf 86' lang='lat' dir='ltr'><strong>Epistola</strong></span> <span class='ocrx_word' id='word_1_252' title='bbox 1765 1839 1978 1908; x_wconf 85' lang='lat' dir='ltr'><strong>interji-</strong></span> 
     </span>
    </p>
   </div>
   <div class='ocr_carea' id='block_1_34' title="bbox 379 1926 1978 1998">
    <p class='ocr_par' dir='ltr' id='par_1_34' title="bbox 379 1926 1978 1998">
     <span class='ocr_line' id='line_1_34' title="bbox 379 1926 1978 1998; baseline 0.001 -17"><span class='ocrx_word' id='word_1_253' title='bbox 379 1928 551 1982; x_wconf 91' lang='lat' dir='ltr'><strong>ciens.</strong></span> <span class='ocrx_word' id='word_1_254' title='bbox 589 1946 615 1990; x_wconf 68' lang='grc' dir='ltr'><strong>ς(</strong></span> <span class='ocrx_word' id='word_1_255' title='bbox 647 1927 706 1982; x_wconf 86' lang='lat' dir='ltr'><strong>Si</strong></span> <span class='ocrx_word' id='word_1_256' title='bbox 736 1927 879 1998; x_wconf 85' lang='lat' dir='ltr'><strong>quis,</strong></span> <span class='ocrx_word' id='word_1_257' title='bbox 908 1926 1112 1998; x_wconf 88' lang='lat' dir='ltr'><strong>inquit,</strong></span> <span class='ocrx_word' id='word_1_258' title='bbox 1145 1928 1310 1982; x_wconf 89' lang='lat' dir='ltr'><strong>aliter</strong></span> <span class='ocrx_word' id='word_1_259' title='bbox 1337 1928 1502 1983; x_wconf 89' lang='lat' dir='ltr'><strong>docet</strong></span> <span class='ocrx_word' id='word_1_260' title='bbox 1531 1932 1589 1981; x_wconf 90' lang='lat' dir='ltr'><strong>et</strong></span> <span class='ocrx_word' id='word_1_261' title='bbox 1616 1944 1729 1982; x_wconf 89' lang='lat' dir='ltr'><strong>non</strong></span> <span class='ocrx_word' id='word_1_262' title='bbox 1757 1927 1978 1998; x_wconf 85' lang='lat' dir='ltr'><strong>acquie-</strong></span> 
     </span>
    </p>
   </div>
   <div class='ocr_carea' id='block_1_35' title="bbox 384 2015 1979 2080">
    <p class='ocr_par' dir='ltr' id='par_1_35' title="bbox 384 2015 1979 2080">
     <span class='ocr_line' id='line_1_35' title="bbox 384 2015 1979 2080; baseline 0.003 -14"><span class='ocrx_word' id='word_1_263' title='bbox 384 2036 409 2067; x_wconf 85' lang='lat'>«</span> <span class='ocrx_word' id='word_1_264' title='bbox 439 2017 545 2072; x_wconf 86' lang='lat' dir='ltr'><strong>scit</strong></span> <span class='ocrx_word' id='word_1_265' title='bbox 582 2015 936 2072; x_wconf 84' lang='lat' dir='ltr'><strong>sermonibus</strong></span> <span class='ocrx_word' id='word_1_266' title='bbox 979 2017 1203 2071; x_wconf 89' lang='lat' dir='ltr'><strong>Domini</strong></span> <span class='ocrx_word' id='word_1_267' title='bbox 1247 2017 1426 2071; x_wconf 84' lang='lat' dir='ltr'><strong>nostri</strong></span> <span class='ocrx_word' id='word_1_268' title='bbox 1477 2018 1609 2072; x_wconf 87' lang='lat' dir='ltr'><strong>Jesu</strong></span> <span class='ocrx_word' id='word_1_269' title='bbox 1657 2016 1883 2080; x_wconf 87' lang='lat' dir='ltr'><strong>Christi,</strong></span> <span class='ocrx_word' id='word_1_270' title='bbox 1921 2021 1979 2070; x_wconf 91' lang='lat' dir='ltr'><strong>et</strong></span> 
     </span>
    </p>
   </div>
   <div class='ocr_carea' id='block_1_36' title="bbox 384 2105 1976 2177">
    <p class='ocr_par' dir='ltr' id='par_1_36' title="bbox 384 2105 1976 2177">
     <span class='ocr_line' id='line_1_36' title="bbox 384 2105 1976 2177; baseline 0 -17"><span class='ocrx_word' id='word_1_271' title='bbox 384 2125 406 2154; x_wconf 85' lang='grc'><strong>‹‹</strong></span> <span class='ocrx_word' id='word_1_272' title='bbox 442 2107 495 2160; x_wconf 91' lang='lat' dir='ltr'><strong>ei</strong></span> <span class='ocrx_word' id='word_1_273' title='bbox 526 2123 649 2177; x_wconf 85' lang='lat' dir='ltr'><strong>qua</strong></span> <span class='ocrx_word' id='word_1_274' title='bbox 675 2106 982 2160; x_wconf 85' lang='lat' dir='ltr'><strong>secundum</strong></span> <span class='ocrx_word' id='word_1_275' title='bbox 1002 2106 1270 2177; x_wconf 86' lang='lat' dir='ltr'><strong>pietatem</strong></span> <span class='ocrx_word' id='word_1_276' title='bbox 1290 2112 1377 2160; x_wconf 91' lang='lat' dir='ltr'><strong>est</strong></span> <span class='ocrx_word' id='word_1_277' title='bbox 1393 2105 1679 2172; x_wconf 85' lang='lat' dir='ltr'><strong>dqctrina,</strong></span> <span class='ocrx_word' id='word_1_278' title='bbox 1703 2105 1976 2177; x_wconf 89' lang='lat' dir='ltr'><strong>superbus</strong></span> 
     </span>
    </p>
   </div>
   <div class='ocr_carea' id='block_1_37' title="bbox 383 2193 1976 2264">
    <p class='ocr_par' dir='ltr' id='par_1_37' title="bbox 383 2193 1976 2264">
     <span class='ocr_line' id='line_1_37' title="bbox 383 2193 1976 2264; baseline 0.003 -20"><span class='ocrx_word' id='word_1_279' title='bbox 383 2213 408 2245; x_wconf 86' lang='lat'>«</span> <span class='ocrx_word' id='word_1_280' title='bbox 439 2200 528 2249; x_wconf 85' lang='lat' dir='ltr'><strong>est</strong></span> <span class='ocrx_word' id='word_1_281' title='bbox 553 2199 612 2248; x_wconf 87' lang='lat' dir='ltr'><strong>et</strong></span> <span class='ocrx_word' id='word_1_282' title='bbox 631 2193 772 2260; x_wconf 83' lang='lat' dir='ltr'><strong>nihil</strong></span> <span class='ocrx_word' id='word_1_283' title='bbox 799 2194 998 2248; x_wconf 87' lang='lat' dir='ltr'><strong>sciens.</strong></span> <span class='ocrx_word' id='word_1_284' title='bbox 1027 2213 1049 2244; x_wconf 75' lang='grc' dir='ltr'><strong><em>ι</em></strong></span> <span class='ocrx_word' id='word_1_285' title='bbox 1089 2195 1240 2250; x_wconf 88' lang='lat' dir='ltr'><strong>Bene</strong></span> <span class='ocrx_word' id='word_1_286' title='bbox 1267 2195 1496 2250; x_wconf 85' lang='lat' dir='ltr'><strong>elationi</strong></span> <span class='ocrx_word' id='word_1_287' title='bbox 1526 2194 1815 2264; x_wconf 81' lang='lat' dir='ltr'><strong>conjunxit</strong></span> <span class='ocrx_word' id='word_1_288' title='bbox 1835 2195 1976 2248; x_wconf 87' lang='lat' dir='ltr'><strong>nihil</strong></span> 
     </span>
    </p>
   </div>
   <div class='ocr_carea' id='block_1_38' title="bbox 378 2283 1976 2354">
    <p class='ocr_par' dir='ltr' id='par_1_38' title="bbox 378 2283 1976 2354">
     <span class='ocr_line' id='line_1_38' title="bbox 378 2283 1976 2354; baseline 0 -17"><span class='ocrx_word' id='word_1_289' title='bbox 378 2283 521 2338; x_wconf 88' lang='lat' dir='ltr'><strong>seire</strong></span> <span class='ocrx_word' id='word_1_290' title='bbox 554 2301 565 2336; x_wconf 89' lang='lat'><strong>:</strong></span> <span class='ocrx_word' id='word_1_291' title='bbox 601 2283 768 2338; x_wconf 88' lang='lat' dir='ltr'><strong>elatio</strong></span> <span class='ocrx_word' id='word_1_292' title='bbox 817 2300 948 2338; x_wconf 86' lang='lat' dir='ltr'><strong>vera</strong></span> <span class='ocrx_word' id='word_1_293' title='bbox 989 2285 1209 2339; x_wconf 87' lang='lat' dir='ltr'><strong>ratione</strong></span> <span class='ocrx_word' id='word_1_294' title='bbox 1253 2283 1462 2350; x_wconf 81' lang='lat' dir='ltr'><strong>dicitur</strong></span> <span class='ocrx_word' id='word_1_295' title='bbox 1507 2284 1606 2338; x_wconf 90' lang='lat' dir='ltr'><strong>illa</strong></span> <span class='ocrx_word' id='word_1_296' title='bbox 1650 2300 1791 2347; x_wconf 89' lang='lat' dir='ltr'><strong>esse,</strong></span> <span class='ocrx_word' id='word_1_297' title='bbox 1853 2301 1976 2354; x_wconf 83' lang='lat' dir='ltr'><strong>qua</strong></span> 
     </span>
    </p>
   </div>
   <div class='ocr_carea' id='block_1_39' title="bbox 377 2371 1976 2444">
    <p class='ocr_par' dir='ltr' id='par_1_39' title="bbox 377 2371 1976 2444">
     <span class='ocr_line' id='line_1_39' title="bbox 377 2371 1976 2444; baseline -0.001 -17"><span class='ocrx_word' id='word_1_298' title='bbox 377 2373 634 2434; x_wconf 81' lang='lat' dir='ltr'><strong>homines</strong></span> <span class='ocrx_word' id='word_1_299' title='bbox 679 2388 888 2442; x_wconf 79' lang='lat' dir='ltr'><strong>magna</strong></span> <span class='ocrx_word' id='word_1_300' title='bbox 915 2389 1113 2444; x_wconf 88' lang='lat' dir='ltr'><strong>sapere</strong></span> <span class='ocrx_word' id='word_1_301' title='bbox 1158 2373 1292 2427; x_wconf 88' lang='lat' dir='ltr'><strong>facit</strong></span> <span class='ocrx_word' id='word_1_302' title='bbox 1315 2373 1385 2427; x_wconf 92' lang='lat' dir='ltr'><strong>de</strong></span> <span class='ocrx_word' id='word_1_303' title='bbox 1414 2373 1526 2428; x_wconf 87' lang='lat' dir='ltr'><strong>illis</strong></span> <span class='ocrx_word' id='word_1_304' title='bbox 1553 2389 1676 2444; x_wconf 86' lang='lat' dir='ltr'><strong>qua</strong></span> <span class='ocrx_word' id='word_1_305' title='bbox 1711 2371 1816 2426; x_wconf 89' lang='lat' dir='ltr'><strong>sibi</strong></span> <span class='ocrx_word' id='word_1_306' title='bbox 1863 2389 1976 2427; x_wconf 91' lang='lat' dir='ltr'><strong>non</strong></span> 
     </span>
    </p>
   </div>
   <div class='ocr_carea' id='block_1_40' title="bbox 378 2461 1976 2533">
    <p class='ocr_par' dir='ltr' id='par_1_40' title="bbox 378 2461 1976 2533">
     <span class='ocr_line' id='line_1_40' title="bbox 378 2461 1976 2533; baseline 0 -17"><span class='ocrx_word' id='word_1_307' title='bbox 378 2461 602 2527; x_wconf 78' lang='lat' dir='ltr'><strong>adsunt,</strong></span> <span class='ocrx_word' id='word_1_308' title='bbox 625 2461 928 2532; x_wconf 81' lang='lat' dir='ltr'><strong>etquidem</strong></span> <span class='ocrx_word' id='word_1_309' title='bbox 949 2462 1258 2518; x_wconf 80' lang='lat' dir='ltr'><strong>maximum</strong></span> <span class='ocrx_word' id='word_1_310' title='bbox 1277 2467 1365 2516; x_wconf 91' lang='lat' dir='ltr'><strong>est</strong></span> <span class='ocrx_word' id='word_1_311' title='bbox 1381 2461 1492 2516; x_wconf 90' lang='lat' dir='ltr'><strong>illis</strong></span> <span class='ocrx_word' id='word_1_312' title='bbox 1511 2461 1892 2533; x_wconf 89' lang='lat' dir='ltr'><strong>opprobrium,</strong></span> <span class='ocrx_word' id='word_1_313' title='bbox 1911 2468 1976 2516; x_wconf 91' lang='lat' dir='ltr'><strong>ut</strong></span> 
     </span>
    </p>
   </div>
   <div class='ocr_carea' id='block_1_41' title="bbox 377 2550 1974 2620">
    <p class='ocr_par' dir='ltr' id='par_1_41' title="bbox 377 2550 1974 2620">
     <span class='ocr_line' id='line_1_41' title="bbox 377 2550 1974 2620; baseline 0.001 -16"><span class='ocrx_word' id='word_1_314' title='bbox 377 2550 520 2605; x_wconf 71' lang='lat' dir='ltr'><strong>alios</strong></span> <span class='ocrx_word' id='word_1_315' title='bbox 547 2550 748 2618; x_wconf 81' lang='lat' dir='ltr'><strong>dooere</strong></span> <span class='ocrx_word' id='word_1_316' title='bbox 776 2551 1113 2620; x_wconf 76' lang='lat' dir='ltr'><strong>promittant</strong></span> <span class='ocrx_word' id='word_1_317' title='bbox 1142 2567 1270 2613; x_wconf 87' lang='lat' dir='ltr'><strong>cum</strong></span> <span class='ocrx_word' id='word_1_318' title='bbox 1295 2550 1402 2620; x_wconf 90' lang='lat' dir='ltr'><strong>ipsi</strong></span> <span class='ocrx_word' id='word_1_319' title='bbox 1429 2550 1569 2604; x_wconf 89' lang='lat' dir='ltr'><strong>nihil</strong></span> <span class='ocrx_word' id='word_1_320' title='bbox 1599 2551 1796 2604; x_wconf 89' lang='lat' dir='ltr'><strong>sciant.</strong></span> <span class='ocrx_word' id='word_1_321' title='bbox 1828 2551 1974 2606; x_wconf 85' lang='lat' dir='ltr'><strong>Nam</strong></span> 
     </span>
    </p>
   </div>
   <div class='ocr_carea' id='block_1_42' title="bbox 379 2638 1974 2710">
    <p class='ocr_par' dir='ltr' id='par_1_42' title="bbox 379 2638 1974 2710">
     <span class='ocr_line' id='line_1_42' title="bbox 379 2638 1974 2710; baseline -0.001 -17"><span class='ocrx_word' id='word_1_322' title='bbox 379 2645 437 2693; x_wconf 85' lang='lat' dir='ltr'><strong>et</strong></span> <span class='ocrx_word' id='word_1_323' title='bbox 463 2639 532 2693; x_wconf 87' lang='lat' dir='ltr'><strong>de</strong></span> <span class='ocrx_word' id='word_1_324' title='bbox 561 2638 666 2692; x_wconf 90' lang='lat' dir='ltr'><strong>hoc</strong></span> <span class='ocrx_word' id='word_1_325' title='bbox 690 2639 812 2710; x_wconf 88' lang='lat' dir='ltr'><strong>ipso</strong></span> <span class='ocrx_word' id='word_1_326' title='bbox 837 2639 1081 2694; x_wconf 84' lang='lat' dir='ltr'><strong>derideri</strong></span> <span class='ocrx_word' id='word_1_327' title='bbox 1107 2639 1263 2709; x_wconf 85' lang='lat' dir='ltr'><strong>digni</strong></span> <span class='ocrx_word' id='word_1_328' title='bbox 1292 2646 1444 2703; x_wconf 90' lang='lat' dir='ltr'><strong>sunt,</strong></span> <span class='ocrx_word' id='word_1_329' title='bbox 1461 2639 1597 2693; x_wconf 89' lang='lat' dir='ltr'><strong>dum</strong></span> <span class='ocrx_word' id='word_1_330' title='bbox 1616 2639 1756 2692; x_wconf 89' lang='lat' dir='ltr'><strong>alios</strong></span> <span class='ocrx_word' id='word_1_331' title='bbox 1775 2639 1974 2693; x_wconf 90' lang='lat' dir='ltr'><strong>docere</strong></span> 
     </span>
    </p>
   </div>
   <div class='ocr_carea' id='block_1_43' title="bbox 377 2727 1972 2800">
    <p class='ocr_par' dir='ltr' id='par_1_43' title="bbox 377 2727 1972 2800">
     <span class='ocr_line' id='line_1_43' title="bbox 377 2727 1972 2800; baseline -0.001 -17"><span class='ocrx_word' id='word_1_332' title='bbox 377 2727 772 2800; x_wconf 72' lang='lat' dir='ltr'><strong>promittentes</strong></span> <span class='ocrx_word' id='word_1_333' title='bbox 795 2727 904 2798; x_wconf 89' lang='lat' dir='ltr'><strong>ipsi</strong></span> <span class='ocrx_word' id='word_1_334' title='bbox 939 2728 1081 2782; x_wconf 89' lang='lat' dir='ltr'><strong>nihil</strong></span> <span class='ocrx_word' id='word_1_335' title='bbox 1119 2727 1320 2796; x_wconf 80' lang='lat' dir='ltr'><strong>sciant.</strong></span> <span class='ocrx_word' id='word_1_336' title='bbox 1353 2728 1535 2798; x_wconf 83' lang='lat' dir='ltr'><strong>Hujus</strong></span> <span class='ocrx_word' id='word_1_337' title='bbox 1563 2744 1692 2781; x_wconf 80' lang='lat' dir='ltr'><strong>vero</strong></span> <span class='ocrx_word' id='word_1_338' title='bbox 1723 2727 1803 2786; x_wconf 87' lang='lat' dir='ltr'><strong>rei</strong></span> <span class='ocrx_word' id='word_1_339' title='bbox 1841 2744 1972 2798; x_wconf 87' lang='lat' dir='ltr'><strong>pro-</strong></span> 
     </span>
    </p>
   </div>
   <div class='ocr_carea' id='block_1_44' title="bbox 378 2816 1971 2887">
    <p class='ocr_par' dir='ltr' id='par_1_44' title="bbox 378 2816 1971 2887">
     <span class='ocr_line' id='line_1_44' title="bbox 378 2816 1971 2887; baseline 0.001 -17"><span class='ocrx_word' id='word_1_340' title='bbox 378 2816 530 2871; x_wconf 88' lang='lat' dir='ltr'><strong>batio</strong></span> <span class='ocrx_word' id='word_1_341' title='bbox 559 2832 626 2870; x_wconf 75' lang='lat' dir='ltr'><strong>ex</strong></span> <span class='ocrx_word' id='word_1_342' title='bbox 665 2816 1108 2887; x_wconf 77' lang='lat' dir='ltr'><strong>pracedentibus</strong></span> <span class='ocrx_word' id='word_1_343' title='bbox 1146 2816 1396 2886; x_wconf 86' lang='lat' dir='ltr'><strong>apertius</strong></span> <span class='ocrx_word' id='word_1_344' title='bbox 1439 2822 1526 2870; x_wconf 85' lang='lat' dir='ltr'><strong>est</strong></span> <span class='ocrx_word' id='word_1_345' title='bbox 1571 2816 1884 2883; x_wconf 82' lang='lat' dir='ltr'><strong>manifesta,</strong></span> <span class='ocrx_word' id='word_1_346' title='bbox 1925 2817 1971 2871; x_wconf 88' lang='lat' dir='ltr'><strong>si</strong></span> 
     </span>
    </p>
   </div>
   <div class='ocr_carea' id='block_1_45' title="bbox 380 2905 1973 2976">
    <p class='ocr_par' dir='ltr' id='par_1_45' title="bbox 380 2905 1973 2976">
     <span class='ocr_line' id='line_1_45' title="bbox 380 2905 1973 2976; baseline 0 -16"><span class='ocrx_word' id='word_1_347' title='bbox 380 2906 533 2960; x_wconf 86' lang='lat' dir='ltr'><strong>enim</strong></span> <span class='ocrx_word' id='word_1_348' title='bbox 563 2921 678 2973; x_wconf 79' lang='lat' dir='ltr'><strong>non</strong></span> <span class='ocrx_word' id='word_1_349' title='bbox 723 2905 1027 2962; x_wconf 84' lang='lat' dir='ltr'><strong>intendunt</strong></span> <span class='ocrx_word' id='word_1_350' title='bbox 1069 2905 1153 2960; x_wconf 89' lang='lat' dir='ltr'><strong>illi</strong></span> <span class='ocrx_word' id='word_1_351' title='bbox 1199 2905 1464 2972; x_wconf 80' lang='lat' dir='ltr'><strong>doctrina</strong></span> <span class='ocrx_word' id='word_1_352' title='bbox 1508 2922 1631 2976; x_wconf 86' lang='lat' dir='ltr'><strong>qua</strong></span> <span class='ocrx_word' id='word_1_353' title='bbox 1668 2906 1973 2960; x_wconf 89' lang='lat' dir='ltr'><strong>secundum</strong></span> 
     </span>
    </p>
   </div>
   <div class='ocr_carea' id='block_1_46' title="bbox 2057 1837 3600 1902">
    <p class='ocr_par' dir='ltr' id='par_1_46' title="bbox 2057 1837 3600 1902">
     <span class='ocr_line' id='line_1_46' title="bbox 2057 1837 3600 1902; baseline 0 -12"><span class='ocrx_word' id='word_1_354' title='bbox 2057 1837 2158 1902; x_wconf 87' lang='lat' dir='ltr'><strong>tia,</strong></span> <span class='ocrx_word' id='word_1_355' title='bbox 2185 1855 2212 1889; x_wconf 68' lang='grc' dir='ltr'><strong>ι</strong></span> <span class='ocrx_word' id='word_1_356' title='bbox 2243 1837 2323 1891; x_wconf 87' lang='lat' dir='ltr'><strong>ita</strong></span> <span class='ocrx_word' id='word_1_357' title='bbox 2363 1842 2424 1892; x_wconf 91' lang='lat' dir='ltr'><strong>ut</strong></span> <span class='ocrx_word' id='word_1_358' title='bbox 2470 1843 2527 1891; x_wconf 89' lang='lat' dir='ltr'><strong>et</strong></span> <span class='ocrx_word' id='word_1_359' title='bbox 2567 1839 2958 1893; x_wconf 80' lang='lat' dir='ltr'><strong>necessitatem</strong></span> <span class='ocrx_word' id='word_1_360' title='bbox 3002 1856 3112 1894; x_wconf 87' lang='lat' dir='ltr'><strong>non</strong></span> <span class='ocrx_word' id='word_1_361' title='bbox 3149 1839 3417 1893; x_wconf 79' lang='lat' dir='ltr'><strong>videretur</strong></span> <span class='ocrx_word' id='word_1_362' title='bbox 3452 1839 3600 1897; x_wconf 79' lang='lat' dir='ltr'><strong>inter-</strong></span> 
     </span>
    </p>
   </div>
   <div class='ocr_carea' id='block_1_47' title="bbox 2058 1925 3602 1996">
    <p class='ocr_par' dir='ltr' id='par_1_47' title="bbox 2058 1925 3602 1996">
     <span class='ocr_line' id='line_1_47' title="bbox 2058 1925 3602 1996; baseline 0.001 -18"><span class='ocrx_word' id='word_1_363' title='bbox 2058 1925 2260 1996; x_wconf 90' lang='lat' dir='ltr'><strong>cipere,</strong></span> <span class='ocrx_word' id='word_1_364' title='bbox 2310 1931 2366 1980; x_wconf 92' lang='lat' dir='ltr'><strong>et</strong></span> <span class='ocrx_word' id='word_1_365' title='bbox 2409 1925 2720 1996; x_wconf 74' lang='lat' dir='ltr'><strong>nimietatis</strong></span> <span class='ocrx_word' id='word_1_366' title='bbox 2767 1928 3020 1984; x_wconf 90' lang='lat' dir='ltr'><strong>studium</strong></span> <span class='ocrx_word' id='word_1_367' title='bbox 3061 1928 3358 1993; x_wconf 81' lang='lat' dir='ltr'><strong>excludere,</strong></span> <span class='ocrx_word' id='word_1_368' title='bbox 3387 1933 3440 1981; x_wconf 89' lang='lat' dir='ltr'><strong>et</strong></span> <span class='ocrx_word' id='word_1_369' title='bbox 3474 1927 3602 1980; x_wconf 88' lang='lat' dir='ltr'><strong>omni</strong></span> 
     </span>
    </p>
   </div>
   <div class='ocr_carea' id='block_1_48' title="bbox 2059 2014 3604 2088">
    <p class='ocr_par' dir='ltr' id='par_1_48' title="bbox 2059 2014 3604 2088">
     <span class='ocr_line' id='line_1_48' title="bbox 2059 2014 3604 2088; baseline 0 -20"><span class='ocrx_word' id='word_1_370' title='bbox 2059 2031 2124 2068; x_wconf 80' lang='lat' dir='ltr'><strong>ex</strong></span> <span class='ocrx_word' id='word_1_371' title='bbox 2142 2019 2303 2085; x_wconf 86' lang='lat' dir='ltr'><strong>parte</strong></span> <span class='ocrx_word' id='word_1_372' title='bbox 2319 2015 2754 2070; x_wconf 87' lang='lat' dir='ltr'><strong>sollicitudinem</strong></span> <span class='ocrx_word' id='word_1_373' title='bbox 2776 2017 3143 2088; x_wconf 88' lang='lat' dir='ltr'><strong>pecuniarum</strong></span> <span class='ocrx_word' id='word_1_374' title='bbox 3165 2016 3418 2071; x_wconf 88' lang='lat' dir='ltr'><strong>adimere.</strong></span> <span class='ocrx_word' id='word_1_375' title='bbox 3436 2035 3456 2067; x_wconf 80' lang='grc' dir='ltr'>ι</span> <span class='ocrx_word' id='word_1_376' title='bbox 3477 2014 3604 2069; x_wconf 75' lang='lat' dir='ltr'><strong>Nihil</strong></span> 
     </span>
    </p>
   </div>
   <div class='ocr_carea' id='block_1_49' title="bbox 2059 2103 3602 2176">
    <p class='ocr_par' dir='ltr' id='par_1_49' title="bbox 2059 2103 3602 2176">
     <span class='ocr_line' id='line_1_49' title="bbox 2059 2103 3602 2176; baseline 0 -18"><span class='ocrx_word' id='word_1_377' title='bbox 2059 2104 2209 2158; x_wconf 89' lang='lat' dir='ltr'><strong>enim</strong></span> <span class='ocrx_word' id='word_1_378' title='bbox 2246 2104 2538 2166; x_wconf 85' lang='lat' dir='ltr'><strong>intulimus</strong></span> <span class='ocrx_word' id='word_1_379' title='bbox 2582 2105 2642 2160; x_wconf 89' lang='lat' dir='ltr'><strong>in</strong></span> <span class='ocrx_word' id='word_1_380' title='bbox 2685 2105 2838 2161; x_wconf 88' lang='lat' dir='ltr'><strong>hunc</strong></span> <span class='ocrx_word' id='word_1_381' title='bbox 2875 2106 3168 2176; x_wconf 78' lang='lat' dir='ltr'><strong>mundum,</strong></span> <span class='ocrx_word' id='word_1_382' title='bbox 3201 2105 3347 2161; x_wconf 88' lang='lat' dir='ltr'><strong>haud</strong></span> <span class='ocrx_word' id='word_1_383' title='bbox 3386 2103 3602 2166; x_wconf 86' lang='lat' dir='ltr'><strong>dubium,</strong></span> 
     </span>
    </p>
   </div>
   <div class='ocr_carea' id='block_1_50' title="bbox 2058 2193 3668 2265">
    <p class='ocr_par' dir='ltr' id='par_1_50' title="bbox 2058 2193 3668 2265">
     <span class='ocr_line' id='line_1_50' title="bbox 2058 2193 3668 2265; baseline -0.001 -17"><span class='ocrx_word' id='word_1_384' title='bbox 2058 2193 2191 2263; x_wconf 89' lang='lat' dir='ltr'><strong>quia</strong></span> <span class='ocrx_word' id='word_1_385' title='bbox 2219 2210 2322 2248; x_wconf 90' lang='lat' dir='ltr'><strong>nec</strong></span> <span class='ocrx_word' id='word_1_386' title='bbox 2340 2194 2560 2248; x_wconf 87' lang='lat' dir='ltr'><strong>auferre</strong></span> <span class='ocrx_word' id='word_1_387' title='bbox 2591 2193 2724 2265; x_wconf 91' lang='lat' dir='ltr'><strong>quid</strong></span> <span class='ocrx_word' id='word_1_388' title='bbox 2754 2211 3070 2265; x_wconf 88' lang='lat' dir='ltr'><strong>possumus.</strong></span> <span class='ocrx_word' id='word_1_389' title='bbox 3099 2215 3120 2251; x_wconf 70' lang='grc' dir='ltr'><strong><em>ι</em></strong></span> <span class='ocrx_word' id='word_1_390' title='bbox 3145 2195 3345 2262; x_wconf 74' lang='lat' dir='ltr'><strong>Multus</strong></span> <span class='ocrx_word' id='word_1_391' title='bbox 3365 2211 3424 2248; x_wconf 88' lang='lat' dir='ltr'><strong>ac</strong></span> <span class='ocrx_word' id='word_1_392' title='bbox 3442 2199 3610 2264; x_wconf 78' lang='lat' dir='ltr'><strong>potens</strong></span> <span class='ocrx_word' id='word_1_393' title='bbox 3665 2207 3668 2212; x_wconf 80' lang='lat'>&#39;</span> 
     </span>
    </p>
   </div>
   <div class='ocr_carea' id='block_1_51' title="bbox 2057 2279 3610 2353">
    <p class='ocr_par' dir='ltr' id='par_1_51' title="bbox 2057 2279 3610 2353">
     <span class='ocr_line' id='line_1_51' title="bbox 2057 2279 3610 2353; baseline 0 -19"><span class='ocrx_word' id='word_1_394' title='bbox 2057 2299 2256 2338; x_wconf 89' lang='lat' dir='ltr'><strong>sensus</strong></span> <span class='ocrx_word' id='word_1_395' title='bbox 2281 2282 2339 2336; x_wconf 91' lang='lat' dir='ltr'><strong>in</strong></span> <span class='ocrx_word' id='word_1_396' title='bbox 2371 2283 2702 2353; x_wconf 81' lang='lat' dir='ltr'><strong>compendio</strong></span> <span class='ocrx_word' id='word_1_397' title='bbox 2723 2283 3020 2340; x_wconf 87' lang='lat' dir='ltr'><strong>verborum</strong></span> <span class='ocrx_word' id='word_1_398' title='bbox 3053 2285 3250 2339; x_wconf 89' lang='lat' dir='ltr'><strong>horum</strong></span> <span class='ocrx_word' id='word_1_399' title='bbox 3277 2281 3528 2337; x_wconf 86' lang='lat' dir='ltr'><strong>contineri</strong></span> <span class='ocrx_word' id='word_1_400' title='bbox 3541 2279 3610 2334; x_wconf 85' lang='lat' dir='ltr'><strong>vi-</strong></span> 
     </span>
    </p>
   </div>
   <div class='ocr_carea' id='block_1_52' title="bbox 2057 2369 3608 2444">
    <p class='ocr_par' dir='ltr' id='par_1_52' title="bbox 2057 2369 3608 2444">
     <span class='ocr_line' id='line_1_52' title="bbox 2057 2369 3608 2444; baseline 0 -20"><span class='ocrx_word' id='word_1_401' title='bbox 2057 2371 2252 2427; x_wconf 89' lang='lat' dir='ltr'><strong>detur:</strong></span> <span class='ocrx_word' id='word_1_402' title='bbox 2278 2371 2358 2427; x_wconf 91' lang='lat' dir='ltr'><strong>illi</strong></span> <span class='ocrx_word' id='word_1_403' title='bbox 2391 2372 2544 2426; x_wconf 88' lang='lat' dir='ltr'><strong>enim</strong></span> <span class='ocrx_word' id='word_1_404' title='bbox 2575 2372 2671 2442; x_wconf 88' lang='lat' dir='ltr'><strong>qui</strong></span> <span class='ocrx_word' id='word_1_405' title='bbox 2703 2389 2838 2442; x_wconf 78' lang='lat' dir='ltr'><strong>erga</strong></span> <span class='ocrx_word' id='word_1_406' title='bbox 2863 2373 3132 2444; x_wconf 80' lang='lat' dir='ltr'><strong>pecunias</strong></span> <span class='ocrx_word' id='word_1_407' title='bbox 3160 2371 3399 2427; x_wconf 89' lang='lat' dir='ltr'><strong>studium</strong></span> <span class='ocrx_word' id='word_1_408' title='bbox 3414 2369 3608 2438; x_wconf 87' lang='lat' dir='ltr'><strong>habent,</strong></span> 
     </span>
    </p>
   </div>
   <div class='ocr_carea' id='block_1_53' title="bbox 2056 2460 3613 2532">
    <p class='ocr_par' dir='ltr' id='par_1_53' title="bbox 2056 2460 3613 2532">
     <span class='ocr_line' id='line_1_53' title="bbox 2056 2460 3613 2532; baseline -0.003 -17"><span class='ocrx_word' id='word_1_409' title='bbox 2056 2477 2158 2530; x_wconf 78' lang='lat' dir='ltr'><strong>pro</strong></span> <span class='ocrx_word' id='word_1_410' title='bbox 2177 2460 2289 2532; x_wconf 82' lang='lat' dir='ltr'><strong>illis</strong></span> <span class='ocrx_word' id='word_1_411' title='bbox 2318 2461 2544 2530; x_wconf 89' lang='lat' dir='ltr'><strong>quidem</strong></span> <span class='ocrx_word' id='word_1_412' title='bbox 2567 2477 2690 2531; x_wconf 81' lang='lat' dir='ltr'><strong>qua</strong></span> <span class='ocrx_word' id='word_1_413' title='bbox 2709 2461 2920 2516; x_wconf 88' lang='lat' dir='ltr'><strong>adsunt</strong></span> <span class='ocrx_word' id='word_1_414' title='bbox 2937 2461 3046 2519; x_wconf 87' lang='lat' dir='ltr'><strong>sibi</strong></span> <span class='ocrx_word' id='word_1_415' title='bbox 3067 2461 3337 2524; x_wconf 86' lang='lat' dir='ltr'><strong>laborant,</strong></span> <span class='ocrx_word' id='word_1_416' title='bbox 3351 2466 3410 2515; x_wconf 90' lang='lat' dir='ltr'><strong>ut</strong></span> <span class='ocrx_word' id='word_1_417' title='bbox 3428 2473 3613 2530; x_wconf 85' lang='lat' dir='ltr'><strong>perma-</strong></span> 
     </span>
    </p>
   </div>
   <div class='ocr_carea' id='block_1_54' title="bbox 2057 2547 3614 2620">
    <p class='ocr_par' dir='ltr' id='par_1_54' title="bbox 2057 2547 3614 2620">
     <span class='ocr_line' id='line_1_54' title="bbox 2057 2547 3614 2620; baseline -0.001 -18"><span class='ocrx_word' id='word_1_418' title='bbox 2057 2565 2189 2604; x_wconf 86' lang='lat' dir='ltr'><strong>nere</strong></span> <span class='ocrx_word' id='word_1_419' title='bbox 2211 2549 2426 2620; x_wconf 85' lang='lat' dir='ltr'><strong>possint</strong></span> <span class='ocrx_word' id='word_1_420' title='bbox 2447 2555 2504 2602; x_wconf 91' lang='lat' dir='ltr'><strong>et</strong></span> <span class='ocrx_word' id='word_1_421' title='bbox 2520 2549 2818 2614; x_wconf 84' lang='lat' dir='ltr'><strong>custodiri;</strong></span> <span class='ocrx_word' id='word_1_422' title='bbox 2845 2567 2946 2620; x_wconf 88' lang='lat' dir='ltr'><strong>pro</strong></span> <span class='ocrx_word' id='word_1_423' title='bbox 2975 2551 3088 2606; x_wconf 88' lang='lat' dir='ltr'><strong>illis</strong></span> <span class='ocrx_word' id='word_1_424' title='bbox 3106 2566 3234 2604; x_wconf 86' lang='lat' dir='ltr'><strong>vero</strong></span> <span class='ocrx_word' id='word_1_425' title='bbox 3265 2565 3381 2620; x_wconf 80' lang='lat' dir='ltr'><strong>qua</strong></span> <span class='ocrx_word' id='word_1_426' title='bbox 3409 2547 3614 2603; x_wconf 86' lang='lat' dir='ltr'><strong>necdum</strong></span> 
     </span>
    </p>
   </div>
   <div class='ocr_carea' id='block_1_55' title="bbox 2055 2637 3615 2711">
    <p class='ocr_par' dir='ltr' id='par_1_55' title="bbox 2055 2637 3615 2711">
     <span class='ocr_line' id='line_1_55' title="bbox 2055 2637 3615 2711; baseline 0 -21"><span class='ocrx_word' id='word_1_427' title='bbox 2055 2637 2282 2704; x_wconf 79' lang='lat' dir='ltr'><strong>habent.</strong></span> <span class='ocrx_word' id='word_1_428' title='bbox 2301 2639 2778 2709; x_wconf 86' lang='lat' dir='ltr'><strong>quemadmodum</strong></span> <span class='ocrx_word' id='word_1_429' title='bbox 2789 2639 3081 2710; x_wconf 87' lang='lat' dir='ltr'><strong>acquirere</strong></span> <span class='ocrx_word' id='word_1_430' title='bbox 3093 2639 3322 2711; x_wconf 80' lang='lat' dir='ltr'><strong>possint.</strong></span> <span class='ocrx_word' id='word_1_431' title='bbox 3339 2639 3615 2706; x_wconf 80' lang='lat' dir='ltr'><strong>Utrumque</strong></span> 
     </span>
    </p>
   </div>
   <div class='ocr_carea' id='block_1_56' title="bbox 2055 2725 3616 2798">
    <p class='ocr_par' dir='ltr' id='par_1_56' title="bbox 2055 2725 3616 2798">
     <span class='ocr_line' id='line_1_56' title="bbox 2055 2725 3616 2798; baseline 0 -20"><span class='ocrx_word' id='word_1_432' title='bbox 2055 2727 2304 2793; x_wconf 80' lang='lat' dir='ltr'><strong>exclusit,</strong></span> <span class='ocrx_word' id='word_1_433' title='bbox 2339 2727 2420 2782; x_wconf 91' lang='lat' dir='ltr'><strong>ita</strong></span> <span class='ocrx_word' id='word_1_434' title='bbox 2463 2733 2528 2782; x_wconf 90' lang='lat' dir='ltr'><strong>ut</strong></span> <span class='ocrx_word' id='word_1_435' title='bbox 2571 2743 2672 2798; x_wconf 89' lang='lat' dir='ltr'><strong>pro</strong></span> <span class='ocrx_word' id='word_1_436' title='bbox 2708 2728 2819 2784; x_wconf 88' lang='lat' dir='ltr'><strong>illis</strong></span> <span class='ocrx_word' id='word_1_437' title='bbox 2862 2745 2986 2798; x_wconf 84' lang='lat' dir='ltr'><strong>qua</strong></span> <span class='ocrx_word' id='word_1_438' title='bbox 3023 2729 3132 2784; x_wconf 89' lang='lat' dir='ltr'><strong>sibi</strong></span> <span class='ocrx_word' id='word_1_439' title='bbox 3179 2727 3378 2788; x_wconf 84' lang='lat' dir='ltr'><strong>adsunt</strong></span> <span class='ocrx_word' id='word_1_440' title='bbox 3414 2725 3616 2780; x_wconf 83' lang='lat' dir='ltr'><strong>minime</strong></span> 
     </span>
    </p>
   </div>
   <div class='ocr_carea' id='block_1_57' title="bbox 2058 2811 3620 2888">
    <p class='ocr_par' dir='ltr' id='par_1_57' title="bbox 2058 2811 3620 2888">
     <span class='ocr_line' id='line_1_57' title="bbox 2058 2811 3620 2888; baseline -0.001 -20"><span class='ocrx_word' id='word_1_441' title='bbox 2058 2815 2306 2872; x_wconf 89' lang='lat' dir='ltr'><strong>laborem</strong></span> <span class='ocrx_word' id='word_1_442' title='bbox 2335 2816 2668 2887; x_wconf 82' lang='lat' dir='ltr'><strong>expendent.</strong></span> <span class='ocrx_word' id='word_1_443' title='bbox 2704 2817 2851 2872; x_wconf 85' lang='lat' dir='ltr'><strong>Nam</strong></span> <span class='ocrx_word' id='word_1_444' title='bbox 2881 2817 3033 2888; x_wconf 88' lang='lat' dir='ltr'><strong>quod</strong></span> <span class='ocrx_word' id='word_1_445' title='bbox 3055 2818 3213 2878; x_wconf 74' lang='lat' dir='ltr'><strong>dixit,</strong></span> <span class='ocrx_word' id='word_1_446' title='bbox 3251 2837 3275 2871; x_wconf 68' lang='grc' dir='ltr'><strong><em>ι</em></strong></span> <span class='ocrx_word' id='word_1_447' title='bbox 3307 2816 3438 2871; x_wconf 85' lang='lat' dir='ltr'><strong>nihil</strong></span> <span class='ocrx_word' id='word_1_448' title='bbox 3457 2811 3620 2870; x_wconf 87' lang='lat' dir='ltr'><strong>intuli-</strong></span> 
     </span>
    </p>
   </div>
   <div class='ocr_carea' id='block_1_58' title="bbox 2059 2901 3618 2971">
    <p class='ocr_par' dir='ltr' id='par_1_58' title="bbox 2059 2901 3618 2971">
     <span class='ocr_line' id='line_1_58' title="bbox 2059 2901 3618 2971; baseline -0.001 -13"><span class='ocrx_word' id='word_1_449' title='bbox 2059 2921 2202 2968; x_wconf 85' lang='lat' dir='ltr'><strong>mus,</strong></span> <span class='ocrx_word' id='word_1_450' title='bbox 2241 2925 2263 2956; x_wconf 69' lang='grc' dir='ltr'><strong><em>ι</em></strong></span> <span class='ocrx_word' id='word_1_451' title='bbox 2297 2905 2396 2961; x_wconf 90' lang='lat' dir='ltr'><strong>sed</strong></span> <span class='ocrx_word' id='word_1_452' title='bbox 2429 2905 2564 2960; x_wconf 91' lang='lat' dir='ltr'><strong>nudi</strong></span> <span class='ocrx_word' id='word_1_453' title='bbox 2611 2905 2669 2960; x_wconf 92' lang='lat' dir='ltr'><strong>in</strong></span> <span class='ocrx_word' id='word_1_454' title='bbox 2716 2905 2866 2964; x_wconf 89' lang='lat' dir='ltr'><strong>hunc</strong></span> <span class='ocrx_word' id='word_1_455' title='bbox 2895 2907 3193 2971; x_wconf 89' lang='lat' dir='ltr'><strong>mundum,</strong></span> <span class='ocrx_word' id='word_1_456' title='bbox 3226 2907 3282 2962; x_wconf 90' lang='lat' dir='ltr'><strong>in</strong></span> <span class='ocrx_word' id='word_1_457' title='bbox 3313 2906 3448 2962; x_wconf 87' lang='lat' dir='ltr'><strong>hanc</strong></span> <span class='ocrx_word' id='word_1_458' title='bbox 3469 2901 3618 2958; x_wconf 81' lang='lat' dir='ltr'><strong>vitam</strong></span> 
     </span>
    </p>
   </div>
   <div class='ocr_carea' id='block_1_59' title="bbox 379 2992 3620 3065">
    <p class='ocr_par' dir='ltr' id='par_1_59' title="bbox 379 2992 3620 3065">
     <span class='ocr_line' id='line_1_59' title="bbox 379 2992 3620 3065; baseline -0.001 -17"><span class='ocrx_word' id='word_1_459' title='bbox 379 2995 647 3065; x_wconf 89' lang='lat' dir='ltr'><strong>pietatem</strong></span> <span class='ocrx_word' id='word_1_460' title='bbox 687 2999 790 3056; x_wconf 86' lang='lat' dir='ltr'><strong>est,</strong></span> <span class='ocrx_word' id='word_1_461' title='bbox 817 2992 1042 3046; x_wconf 85' lang='lat' dir='ltr'><strong>evidens</strong></span> <span class='ocrx_word' id='word_1_462' title='bbox 1071 2998 1175 3056; x_wconf 86' lang='lat' dir='ltr'><strong>est,</strong></span> <span class='ocrx_word' id='word_1_463' title='bbox 1217 2993 1483 3064; x_wconf 89' lang='lat' dir='ltr'><strong>quoniam</strong></span> <span class='ocrx_word' id='word_1_464' title='bbox 1515 2993 1656 3047; x_wconf 91' lang='lat' dir='ltr'><strong>nihil</strong></span> <span class='ocrx_word' id='word_1_465' title='bbox 1693 2993 1879 3048; x_wconf 90' lang='lat' dir='ltr'><strong>sciunt</strong></span> <span class='ocrx_word' id='word_1_466' title='bbox 1905 2995 1975 3048; x_wconf 90' lang='lat' dir='ltr'><strong>de</strong></span> <span class='ocrx_word' id='word_1_467' title='bbox 2006 3057 2038 3065; x_wconf 41' lang='grc' dir='ltr'><em>κ</em></span> <span class='ocrx_word' id='word_1_468' title='bbox 2057 2993 2332 3058; x_wconf 86' lang='lat' dir='ltr'><strong>venimus,</strong></span> <span class='ocrx_word' id='word_1_469' title='bbox 2361 2994 2430 3048; x_wconf 88' lang='lat' dir='ltr'><strong>de</strong></span> <span class='ocrx_word' id='word_1_470' title='bbox 2450 2993 2561 3050; x_wconf 88' lang='lat' dir='ltr'><strong>illis</strong></span> <span class='ocrx_word' id='word_1_471' title='bbox 2593 3010 2717 3064; x_wconf 81' lang='lat' dir='ltr'><strong>qua</strong></span> <span class='ocrx_word' id='word_1_472' title='bbox 2747 2994 2906 3052; x_wconf 87' lang='lat' dir='ltr'><strong>nobis</strong></span> <span class='ocrx_word' id='word_1_473' title='bbox 2939 2995 3150 3052; x_wconf 87' lang='lat' dir='ltr'><strong>adsunt</strong></span> <span class='ocrx_word' id='word_1_474' title='bbox 3177 2993 3416 3050; x_wconf 86' lang='lat' dir='ltr'><strong>laborem</strong></span> <span class='ocrx_word' id='word_1_475' title='bbox 3442 3005 3620 3061; x_wconf 83' lang='lat' dir='ltr'><strong>expen-</strong></span> 
     </span>
    </p>
   </div>
   <div class='ocr_carea' id='block_1_60' title="bbox 377 3057 3622 3156">
    <p class='ocr_par' dir='ltr' id='par_1_60' title="bbox 377 3057 3622 3156">
     <span class='ocr_line' id='line_1_60' title="bbox 377 3057 3622 3156; baseline -0.001 -20"><span class='ocrx_word' id='word_1_476' title='bbox 377 3057 490 3136; x_wconf 83' lang='lat' dir='ltr'><strong>illis</strong></span> <span class='ocrx_word' id='word_1_477' title='bbox 521 3099 642 3153; x_wconf 86' lang='lat' dir='ltr'><strong>qua</strong></span> <span class='ocrx_word' id='word_1_478' title='bbox 672 3082 814 3135; x_wconf 89' lang='lat' dir='ltr'><strong>scire</strong></span> <span class='ocrx_word' id='word_1_479' title='bbox 843 3081 1182 3139; x_wconf 88' lang='lat' dir='ltr'><strong>conveniunt</strong></span> <span class='ocrx_word' id='word_1_480' title='bbox 1213 3057 1391 3152; x_wconf 33' lang='lat' dir='ltr'><strong>{ergo</strong></span> <span class='ocrx_word' id='word_1_481' title='bbox 1429 3082 1594 3136; x_wconf 85' lang='lat' dir='ltr'><strong>inane</strong></span> <span class='ocrx_word' id='word_1_482' title='bbox 1625 3083 1824 3136; x_wconf 90' lang='lat' dir='ltr'><strong>docere</strong></span> <span class='ocrx_word' id='word_1_483' title='bbox 1853 3101 1980 3154; x_wconf 88' lang='lat' dir='ltr'><strong>pro-</strong></span> <span class='ocrx_word' id='word_1_484' title='bbox 2060 3057 2676 3155; x_wconf 78' lang='lat' dir='ltr'><strong>dere[vetat],quaside</strong></span> <span class='ocrx_word' id='word_1_485' title='bbox 2689 3083 3301 3156; x_wconf 81' lang='lat' dir='ltr'><strong>propriisnostris,qua</strong></span> <span class='ocrx_word' id='word_1_486' title='bbox 3316 3057 3622 3153; x_wconf 72' lang='lat' dir='ltr'><strong>quideninos</strong></span> 
     </span>
    </p>
   </div>
   <div class='ocr_carea' id='block_1_61' title="bbox 378 3171 1977 3242">
    <p class='ocr_par' dir='ltr' id='par_1_61' title="bbox 378 3171 1977 3242">
     <span class='ocr_line' id='line_1_61' title="bbox 378 3171 1977 3242; baseline -0.001 -16"><span class='ocrx_word' id='word_1_487' title='bbox 378 3172 632 3240; x_wconf 78' lang='lat' dir='ltr'><strong>mittunt,</strong></span> <span class='ocrx_word' id='word_1_488' title='bbox 665 3171 762 3239; x_wconf 77' lang='lat' dir='ltr'><strong>illa</strong></span> <span class='ocrx_word' id='word_1_489' title='bbox 789 3171 1114 3241; x_wconf 77' lang='lat' dir='ltr'><strong>ignorantes</strong></span> <span class='ocrx_word' id='word_1_490' title='bbox 1137 3188 1260 3242; x_wconf 75' lang='lat' dir='ltr'><strong>qua</strong></span> <span class='ocrx_word' id='word_1_491' title='bbox 1287 3171 1430 3239; x_wconf 81' lang='lat' dir='ltr'><strong>scire</strong></span> <span class='ocrx_word' id='word_1_492' title='bbox 1455 3172 1810 3236; x_wconf 83' lang='lat' dir='ltr'><strong>conveniunt.</strong></span> <span class='ocrx_word' id='word_1_493' title='bbox 1835 3172 1977 3242; x_wconf 79' lang='lat' dir='ltr'><strong>Dein</strong></span> 
     </span>
    </p>
   </div>
   <div class='ocr_carea' id='block_1_62' title="bbox 379 3259 1978 3332">
    <p class='ocr_par' dir='ltr' id='par_1_62' title="bbox 379 3259 1978 3332">
     <span class='ocr_line' id='line_1_62' title="bbox 379 3259 1978 3332; baseline -0.001 -17"><span class='ocrx_word' id='word_1_494' title='bbox 379 3277 519 3332; x_wconf 84' lang='lat' dir='ltr'><strong>opus</strong></span> <span class='ocrx_word' id='word_1_495' title='bbox 549 3277 745 3314; x_wconf 87' lang='lat' dir='ltr'><strong>eorum</strong></span> <span class='ocrx_word' id='word_1_496' title='bbox 769 3260 1034 3314; x_wconf 89' lang='lat' dir='ltr'><strong>incusans</strong></span> <span class='ocrx_word' id='word_1_497' title='bbox 1063 3259 1260 3330; x_wconf 86' lang='lat' dir='ltr'><strong>adjicit</strong></span> <span class='ocrx_word' id='word_1_498' title='bbox 1289 3278 1299 3313; x_wconf 92' lang='lat'><strong>:</strong></span> <span class='ocrx_word' id='word_1_499' title='bbox 1341 3281 1362 3312; x_wconf 83' lang='grc' dir='ltr'>ι</span> <span class='ocrx_word' id='word_1_500' title='bbox 1397 3261 1495 3316; x_wconf 90' lang='lat' dir='ltr'><strong>sed</strong></span> <span class='ocrx_word' id='word_1_501' title='bbox 1524 3261 1796 3330; x_wconf 84' lang='lat' dir='ltr'><strong>languens</strong></span> <span class='ocrx_word' id='word_1_502' title='bbox 1830 3263 1978 3315; x_wconf 88' lang='lat' dir='ltr'><strong>circa</strong></span> 
     </span>
    </p>
   </div>
   <div class='ocr_carea' id='block_1_63' title="bbox 379 3348 1978 3421">
    <p class='ocr_par' dir='ltr' id='par_1_63' title="bbox 379 3348 1978 3421">
     <span class='ocr_line' id='line_1_63' title="bbox 379 3348 1978 3421; baseline -0.001 -16"><span class='ocrx_word' id='word_1_503' title='bbox 379 3349 715 3421; x_wconf 83' lang='lat' dir='ltr'><strong>quastiones</strong></span> <span class='ocrx_word' id='word_1_504' title='bbox 743 3353 802 3403; x_wconf 91' lang='lat' dir='ltr'><strong>et</strong></span> <span class='ocrx_word' id='word_1_505' title='bbox 828 3348 1124 3403; x_wconf 86' lang='lat' dir='ltr'><strong>verborum</strong></span> <span class='ocrx_word' id='word_1_506' title='bbox 1161 3349 1309 3402; x_wconf 84' lang='lat' dir='ltr'><strong>rixas</strong></span> <span class='ocrx_word' id='word_1_507' title='bbox 1359 3350 1614 3420; x_wconf 86' lang='lat' dir='ltr'><strong>[pugnas]</strong></span> <span class='ocrx_word' id='word_1_508' title='bbox 1650 3367 1662 3402; x_wconf 91' lang='lat'>:</span> <span class='ocrx_word' id='word_1_509' title='bbox 1701 3369 1722 3400; x_wconf 73' lang='grc' dir='ltr'><strong>ι</strong></span> <span class='ocrx_word' id='word_1_510' title='bbox 1758 3351 1890 3420; x_wconf 92' lang='lat' dir='ltr'><strong>quia</strong></span> <span class='ocrx_word' id='word_1_511' title='bbox 1920 3357 1978 3404; x_wconf 90' lang='lat' dir='ltr'><strong>et</strong></span> 
     </span>
    </p>
   </div>
   <div class='ocr_carea' id='block_1_64' title="bbox 376 3437 1976 3510">
    <p class='ocr_par' dir='ltr' id='par_1_64' title="bbox 376 3437 1976 3510">
     <span class='ocr_line' id='line_1_64' title="bbox 376 3437 1976 3510; baseline 0.001 -18"><span class='ocrx_word' id='word_1_512' title='bbox 376 3439 684 3510; x_wconf 79' lang='lat' dir='ltr'><strong>plurimum</strong></span> <span class='ocrx_word' id='word_1_513' title='bbox 713 3437 1007 3494; x_wconf 83' lang='lat' dir='ltr'><strong>eveniebat</strong></span> <span class='ocrx_word' id='word_1_514' title='bbox 1025 3455 1120 3492; x_wconf 89' lang='lat' dir='ltr'><strong>eos</strong></span> <span class='ocrx_word' id='word_1_515' title='bbox 1138 3438 1477 3509; x_wconf 64' lang='lat' dir='ltr'><strong>quaestiones</strong></span> <span class='ocrx_word' id='word_1_516' title='bbox 1497 3455 1864 3508; x_wconf 79' lang='lat' dir='ltr'><strong>commovere,</strong></span> <span class='ocrx_word' id='word_1_517' title='bbox 1877 3440 1976 3494; x_wconf 87' lang='lat' dir='ltr'><strong>illa</strong></span> 
     </span>
    </p>
   </div>
   <div class='ocr_carea' id='block_1_65' title="bbox 376 3527 1972 3598">
    <p class='ocr_par' dir='ltr' id='par_1_65' title="bbox 376 3527 1972 3598">
     <span class='ocr_line' id='line_1_65' title="bbox 376 3527 1972 3598; baseline 0 -16"><span class='ocrx_word' id='word_1_518' title='bbox 376 3527 616 3589; x_wconf 85' lang='lat' dir='ltr'><strong>ratione,</strong></span> <span class='ocrx_word' id='word_1_519' title='bbox 649 3544 764 3598; x_wconf 90' lang='lat' dir='ltr'><strong>qua</strong></span> <span class='ocrx_word' id='word_1_520' title='bbox 809 3543 911 3582; x_wconf 88' lang='lat' dir='ltr'><strong>sua</strong></span> <span class='ocrx_word' id='word_1_521' title='bbox 950 3532 1200 3582; x_wconf 84' lang='lat' dir='ltr'><strong>statuere</strong></span> <span class='ocrx_word' id='word_1_522' title='bbox 1245 3527 1564 3598; x_wconf 78' lang='lat' dir='ltr'><strong>cupiebant.</strong></span> <span class='ocrx_word' id='word_1_523' title='bbox 1604 3529 1752 3582; x_wconf 89' lang='lat' dir='ltr'><strong>Bene</strong></span> <span class='ocrx_word' id='word_1_524' title='bbox 1781 3534 1972 3583; x_wconf 88' lang='lat' dir='ltr'><strong>autem</strong></span> 
     </span>
    </p>
   </div>
   <div class='ocr_carea' id='block_1_66' title="bbox 376 3616 1974 3688">
    <p class='ocr_par' dir='ltr' id='par_1_66' title="bbox 376 3616 1974 3688">
     <span class='ocr_line' id='line_1_66' title="bbox 376 3616 1974 3688; baseline 0.001 -18"><span class='ocrx_word' id='word_1_525' title='bbox 376 3617 565 3688; x_wconf 79' lang='lat' dir='ltr'><strong>posuit</strong></span> <span class='ocrx_word' id='word_1_526' title='bbox 587 3617 950 3686; x_wconf 77' lang='lat' dir='ltr'><strong>languescere</strong></span> <span class='ocrx_word' id='word_1_527' title='bbox 990 3633 1104 3683; x_wconf 84' lang='lat' dir='ltr'><strong>eos,</strong></span> <span class='ocrx_word' id='word_1_528' title='bbox 1149 3617 1480 3686; x_wconf 89' lang='lat' dir='ltr'><strong>languorem</strong></span> <span class='ocrx_word' id='word_1_529' title='bbox 1517 3616 1653 3672; x_wconf 89' lang='lat' dir='ltr'><strong>dicit</strong></span> <span class='ocrx_word' id='word_1_530' title='bbox 1679 3617 1974 3686; x_wconf 86' lang='lat' dir='ltr'><strong>cogitatio-</strong></span> 
     </span>
    </p>
   </div>
   <div class='ocr_carea' id='block_1_67' title="bbox 377 3705 1976 3776">
    <p class='ocr_par' dir='ltr' id='par_1_67' title="bbox 377 3705 1976 3776">
     <span class='ocr_line' id='line_1_67' title="bbox 377 3705 1976 3776; baseline 0 -16"><span class='ocrx_word' id='word_1_531' title='bbox 377 3721 508 3760; x_wconf 83' lang='lat' dir='ltr'><strong>nem</strong></span> <span class='ocrx_word' id='word_1_532' title='bbox 550 3722 768 3776; x_wconf 78' lang='lat' dir='ltr'><strong>eorum,</strong></span> <span class='ocrx_word' id='word_1_533' title='bbox 797 3722 864 3760; x_wconf 87' lang='lat' dir='ltr'><strong>eo</strong></span> <span class='ocrx_word' id='word_1_534' title='bbox 893 3706 1043 3776; x_wconf 86' lang='lat' dir='ltr'><strong>quod</strong></span> <span class='ocrx_word' id='word_1_535' title='bbox 1083 3705 1466 3776; x_wconf 80' lang='lat' dir='ltr'><strong>relinquentes</strong></span> <span class='ocrx_word' id='word_1_536' title='bbox 1505 3705 1793 3776; x_wconf 81' lang='lat' dir='ltr'><strong>pietatem,</strong></span> <span class='ocrx_word' id='word_1_537' title='bbox 1829 3723 1976 3776; x_wconf 78' lang='lat' dir='ltr'><strong>qua.-</strong></span> 
     </span>
    </p>
   </div>
   <div class='ocr_carea' id='block_1_68' title="bbox 377 3794 1974 3864">
    <p class='ocr_par' dir='ltr' id='par_1_68' title="bbox 377 3794 1974 3864">
     <span class='ocr_line' id='line_1_68' title="bbox 377 3794 1974 3864; baseline 0 -16"><span class='ocrx_word' id='word_1_538' title='bbox 377 3795 590 3862; x_wconf 76' lang='lat' dir='ltr'><strong>stiones</strong></span> <span class='ocrx_word' id='word_1_539' title='bbox 633 3794 1089 3850; x_wconf 85' lang='lat' dir='ltr'><strong>inconvenientes</strong></span> <span class='ocrx_word' id='word_1_540' title='bbox 1125 3794 1546 3864; x_wconf 81' lang='lat' dir='ltr'><strong>evolvebantur;</strong></span> <span class='ocrx_word' id='word_1_541' title='bbox 1581 3800 1638 3850; x_wconf 88' lang='lat' dir='ltr'><strong>et</strong></span> <span class='ocrx_word' id='word_1_542' title='bbox 1674 3795 1974 3860; x_wconf 86' lang='lat' dir='ltr'><strong>ostendens</strong></span> 
     </span>
    </p>
   </div>
   <div class='ocr_carea' id='block_1_69' title="bbox 379 3876 1974 3956">
    <p class='ocr_par' dir='ltr' id='par_1_69' title="bbox 379 3876 1974 3956">
     <span class='ocr_line' id='line_1_69' title="bbox 379 3876 1974 3956; baseline 0 -18"><span class='ocrx_word' id='word_1_543' title='bbox 379 3884 644 3956; x_wconf 81' lang='lat' dir='ltr'><strong>quoniam</strong></span> <span class='ocrx_word' id='word_1_544' title='bbox 667 3889 725 3938; x_wconf 86' lang='lat' dir='ltr'><strong>et</strong></span> <span class='ocrx_word' id='word_1_545' title='bbox 750 3883 863 3938; x_wconf 89' lang='lat' dir='ltr'><strong>alia</strong></span> <span class='ocrx_word' id='word_1_546' title='bbox 881 3876 1064 3939; x_wconf 88' lang='lat' dir='ltr'><strong>multa</strong></span> <span class='ocrx_word' id='word_1_547' title='bbox 1081 3883 1380 3944; x_wconf 84' lang='lat' dir='ltr'><strong>inhonesta</strong></span> <span class='ocrx_word' id='word_1_548' title='bbox 1397 3883 1584 3938; x_wconf 87' lang='lat' dir='ltr'><strong>studio</strong></span> <span class='ocrx_word' id='word_1_549' title='bbox 1603 3883 1974 3956; x_wconf 83' lang='lat' dir='ltr'><strong>quastionum</strong></span> 
     </span>
    </p>
   </div>
   <div class='ocr_carea' id='block_1_70' title="bbox 2061 3170 3624 3244">
    <p class='ocr_par' dir='ltr' id='par_1_70' title="bbox 2061 3170 3624 3244">
     <span class='ocr_line' id='line_1_70' title="bbox 2061 3170 3624 3244; baseline -0.003 -18"><span class='ocrx_word' id='word_1_550' title='bbox 2061 3171 2284 3242; x_wconf 89' lang='lat' dir='ltr'><strong>quando</strong></span> <span class='ocrx_word' id='word_1_551' title='bbox 2321 3172 2378 3228; x_wconf 92' lang='lat' dir='ltr'><strong>in</strong></span> <span class='ocrx_word' id='word_1_552' title='bbox 2419 3173 2561 3229; x_wconf 87' lang='lat' dir='ltr'><strong>hanc</strong></span> <span class='ocrx_word' id='word_1_553' title='bbox 2580 3173 2753 3228; x_wconf 87' lang='lat' dir='ltr'><strong>vitam</strong></span> <span class='ocrx_word' id='word_1_554' title='bbox 2774 3173 3131 3244; x_wconf 85' lang='lat' dir='ltr'><strong>ingredimur</strong></span> <span class='ocrx_word' id='word_1_555' title='bbox 3150 3173 3472 3230; x_wconf 84' lang='lat' dir='ltr'><strong>invenimus.</strong></span> <span class='ocrx_word' id='word_1_556' title='bbox 3501 3170 3624 3226; x_wconf 72' lang='lat' dir='ltr'><strong>Nam</strong></span> 
     </span>
    </p>
   </div>
   <div class='ocr_carea' id='block_1_71' title="bbox 2059 3259 3624 3332">
    <p class='ocr_par' dir='ltr' id='par_1_71' title="bbox 2059 3259 3624 3332">
     <span class='ocr_line' id='line_1_71' title="bbox 2059 3259 3624 3332; baseline 0.006 -19"><span class='ocrx_word' id='word_1_557' title='bbox 2059 3266 2117 3317; x_wconf 91' lang='lat' dir='ltr'><strong>et</strong></span> <span class='ocrx_word' id='word_1_558' title='bbox 2136 3261 2384 3317; x_wconf 89' lang='lat' dir='ltr'><strong>laborem</strong></span> <span class='ocrx_word' id='word_1_559' title='bbox 2406 3279 2507 3332; x_wconf 76' lang='lat' dir='ltr'><strong>pro</strong></span> <span class='ocrx_word' id='word_1_560' title='bbox 2519 3261 2630 3317; x_wconf 87' lang='lat' dir='ltr'><strong>illis</strong></span> <span class='ocrx_word' id='word_1_561' title='bbox 2649 3262 2961 3332; x_wconf 83' lang='lat' dir='ltr'><strong>expendere</strong></span> <span class='ocrx_word' id='word_1_562' title='bbox 2981 3279 3192 3320; x_wconf 85' lang='lat' dir='ltr'><strong>vanum</strong></span> <span class='ocrx_word' id='word_1_563' title='bbox 3217 3259 3503 3318; x_wconf 87' lang='lat' dir='ltr'><strong>admodum</strong></span> <span class='ocrx_word' id='word_1_564' title='bbox 3521 3271 3624 3322; x_wconf 66' lang='grc'><strong>888⁸</strong></span> 
     </span>
    </p>
   </div>
   <div class='ocr_carea' id='block_1_72' title="bbox 2058 3349 3623 3423">
    <p class='ocr_par' dir='ltr' id='par_1_72' title="bbox 2058 3349 3623 3423">
     <span class='ocr_line' id='line_1_72' title="bbox 2058 3349 3623 3423; baseline -0.003 -19"><span class='ocrx_word' id='word_1_565' title='bbox 2058 3349 2320 3414; x_wconf 83' lang='lat' dir='ltr'><strong>ostendit,</strong></span> <span class='ocrx_word' id='word_1_566' title='bbox 2345 3350 2564 3406; x_wconf 88' lang='lat' dir='ltr'><strong>dicens:</strong></span> <span class='ocrx_word' id='word_1_567' title='bbox 2594 3371 2617 3402; x_wconf 74' lang='grc' dir='ltr'>ι</span> <span class='ocrx_word' id='word_1_568' title='bbox 2639 3351 2776 3421; x_wconf 87' lang='lat' dir='ltr'><strong>quia</strong></span> <span class='ocrx_word' id='word_1_569' title='bbox 2795 3367 2898 3406; x_wconf 91' lang='lat' dir='ltr'><strong>nec</strong></span> <span class='ocrx_word' id='word_1_570' title='bbox 2911 3351 3136 3408; x_wconf 84' lang='lat' dir='ltr'><strong>auferre</strong></span> <span class='ocrx_word' id='word_1_571' title='bbox 3152 3352 3287 3423; x_wconf 89' lang='lat' dir='ltr'><strong>quid</strong></span> <span class='ocrx_word' id='word_1_572' title='bbox 3305 3363 3623 3422; x_wconf 56' lang='lat' dir='ltr'><strong>possumus:</strong></span> 
     </span>
    </p>
   </div>
   <div class='ocr_carea' id='block_1_73' title="bbox 2057 3433 3625 3511">
    <p class='ocr_par' dir='ltr' id='par_1_73' title="bbox 2057 3433 3625 3511">
     <span class='ocr_line' id='line_1_73' title="bbox 2057 3433 3625 3511; baseline -0.003 -19"><span class='ocrx_word' id='word_1_573' title='bbox 2057 3455 2180 3509; x_wconf 82' lang='lat' dir='ltr'><strong>qua</strong></span> <span class='ocrx_word' id='word_1_574' title='bbox 2208 3438 2362 3494; x_wconf 89' lang='lat' dir='ltr'><strong>enim</strong></span> <span class='ocrx_word' id='word_1_575' title='bbox 2392 3445 2477 3493; x_wconf 88' lang='lat' dir='ltr'><strong>est</strong></span> <span class='ocrx_word' id='word_1_576' title='bbox 2505 3439 2722 3494; x_wconf 84' lang='lat' dir='ltr'><strong>utilitas</strong></span> <span class='ocrx_word' id='word_1_577' title='bbox 2761 3439 3010 3496; x_wconf 85' lang='lat' dir='ltr'><strong>laborem</strong></span> <span class='ocrx_word' id='word_1_578' title='bbox 3060 3441 3392 3511; x_wconf 79' lang='lat' dir='ltr'><strong>expendere,</strong></span> <span class='ocrx_word' id='word_1_579' title='bbox 3423 3436 3511 3492; x_wconf 84' lang='lat' dir='ltr'><strong>ubi</strong></span> <span class='ocrx_word' id='word_1_580' title='bbox 3537 3433 3625 3489; x_wconf 87' lang='lat' dir='ltr'><strong>etsi</strong></span> 
     </span>
    </p>
   </div>
   <div class='ocr_carea' id='block_1_74' title="bbox 2056 3527 3624 3598">
    <p class='ocr_par' dir='ltr' id='par_1_74' title="bbox 2056 3527 3624 3598">
     <span class='ocr_line' id='line_1_74' title="bbox 2056 3527 3624 3598; baseline -0.002 -17"><span class='ocrx_word' id='word_1_581' title='bbox 2056 3527 2246 3582; x_wconf 90' lang='lat' dir='ltr'><strong>omnia</strong></span> <span class='ocrx_word' id='word_1_582' title='bbox 2291 3527 2582 3598; x_wconf 89' lang='lat' dir='ltr'><strong>acquirere</strong></span> <span class='ocrx_word' id='word_1_583' title='bbox 2611 3545 2930 3598; x_wconf 89' lang='lat' dir='ltr'><strong>possumus,</strong></span> <span class='ocrx_word' id='word_1_584' title='bbox 2965 3529 3060 3585; x_wconf 90' lang='lat' dir='ltr'><strong>hic</strong></span> <span class='ocrx_word' id='word_1_585' title='bbox 3110 3529 3207 3587; x_wconf 88' lang='lat' dir='ltr'><strong>illa</strong></span> <span class='ocrx_word' id='word_1_586' title='bbox 3253 3527 3624 3598; x_wconf 84' lang='lat' dir='ltr'><strong>relinquemus,</strong></span> 
     </span>
    </p>
   </div>
   <div class='ocr_carea' id='block_1_75' title="bbox 2057 3616 3628 3688">
    <p class='ocr_par' dir='ltr' id='par_1_75' title="bbox 2057 3616 3628 3688">
     <span class='ocr_line' id='line_1_75' title="bbox 2057 3616 3628 3688; baseline -0.003 -17"><span class='ocrx_word' id='word_1_587' title='bbox 2057 3632 2180 3686; x_wconf 81' lang='lat' dir='ltr'><strong>qua</strong></span> <span class='ocrx_word' id='word_1_588' title='bbox 2223 3617 2727 3687; x_wconf 72' lang='lat' dir='ltr'><strong>congregavimus?</strong></span> <span class='ocrx_word' id='word_1_589' title='bbox 2764 3617 2900 3688; x_wconf 88' lang='lat' dir='ltr'><strong>quid</strong></span> <span class='ocrx_word' id='word_1_590' title='bbox 2945 3635 3082 3688; x_wconf 83' lang='lat' dir='ltr'><strong>ergo</strong></span> <span class='ocrx_word' id='word_1_591' title='bbox 3128 3619 3252 3674; x_wconf 85' lang='lat' dir='ltr'><strong>ﬁeri</strong></span> <span class='ocrx_word' id='word_1_592' title='bbox 3291 3616 3469 3681; x_wconf 86' lang='lat' dir='ltr'><strong>debet,</strong></span> <span class='ocrx_word' id='word_1_593' title='bbox 3506 3628 3628 3682; x_wconf 90' lang='lat' dir='ltr'><strong>quo-</strong></span> 
     </span>
    </p>
   </div>
   <div class='ocr_carea' id='block_1_76' title="bbox 2056 3698 3628 3778">
    <p class='ocr_par' dir='ltr' id='par_1_76' title="bbox 2056 3698 3628 3778">
     <span class='ocr_line' id='line_1_76' title="bbox 2056 3698 3628 3778; baseline -0.001 -21"><span class='ocrx_word' id='word_1_594' title='bbox 2056 3704 2208 3760; x_wconf 89' lang='lat' dir='ltr'><strong>niam</strong></span> <span class='ocrx_word' id='word_1_595' title='bbox 2238 3712 2295 3776; x_wconf 82' lang='lat' dir='ltr'><strong>et</strong></span> <span class='ocrx_word' id='word_1_596' title='bbox 2313 3705 2450 3776; x_wconf 81' lang='lat' dir='ltr'><strong>illud</strong></span> <span class='ocrx_word' id='word_1_597' title='bbox 2483 3706 2862 3771; x_wconf 84' lang='lat' dir='ltr'><strong>necessarium</strong></span> <span class='ocrx_word' id='word_1_598' title='bbox 2893 3712 2998 3770; x_wconf 87' lang='lat' dir='ltr'><strong>est,</strong></span> <span class='ocrx_word' id='word_1_599' title='bbox 3030 3713 3092 3764; x_wconf 91' lang='lat' dir='ltr'><strong>et</strong></span> <span class='ocrx_word' id='word_1_600' title='bbox 3131 3709 3237 3764; x_wconf 92' lang='lat' dir='ltr'><strong>hoc</strong></span> <span class='ocrx_word' id='word_1_601' title='bbox 3267 3698 3628 3778; x_wconf 70' lang='lat' dir='ltr'><strong>superfluum?</strong></span> 
     </span>
    </p>
   </div>
   <div class='ocr_carea' id='block_1_77' title="bbox 2060 3789 3630 3868">
    <p class='ocr_par' dir='ltr' id='par_1_77' title="bbox 2060 3789 3630 3868">
     <span class='ocr_line' id='line_1_77' title="bbox 2060 3789 3630 3868; baseline -0.004 -18"><span class='ocrx_word' id='word_1_602' title='bbox 2060 3810 2086 3844; x_wconf 72' lang='grc' dir='ltr'><strong><em>ι</em></strong></span> <span class='ocrx_word' id='word_1_603' title='bbox 2119 3793 2402 3850; x_wconf 87' lang='lat' dir='ltr'><strong>Habentes</strong></span> <span class='ocrx_word' id='word_1_604' title='bbox 2426 3799 2616 3850; x_wconf 90' lang='lat' dir='ltr'><strong>autem</strong></span> <span class='ocrx_word' id='word_1_605' title='bbox 2645 3795 2930 3859; x_wconf 89' lang='lat' dir='ltr'><strong>alimenta,</strong></span> <span class='ocrx_word' id='word_1_606' title='bbox 2966 3802 3024 3851; x_wconf 87' lang='lat' dir='ltr'><strong>et</strong></span> <span class='ocrx_word' id='word_1_607' title='bbox 3049 3796 3258 3868; x_wconf 88' lang='lat' dir='ltr'><strong>quibus</strong></span> <span class='ocrx_word' id='word_1_608' title='bbox 3279 3789 3630 3866; x_wconf 61' lang='lat' dir='ltr'><strong>tegumentis</strong></span> 
     </span>
    </p>
   </div>
   <div class='ocr_carea' id='block_1_78' title="bbox 2057 3882 3632 3955">
    <p class='ocr_par' dir='ltr' id='par_1_78' title="bbox 2057 3882 3632 3955">
     <span class='ocr_line' id='line_1_78' title="bbox 2057 3882 3632 3955; baseline 0 -20"><span class='ocrx_word' id='word_1_609' title='bbox 2057 3883 2303 3936; x_wconf 87' lang='lat' dir='ltr'><strong>contenti</strong></span> <span class='ocrx_word' id='word_1_610' title='bbox 2331 3900 2546 3937; x_wconf 91' lang='lat' dir='ltr'><strong>sumus.</strong></span> <span class='ocrx_word' id='word_1_611' title='bbox 2585 3904 2606 3933; x_wconf 74' lang='grc' dir='ltr'><strong>ι</strong></span> <span class='ocrx_word' id='word_1_612' title='bbox 2641 3883 2859 3938; x_wconf 86' lang='lat' dir='ltr'><strong>Sufﬁcit</strong></span> <span class='ocrx_word' id='word_1_613' title='bbox 2884 3885 2984 3938; x_wconf 91' lang='lat' dir='ltr'><strong>illa</strong></span> <span class='ocrx_word' id='word_1_614' title='bbox 3013 3885 3226 3940; x_wconf 88' lang='lat' dir='ltr'><strong>habere</strong></span> <span class='ocrx_word' id='word_1_615' title='bbox 3253 3901 3376 3955; x_wconf 84' lang='lat' dir='ltr'><strong>qua</strong></span> <span class='ocrx_word' id='word_1_616' title='bbox 3404 3882 3471 3936; x_wconf 89' lang='lat' dir='ltr'><strong>ad</strong></span> <span class='ocrx_word' id='word_1_617' title='bbox 3488 3892 3632 3936; x_wconf 77' lang='lat' dir='ltr'><strong>usum</strong></span> 
     </span>
    </p>
   </div>
   <div class='ocr_carea' id='block_1_79' title="bbox 377 3970 3635 4044">
    <p class='ocr_par' dir='ltr' id='par_1_79' title="bbox 377 3970 3635 4044">
     <span class='ocr_line' id='line_1_79' title="bbox 377 3970 3635 4044; baseline -0.001 -16"><span class='ocrx_word' id='word_1_618' title='bbox 377 3971 845 4038; x_wconf 80' lang='lat' dir='ltr'><strong>adnascebantur,</strong></span> <span class='ocrx_word' id='word_1_619' title='bbox 877 3972 1072 4042; x_wconf 84' lang='lat' dir='ltr'><strong>adjicit</strong></span> <span class='ocrx_word' id='word_1_620' title='bbox 1101 3990 1114 4026; x_wconf 89' lang='lat'><strong>:</strong></span> <span class='ocrx_word' id='word_1_621' title='bbox 1151 3991 1176 4025; x_wconf 78' lang='grc' dir='ltr'><strong><em>α</em></strong></span> <span class='ocrx_word' id='word_1_622' title='bbox 1203 3973 1280 4027; x_wconf 88' lang='lat' dir='ltr'><strong>Ex</strong></span> <span class='ocrx_word' id='word_1_623' title='bbox 1312 3971 1514 4044; x_wconf 75' lang='lat' dir='ltr'><strong>quibus</strong></span> <span class='ocrx_word' id='word_1_624' title='bbox 1545 3971 1806 4026; x_wconf 88' lang='lat' dir='ltr'><strong>oriuntur</strong></span> <span class='ocrx_word' id='word_1_625' title='bbox 1829 3973 1976 4040; x_wconf 49' lang='lat' dir='ltr'><strong>invi-2</strong></span> <span class='ocrx_word' id='word_1_626' title='bbox 2057 3970 2217 4028; x_wconf 89' lang='lat' dir='ltr'><strong>nobis</strong></span> <span class='ocrx_word' id='word_1_627' title='bbox 2239 3976 2372 4029; x_wconf 85' lang='lat' dir='ltr'><strong>sunt</strong></span> <span class='ocrx_word' id='word_1_628' title='bbox 2391 3971 2724 4037; x_wconf 85' lang='lat' dir='ltr'><strong>necessaria,</strong></span> <span class='ocrx_word' id='word_1_629' title='bbox 2760 3971 2847 4041; x_wconf 82' lang='lat' dir='ltr'><strong>his</strong></span> <span class='ocrx_word' id='word_1_630' title='bbox 2874 3973 3026 4031; x_wconf 85' lang='lat' dir='ltr'><strong>enim</strong></span> <span class='ocrx_word' id='word_1_631' title='bbox 3065 3973 3327 4032; x_wconf 83' lang='lat' dir='ltr'><strong>fruemur</strong></span> <span class='ocrx_word' id='word_1_632' title='bbox 3360 3970 3520 4029; x_wconf 85' lang='lat' dir='ltr'><strong>solis:</strong></span> <span class='ocrx_word' id='word_1_633' title='bbox 3549 3983 3635 4020; x_wconf 71' lang='lat' dir='ltr'><strong>ce-</strong></span> 
     </span>
    </p>
   </div>
   <div class='ocr_carea' id='block_1_80' title="bbox 381 4053 3634 4131">
    <p class='ocr_par' dir='ltr' id='par_1_80' title="bbox 381 4053 3634 4131">
     <span class='ocr_line' id='line_1_80' title="bbox 381 4053 3634 4131; baseline -0.001 -19"><span class='ocrx_word' id='word_1_634' title='bbox 381 4081 403 4112; x_wconf 76' lang='lat'><strong>¢</strong></span> <span class='ocrx_word' id='word_1_635' title='bbox 435 4061 562 4126; x_wconf 81' lang='lat' dir='ltr'><strong>dia,</strong></span> <span class='ocrx_word' id='word_1_636' title='bbox 583 4060 990 4126; x_wconf 86' lang='lat' dir='ltr'><strong>contentiones,</strong></span> <span class='ocrx_word' id='word_1_637' title='bbox 1015 4059 1392 4131; x_wconf 80' lang='lat' dir='ltr'><strong>blasphemia,</strong></span> <span class='ocrx_word' id='word_1_638' title='bbox 1419 4059 1764 4130; x_wconf 85' lang='lat' dir='ltr'><strong>suspiciones</strong></span> <span class='ocrx_word' id='word_1_639' title='bbox 1791 4062 1970 4122; x_wconf 81' lang='lat' dir='ltr'><strong>mala,</strong></span> <span class='ocrx_word' id='word_1_640' title='bbox 2055 4064 2180 4116; x_wconf 86' lang='lat' dir='ltr'><strong>tera</strong></span> <span class='ocrx_word' id='word_1_641' title='bbox 2206 4075 2336 4114; x_wconf 85' lang='lat' dir='ltr'><strong>vero</strong></span> <span class='ocrx_word' id='word_1_642' title='bbox 2367 4059 2537 4117; x_wconf 84' lang='lat' dir='ltr'><strong>etiam</strong></span> <span class='ocrx_word' id='word_1_643' title='bbox 2567 4060 2615 4114; x_wconf 86' lang='lat' dir='ltr'><strong>si</strong></span> <span class='ocrx_word' id='word_1_644' title='bbox 2657 4059 2946 4116; x_wconf 82' lang='lat' dir='ltr'><strong>cumulata</strong></span> <span class='ocrx_word' id='word_1_645' title='bbox 2980 4060 3199 4130; x_wconf 78' lang='lat' dir='ltr'><strong>fuerint</strong></span> <span class='ocrx_word' id='word_1_646' title='bbox 3225 4060 3351 4120; x_wconf 84' lang='lat' dir='ltr'><strong>aliis</strong></span> <span class='ocrx_word' id='word_1_647' title='bbox 3389 4053 3634 4126; x_wconf 80' lang='lat' dir='ltr'><strong>relinqui-</strong></span> 
     </span>
    </p>
   </div>
   <div class='ocr_carea' id='block_1_81' title="bbox 380 4148 3636 4220">
    <p class='ocr_par' dir='ltr' id='par_1_81' title="bbox 380 4148 3636 4220">
     <span class='ocr_line' id='line_1_81' title="bbox 380 4148 3636 4220; baseline 0.001 -19"><span class='ocrx_word' id='word_1_648' title='bbox 380 4168 410 4201; x_wconf 75' lang='grc' dir='ltr'><strong>α</strong></span> <span class='ocrx_word' id='word_1_649' title='bbox 436 4149 880 4204; x_wconf 79' lang='lat' dir='ltr'><strong>conﬂictationes</strong></span> <span class='ocrx_word' id='word_1_650' title='bbox 923 4149 1216 4203; x_wconf 87' lang='lat' dir='ltr'><strong>hominum</strong></span> <span class='ocrx_word' id='word_1_651' title='bbox 1260 4155 1450 4203; x_wconf 88' lang='lat' dir='ltr'><strong>mente</strong></span> <span class='ocrx_word' id='word_1_652' title='bbox 1479 4156 1889 4220; x_wconf 87' lang='lat' dir='ltr'><strong>corruptorum,</strong></span> <span class='ocrx_word' id='word_1_653' title='bbox 1918 4157 1977 4204; x_wconf 86' lang='lat' dir='ltr'><strong>et</strong></span> <span class='ocrx_word' id='word_1_654' title='bbox 2057 4164 2182 4210; x_wconf 87' lang='lat' dir='ltr'><strong>mus</strong></span> <span class='ocrx_word' id='word_1_655' title='bbox 2210 4148 2268 4203; x_wconf 89' lang='lat' dir='ltr'><strong>in</strong></span> <span class='ocrx_word' id='word_1_656' title='bbox 2297 4149 2528 4206; x_wconf 87' lang='lat' dir='ltr'><strong>mundo.</strong></span> <span class='ocrx_word' id='word_1_657' title='bbox 2567 4169 2587 4200; x_wconf 76' lang='grc' dir='ltr'>α</span> <span class='ocrx_word' id='word_1_658' title='bbox 2621 4149 2905 4206; x_wconf 83' lang='lat' dir='ltr'><strong>Habentes</strong></span> <span class='ocrx_word' id='word_1_659' title='bbox 2930 4156 3123 4206; x_wconf 86' lang='lat' dir='ltr'><strong>autem</strong></span> <span class='ocrx_word' id='word_1_660' title='bbox 3153 4151 3426 4208; x_wconf 76' lang='lat' dir='ltr'><strong>aliinenta</strong></span> <span class='ocrx_word' id='word_1_661' title='bbox 3443 4153 3497 4204; x_wconf 89' lang='lat' dir='ltr'><strong>et</strong></span> <span class='ocrx_word' id='word_1_662' title='bbox 3519 4159 3636 4215; x_wconf 75' lang='lat' dir='ltr'><strong>ope-</strong></span> 
     </span>
    </p>
   </div>
   <div class='ocr_carea' id='block_1_82' title="bbox 381 4232 3633 4310">
    <p class='ocr_par' dir='ltr' id='par_1_82' title="bbox 381 4232 3633 4310">
     <span class='ocr_line' id='line_1_82' title="bbox 381 4232 3633 4310; baseline 0.001 -20"><span class='ocrx_word' id='word_1_663' title='bbox 381 4258 404 4290; x_wconf 78' lang='lat'><strong>¢</strong></span> <span class='ocrx_word' id='word_1_664' title='bbox 437 4238 534 4310; x_wconf 77' lang='lat' dir='ltr'><strong>qui</strong></span> <span class='ocrx_word' id='word_1_665' title='bbox 558 4237 795 4292; x_wconf 86' lang='lat' dir='ltr'><strong>veritate</strong></span> <span class='ocrx_word' id='word_1_666' title='bbox 821 4237 1020 4309; x_wconf 79' lang='lat' dir='ltr'><strong>privati</strong></span> <span class='ocrx_word' id='word_1_667' title='bbox 1049 4243 1200 4303; x_wconf 88' lang='lat' dir='ltr'><strong>sunt,</strong></span> <span class='ocrx_word' id='word_1_668' title='bbox 1227 4237 1668 4293; x_wconf 78' lang='lat' dir='ltr'><strong>existimantium</strong></span> <span class='ocrx_word' id='word_1_669' title='bbox 1697 4244 1974 4308; x_wconf 70' lang='lat' dir='ltr'><strong>quaestum</strong></span> <span class='ocrx_word' id='word_1_670' title='bbox 2057 4235 2302 4293; x_wconf 85' lang='lat' dir='ltr'><strong>rimenta</strong></span> <span class='ocrx_word' id='word_1_671' title='bbox 2351 4236 2440 4306; x_wconf 81' lang='lat' dir='ltr'><strong>his</strong></span> <span class='ocrx_word' id='word_1_672' title='bbox 2493 4237 2742 4294; x_wconf 82' lang='lat' dir='ltr'><strong>contenti</strong></span> <span class='ocrx_word' id='word_1_673' title='bbox 2790 4253 3004 4298; x_wconf 80' lang='lat' dir='ltr'><strong>sumus.</strong></span> <span class='ocrx_word' id='word_1_674' title='bbox 3053 4257 3078 4294; x_wconf 70' lang='grc' dir='ltr'><strong><em>ι</em></strong></span> <span class='ocrx_word' id='word_1_675' title='bbox 3131 4237 3512 4309; x_wconf 69' lang='lat' dir='ltr'><strong>Operimcnta,</strong></span> <span class='ocrx_word' id='word_1_676' title='bbox 3559 4232 3633 4288; x_wconf 76' lang='grc' dir='ltr'><strong>ἰη-</strong></span> 
     </span>
    </p>
   </div>
   <div class='ocr_carea' id='block_1_83' title="bbox 381 4319 3637 4399">
    <p class='ocr_par' dir='ltr' id='par_1_83' title="bbox 381 4319 3637 4399">
     <span class='ocr_line' id='line_1_83' title="bbox 381 4319 3637 4399; baseline 0.001 -19"><span class='ocrx_word' id='word_1_677' title='bbox 381 4347 404 4380; x_wconf 83' lang='grc'>‹</span> <span class='ocrx_word' id='word_1_678' title='bbox 437 4343 561 4383; x_wconf 80' lang='lat' dir='ltr'><strong>esse</strong></span> <span class='ocrx_word' id='word_1_679' title='bbox 607 4327 894 4399; x_wconf 84' lang='lat' dir='ltr'><strong>pietatem.</strong></span> <span class='ocrx_word' id='word_1_680' title='bbox 933 4347 956 4379; x_wconf 73' lang='grc' dir='ltr'><strong><em>ι</em></strong></span> <span class='ocrx_word' id='word_1_681' title='bbox 991 4326 1321 4382; x_wconf 81' lang='lat' dir='ltr'><strong>Eﬂiciuntur</strong></span> <span class='ocrx_word' id='word_1_682' title='bbox 1373 4327 1504 4382; x_wconf 86' lang='lat' dir='ltr'><strong>hinc</strong></span> <span class='ocrx_word' id='word_1_683' title='bbox 1556 4326 1796 4394; x_wconf 80' lang='lat' dir='ltr'><strong>invidia,</strong></span> <span class='ocrx_word' id='word_1_684' title='bbox 1829 4325 2275 4399; x_wconf 65' lang='lat' dir='ltr'><strong>uno-“quiens,</strong></span> <span class='ocrx_word' id='word_1_685' title='bbox 2316 4341 2429 4382; x_wconf 89' lang='lat' dir='ltr'><strong>non</strong></span> <span class='ocrx_word' id='word_1_686' title='bbox 2472 4324 2824 4392; x_wconf 79' lang='lat' dir='ltr'><strong>vestimenta,</strong></span> <span class='ocrx_word' id='word_1_687' title='bbox 2869 4332 2934 4384; x_wconf 87' lang='lat' dir='ltr'><strong>ut</strong></span> <span class='ocrx_word' id='word_1_688' title='bbox 2977 4326 3036 4388; x_wconf 87' lang='lat' dir='ltr'><strong>in</strong></span> <span class='ocrx_word' id='word_1_689' title='bbox 3082 4326 3426 4398; x_wconf 83' lang='lat' dir='ltr'><strong>quibusdam</strong></span> <span class='ocrx_word' id='word_1_690' title='bbox 3467 4319 3637 4377; x_wconf 58' lang='lat' dir='ltr'><strong>latinis</strong></span> 
     </span>
    </p>
   </div>
   <div class='ocr_carea' id='block_1_84' title="bbox 376 4375 3636 4490">
    <p class='ocr_par' dir='ltr' id='par_1_84' title="bbox 376 4375 3636 4490">
     <span class='ocr_line' id='line_1_84' title="bbox 376 4375 3636 4490; baseline -0.002 -18"><span class='ocrx_word' id='word_1_691' title='bbox 376 4375 639 4490; x_wconf 72' lang='lat' dir='ltr'><strong>quoquer</strong></span> <span class='ocrx_word' id='word_1_692' title='bbox 653 4416 940 4471; x_wconf 78' lang='lat' dir='ltr'><strong>invidente</strong></span> <span class='ocrx_word' id='word_1_693' title='bbox 985 4415 1068 4470; x_wconf 88' lang='lat' dir='ltr'><strong>illi</strong></span> <span class='ocrx_word' id='word_1_694' title='bbox 1120 4415 1216 4486; x_wconf 87' lang='lat' dir='ltr'><strong>qui</strong></span> <span class='ocrx_word' id='word_1_695' title='bbox 1271 4421 1458 4486; x_wconf 86' lang='lat' dir='ltr'><strong>potest</strong></span> <span class='ocrx_word' id='word_1_696' title='bbox 1503 4415 1752 4486; x_wconf 74' lang='lat' dir='ltr'><strong>qualibet</strong></span> <span class='ocrx_word' id='word_1_697' title='bbox 1782 4375 2038 4471; x_wconf 45' lang='lat' dir='ltr'><strong>’ratio-p</strong></span> <span class='ocrx_word' id='word_1_698' title='bbox 2055 4375 2466 4484; x_wconf 50' lang='lat' dir='ltr'><strong>e‘xempiaribus</strong></span> <span class='ocrx_word' id='word_1_699' title='bbox 2520 4429 2632 4472; x_wconf 84' lang='lat' dir='ltr'><strong>non</strong></span> <span class='ocrx_word' id='word_1_700' title='bbox 2670 4387 2894 4486; x_wconf 85' lang='lat' dir='ltr'><strong>proprie</strong></span> <span class='ocrx_word' id='word_1_701' title='bbox 2940 4375 3283 4479; x_wconf 63' lang='lat' dir='ltr'><strong>continetur,</strong></span> <span class='ocrx_word' id='word_1_702' title='bbox 3309 4415 3364 4474; x_wconf 90' lang='lat' dir='ltr'><strong>id</strong></span> <span class='ocrx_word' id='word_1_703' title='bbox 3396 4418 3496 4476; x_wconf 85' lang='lat' dir='ltr'><strong>est.</strong></span> <span class='ocrx_word' id='word_1_704' title='bbox 3530 4424 3636 4480; x_wconf 68' lang='lat' dir='ltr'><strong>qua</strong></span> 
     </span>
    </p>
   </div>
   <div class='ocr_carea' id='block_1_85' title="bbox 375 4497 3639 4577">
    <p class='ocr_par' dir='ltr' id='par_1_85' title="bbox 375 4497 3639 4577">
     <span class='ocr_line' id='line_1_85' title="bbox 375 4497 3639 4577; baseline -0.001 -17"><span class='ocrx_word' id='word_1_705' title='bbox 375 4523 449 4561; x_wconf 90' lang='lat' dir='ltr'><strong>ne</strong></span> <span class='ocrx_word' id='word_1_706' title='bbox 490 4507 549 4566; x_wconf 86' lang='lat' dir='ltr'><strong>in</strong></span> <span class='ocrx_word' id='word_1_707' title='bbox 599 4506 858 4560; x_wconf 78' lang='lat' dir='ltr'><strong>doctrina</strong></span> <span class='ocrx_word' id='word_1_708' title='bbox 904 4505 1102 4570; x_wconf 78' lang='lat' dir='ltr'><strong>videri,</strong></span> <span class='ocrx_word' id='word_1_709' title='bbox 1140 4504 1274 4559; x_wconf 86' lang='lat' dir='ltr'><strong>rixa</strong></span> <span class='ocrx_word' id='word_1_710' title='bbox 1317 4505 1490 4559; x_wconf 89' lang='lat' dir='ltr'><strong>etiam</strong></span> <span class='ocrx_word' id='word_1_711' title='bbox 1533 4505 1790 4576; x_wconf 88' lang='lat' dir='ltr'><strong>plurima</strong></span> <span class='ocrx_word' id='word_1_712' title='bbox 1842 4506 1976 4577; x_wconf 91' lang='lat' dir='ltr'><strong>quia</strong></span> <span class='ocrx_word' id='word_1_713' title='bbox 2055 4519 2255 4573; x_wconf 84' lang='lat' dir='ltr'><strong>corpus</strong></span> <span class='ocrx_word' id='word_1_714' title='bbox 2295 4503 2552 4573; x_wconf 88' lang='lat' dir='ltr'><strong>operiant</strong></span> <span class='ocrx_word' id='word_1_715' title='bbox 2587 4509 2829 4566; x_wconf 81' lang='lat' dir='ltr'><strong>tantum,</strong></span> <span class='ocrx_word' id='word_1_716' title='bbox 2873 4519 2985 4564; x_wconf 90' lang='lat' dir='ltr'><strong>non</strong></span> <span class='ocrx_word' id='word_1_717' title='bbox 3029 4519 3157 4576; x_wconf 83' lang='lat' dir='ltr'><strong>qua</strong></span> <span class='ocrx_word' id='word_1_718' title='bbox 3197 4504 3439 4564; x_wconf 80' lang='lat' dir='ltr'><strong>amictus</strong></span> <span class='ocrx_word' id='word_1_719' title='bbox 3477 4497 3639 4574; x_wconf 67' lang='lat' dir='ltr'><strong>gloria</strong></span> 
     </span>
    </p>
   </div>
   <div class='ocr_carea' id='block_1_86' title="bbox 374 4585 3636 4667">
    <p class='ocr_par' dir='ltr' id='par_1_86' title="bbox 374 4585 3636 4667">
     <span class='ocr_line' id='line_1_86' title="bbox 374 4585 3636 4667; baseline -0.002 -16"><span class='ocrx_word' id='word_1_720' title='bbox 374 4597 685 4667; x_wconf 81' lang='lat' dir='ltr'><strong>loquantur</strong></span> <span class='ocrx_word' id='word_1_721' title='bbox 711 4612 779 4650; x_wconf 88' lang='lat' dir='ltr'><strong>ex</strong></span> <span class='ocrx_word' id='word_1_722' title='bbox 809 4595 898 4650; x_wconf 87' lang='lat' dir='ltr'><strong>his</strong></span> <span class='ocrx_word' id='word_1_723' title='bbox 926 4611 1050 4666; x_wconf 80' lang='lat' dir='ltr'><strong>qua</strong></span> <span class='ocrx_word' id='word_1_724' title='bbox 1083 4595 1236 4665; x_wconf 89' lang='lat' dir='ltr'><strong>loqui</strong></span> <span class='ocrx_word' id='word_1_725' title='bbox 1267 4610 1378 4648; x_wconf 87' lang='lat' dir='ltr'><strong>non</strong></span> <span class='ocrx_word' id='word_1_726' title='bbox 1405 4594 1768 4662; x_wconf 85' lang='lat' dir='ltr'><strong>conveniunt,</strong></span> <span class='ocrx_word' id='word_1_727' title='bbox 1804 4597 1976 4650; x_wconf 86' lang='lat' dir='ltr'><strong>maxi-</strong></span> <span class='ocrx_word' id='word_1_728' title='bbox 2055 4590 2434 4650; x_wconf 85' lang='lat' dir='ltr'><strong>blandiantur.</strong></span> <span class='ocrx_word' id='word_1_729' title='bbox 2477 4593 2838 4664; x_wconf 85' lang='lat' dir='ltr'><strong>Superﬂuum</strong></span> <span class='ocrx_word' id='word_1_730' title='bbox 2867 4593 3022 4650; x_wconf 86' lang='lat' dir='ltr'><strong>enim</strong></span> <span class='ocrx_word' id='word_1_731' title='bbox 3053 4601 3161 4660; x_wconf 86' lang='lat' dir='ltr'><strong>est,</strong></span> <span class='ocrx_word' id='word_1_732' title='bbox 3196 4593 3402 4664; x_wconf 83' lang='lat' dir='ltr'><strong>inquit,</strong></span> <span class='ocrx_word' id='word_1_733' title='bbox 3434 4606 3532 4649; x_wconf 82' lang='lat' dir='ltr'><strong>nos</strong></span> <span class='ocrx_word' id='word_1_734' title='bbox 3555 4585 3636 4657; x_wconf 77' lang='lat' dir='ltr'><strong>qui</strong></span> 
     </span>
    </p>
   </div>
   <div class='ocr_carea' id='block_1_87' title="bbox 375 4673 3638 4754">
    <p class='ocr_par' dir='ltr' id='par_1_87' title="bbox 375 4673 3638 4754">
     <span class='ocr_line' id='line_1_87' title="bbox 375 4673 3638 4754; baseline 0 -15"><span class='ocrx_word' id='word_1_735' title='bbox 375 4700 468 4740; x_wconf 85' lang='lat' dir='ltr'><strong>me</strong></span> <span class='ocrx_word' id='word_1_736' title='bbox 519 4699 650 4738; x_wconf 83' lang='lat' dir='ltr'><strong>cum</strong></span> <span class='ocrx_word' id='word_1_737' title='bbox 707 4690 765 4750; x_wconf 84' lang='lat' dir='ltr'><strong>et</strong></span> <span class='ocrx_word' id='word_1_738' title='bbox 807 4684 890 4738; x_wconf 85' lang='lat' dir='ltr'><strong>illi</strong></span> <span class='ocrx_word' id='word_1_739' title='bbox 949 4683 1046 4754; x_wconf 89' lang='lat' dir='ltr'><strong>qui</strong></span> <span class='ocrx_word' id='word_1_740' title='bbox 1103 4683 1265 4738; x_wconf 85' lang='lat' dir='ltr'><strong>nobis</strong></span> <span class='ocrx_word' id='word_1_741' title='bbox 1311 4699 1426 4738; x_wconf 90' lang='lat' dir='ltr'><strong>non</strong></span> <span class='ocrx_word' id='word_1_742' title='bbox 1471 4689 1606 4738; x_wconf 88' lang='lat' dir='ltr'><strong>sunt</strong></span> <span class='ocrx_word' id='word_1_743' title='bbox 1649 4700 1976 4752; x_wconf 75' lang='lat' dir='ltr'><strong>communes</strong></span> <span class='ocrx_word' id='word_1_744' title='bbox 2056 4680 2196 4738; x_wconf 89' lang='lat' dir='ltr'><strong>nihil</strong></span> <span class='ocrx_word' id='word_1_745' title='bbox 2226 4680 2518 4740; x_wconf 81' lang='lat' dir='ltr'><strong>intulimus</strong></span> <span class='ocrx_word' id='word_1_746' title='bbox 2545 4681 2726 4741; x_wconf 84' lang='lat' dir='ltr'><strong>multa</strong></span> <span class='ocrx_word' id='word_1_747' title='bbox 2751 4682 2890 4740; x_wconf 80' lang='lat' dir='ltr'><strong>velle</strong></span> <span class='ocrx_word' id='word_1_748' title='bbox 2929 4683 3286 4754; x_wconf 87' lang='lat' dir='ltr'><strong>conquirere,</strong></span> <span class='ocrx_word' id='word_1_749' title='bbox 3319 4687 3386 4742; x_wconf 84' lang='lat' dir='ltr'><strong>ut</strong></span> <span class='ocrx_word' id='word_1_750' title='bbox 3413 4679 3538 4754; x_wconf 67' lang='lat' dir='ltr'><strong>hinc</strong></span> <span class='ocrx_word' id='word_1_751' title='bbox 3567 4673 3638 4732; x_wconf 68' lang='lat' dir='ltr'><strong>ef-</strong></span> 
     </span>
    </p>
   </div>
   <div class='ocr_carea' id='block_1_88' title="bbox 372 4766 3641 4843">
    <p class='ocr_par' dir='ltr' id='par_1_88' title="bbox 372 4766 3641 4843">
     <span class='ocr_line' id='line_1_88' title="bbox 372 4766 3641 4843; baseline -0.001 -15"><span class='ocrx_word' id='word_1_752' title='bbox 372 4773 434 4828; x_wconf 89' lang='lat' dir='ltr'><strong>in</strong></span> <span class='ocrx_word' id='word_1_753' title='bbox 463 4772 572 4826; x_wconf 80' lang='lat' dir='ltr'><strong>fide</strong></span> <span class='ocrx_word' id='word_1_754' title='bbox 603 4772 996 4842; x_wconf 80' lang='lat' dir='ltr'><strong>blasphemant</strong></span> <span class='ocrx_word' id='word_1_755' title='bbox 1027 4788 1148 4838; x_wconf 81' lang='lat' dir='ltr'><strong>nos,</strong></span> <span class='ocrx_word' id='word_1_756' title='bbox 1179 4779 1240 4827; x_wconf 86' lang='lat' dir='ltr'><strong>et</strong></span> <span class='ocrx_word' id='word_1_757' title='bbox 1262 4772 1560 4843; x_wconf 91' lang='lat' dir='ltr'><strong>inquirunt</strong></span> <span class='ocrx_word' id='word_1_758' title='bbox 1575 4773 1842 4827; x_wconf 88' lang='lat' dir='ltr'><strong>adversus</strong></span> <span class='ocrx_word' id='word_1_759' title='bbox 1873 4789 1976 4827; x_wconf 86' lang='lat' dir='ltr'><strong>nos</strong></span> <span class='ocrx_word' id='word_1_760' title='bbox 2057 4769 2321 4828; x_wconf 80' lang='lat' dir='ltr'><strong>feramus.</strong></span> <span class='ocrx_word' id='word_1_761' title='bbox 2355 4769 2568 4829; x_wconf 86' lang='lat' dir='ltr'><strong>Deinde</strong></span> <span class='ocrx_word' id='word_1_762' title='bbox 2617 4771 2918 4830; x_wconf 81' lang='lat' dir='ltr'><strong>ostendens</strong></span> <span class='ocrx_word' id='word_1_763' title='bbox 2957 4771 3440 4842; x_wconf 71' lang='lat' dir='ltr'><strong>quemadmodum</strong></span> <span class='ocrx_word' id='word_1_764' title='bbox 3467 4766 3641 4827; x_wconf 70' lang='lat' dir='ltr'><strong>nociva</strong></span> 
     </span>
    </p>
   </div>
   <div class='ocr_carea' id='block_1_89' title="bbox 373 4855 3641 4932">
    <p class='ocr_par' dir='ltr' id='par_1_89' title="bbox 373 4855 3641 4932">
     <span class='ocr_line' id='line_1_89' title="bbox 373 4855 3641 4932; baseline -0.003 -16"><span class='ocrx_word' id='word_1_765' title='bbox 373 4877 574 4916; x_wconf 79' lang='lat' dir='ltr'><strong>causas</strong></span> <span class='ocrx_word' id='word_1_766' title='bbox 619 4860 798 4915; x_wconf 87' lang='lat' dir='ltr'><strong>otiose</strong></span> <span class='ocrx_word' id='word_1_767' title='bbox 844 4860 1164 4926; x_wconf 82' lang='lat' dir='ltr'><strong>existentes,</strong></span> <span class='ocrx_word' id='word_1_768' title='bbox 1204 4862 1378 4931; x_wconf 83' lang='lat' dir='ltr'><strong>fitque</strong></span> <span class='ocrx_word' id='word_1_769' title='bbox 1417 4866 1475 4915; x_wconf 89' lang='lat' dir='ltr'><strong>et</strong></span> <span class='ocrx_word' id='word_1_770' title='bbox 1517 4861 1622 4916; x_wconf 91' lang='lat' dir='ltr'><strong>hoc</strong></span> <span class='ocrx_word' id='word_1_771' title='bbox 1660 4861 1976 4923; x_wconf 85' lang='lat' dir='ltr'><strong>necessario</strong></span> <span class='ocrx_word' id='word_1_772' title='bbox 2059 4859 2133 4912; x_wconf 80' lang='lat' dir='ltr'><strong>sit</strong></span> <span class='ocrx_word' id='word_1_773' title='bbox 2173 4859 2496 4929; x_wconf 81' lang='lat' dir='ltr'><strong>hujusmodi</strong></span> <span class='ocrx_word' id='word_1_774' title='bbox 2542 4859 2859 4918; x_wconf 86' lang='lat' dir='ltr'><strong>sollicitudo</strong></span> <span class='ocrx_word' id='word_1_775' title='bbox 2926 4859 2978 4914; x_wconf 90' lang='lat' dir='ltr'><strong>ei</strong></span> <span class='ocrx_word' id='word_1_776' title='bbox 3033 4861 3130 4930; x_wconf 88' lang='lat' dir='ltr'><strong>qui</strong></span> <span class='ocrx_word' id='word_1_777' title='bbox 3185 4859 3386 4932; x_wconf 86' lang='lat' dir='ltr'><strong>pietati</strong></span> <span class='ocrx_word' id='word_1_778' title='bbox 3433 4855 3641 4916; x_wconf 75' lang='lat' dir='ltr'><strong>studere</strong></span> 
     </span>
    </p>
   </div>
   <div class='ocr_carea' id='block_1_90' title="bbox 374 4943 3646 5021">
    <p class='ocr_par' dir='ltr' id='par_1_90' title="bbox 374 4943 3646 5021">
     <span class='ocr_line' id='line_1_90' title="bbox 374 4943 3646 5021; baseline -0.002 -16"><span class='ocrx_word' id='word_1_779' title='bbox 374 4955 442 5005; x_wconf 88' lang='lat' dir='ltr'><strong>ut</strong></span> <span class='ocrx_word' id='word_1_780' title='bbox 470 4950 681 5017; x_wconf 76' lang='lat' dir='ltr'><strong>malam</strong></span> <span class='ocrx_word' id='word_1_781' title='bbox 724 4947 969 5006; x_wconf 79' lang='lat' dir='ltr'><strong>habeant</strong></span> <span class='ocrx_word' id='word_1_782' title='bbox 993 4949 1064 5004; x_wconf 85' lang='lat' dir='ltr'><strong>de</strong></span> <span class='ocrx_word' id='word_1_783' title='bbox 1091 4949 1263 5005; x_wconf 86' lang='lat' dir='ltr'><strong>nobis</strong></span> <span class='ocrx_word' id='word_1_784' title='bbox 1300 4949 1698 5021; x_wconf 84' lang='lat' dir='ltr'><strong>suspicionem,</strong></span> <span class='ocrx_word' id='word_1_785' title='bbox 1733 4949 1974 5006; x_wconf 83' lang='lat' dir='ltr'><strong>maxime</strong></span> <span class='ocrx_word' id='word_1_786' title='bbox 2056 4947 2228 5018; x_wconf 85' lang='lat' dir='ltr'><strong>cupit,</strong></span> <span class='ocrx_word' id='word_1_787' title='bbox 2268 4947 2480 5016; x_wconf 87' lang='lat' dir='ltr'><strong>adjicit,</strong></span> <span class='ocrx_word' id='word_1_788' title='bbox 2517 4967 2541 5006; x_wconf 67' lang='grc' dir='ltr'><strong><em>ι</em></strong></span> <span class='ocrx_word' id='word_1_789' title='bbox 2573 4949 2720 5006; x_wconf 85' lang='lat' dir='ltr'><strong>Nam</strong></span> <span class='ocrx_word' id='word_1_790' title='bbox 2767 4948 2862 5019; x_wconf 89' lang='lat' dir='ltr'><strong>qui</strong></span> <span class='ocrx_word' id='word_1_791' title='bbox 2910 4949 3104 5007; x_wconf 85' lang='lat' dir='ltr'><strong>volunt</strong></span> <span class='ocrx_word' id='word_1_792' title='bbox 3147 4949 3357 5010; x_wconf 84' lang='lat' dir='ltr'><strong>divites</strong></span> <span class='ocrx_word' id='word_1_793' title='bbox 3406 4946 3543 5010; x_wconf 86' lang='lat' dir='ltr'><strong>ﬁeri,</strong></span> <span class='ocrx_word' id='word_1_794' title='bbox 3572 4943 3646 5000; x_wconf 82' lang='lat' dir='ltr'><strong>in-</strong></span> 
     </span>
    </p>
   </div>
   <div class='ocr_carea' id='block_1_91' title="bbox 374 5033 3644 5112">
    <p class='ocr_par' dir='ltr' id='par_1_91' title="bbox 374 5033 3644 5112">
     <span class='ocr_line' id='line_1_91' title="bbox 374 5033 3644 5112; baseline -0.002 -17"><span class='ocrx_word' id='word_1_795' title='bbox 374 5041 432 5101; x_wconf 88' lang='lat' dir='ltr'><strong>hi</strong></span> <span class='ocrx_word' id='word_1_796' title='bbox 478 5039 576 5112; x_wconf 86' lang='lat' dir='ltr'><strong>qui</strong></span> <span class='ocrx_word' id='word_1_797' title='bbox 619 5039 731 5094; x_wconf 79' lang='lat' dir='ltr'><strong>ﬁde</strong></span> <span class='ocrx_word' id='word_1_798' title='bbox 775 5037 936 5093; x_wconf 86' lang='lat' dir='ltr'><strong>nobis</strong></span> <span class='ocrx_word' id='word_1_799' title='bbox 962 5038 1149 5094; x_wconf 80' lang='lat' dir='ltr'><strong>exteri</strong></span> <span class='ocrx_word' id='word_1_800' title='bbox 1176 5043 1327 5104; x_wconf 90' lang='lat' dir='ltr'><strong>sunt,</strong></span> <span class='ocrx_word' id='word_1_801' title='bbox 1358 5038 1484 5093; x_wconf 89' lang='lat' dir='ltr'><strong>illos</strong></span> <span class='ocrx_word' id='word_1_802' title='bbox 1531 5055 1662 5098; x_wconf 86' lang='lat' dir='ltr'><strong>vero</strong></span> <span class='ocrx_word' id='word_1_803' title='bbox 1707 5037 1968 5108; x_wconf 84' lang='lat' dir='ltr'><strong>diligunt,</strong></span> <span class='ocrx_word' id='word_1_804' title='bbox 2059 5053 2086 5089; x_wconf 72' lang='grc' dir='ltr'><strong><em>ι</em></strong></span> <span class='ocrx_word' id='word_1_805' title='bbox 2117 5035 2312 5095; x_wconf 79' lang='lat' dir='ltr'><strong>sidunt</strong></span> <span class='ocrx_word' id='word_1_806' title='bbox 2358 5035 2416 5095; x_wconf 85' lang='lat' dir='ltr'><strong>in</strong></span> <span class='ocrx_word' id='word_1_807' title='bbox 2465 5037 2834 5108; x_wconf 81' lang='lat' dir='ltr'><strong>tentationem</strong></span> <span class='ocrx_word' id='word_1_808' title='bbox 2884 5043 2941 5094; x_wconf 87' lang='lat' dir='ltr'><strong>et</strong></span> <span class='ocrx_word' id='word_1_809' title='bbox 2995 5039 3268 5109; x_wconf 83' lang='lat' dir='ltr'><strong>laqueum</strong></span> <span class='ocrx_word' id='word_1_810' title='bbox 3323 5033 3545 5098; x_wconf 84' lang='lat' dir='ltr'><strong>diaboli,</strong></span> <span class='ocrx_word' id='word_1_811' title='bbox 3593 5035 3644 5090; x_wconf 77' lang='lat' dir='ltr'><strong>et</strong></span> 
     </span>
    </p>
   </div>
   <div class='ocr_carea' id='block_1_92' title="bbox 372 5117 3644 5198">
    <p class='ocr_par' dir='ltr' id='par_1_92' title="bbox 372 5117 3644 5198">
     <span class='ocr_line' id='line_1_92' title="bbox 372 5117 3644 5198; baseline -0.002 -14"><span class='ocrx_word' id='word_1_812' title='bbox 372 5129 635 5184; x_wconf 72' lang='lat' dir='ltr'><strong>obtestati</strong></span> <span class='ocrx_word' id='word_1_813' title='bbox 667 5127 852 5183; x_wconf 82' lang='lat' dir='ltr'><strong>verbis</strong></span> <span class='ocrx_word' id='word_1_814' title='bbox 900 5143 1116 5196; x_wconf 66' lang='lat' dir='ltr'><strong>eorum,</strong></span> <span class='ocrx_word' id='word_1_815' title='bbox 1140 5143 1280 5198; x_wconf 83' lang='lat' dir='ltr'><strong>quos</strong></span> <span class='ocrx_word' id='word_1_816' title='bbox 1311 5131 1369 5182; x_wconf 89' lang='lat' dir='ltr'><strong>et</strong></span> <span class='ocrx_word' id='word_1_817' title='bbox 1404 5126 1616 5194; x_wconf 85' lang='lat' dir='ltr'><strong>imitari</strong></span> <span class='ocrx_word' id='word_1_818' title='bbox 1645 5133 1970 5198; x_wconf 83' lang='lat' dir='ltr'><strong>properant,</strong></span> <span class='ocrx_word' id='word_1_819' title='bbox 2062 5145 2083 5176; x_wconf 78' lang='grc' dir='ltr'>ι</span> <span class='ocrx_word' id='word_1_820' title='bbox 2113 5125 2393 5182; x_wconf 84' lang='lat' dir='ltr'><strong>desideria</strong></span> <span class='ocrx_word' id='word_1_821' title='bbox 2430 5117 2628 5192; x_wconf 75' lang='lat' dir='ltr'><strong>multa,</strong></span> <span class='ocrx_word' id='word_1_822' title='bbox 2687 5126 2930 5192; x_wconf 87' lang='lat' dir='ltr'><strong>inutilia,</strong></span> <span class='ocrx_word' id='word_1_823' title='bbox 2961 5133 3018 5181; x_wconf 90' lang='lat' dir='ltr'><strong>et</strong></span> <span class='ocrx_word' id='word_1_824' title='bbox 3062 5127 3283 5192; x_wconf 83' lang='lat' dir='ltr'><strong>nociva.</strong></span> <span class='ocrx_word' id='word_1_825' title='bbox 3333 5143 3458 5198; x_wconf 68' lang='lat' dir='ltr'><strong>qua</strong></span> <span class='ocrx_word' id='word_1_826' title='bbox 3506 5136 3644 5178; x_wconf 81' lang='lat' dir='ltr'><strong>mer-</strong></span> 
     </span>
    </p>
   </div>
   <div class='ocr_carea' id='block_1_93' title="bbox 370 5209 3642 5288">
    <p class='ocr_par' dir='ltr' id='par_1_93' title="bbox 370 5209 3642 5288">
     <span class='ocr_line' id='line_1_93' title="bbox 370 5209 3642 5288; baseline -0.003 -16"><span class='ocrx_word' id='word_1_827' title='bbox 370 5217 472 5272; x_wconf 80' lang='lat' dir='ltr'><strong>illa</strong></span> <span class='ocrx_word' id='word_1_828' title='bbox 522 5223 773 5288; x_wconf 80' lang='lat' dir='ltr'><strong>agentes,</strong></span> <span class='ocrx_word' id='word_1_829' title='bbox 831 5233 955 5288; x_wconf 86' lang='lat' dir='ltr'><strong>qua</strong></span> <span class='ocrx_word' id='word_1_830' title='bbox 1009 5215 1082 5270; x_wconf 87' lang='lat' dir='ltr'><strong>ab</strong></span> <span class='ocrx_word' id='word_1_831' title='bbox 1133 5215 1245 5270; x_wconf 88' lang='lat' dir='ltr'><strong>illis</strong></span> <span class='ocrx_word' id='word_1_832' title='bbox 1295 5215 1419 5271; x_wconf 84' lang='lat' dir='ltr'><strong>ﬁeri</strong></span> <span class='ocrx_word' id='word_1_833' title='bbox 1475 5215 1752 5281; x_wconf 82' lang='lat' dir='ltr'><strong>Videntur,</strong></span> <span class='ocrx_word' id='word_1_834' title='bbox 1797 5216 1978 5272; x_wconf 86' lang='lat' dir='ltr'><strong>homi-</strong></span> <span class='ocrx_word' id='word_1_835' title='bbox 2061 5233 2084 5264; x_wconf 75' lang='grc' dir='ltr'>ι</span> <span class='ocrx_word' id='word_1_836' title='bbox 2116 5219 2260 5284; x_wconf 81' lang='lat' dir='ltr'><strong>gunt</strong></span> <span class='ocrx_word' id='word_1_837' title='bbox 2285 5214 2540 5284; x_wconf 81' lang='lat' dir='ltr'><strong>homines</strong></span> <span class='ocrx_word' id='word_1_838' title='bbox 2569 5215 2628 5268; x_wconf 88' lang='lat' dir='ltr'><strong>in</strong></span> <span class='ocrx_word' id='word_1_839' title='bbox 2647 5215 2944 5283; x_wconf 86' lang='lat' dir='ltr'><strong>interitum</strong></span> <span class='ocrx_word' id='word_1_840' title='bbox 2972 5221 3029 5272; x_wconf 89' lang='lat' dir='ltr'><strong>et</strong></span> <span class='ocrx_word' id='word_1_841' title='bbox 3051 5217 3454 5286; x_wconf 86' lang='lat' dir='ltr'><strong>perditionem.</strong></span> <span class='ocrx_word' id='word_1_842' title='bbox 3489 5231 3514 5270; x_wconf 64' lang='grc' dir='ltr'><strong><em>ρ</em></strong></span> <span class='ocrx_word' id='word_1_843' title='bbox 3539 5209 3642 5265; x_wconf 88' lang='lat' dir='ltr'><strong>Ne-</strong></span> 
     </span>
    </p>
   </div>
   <div class='ocr_carea' id='block_1_94' title="bbox 371 5297 3644 5376">
    <p class='ocr_par' dir='ltr' id='par_1_94' title="bbox 371 5297 3644 5376">
     <span class='ocr_line' id='line_1_94' title="bbox 371 5297 3644 5376; baseline -0.003 -15"><span class='ocrx_word' id='word_1_844' title='bbox 371 5321 473 5361; x_wconf 81' lang='lat' dir='ltr'><strong>ncs</strong></span> <span class='ocrx_word' id='word_1_845' title='bbox 517 5306 768 5375; x_wconf 75' lang='lat' dir='ltr'><strong>corrupti</strong></span> <span class='ocrx_word' id='word_1_846' title='bbox 817 5309 1034 5369; x_wconf 82' lang='lat' dir='ltr'><strong>mente,</strong></span> <span class='ocrx_word' id='word_1_847' title='bbox 1087 5303 1204 5358; x_wconf 85' lang='lat' dir='ltr'><strong>ulla</strong></span> <span class='ocrx_word' id='word_1_848' title='bbox 1249 5303 1501 5360; x_wconf 83' lang='lat' dir='ltr'><strong>veritatis</strong></span> <span class='ocrx_word' id='word_1_849' title='bbox 1550 5303 1819 5361; x_wconf 84' lang='lat' dir='ltr'><strong>habentes</strong></span> <span class='ocrx_word' id='word_1_850' title='bbox 1876 5320 1974 5360; x_wconf 90' lang='lat' dir='ltr'><strong>cu-</strong></span> <span class='ocrx_word' id='word_1_851' title='bbox 2057 5319 2208 5362; x_wconf 74' lang='lat' dir='ltr'><strong>casse</strong></span> <span class='ocrx_word' id='word_1_852' title='bbox 2239 5309 2326 5361; x_wconf 89' lang='lat' dir='ltr'><strong>est</strong></span> <span class='ocrx_word' id='word_1_853' title='bbox 2359 5319 2489 5360; x_wconf 89' lang='lat' dir='ltr'><strong>eum</strong></span> <span class='ocrx_word' id='word_1_854' title='bbox 2529 5303 2624 5373; x_wconf 87' lang='lat' dir='ltr'><strong>qui</strong></span> <span class='ocrx_word' id='word_1_855' title='bbox 2665 5305 2820 5374; x_wconf 86' lang='lat' dir='ltr'><strong>cupit</strong></span> <span class='ocrx_word' id='word_1_856' title='bbox 2855 5303 3076 5362; x_wconf 82' lang='lat' dir='ltr'><strong>divitias</strong></span> <span class='ocrx_word' id='word_1_857' title='bbox 3109 5305 3429 5376; x_wconf 85' lang='lat' dir='ltr'><strong>acquirere,</strong></span> <span class='ocrx_word' id='word_1_858' title='bbox 3465 5297 3644 5354; x_wconf 86' lang='lat' dir='ltr'><strong>multis</strong></span> 
     </span>
    </p>
   </div>
   <div class='ocr_carea' id='block_1_95' title="bbox 370 5391 3644 5467">
    <p class='ocr_par' dir='ltr' id='par_1_95' title="bbox 370 5391 3644 5467">
     <span class='ocr_line' id='line_1_95' title="bbox 370 5391 3644 5467; baseline 0 -19"><span class='ocrx_word' id='word_1_859' title='bbox 370 5394 687 5467; x_wconf 83' lang='lat' dir='ltr'><strong>piditatsm,</strong></span> <span class='ocrx_word' id='word_1_860' title='bbox 723 5393 820 5463; x_wconf 85' lang='lat' dir='ltr'><strong>qui</strong></span> <span class='ocrx_word' id='word_1_861' title='bbox 846 5400 903 5448; x_wconf 90' lang='lat' dir='ltr'><strong>et</strong></span> <span class='ocrx_word' id='word_1_862' title='bbox 921 5393 1114 5449; x_wconf 89' lang='lat' dir='ltr'><strong>omnia</strong></span> <span class='ocrx_word' id='word_1_863' title='bbox 1137 5391 1276 5448; x_wconf 89' lang='lat' dir='ltr'><strong>lucri</strong></span> <span class='ocrx_word' id='word_1_864' title='bbox 1305 5409 1476 5450; x_wconf 74' lang='lat' dir='ltr'><strong>causa</strong></span> <span class='ocrx_word' id='word_1_865' title='bbox 1497 5392 1679 5450; x_wconf 86' lang='lat' dir='ltr'><strong>facere</strong></span> <span class='ocrx_word' id='word_1_866' title='bbox 1707 5392 1969 5462; x_wconf 81' lang='lat' dir='ltr'><strong>adnitun-</strong></span> <span class='ocrx_word' id='word_1_867' title='bbox 2049 5391 2325 5463; x_wconf 82' lang='lat' dir='ltr'><strong>implicari</strong></span> <span class='ocrx_word' id='word_1_868' title='bbox 2353 5391 2823 5455; x_wconf 84' lang='lat' dir='ltr'><strong>tribulationibus,</strong></span> <span class='ocrx_word' id='word_1_869' title='bbox 2865 5394 3046 5460; x_wconf 80' lang='lat' dir='ltr'><strong>multa</strong></span> <span class='ocrx_word' id='word_1_870' title='bbox 3081 5410 3214 5450; x_wconf 89' lang='lat' dir='ltr'><strong>eum</strong></span> <span class='ocrx_word' id='word_1_871' title='bbox 3243 5393 3522 5451; x_wconf 84' lang='lat' dir='ltr'><strong>sustinere</strong></span> <span class='ocrx_word' id='word_1_872' title='bbox 3560 5402 3644 5458; x_wconf 77' lang='grc' dir='ltr'><strong>ρο-</strong></span> 
     </span>
    </p>
   </div>
   <div class='ocr_carea' id='block_1_96' title="bbox 371 5477 3638 5564">
    <p class='ocr_par' dir='ltr' id='par_1_96' title="bbox 371 5477 3638 5564">
     <span class='ocr_line' id='line_1_96' title="bbox 371 5477 3638 5564; baseline 0 -26"><span class='ocrx_word' id='word_1_873' title='bbox 371 5491 486 5538; x_wconf 78' lang='lat' dir='ltr'><strong>tar.</strong></span> <span class='ocrx_word' id='word_1_874' title='bbox 519 5482 806 5547; x_wconf 82' lang='lat' dir='ltr'><strong>Quastum</strong></span> <span class='ocrx_word' id='word_1_875' title='bbox 847 5482 953 5536; x_wconf 88' lang='lat' dir='ltr'><strong>sibi</strong></span> <span class='ocrx_word' id='word_1_876' title='bbox 1000 5483 1268 5554; x_wconf 78' lang='lat' dir='ltr'><strong>pietatem</strong></span> <span class='ocrx_word' id='word_1_877' title='bbox 1306 5499 1426 5538; x_wconf 86' lang='lat' dir='ltr'><strong>esse</strong></span> <span class='ocrx_word' id='word_1_878' title='bbox 1464 5482 1847 5540; x_wconf 78' lang='lat' dir='ltr'><strong>existimantes</strong></span> <span class='ocrx_word' id='word_1_879' title='bbox 1884 5482 1968 5552; x_wconf 78' lang='lat' dir='ltr'><strong>in.-</strong></span> <span class='ocrx_word' id='word_1_880' title='bbox 2050 5481 2244 5546; x_wconf 86' lang='lat' dir='ltr'><strong>ricula,</strong></span> <span class='ocrx_word' id='word_1_881' title='bbox 2264 5488 2322 5538; x_wconf 91' lang='lat' dir='ltr'><strong>et</strong></span> <span class='ocrx_word' id='word_1_882' title='bbox 2345 5481 2416 5536; x_wconf 83' lang='lat' dir='ltr'><strong>ad</strong></span> <span class='ocrx_word' id='word_1_883' title='bbox 2437 5481 2717 5541; x_wconf 81' lang='lat' dir='ltr'><strong>desideria</strong></span> <span class='ocrx_word' id='word_1_884' title='bbox 2738 5499 3101 5554; x_wconf 78' lang='lat' dir='ltr'><strong>promulpere</strong></span> <span class='ocrx_word' id='word_1_885' title='bbox 3124 5483 3347 5564; x_wconf 77' lang='lat' dir='ltr'><strong>nociva,</strong></span> <span class='ocrx_word' id='word_1_886' title='bbox 3380 5487 3439 5540; x_wconf 86' lang='lat' dir='ltr'><strong>et</strong></span> <span class='ocrx_word' id='word_1_887' title='bbox 3459 5477 3638 5544; x_wconf 60' lang='lat' dir='ltr'><strong>stulta.</strong></span> 
     </span>
    </p>
   </div>
   <div class='ocr_carea' id='block_1_97' title="bbox 366 5565 3640 5646">
    <p class='ocr_par' dir='ltr' id='par_1_97' title="bbox 366 5565 3640 5646">
     <span class='ocr_line' id='line_1_97' title="bbox 366 5565 3640 5646; baseline -0.001 -18"><span class='ocrx_word' id='word_1_888' title='bbox 366 5573 688 5639; x_wconf 69' lang='lat' dir='ltr'><strong>homin,</strong></span> <span class='ocrx_word' id='word_1_889' title='bbox 717 5585 786 5626; x_wconf 79' lang='lat' dir='ltr'><strong>ex</strong></span> <span class='ocrx_word' id='word_1_890' title='bbox 823 5585 935 5645; x_wconf 88' lang='lat' dir='ltr'><strong>quo</strong></span> <span class='ocrx_word' id='word_1_891' title='bbox 973 5576 1036 5626; x_wconf 84' lang='lat' dir='ltr'><strong>et</strong></span> <span class='ocrx_word' id='word_1_892' title='bbox 1067 5571 1185 5636; x_wconf 75' lang='lat' dir='ltr'><strong>alia</strong></span> <span class='ocrx_word' id='word_1_893' title='bbox 1227 5571 1476 5642; x_wconf 82' lang='lat' dir='ltr'><strong>plurima</strong></span> <span class='ocrx_word' id='word_1_894' title='bbox 1517 5571 1970 5642; x_wconf 74' lang='lat' dir='ltr'><strong>admscebantur</strong></span> <span class='ocrx_word' id='word_1_895' title='bbox 2049 5581 2116 5626; x_wconf 85' lang='lat' dir='ltr'><strong>ex</strong></span> <span class='ocrx_word' id='word_1_896' title='bbox 2159 5568 2362 5640; x_wconf 79' lang='lat' dir='ltr'><strong>quibus</strong></span> <span class='ocrx_word' id='word_1_897' title='bbox 2405 5570 2648 5629; x_wconf 81' lang='lat' dir='ltr'><strong>maxime</strong></span> <span class='ocrx_word' id='word_1_898' title='bbox 2715 5587 2922 5641; x_wconf 78' lang='lat' dir='ltr'><strong>augere</strong></span> <span class='ocrx_word' id='word_1_899' title='bbox 2976 5572 3185 5646; x_wconf 74' lang='lat' dir='ltr'><strong>solent,</strong></span> <span class='ocrx_word' id='word_1_900' title='bbox 3243 5577 3303 5630; x_wconf 85' lang='lat' dir='ltr'><strong>et</strong></span> <span class='ocrx_word' id='word_1_901' title='bbox 3360 5565 3640 5646; x_wconf 65' lang='lat' dir='ltr'><strong>abundare</strong></span> 
     </span>
    </p>
   </div>
  </div>
