3868 6138
227 298 315 356 629

600 289 1173 348 ENARBATIONUM
1209 289 1288 345 IN
1327 287 1480 344 EPP.
1522 287 1738 343 PAULI
1775 285 1894 343 LIB
1930 287 2160 343 XXIIII.
2196 317 2260 330 --
2282 287 2364 343 IN
2399 287 2623 344 EPIST.
2665 289 2826 344 ΓΔΒ
2859 289 3008 344 ΤΙΜ.

3339 291 3446 350 630

223 427 467 496 poterunt,
512 419 739 474 multam
779 434 910 471 vero
956 413 1327 487 perditionem
1367 411 1660 483 provident
1700 412 1766 466 il-
1778 416 1830 473 Α
1847 411 2514 480 migrare,etnecessitate
2525 413 2729 484 inopia
2738 415 3445 484 coarctatam,laboriosam

221 514 276 567 lis
313 511 396 582 qui
440 509 602 563 semel
639 506 890 576 occupati
943 505 1157 559 fuerint
1211 519 1405 557 eorum
1443 502 1760 565 desiderio;

222 608 266 657 et
303 600 411 669 quis
454 597 786 654 sufﬁcienter
831 595 1036 665 poterit
1087 593 1272 646 dicere
1315 591 1413 646 illa
1455 591 1604 646 mala
1641 607 1764 661 qua

220 707 272 745 ex
307 686 560 742 desiderio
596 685 778 738 solent
819 683 1143 736 divitiarum
1183 680 1408 735 adnasci
1427 681 1450 732 Ἰ
1493 680 1652 734 Unde
1708 687 1765 734 et

219 777 412 846 adjicit:
446 793 472 828 σι
503 773 674 828 Radix
719 773 870 826 enim
923 771 1175 825 omnium
1219 770 1497 824 malorum
1527 775 1613 822 est
1639 785 1765 822 ava-

219 887 238 924 ι
263 865 393 920 ritis.
419 883 442 916 ι
465 863 531 917 Et
567 868 627 918 ut
675 859 1088 931 compendiose,
1123 859 1326 929 inquit,
1379 859 1584 923 dicam,
1621 858 1764 911 nihil

215 955 452 1018 indecens,
489 952 696 1006 malum
743 950 962 1004 nullum
993 955 1096 1012 est,
1129 949 1276 1018 quod
1325 964 1440 1002 non
1483 964 1586 1018 per
1627 963 1762 1000 con-

213 1041 566 1113 cupiscentiam
625 1039 960 1094 admittatur
1012 1037 1403 1109 pecuniarum.
1465 1037 1534 1090 Et
1579 1043 1763 1090 osten-

211 1133 322 1186 dens
385 1130 642 1200 quoniam
699 1128 1081 1200 experimento
1159 1127 1356 1180 doctus
1413 1126 1504 1186 sit,
1579 1126 1762 1180 sciens

211 1221 382 1275 multos
415 1219 580 1289 fuisse
633 1235 698 1271 ex
745 1217 868 1288 ipsa
913 1215 1363 1286 concupiscentia
1409 1231 1521 1268 non
1568 1214 1763 1268 leviter

209 1310 442 1379 deceptos,
473 1307 670 1377 adjicit
701 1327 711 1360 :
747 1324 774 1358 α
793 1306 975 1370 Quam
1006 1305 1236 1375 quidam
1266 1309 1592 1376 appetentes
1612 1319 1762 1357 erra-

212 1418 230 1448 ι
263 1403 486 1452 verunta
522 1397 656 1461 ﬁde,
697 1400 755 1448 et
793 1395 1156 1449 inseruerunt
1183 1410 1244 1447 se
1286 1393 1571 1446 doloribus
1619 1393 1760 1448 mul-

208 1505 229 1540 ¢
367 1505 388 1537 ι
438 1486 512 1539 Ex
574 1485 694 1548 hac,
753 1484 958 1554 inquit,
1017 1483 1470 1553 concupiscentia
1510 1482 1673 1536 multi
1725 1500 1759 1535 a

206 1575 290 1627 ﬁde
315 1574 568 1628 cecidisse
595 1573 877 1646 videntur,
911 1579 975 1626 ut
1021 1588 1124 1624 nec
1163 1571 1470 1625 secundum
1512 1587 1757 1642 prasen-

201 1671 290 1718 tem
329 1663 484 1716 vitam
540 1663 604 1716 in
663 1661 988 1715 melioribus
1029 1661 1317 1730 potuerint
1345 1660 1599 1724 inveniri,
1660 1661 1760 1718 sed

1845 518 1910 554 ac
1940 501 2315 555 miserabilem
2359 502 2566 573 absque
2597 503 2712 556 ullo
2739 503 2990 574 profectu
3037 505 3210 572 vitam
3232 507 3449 578 jugiter

1846 590 2239 656 toleraturum,
2278 591 2504 662 inopem
2539 609 2600 645 se
2631 609 2854 663 quoque
2884 611 3201 665 semperac
3229 597 3446 651 nudum

1846 695 1958 733 non
1969 679 2090 733 sine
2105 679 2181 732 im
2187 680 2444 751 properio
2463 681 2649 735 aliena
2659 681 2977 737 substantia
2987 685 3440 740 sustentandum.

1850 787 1872 820 ι
1895 769 1982 822 Tu
2009 774 2219 833 autem,
2240 769 2406 823 homo
2425 771 2867 842 Dei,hacfuge.n
2886 774 3120 839 (Ambr.)
3136 775 3280 845 Apte
3292 775 3447 829 visus

1845 862 1932 910 est
1960 874 2089 914 eum
2111 858 2452 924 exhortasse,
2465 864 2531 913 ut
2545 859 2657 913 ista
2675 859 3166 930 fugiat,hominem
3184 863 3346 917 illum
3363 864 3448 918 di~

1844 962 1974 1000 cens
1987 963 2110 1000 esse
2122 946 2222 1000 Dei
2239 965 2250 999 :
2261 953 2450 1018 aptum
2467 948 2617 1002 enim
2629 954 2717 1003 est
2727 950 2780 1003 ei
2793 950 2888 1020 qui
2896 951 3028 1005 talis
3037 957 3124 1005 est
3131 957 3197 1006 ut
3208 951 3278 1006 ab
3289 953 3444 1007 omni

1844 1036 1993 1089 malo
2017 1052 2140 1089 sese
2163 1036 2460 1096 custodiat.
2484 1037 2698 1098 Deinde
2713 1038 2908 1093 scribit
2927 1040 2996 1103 ei,
3025 1045 3218 1112 utpote
3237 1042 3446 1098 charis-

1843 1123 1984 1178 simo
2014 1120 2307 1195 discipulo,
2331 1125 2626 1180 insinuans
2660 1143 2784 1197 qua
2812 1144 2942 1184 eum
2971 1145 3138 1199 agere
3163 1137 3436 1201 oporteat.

1920 1232 1944 1266 α
1981 1213 2209 1268 Sectare
2229 1231 2358 1268 vero
2377 1215 2678 1284 justitiam,
2711 1217 2997 1287 pietatem,
3033 1219 3222 1284 ﬁdem,
3253 1220 3440 1275 chari-

1843 1308 2036 1368 tatein,
2097 1303 2449 1373 patientiam,
2503 1306 3013 1361 mansuetudinem.
3067 1327 3090 1358 ι
3137 1309 3284 1379 Erga
3335 1309 3446 1364 ista

1842 1391 2298 1454 sollicitudinem,
2316 1393 2518 1463 inquit,
2542 1395 2809 1464 expende,
2823 1401 2881 1448 et
2899 1396 3164 1467 quoniam
3181 1396 3339 1452 labor
3357 1403 3446 1452 est

1839 1481 2187 1535 necessarius
2215 1481 2330 1534 illis
2367 1482 2462 1552 qui
2509 1482 2775 1537 virtutem
2813 1486 3042 1556 exsequi
3087 1486 3442 1554 adnituntur,

1840 1569 2066 1639 adjicit:
2098 1589 2119 1621 ι
2149 1570 2318 1624 Certa
2337 1570 2548 1625 bonum
2568 1579 2874 1626 certamen.
2899 1592 2922 1624 ι
2949 1575 3106 1629 Fidei
3125 1577 3442 1630 necessario

1841 1657 2035 1728 adjicit
2063 1657 2271 1712 bonum
2295 1665 2581 1714 certamen
2610 1661 2697 1714 vel
2726 1669 3063 1732 agonem,ut
3081 1664 3186 1718 hoc
3213 1665 3334 1718 loco
3350 1665 3438 1719 .vel

205 1768 229 1804 e
247 1751 493 1805 contrario
507 1751 786 1804 deﬂentes
805 1767 870 1804 ac
879 1749 1139 1819 dolentes
1159 1749 1507 1819 perstiterint
1529 1765 1628 1819 pro
1645 1749 1757 1804 illis
1777 1741 1824 1801 Β
1847 1747 2087 1802 maxime
2107 1749 2383 1813 ostendat,
2429 1750 2579 1819 quod
2606 1752 2956 1806 necessarius
2993 1753 3067 1814 sit
3103 1753 3263 1807 labor
3285 1755 3435 1816 talis,

201 1857 296 1910 qua
321 1840 414 1894 sibi
461 1857 526 1893 ex
573 1839 660 1893 his
703 1839 1029 1893 acciderunt
1075 1838 1342 1894 tristitiis.
1372 1838 1580 1908 (Greg.)
1613 1839 1758 1892 Hinc

201 1946 384 2000 quoque
418 1930 486 1983 de
520 1927 914 2000 peccatoribus
961 1944 1060 1999 per
1099 1927 1326 1982 beatum
1365 1927 1469 1980 Job
1503 1927 1710 1986 dicitur
1741 1946 1752 1980 :

198 2036 218 2070 ι
247 2018 397 2072 Radix
419 2018 815 2088 juniperorum
846 2023 969 2071 erat
995 2016 1151 2072 cibus
1173 2033 1368 2070 eorum
1392 2017 1522 2077 (Job.
1540 2020 1698 2084 xxx).
1729 2035 1754 2066 ι

195 2107 311 2169 Quid
335 2124 457 2161 vero
485 2124 593 2177 per
631 2107 876 2161 radicem
919 2105 1166 2176 juniperi
1204 2105 1312 2158 nisi
1350 2105 1586 2158 avaritia
1617 2105 1760 2159 desi-

193 2203 383 2264 gnatur,
416 2213 479 2249 ex
509 2213 630 2267 qua
660 2201 1016 2266 peccatorum
1047 2195 1297 2248 omnium
1343 2195 1518 2264 spina
1546 2195 1756 2265 produ-

192 2285 394 2338 cuntur?
437 2285 506 2338 de
557 2302 668 2356 qua
707 2291 764 2339 et
808 2300 908 2355 per
943 2284 1181 2338 Paulum
1227 2283 1474 2337 dicitur:
1513 2301 1540 2335 α
1575 2284 1756 2338 Radix

193 2374 408 2428 omnium
446 2375 734 2427 malorum
781 2373 1078 2444 cupiditas,
1115 2392 1138 2423 ι
1190 2373 1312 2444 ipsa
1341 2372 1547 2443 quippe
1573 2373 1757 2431 laten-

192 2471 260 2515 ter
283 2463 450 2516 oritur
476 2464 538 2516 in
591 2469 800 2525 mente,
835 2463 930 2516 sed
977 2462 1310 2533 punctiones
1352 2462 1604 2521 omnium
1635 2478 1758 2532 pec-

191 2557 405 2606 catorum
441 2557 711 2624 patenter
737 2551 994 2621 producit
1023 2551 1082 2604 in
1111 2567 1299 2621 Opere,
1335 2568 1475 2621 quas
1502 2551 1760 2604 videlicet

191 2642 488 2709 punctiones
520 2640 600 2695 ab
629 2641 736 2694 hac
763 2640 950 2694 radice
987 2647 1283 2710 surgentes
1327 2641 1518 2694 statim
1555 2641 1757 2711 pradi-

189 2735 318 2782 eator
354 2731 620 2800 egregius
667 2729 920 2783 insinuat
957 2746 1084 2783 cum
1125 2729 1331 2795 subdit,
1369 2749 1390 2780 σ
1425 2746 1592 2800 quam
1632 2730 1757 2800 qui-

197 2835 221 2869 ι
254 2818 368 2872 dam
423 2824 765 2891 appetentes
809 2824 1140 2872 erraverunt
1177 2835 1212 2872 a
1239 2819 1367 2882 ﬁde,
1416 2825 1474 2872 et
1512 2819 1759 2874 inseme-

189 2913 302 2960 runt
325 2925 380 2961 se
401 2908 696 2962 doloribus
725 2907 937 2970 multis.
975 2927 1003 2959 ν
1036 2908 1142 2972 Qui
1178 2907 1328 2962 enim
1361 2909 1568 2962 multos
1599 2909 1756 2962 dolo-

1839 1837 1935 1906 qui
1949 1851 2050 1906 pro
2066 1837 2262 1890 multis
2281 1838 3020 1908 expenditurbonis.Deinde
3035 1841 3243 1896 laboris
3261 1843 3438 1914 ipsius

1839 1925 1996 1979 lucra
2014 1926 2267 1996 pandens
2279 1926 2487 1996 adjicit:
2500 1945 2526 1979 α
2539 1929 2910 1998 Apprehende
2921 1930 3094 1984 vitam
3105 1937 3393 1986 atemam.
3403 1949 3430 1984 ι»

1839 2014 2224 2068 Certaminum
2258 2021 2448 2069 autem
2467 2017 2550 2069 vel
2571 2033 2819 2086 agonum
2849 2017 3051 2072 horum
3087 2036 3303 2076 merces
3323 2020 3438 2074 vita

1840 2109 2050 2158 atema
2074 2110 2176 2170 est,
2213 2103 2418 2175 quibus
2448 2105 2656 2175 poterit
2685 2122 2810 2170 eam
2841 2107 3084 2178 assequi,
3118 2113 3176 2162 et
3193 2109 3437 2168 suadens

1840 2193 1890 2246 ei
1920 2199 1986 2247 ut
2012 2193 2082 2246 de
2102 2193 2191 2248 his
2211 2193 2459 2248 studiose
2489 2199 2638 2264 agat,
2680 2214 2702 2244 ‹
2728 2195 2789 2250 in
2815 2213 2944 2266 qua,
2988 2196 3088 2262 ait,
3119 2203 3346 2251 vocatus
3375 2214 3436 2256 es

1840 2288 1897 2335 et
1932 2283 2216 2336 confessus
2261 2281 2466 2336 bonam
2510 2283 2932 2348 confessionem,
2968 2285 3038 2339 ob
3078 2286 3224 2340 hanc
3281 2286 3430 2340 enim

1839 2377 1896 2424 et
1915 2363 2220 2425 credidisti.
2239 2389 2265 2423 ι
2296 2372 2413 2425 Ηοο
2443 2371 2594 2426 enim
2621 2373 2758 2427 dicit
2787 2392 2799 2426 :
2837 2391 2864 2426 ε
2885 2375 2951 2428 In
2973 2391 3086 2445 qua
3103 2380 3332 2430 vocatus
3353 2392 3432 2435 es,

1839 2464 1897 2513 et
1912 2465 2195 2515 contessus
2223 2460 2427 2514 bonam
2457 2461 2883 2516 confessionem.
2909 2480 2936 2514 ι
2977 2463 3064 2518 Ob
3092 2464 3430 2518 hano.voca-

1837 2549 2048 2612 tionem
2077 2549 2360 2603 confessus
2387 2566 2447 2604 es
2473 2550 2762 2621 pietatem,
2777 2557 2844 2604 ut
2860 2552 3030 2617 dicat,
3044 2553 3312 2624 quoniam
3333 2569 3435 2624 pro

1841 2639 1944 2692 hac
1971 2655 2168 2709 passus
2191 2654 2268 2692 es.
2302 2639 2446 2696 Nam
2478 2639 2627 2710 quod
2647 2640 2790 2694 dixit
2821 2661 2843 2692 ι
2878 2641 3163 2696 confessus
3184 2659 3264 2708 es,
3284 2659 3311 2698 ι
3332 2642 3437 2696 hoc

1839 2733 1944 2794 est,
1961 2743 2158 2798 passus
2188 2743 2266 2792 es,
2285 2727 2604 2784 dicit.Unde
2629 2734 2686 2782 et
2709 2730 2836 2800 plus
2856 2746 2985 2784 eum
3013 2731 3338 2797 adhortans,
3374 2736 3438 2785 ut

1839 2833 1941 2887 pro
1972 2816 2124 2870 hisce
2148 2815 2316 2870 rebus
2346 2817 2624 2874 sustineat
2641 2818 2910 2884 laborem,
2943 2820 3154 2892 adjicit,
3190 2839 3214 2872 ι
3247 2827 3436 2874 coram

1841 2905 2090 2959 multis.)
2106 2905 2268 2959 Multi
2291 2906 2438 2960 enim
2459 2913 2623 2962 erant
2637 2908 2734 2980 qui
2748 2908 3001 2964 sciebant
3010 2906 3238 2964 beatum
3248 2909 3436 2966 Timo-

183 3011 254 3048 res
276 2996 424 3062 dixit,
459 2997 630 3068 quasi
677 3002 972 3050 nascentes
1003 2997 1266 3051 'innotuit
1312 3013 1378 3050 ex
1424 2997 1528 3050 hac
1569 2997 1755 3054 radice
1783 3064 1816 3070 _
1837 2995 2374 3066 theumadjunctum
2386 2994 2558 3051 ﬁxisse
2579 2997 2754 3051 Paulo
2772 2998 3435 3070 contemplationepieta-

188 3064 500 3152 punctiones:
563 3087 628 3140 In
671 3085 951 3156 juniperis
999 3101 1132 3155 ergo
1183 3091 1429 3156 peccata,
1477 3086 1537 3139 in
1569 3064 1930 3148 radiceﬂtis,
1965 3064 2134 3154 atque
2163 3084 2214 3138 is
2255 3102 2454 3155 passus
2481 3085 2666 3140 fuerat
2691 3102 2804 3140 non
2845 3064 3044 3172 p'auca.
3091 3064 3290 3159 Itaque
3326 3088 3431 3143 tibi

183 3189 286 3227 vero
323 3176 722 3246 juniperorum
767 3175 900 3244 quid
942 3175 1096 3228 aliud
1145 3190 1314 3244 quam
1351 3175 1664 3241 avaritiam,
1697 3175 1753 3229 id
1835 3173 2452 3244 necessarium,inquit,
2469 3180 2571 3234 est.
2597 3179 2664 3229 ut
2676 3175 2831 3230 omni
2849 3193 2917 3230 ex
2936 3182 3095 3247 parte
3109 3193 3211 3249 pro
3223 3181 3434 3232 aterna

180 3267 250 3314 est
270 3265 569 3318 materiam
617 3263 988 3333 intelligimus
1016 3263 1418 3334 peccatorum?
1461 3265 1750 3332 (Cassium)
1835 3261 1950 3315 vita
1975 3261 2228 3316 laborem
2258 3263 2556 3326 sustineas,
2575 3280 2676 3334 pro
2704 3281 2817 3336 qua
2835 3270 2893 3319 et
2911 3266 3281 3332 credidisti,et
3307 3283 3436 3321 con-

178 3349 528 3413 Quamobrem
563 3353 706 3406 nulli
752 3352 878 3405 vilis
925 3353 1334 3424 despectusque
1369 3353 1630 3406 videatur
1665 3353 1754 3407 hic
1834 3351 2013 3405 fessus
2035 3368 2094 3404 es
2121 3352 2408 3422 pietatem,
2444 3353 2707 3423 periculis
2728 3353 3052 3425 frequenter
3076 3356 3426 3426 adjectatus:

179 3440 394 3508 morbus,
428 3443 530 3512 qui
569 3442 717 3495 sicut
754 3447 938 3512 potest
973 3441 1234 3511 perfacile
1271 3441 1559 3506 declinari,
1589 3441 1670 3496 ita
1706 3442 1754 3495 si
1829 3440 2049 3510 justum
2079 3440 2286 3494 etenim
2316 3447 2420 3506 est,
2453 3447 2518 3495 ut
2543 3442 2776 3496 minime
2805 3459 2870 3496 ex
2899 3445 3194 3514 posteriori
3215 3445 3431 3499 desidia

177 3544 490 3601 quemquam
551 3530 883 3601 possederit,
945 3530 1014 3583 ad
1068 3529 1326 3584 sanitatis
1376 3530 1626 3584 remedia
1665 3531 1754 3584 vix
1835 3529 1933 3582 illa
1975 3529 2433 3595 exterminentur,
2477 3546 2601 3601 qua
2637 3531 2912 3602 imprimis
2951 3537 3085 3586 sunt
3129 3533 3426 3603 acquisita.

177 3620 441 3686 pervenire
473 3619 754 3674 concedit.
789 3619 1224 3688 Receptaculum
1265 3635 1508 3688 namque
1546 3627 1633 3673 est
1678 3620 1754 3677 vi-
1835 3617 2050 3672 Deinde
2077 3622 2134 3670 et
2159 3617 2285 3688 plus
2312 3635 2442 3680 eum
2477 3619 2809 3674 adhortatus
2849 3619 3070 3674 subdit:
3101 3637 3130 3672 ί
3160 3621 3428 3692 Pracipio

173 3705 354 3760 tiorum
421 3709 730 3773 malorum,
791 3724 915 3777 qua
980 3708 1233 3761 omnium
1282 3707 1437 3760 radix
1485 3714 1542 3761 et
1594 3708 1752 3762 inex-

171 3796 418 3851 tricabilis
439 3796 714 3868 nequitia
736 3796 913 3850 fomes
927 3796 1185 3860 efﬁcitur,
1203 3796 1423 3850 dicente
1442 3797 1709 3867 Apostolo
1735 3817 1745 3850 :

174 3885 382 3940 «Radix
441 3885 706 3939 omnium
744 3885 1022 3939 malorum
1063 3903 1090 3940 δ
1130 3885 1494 3956 philargyria,
1547 3885 1603 3939 id
1649 3892 1752 3952 est,

169 3989 305 4027 amor
360 3975 644 4046 pecunia.
691 3974 820 4028 Hac
872 3974 1048 4044 igitur
1095 3990 1223 4028 cum
1279 3975 1573 4028 remissam
1617 3975 1758 4046 tepi-

169 4060 390 4134 damque
414 4063 739 4135 possederit
756 4063 1000 4116 hominis
1037 4069 1304 4128 mentem,
1335 4063 1597 4134 primitus
1625 4080 1754 4118 eum

166 4150 214 4206 in
253 4154 454 4222 exigua
503 4168 736 4206 summa
795 4152 1121 4217 sollicitans,
1149 4153 1333 4222 justos
1383 4153 1655 4222 quosdam
1699 4159 1756 4207 et

166 4241 302 4295 velut
323 4241 701 4297 rationabiles
730 4241 781 4294 ei
805 4241 1040 4306 colores,
1071 4240 1142 4294 ob
1171 4257 1311 4311 quos
1349 4242 1436 4296 vel
1467 4257 1754 4296 reservare

1840 3726 1862 3756 ι
1894 3706 1953 3760 in
1982 3711 2280 3777 conspectu
2303 3707 2422 3770 Dei,
2447 3707 2544 3778 qui
2591 3708 2833 3762 viviﬁcat
2869 3709 3077 3767 omnia.
3115 3715 3173 3762 et
3200 3709 3426 3765 Christo

1841 3815 1863 3845 ι
1895 3796 2046 3861 Iesu,
2081 3795 2178 3866 qui
2191 3795 2578 3854 testimonium
2603 3795 2850 3857 reddidit
2868 3796 2974 3850 sub
3003 3797 3203 3851 Pontio
3223 3797 3426 3862 Pilato,

1841 3902 1870 3938 α
1895 3883 2100 3938 bonam
2136 3883 2559 3949 confessionem,
2609 3889 2674 3938 ut
2713 3900 2898 3940 serves
2937 3885 3268 3940 mandatum
3308 3887 3428 3940 sine

1839 3989 1869 4026 α
1893 3973 2130 4038 macula,
2161 3972 2650 4044 irreprehensibile
2683 3990 2862 4045 usque
2893 3975 2964 4028 ad
2993 3974 3298 4030 adventum
3315 3975 3430 4030 Do-

1841 4081 1866 4114 ι
1899 4061 2037 4115 mini
2057 4062 2232 4116 nostri
2253 4064 2280 4116 J
2286 4079 2383 4116 esu
2404 4062 2676 4116 Christi.»
2694 4063 2792 4118 Est
2811 4064 3163 4130 mandatum,
3177 4070 3244 4120 ut
3261 4063 3427 4128 dicat,

1835 4151 1932 4204 illa
1950 4167 2076 4221 qua
2093 4151 2352 4205 mandavi
2373 4151 2648 4206 tibi.Bene
2668 4150 2996 4224 [monstrat]
3013 4155 3119 4208 hoc
3137 4154 3198 4209 in
3219 4153 3342 4208 loco
3361 4153 3431 4207 ob

1835 4255 2004 4310 quam
2026 4255 2147 4294 rem
2160 4240 2330 4299 etiam
2349 4247 2405 4294 et
2417 4241 2476 4296 in
2488 4257 2666 4311 agone
2682 4258 2787 4312 pro
2799 4243 2910 4297 ﬁde
2924 4248 3142 4297 certare
3155 4258 3284 4296 eum
3297 4257 3434 4312 pra-

163 4329 252 4384 sibi
278 4333 496 4403 aliquid
529 4331 784 4402 pecunia
824 4329 1045 4394 debeat,
1077 4331 1164 4382 vel
1213 4346 1430 4400 parare,
1463 4330 1748 4384 describit.
1770 4382 1816 4403 n
1835 4329 2094 4400 cipiebat.
2128 4330 2287 4384 Unde
2315 4336 2374 4384 et
2403 4336 2750 4385 memoratus
2767 4337 2855 4386 est
2882 4331 3091 4386 Christi
3128 4331 3430 4385 adventum

1770 4382 1817 4441 D

165 4418 290 4474 Nam
308 4428 364 4475 et
393 4439 468 4476 ea
487 4437 617 4491 qua
649 4418 970 4489 prabentur
1020 4418 1078 4472 in
1117 4417 1459 4472 monasterio
1499 4419 1755 4489 queritur
1773 4417 1817 4441 "
1835 4419 2194 4482 conﬁrmans,
2211 4424 2379 4489 atque
2395 4417 2704 4483 stabiliens,
2728 4420 2876 4490 quod
2899 4419 3214 4473 necessario
3234 4419 3432 4489 utique

162 4522 258 4563 non
291 4527 414 4564 esse
466 4508 828 4573 sufficientia,
866 4514 924 4561 et
971 4523 1110 4561 sano
1141 4506 1482 4578 robusteque
1521 4523 1752 4578 corpore

162 4596 233 4649 vix
249 4613 410 4667 posse
435 4597 704 4663 tolerari;
731 4596 866 4667 quid
889 4596 1225 4660 faciendum,
1251 4596 1299 4649 si
1320 4596 1581 4650 valetudo
1603 4598 1754 4650 mala

162 4687 325 4740 carnis
355 4686 680 4750 emerserit,
713 4691 770 4738 et
799 4685 1147 4742 reconditum
1190 4701 1304 4738 non
1331 4685 1500 4739 fuerit
1537 4685 1752 4756 aliquid

161 4774 445 4840 peculiare,
464 4791 581 4846 quo
603 4779 953 4828 sustentetur
975 4773 1315 4828 inﬁrmitas?
1336 4773 1752 4844 prastationem

161 4863 476 4917 monasterii
521 4879 644 4920 esse
683 4868 1035 4934 pertenuem,
1066 4867 1125 4916 et
1169 4862 1568 4932 negligentiam
1617 4878 1752 4932 erga

160 4958 488 5020 agrotantes
537 4952 869 5005 maximam:
904 4953 951 5005 si
1011 4952 1302 5022 proprium
1367 4951 1578 5022 aliquid
1637 4967 1751 5012 non

161 5036 325 5099 fuerit,
374 5058 494 5112 quo
532 5057 670 5095 cura
716 5041 937 5112 corpori
993 5042 1179 5095 valeat
1223 5040 1496 5104 adhiberi,
1545 5041 1749 5094 misere

159 5142 262 5182 esse
289 5131 655 5185 moriendum
676 5130 862 5198 fame;
905 5131 1091 5201 ipsum
1130 5132 1302 5184 etiam
1347 5130 1748 5183 vestimentum

161 5231 254 5270 non
280 5220 547 5273 sufficere
576 5221 726 5290 quod
749 5219 1047 5290 prabetur,
1063 5220 1170 5276 nisi
1193 5218 1573 5290 procuraverit
1601 5219 1749 5272 unde

157 5305 248 5359 sibi
275 5309 436 5362 aliud
475 5310 662 5362 valeat
704 5308 980 5370 exhiberi;
1014 5315 1299 5380 postremo
1326 5323 1428 5362 nec
1457 5308 1554 5362 diu
1587 5324 1750 5378 posse

158 5392 205 5446 in
231 5398 433 5450 eodem
466 5398 586 5451 loco
617 5399 702 5452 vel
741 5399 1084 5452 monasterio
1125 5397 1461 5454 commorari
1495 5416 1505 5450 :
1551 5402 1608 5450 et
1643 5397 1751 5450 nisi

159 5487 432 5550 paraverit
466 5487 569 5540 sibi
599 5488 785 5546 viatici
827 5493 1086 5558 sumptus
1123 5486 1534 5558 evectionisque
1573 5491 1755 5545 trans-

158 5574 381 5630 marinae
413 5577 752 5643 mercedem,
783 5592 899 5631 non
931 5592 1096 5647 posse
1129 5591 1259 5631 cum
1305 5575 1548 5637 voluerit
1574 5580 1756 5630 trans-

1835 4507 1960 4572 erit,
1981 4507 2199 4577 adjicit:
2222 4527 2246 4563 σ
2262 4507 2440 4571 Quem
2455 4507 2574 4568 suis
2582 4507 2931 4578 temporibus
2948 4507 3209 4561 ostendet
3221 4506 3422 4561 beatus

1838 4614 1864 4647 «
1896 4602 1954 4650 et
1990 4597 2142 4650 solus
2169 4601 2366 4666 potens
2383 4595 2501 4650 Rex
2524 4611 2740 4666 regum,
2760 4601 2817 4649 et
2844 4595 3116 4650 Dominus
3131 4595 3430 4650 dominan-

1838 4702 1864 4735 α
1893 4685 2058 4749 tium,
2088 4683 2184 4754 qui
2214 4683 2366 4738 solus
2386 4683 2557 4738 habet
2583 4684 3088 4750 immortalitatem,
3122 4686 3304 4740 lucem
3333 4685 3433 4740 ha-

1837 4789 1863 4823 a
1885 4771 2069 4828 bitans
2085 4771 2546 4835 inaccessibilem,
2561 4789 2728 4844 quem
2745 4773 3042 4829 hominum
3062 4775 3200 4830 vidit
3215 4774 3424 4840 nullus,

1837 4881 1862 4914 α
1894 4877 1997 4915 nec
2019 4861 2206 4923 videre
2234 4866 2438 4932 potest,
2463 4861 2552 4915 cui
2588 4863 2770 4916 honor
2797 4868 2854 4917 et
2884 4864 3187 4935 imperium
3217 4861 3427 4934 sempi-

1836 4969 1863 5003 α
1893 4957 2138 5004 ternum.
2169 4952 2370 5004 Amen.
2404 4968 2430 5002 »
2457 4951 2533 5005 Ex
2549 4951 2939 5020 magnitudine
2959 4953 3161 5008 divina
3187 4957 3422 5016 natura,

1830 5046 1888 5094 et
1913 5039 2012 5093 illa
2041 5056 2164 5110 qua
2201 5056 2336 5108 erga
2364 5055 2488 5093 eam
2521 5040 2802 5094 habentur
2829 5041 3182 5095 conﬁrmavit
3205 5040 3417 5106 futura,

1830 5129 1980 5184 unde
1999 5134 2056 5182 et
2078 5129 2186 5182 ista
2199 5145 2321 5199 qua
2341 5145 2477 5198 erga
2497 5129 2677 5184 Deum
2697 5135 2830 5183 sunt
2849 5129 3039 5200 posuit
3055 5129 3115 5182 in
3136 5129 3415 5200 prasenti,

1833 5233 1956 5289 qua
1967 5217 2448 5272 conﬁrmationem
2465 5219 2764 5288 quamdam
2775 5217 3092 5272 futurorum
3104 5216 3312 5272 habere
3323 5234 3423 5290 po-

1832 5311 2038 5360 terant.
2081 5307 2198 5360 Hoc
2233 5307 2418 5377 ipsum
2448 5313 2638 5361 autem
2668 5313 2728 5362 et
2752 5307 2916 5362 initio
2946 5307 3197 5379 epistola
3225 5306 3422 5362 fecisse

1835 5396 2054 5449 videtur
2080 5394 2174 5449 ubi
2206 5395 2343 5450 dicit
2374 5414 2386 5448 :
2423 5414 2450 5447 «
2472 5395 2610 5466 Regi
2636 5401 2826 5450 autem
2856 5396 3208 5463 saculorum,
3239 5397 3424 5452 incor-

1835 5491 2019 5556 rupto,
2049 5484 2332 5550 invisibili,
2351 5485 2453 5539 soli
2483 5486 2600 5540 Deo
2621 5485 2818 5552 honor,
2851 5491 2910 5540 et
2935 5487 3120 5558 gloria
3144 5487 3204 5542 in
3222 5487 3425 5542 saecula

1834 5574 2188 5630 saeculorum.
2222 5575 2422 5631 Amen.
2461 5591 2487 5626 »
2538 5573 2698 5630 Unde
2743 5574 2918 5632 etiam
2960 5581 3022 5632 et
3055 5576 3116 5631 in
3163 5576 3268 5631 hoc
3302 5576 3424 5630 loco
