  <div class='ocr_page' id='page_1' title='image "/cluster/home/n/w/nwhite01/storage/ocr_20150623/112/hvd.32044054759774/321.png"; bbox 0 0 3866 6158; ppageno 0'>
   <div class='ocr_carea' id='block_1_1' title="bbox 437 283 537 340">
    <p class='ocr_par' dir='ltr' id='par_1_1' title="bbox 437 283 537 340">
     <span class='ocr_line' id='line_1_1' title="bbox 437 283 537 340; baseline 0 -1"><span class='ocrx_word' id='word_1_1' title='bbox 437 283 537 340; x_wconf 82' lang='grc'>631</span> 
     </span>
    </p>
   </div>
   <div class='ocr_carea' id='block_1_2' title="bbox 1024 280 3114 339">
    <p class='ocr_par' dir='ltr' id='par_1_2' title="bbox 1024 280 3114 339">
     <span class='ocr_line' id='line_1_2' title="bbox 1024 280 3114 339; baseline 0.001 -3"><span class='ocrx_word' id='word_1_2' title='bbox 1024 283 1088 336; x_wconf 92' lang='grc' dir='ltr'>Β.</span> <span class='ocrx_word' id='word_1_3' title='bbox 1129 280 1402 336; x_wconf 77' lang='lat' dir='ltr'>RABANI</span> <span class='ocrx_word' id='word_1_4' title='bbox 1440 280 1672 337; x_wconf 86' lang='lat' dir='ltr'><strong>MAURI</strong></span> <span class='ocrx_word' id='word_1_5' title='bbox 1711 280 2048 337; x_wconf 84' lang='lat' dir='ltr'>ARCHIEP.</span> <span class='ocrx_word' id='word_1_6' title='bbox 2088 281 2413 338; x_wconf 80' lang='lat' dir='ltr'>MOGUNT.</span> <span class='ocrx_word' id='word_1_7' title='bbox 2455 281 2752 339; x_wconf 85' lang='lat' dir='ltr'>OPERUM</span> <span class='ocrx_word' id='word_1_8' title='bbox 2794 281 2980 337; x_wconf 83' lang='lat' dir='ltr'>PARS</span> <span class='ocrx_word' id='word_1_9' title='bbox 3017 283 3114 339; x_wconf 85' lang='lat' dir='ltr'>III.</span> 
     </span>
    </p>
   </div>
   <div class='ocr_carea' id='block_1_3' title="bbox 3551 292 3636 349">
    <p class='ocr_par' dir='ltr' id='par_1_3' title="bbox 3551 292 3636 349">
     <span class='ocr_line' id='line_1_3' title="bbox 3551 292 3636 349; baseline 0.012 -1"><span class='ocrx_word' id='word_1_10' title='bbox 3551 292 3636 349; x_wconf 75' lang='lat'>632</span> 
     </span>
    </p>
   </div>
   <div class='ocr_carea' id='block_1_4' title="bbox 434 404 3641 482">
    <p class='ocr_par' dir='ltr' id='par_1_4' title="bbox 434 404 3641 482">
     <span class='ocr_line' id='line_1_4' title="bbox 434 404 3641 482; baseline -0 -17"><span class='ocrx_word' id='word_1_11' title='bbox 434 408 667 465; x_wconf 86' lang='lat' dir='ltr'>beatum</span> <span class='ocrx_word' id='word_1_12' title='bbox 679 410 841 465; x_wconf 91' lang='lat' dir='ltr'>illum</span> <span class='ocrx_word' id='word_1_13' title='bbox 858 412 1021 463; x_wconf 88' lang='lat' dir='ltr'>vocat</span> <span class='ocrx_word' id='word_1_14' title='bbox 1036 406 1107 462; x_wconf 89' lang='lat' dir='ltr'>ad</span> <span class='ocrx_word' id='word_1_15' title='bbox 1123 405 1608 461; x_wconf 83' lang='lat' dir='ltr'>conﬁrmationem</span> <span class='ocrx_word' id='word_1_16' title='bbox 1627 404 1830 461; x_wconf 70' lang='lat' dir='ltr'>futurae</span> <span class='ocrx_word' id='word_1_17' title='bbox 1840 406 2032 461; x_wconf 82' lang='lat' dir='ltr'>adver—</span> <span class='ocrx_word' id='word_1_18' title='bbox 2047 408 2097 466; x_wconf 82' lang='grc' dir='ltr'><strong>Α</strong></span> <span class='ocrx_word' id='word_1_19' title='bbox 2116 406 2320 479; x_wconf 87' lang='lat' dir='ltr'>quippe</span> <span class='ocrx_word' id='word_1_20' title='bbox 2348 405 2559 478; x_wconf 81' lang='lat' dir='ltr'>dispari</span> <span class='ocrx_word' id='word_1_21' title='bbox 2584 406 2751 462; x_wconf 91' lang='lat' dir='ltr'>modo</span> <span class='ocrx_word' id='word_1_22' title='bbox 2782 406 2931 462; x_wconf 86' lang='lat' dir='ltr'>videt</span> <span class='ocrx_word' id='word_1_23' title='bbox 2969 408 3196 463; x_wconf 87' lang='lat' dir='ltr'>Creator</span> <span class='ocrx_word' id='word_1_24' title='bbox 3228 425 3301 476; x_wconf 90' lang='lat' dir='ltr'>se,</span> <span class='ocrx_word' id='word_1_25' title='bbox 3334 428 3487 482; x_wconf 86' lang='lat' dir='ltr'>quam</span> <span class='ocrx_word' id='word_1_26' title='bbox 3514 416 3641 472; x_wconf 71' lang='lat' dir='ltr'>videt</span> 
     </span>
    </p>
   </div>
   <div class='ocr_carea' id='block_1_5' title="bbox 435 494 2032 569">
    <p class='ocr_par' dir='ltr' id='par_1_5' title="bbox 435 494 2032 569">
     <span class='ocr_line' id='line_1_5' title="bbox 435 494 2032 569; baseline -0.003 -15"><span class='ocrx_word' id='word_1_27' title='bbox 435 498 736 565; x_wconf 83' lang='lat' dir='ltr'>tibilitatis,</span> <span class='ocrx_word' id='word_1_28' title='bbox 760 515 883 569; x_wconf 67' lang='lat' dir='ltr'>quae</span> <span class='ocrx_word' id='word_1_29' title='bbox 931 496 1091 551; x_wconf 89' lang='lat' dir='ltr'>nobis</span> <span class='ocrx_word' id='word_1_30' title='bbox 1138 496 1340 559; x_wconf 90' lang='lat' dir='ltr'>aderit,</span> <span class='ocrx_word' id='word_1_31' title='bbox 1376 494 1508 566; x_wconf 83' lang='lat' dir='ltr'>quia</span> <span class='ocrx_word' id='word_1_32' title='bbox 1536 494 1631 548; x_wconf 90' lang='lat' dir='ltr'>ille</span> <span class='ocrx_word' id='word_1_33' title='bbox 1667 495 1799 550; x_wconf 91' lang='lat' dir='ltr'>talis</span> <span class='ocrx_word' id='word_1_34' title='bbox 1836 501 1922 550; x_wconf 92' lang='lat' dir='ltr'>est</span> <span class='ocrx_word' id='word_1_35' title='bbox 1972 496 2032 549; x_wconf 89' lang='lat' dir='ltr'>in</span> 
     </span>
    </p>
   </div>
   <div class='ocr_carea' id='block_1_6' title="bbox 438 585 2032 656">
    <p class='ocr_par' dir='ltr' id='par_1_6' title="bbox 438 585 2032 656">
     <span class='ocr_line' id='line_1_6' title="bbox 438 585 2032 656; baseline -0.003 -14"><span class='ocrx_word' id='word_1_36' title='bbox 438 592 644 643; x_wconf 88' lang='lat' dir='ltr'>natura</span> <span class='ocrx_word' id='word_1_37' title='bbox 678 586 1086 641; x_wconf 82' lang='lat' dir='ltr'>beatitudinem</span> <span class='ocrx_word' id='word_1_38' title='bbox 1115 585 1348 650; x_wconf 87' lang='lat' dir='ltr'>habens,</span> <span class='ocrx_word' id='word_1_39' title='bbox 1379 600 1482 638; x_wconf 92' lang='lat' dir='ltr'>nec</span> <span class='ocrx_word' id='word_1_40' title='bbox 1513 588 1703 638; x_wconf 89' lang='lat' dir='ltr'>autem</span> <span class='ocrx_word' id='word_1_41' title='bbox 1733 585 1909 639; x_wconf 86' lang='lat' dir='ltr'>ullam</span> <span class='ocrx_word' id='word_1_42' title='bbox 1929 601 2032 656; x_wconf 95' lang='lat' dir='ltr'>po-</span> 
     </span>
    </p>
   </div>
   <div class='ocr_carea' id='block_1_7' title="bbox 324 673 2034 739">
    <p class='ocr_par' dir='ltr' id='par_1_7' title="bbox 324 673 2034 739">
     <span class='ocr_line' id='line_1_7' title="bbox 324 673 2034 739; baseline -0.003 -7"><span class='ocrx_word' id='word_1_43' title='bbox 324 698 337 715; x_wconf 69' lang='grc' dir='ltr'><em>ν</em></span> <span class='ocrx_word' id='word_1_44' title='bbox 435 676 573 732; x_wconf 85' lang='lat' dir='ltr'>terit</span> <span class='ocrx_word' id='word_1_45' title='bbox 607 676 886 731; x_wconf 88' lang='lat' dir='ltr'>sustinere</span> <span class='ocrx_word' id='word_1_46' title='bbox 913 674 1353 730; x_wconf 87' lang='lat' dir='ltr'>vertibilitatem.</span> <span class='ocrx_word' id='word_1_47' title='bbox 1381 674 1677 739; x_wconf 81' lang='lat' dir='ltr'>Potentem</span> <span class='ocrx_word' id='word_1_48' title='bbox 1704 689 1836 728; x_wconf 88' lang='lat' dir='ltr'>vero</span> <span class='ocrx_word' id='word_1_49' title='bbox 1892 673 2034 728; x_wconf 82' lang='lat' dir='ltr'>dixit</span> 
     </span>
    </p>
   </div>
   <div class='ocr_carea' id='block_1_8' title="bbox 435 762 2033 835">
    <p class='ocr_par' dir='ltr' id='par_1_8' title="bbox 435 762 2033 835">
     <span class='ocr_line' id='line_1_8' title="bbox 435 762 2033 835; baseline -0.001 -16"><span class='ocrx_word' id='word_1_50' title='bbox 435 780 569 819; x_wconf 89' lang='lat' dir='ltr'>eum</span> <span class='ocrx_word' id='word_1_51' title='bbox 589 770 654 819; x_wconf 92' lang='lat' dir='ltr'>ut</span> <span class='ocrx_word' id='word_1_52' title='bbox 672 780 839 819; x_wconf 88' lang='lat' dir='ltr'>nemo</span> <span class='ocrx_word' id='word_1_53' title='bbox 853 763 1090 830; x_wconf 87' lang='lat' dir='ltr'>dubitet,</span> <span class='ocrx_word' id='word_1_54' title='bbox 1110 762 1375 835; x_wconf 89' lang='lat' dir='ltr'>quoniam</span> <span class='ocrx_word' id='word_1_55' title='bbox 1386 762 1854 817; x_wconf 77' lang='lat' dir='ltr'>resurrectionem</span> <span class='ocrx_word' id='word_1_56' title='bbox 1871 762 2033 817; x_wconf 91' lang='lat' dir='ltr'>nobis</span> 
     </span>
    </p>
   </div>
   <div class='ocr_carea' id='block_1_9' title="bbox 434 851 2033 925">
    <p class='ocr_par' dir='ltr' id='par_1_9' title="bbox 434 851 2033 925">
     <span class='ocr_line' id='line_1_9' title="bbox 434 851 2033 925; baseline -0.001 -18"><span class='ocrx_word' id='word_1_57' title='bbox 434 854 645 925; x_wconf 89' lang='lat' dir='ltr'>poterit</span> <span class='ocrx_word' id='word_1_58' title='bbox 674 852 946 920; x_wconf 87' lang='lat' dir='ltr'>conferre,</span> <span class='ocrx_word' id='word_1_59' title='bbox 987 857 1045 906; x_wconf 91' lang='lat' dir='ltr'>et</span> <span class='ocrx_word' id='word_1_60' title='bbox 1073 852 1300 923; x_wconf 87' lang='lat' dir='ltr'>quidem</span> <span class='ocrx_word' id='word_1_61' title='bbox 1320 857 1376 906; x_wconf 92' lang='lat' dir='ltr'>et</span> <span class='ocrx_word' id='word_1_62' title='bbox 1396 851 1606 922; x_wconf 84' lang='lat' dir='ltr'>Regem</span> <span class='ocrx_word' id='word_1_63' title='bbox 1631 868 1759 905; x_wconf 93' lang='lat' dir='ltr'>eum</span> <span class='ocrx_word' id='word_1_64' title='bbox 1789 868 2033 921; x_wconf 84' lang='lat' dir='ltr'>regnan-</span> 
     </span>
    </p>
   </div>
   <div class='ocr_carea' id='block_1_10' title="bbox 414 940 2036 1006">
    <p class='ocr_par' dir='ltr' id='par_1_10' title="bbox 414 940 2036 1006">
     <span class='ocr_line' id='line_1_10' title="bbox 414 940 2036 1006; baseline -0.001 -9"><span class='ocrx_word' id='word_1_65' title='bbox 414 942 581 997; x_wconf 82' lang='lat' dir='ltr'>tium</span> <span class='ocrx_word' id='word_1_66' title='bbox 601 948 660 997; x_wconf 90' lang='lat' dir='ltr'>et</span> <span class='ocrx_word' id='word_1_67' title='bbox 688 941 992 997; x_wconf 90' lang='lat' dir='ltr'>Dominum</span> <span class='ocrx_word' id='word_1_68' title='bbox 1020 940 1432 996; x_wconf 85' lang='lat' dir='ltr'>dominantium</span> <span class='ocrx_word' id='word_1_69' title='bbox 1459 940 1619 1006; x_wconf 82' lang='lat' dir='ltr'>dixit,</span> <span class='ocrx_word' id='word_1_70' title='bbox 1636 944 1701 994; x_wconf 92' lang='lat' dir='ltr'>ut</span> <span class='ocrx_word' id='word_1_71' title='bbox 1716 940 2036 996; x_wconf 86' lang='lat' dir='ltr'>ostenderet</span> 
     </span>
    </p>
   </div>
   <div class='ocr_carea' id='block_1_11' title="bbox 436 1029 2035 1103">
    <p class='ocr_par' dir='ltr' id='par_1_11' title="bbox 436 1029 2035 1103">
     <span class='ocr_line' id='line_1_11' title="bbox 436 1029 2035 1103; baseline -0.001 -18"><span class='ocrx_word' id='word_1_72' title='bbox 436 1047 505 1085; x_wconf 89' lang='lat' dir='ltr'>ex</span> <span class='ocrx_word' id='word_1_73' title='bbox 521 1031 647 1098; x_wconf 89' lang='lat' dir='ltr'>hoc,</span> <span class='ocrx_word' id='word_1_74' title='bbox 673 1031 938 1103; x_wconf 89' lang='lat' dir='ltr'>quoniam</span> <span class='ocrx_word' id='word_1_75' title='bbox 951 1046 1146 1085; x_wconf 88' lang='lat' dir='ltr'>omnes</span> <span class='ocrx_word' id='word_1_76' title='bbox 1166 1029 1289 1101; x_wconf 91' lang='lat' dir='ltr'>subj</span> <span class='ocrx_word' id='word_1_77' title='bbox 1297 1035 1453 1101; x_wconf 80' lang='lat' dir='ltr'>ngat,</span> <span class='ocrx_word' id='word_1_78' title='bbox 1468 1034 1526 1084; x_wconf 88' lang='lat' dir='ltr'>et</span> <span class='ocrx_word' id='word_1_79' title='bbox 1545 1034 1744 1101; x_wconf 85' lang='lat' dir='ltr'>potens</span> <span class='ocrx_word' id='word_1_80' title='bbox 1764 1035 1850 1084; x_wconf 87' lang='lat' dir='ltr'>est</span> <span class='ocrx_word' id='word_1_81' title='bbox 1863 1030 2035 1084; x_wconf 89' lang='lat' dir='ltr'>etiam</span> 
     </span>
    </p>
   </div>
   <div class='ocr_carea' id='block_1_12' title="bbox 437 1118 2037 1192">
    <p class='ocr_par' dir='ltr' id='par_1_12' title="bbox 437 1118 2037 1192">
     <span class='ocr_line' id='line_1_12' title="bbox 437 1118 2037 1192; baseline -0.001 -17"><span class='ocrx_word' id='word_1_82' title='bbox 437 1120 721 1176; x_wconf 64' lang='lat' dir='ltr'>daemones</span> <span class='ocrx_word' id='word_1_83' title='bbox 747 1120 1069 1192; x_wconf 87' lang='lat' dir='ltr'>subjugare,</span> <span class='ocrx_word' id='word_1_84' title='bbox 1103 1124 1160 1173; x_wconf 91' lang='lat' dir='ltr'>et</span> <span class='ocrx_word' id='word_1_85' title='bbox 1187 1124 1425 1173; x_wconf 84' lang='lat' dir='ltr'>mortem</span> <span class='ocrx_word' id='word_1_86' title='bbox 1455 1118 1721 1184; x_wconf 78' lang='lat' dir='ltr'>adimere,</span> <span class='ocrx_word' id='word_1_87' title='bbox 1757 1124 1815 1173; x_wconf 92' lang='lat' dir='ltr'>et</span> <span class='ocrx_word' id='word_1_88' title='bbox 1846 1119 2037 1175; x_wconf 82' lang='lat' dir='ltr'>omnia</span> 
     </span>
    </p>
   </div>
   <div class='ocr_carea' id='block_1_13' title="bbox 438 1208 2035 1281">
    <p class='ocr_par' dir='ltr' id='par_1_13' title="bbox 438 1208 2035 1281">
     <span class='ocr_line' id='line_1_13' title="bbox 438 1208 2035 1281; baseline 0.001 -19"><span class='ocrx_word' id='word_1_89' title='bbox 438 1209 540 1264; x_wconf 91' lang='lat' dir='ltr'>illa</span> <span class='ocrx_word' id='word_1_90' title='bbox 564 1209 919 1281; x_wconf 79' lang='lat' dir='ltr'>intercipere,</span> <span class='ocrx_word' id='word_1_91' title='bbox 947 1226 1069 1281; x_wconf 77' lang='lat' dir='ltr'>quae</span> <span class='ocrx_word' id='word_1_92' title='bbox 1098 1225 1202 1263; x_wconf 90' lang='lat' dir='ltr'>nos</span> <span class='ocrx_word' id='word_1_93' title='bbox 1231 1209 1302 1262; x_wconf 91' lang='lat' dir='ltr'>ad</span> <span class='ocrx_word' id='word_1_94' title='bbox 1328 1224 1572 1279; x_wconf 78' lang='lat' dir='ltr'>praesens</span> <span class='ocrx_word' id='word_1_95' title='bbox 1593 1208 1870 1279; x_wconf 84' lang='lat' dir='ltr'>afﬂigunt.</span> <span class='ocrx_word' id='word_1_96' title='bbox 1903 1208 2035 1263; x_wconf 91' lang='lat' dir='ltr'>Ideo</span> 
     </span>
    </p>
   </div>
   <div class='ocr_carea' id='block_1_14' title="bbox 438 1296 2036 1368">
    <p class='ocr_par' dir='ltr' id='par_1_14' title="bbox 438 1296 2036 1368">
     <span class='ocr_line' id='line_1_14' title="bbox 438 1296 2036 1368; baseline -0.002 -15"><span class='ocrx_word' id='word_1_97' title='bbox 438 1302 497 1353; x_wconf 87' lang='lat' dir='ltr'>et</span> <span class='ocrx_word' id='word_1_98' title='bbox 542 1298 727 1353; x_wconf 89' lang='lat' dir='ltr'>solum</span> <span class='ocrx_word' id='word_1_99' title='bbox 783 1298 922 1353; x_wconf 84' lang='lat' dir='ltr'>dixit</span> <span class='ocrx_word' id='word_1_100' title='bbox 971 1297 1178 1352; x_wconf 90' lang='lat' dir='ltr'>habere</span> <span class='ocrx_word' id='word_1_101' title='bbox 1226 1296 1735 1361; x_wconf 84' lang='lat' dir='ltr'>immortalitatem,</span> <span class='ocrx_word' id='word_1_102' title='bbox 1783 1313 1849 1351; x_wconf 93' lang='lat' dir='ltr'>eo</span> <span class='ocrx_word' id='word_1_103' title='bbox 1888 1297 2036 1368; x_wconf 93' lang='lat' dir='ltr'>quod</span> 
     </span>
    </p>
   </div>
   <div class='ocr_carea' id='block_1_15' title="bbox 436 1385 2037 1457">
    <p class='ocr_par' dir='ltr' id='par_1_15' title="bbox 436 1385 2037 1457">
     <span class='ocr_line' id='line_1_15' title="bbox 436 1385 2037 1457; baseline -0.001 -17"><span class='ocrx_word' id='word_1_104' title='bbox 436 1385 722 1441; x_wconf 80' lang='lat' dir='ltr'>sufficiens</span> <span class='ocrx_word' id='word_1_105' title='bbox 768 1386 931 1441; x_wconf 91' lang='lat' dir='ltr'>nobis</span> <span class='ocrx_word' id='word_1_106' title='bbox 966 1387 1042 1440; x_wconf 89' lang='lat' dir='ltr'>sit</span> <span class='ocrx_word' id='word_1_107' title='bbox 1077 1386 1184 1440; x_wconf 92' lang='lat' dir='ltr'>hoc</span> <span class='ocrx_word' id='word_1_108' title='bbox 1227 1391 1494 1457; x_wconf 62' lang='lat' dir='ltr'>praestare</span> <span class='ocrx_word' id='word_1_109' title='bbox 1531 1385 1680 1456; x_wconf 90' lang='lat' dir='ltr'>quod</span> <span class='ocrx_word' id='word_1_110' title='bbox 1718 1385 1837 1456; x_wconf 89' lang='lat' dir='ltr'>ipse</span> <span class='ocrx_word' id='word_1_111' title='bbox 1884 1387 2037 1440; x_wconf 91' lang='lat' dir='ltr'>solus</span> 
     </span>
    </p>
   </div>
   <div class='ocr_carea' id='block_1_16' title="bbox 437 1475 2036 1547">
    <p class='ocr_par' dir='ltr' id='par_1_16' title="bbox 437 1475 2036 1547">
     <span class='ocr_line' id='line_1_16' title="bbox 437 1475 2036 1547; baseline 0 -18"><span class='ocrx_word' id='word_1_112' title='bbox 437 1476 689 1547; x_wconf 88' lang='lat' dir='ltr'>possidet</span> <span class='ocrx_word' id='word_1_113' title='bbox 715 1476 775 1529; x_wconf 91' lang='lat' dir='ltr'>in</span> <span class='ocrx_word' id='word_1_114' title='bbox 804 1480 1028 1542; x_wconf 88' lang='lat' dir='ltr'>natura,</span> <span class='ocrx_word' id='word_1_115' title='bbox 1061 1491 1096 1529; x_wconf 89' lang='lat' dir='ltr'>a</span> <span class='ocrx_word' id='word_1_116' title='bbox 1121 1475 1279 1529; x_wconf 88' lang='lat' dir='ltr'>nullo</span> <span class='ocrx_word' id='word_1_117' title='bbox 1316 1475 1427 1528; x_wconf 88' lang='lat' dir='ltr'>alio</span> <span class='ocrx_word' id='word_1_118' title='bbox 1455 1479 1763 1540; x_wconf 85' lang='lat' dir='ltr'>assecutus,</span> <span class='ocrx_word' id='word_1_119' title='bbox 1798 1480 1855 1528; x_wconf 90' lang='lat' dir='ltr'>et</span> <span class='ocrx_word' id='word_1_120' title='bbox 1885 1475 2036 1546; x_wconf 90' lang='lat' dir='ltr'>quod</span> 
     </span>
    </p>
   </div>
   <div class='ocr_carea' id='block_1_17' title="bbox 438 1563 2036 1629">
    <p class='ocr_par' dir='ltr' id='par_1_17' title="bbox 438 1563 2036 1629">
     <span class='ocr_line' id='line_1_17' title="bbox 438 1563 2036 1629; baseline 0 -11"><span class='ocrx_word' id='word_1_121' title='bbox 438 1564 582 1618; x_wconf 88' lang='lat' dir='ltr'>dixit</span> <span class='ocrx_word' id='word_1_122' title='bbox 606 1583 618 1619; x_wconf 89' lang='lat'>:</span> <span class='ocrx_word' id='word_1_123' title='bbox 655 1583 682 1616; x_wconf 90' lang='lat'><strong>«</strong></span> <span class='ocrx_word' id='word_1_124' title='bbox 706 1565 921 1619; x_wconf 90' lang='lat' dir='ltr'>Lumen</span> <span class='ocrx_word' id='word_1_125' title='bbox 950 1564 1211 1618; x_wconf 88' lang='lat' dir='ltr'>habitans</span> <span class='ocrx_word' id='word_1_126' title='bbox 1238 1563 1636 1629; x_wconf 88' lang='lat' dir='ltr'>inaccessibile,</span> <span class='ocrx_word' id='word_1_127' title='bbox 1664 1582 1691 1615; x_wconf 84' lang='lat'><strong>»</strong></span> <span class='ocrx_word' id='word_1_128' title='bbox 1736 1564 2036 1618; x_wconf 84' lang='lat' dir='ltr'>conﬁrma-</span> 
     </span>
    </p>
   </div>
   <div class='ocr_carea' id='block_1_18' title="bbox 318 1651 2039 1724">
    <p class='ocr_par' dir='ltr' id='par_1_18' title="bbox 318 1651 2039 1724">
     <span class='ocr_line' id='line_1_18' title="bbox 318 1651 2039 1724; baseline 0.001 -18"><span class='ocrx_word' id='word_1_129' title='bbox 318 1680 325 1689; x_wconf 68' lang='grc' dir='ltr'>ι</span> <span class='ocrx_word' id='word_1_130' title='bbox 433 1652 647 1707; x_wconf 89' lang='lat' dir='ltr'>tionem</span> <span class='ocrx_word' id='word_1_131' title='bbox 691 1651 877 1719; x_wconf 88' lang='lat' dir='ltr'>habet,</span> <span class='ocrx_word' id='word_1_132' title='bbox 927 1653 1078 1724; x_wconf 91' lang='lat' dir='ltr'>quod</span> <span class='ocrx_word' id='word_1_133' title='bbox 1126 1653 1401 1706; x_wconf 89' lang='lat' dir='ltr'>immenso</span> <span class='ocrx_word' id='word_1_134' title='bbox 1431 1652 1674 1723; x_wconf 90' lang='lat' dir='ltr'>quodam</span> <span class='ocrx_word' id='word_1_135' title='bbox 1728 1652 1940 1707; x_wconf 89' lang='lat' dir='ltr'>lumine</span> <span class='ocrx_word' id='word_1_136' title='bbox 1981 1658 2039 1707; x_wconf 91' lang='lat' dir='ltr'>et</span> 
     </span>
    </p>
   </div>
   <div class='ocr_carea' id='block_1_19' title="bbox 2114 497 3638 573">
    <p class='ocr_par' dir='ltr' id='par_1_19' title="bbox 2114 497 3638 573">
     <span class='ocr_line' id='line_1_19' title="bbox 2114 497 3638 573; baseline 0.007 -25"><span class='ocrx_word' id='word_1_137' title='bbox 2114 501 2371 549; x_wconf 88' lang='lat' dir='ltr'>creatura</span> <span class='ocrx_word' id='word_1_138' title='bbox 2382 502 2689 551; x_wconf 87' lang='lat' dir='ltr'>creatorem</span> <span class='ocrx_word' id='word_1_139' title='bbox 2698 538 2709 549; x_wconf 93' lang='lat'><em>.</em></span> <span class='ocrx_word' id='word_1_140' title='bbox 2718 497 2859 551; x_wconf 90' lang='lat' dir='ltr'>Nam</span> <span class='ocrx_word' id='word_1_141' title='bbox 2875 504 3145 568; x_wconf 89' lang='lat' dir='ltr'>quantum</span> <span class='ocrx_word' id='word_1_142' title='bbox 3159 498 3227 552; x_wconf 89' lang='lat' dir='ltr'>ad</span> <span class='ocrx_word' id='word_1_143' title='bbox 3235 498 3638 573; x_wconf 89' lang='lat' dir='ltr'>immensitatem,</span> 
     </span>
    </p>
   </div>
   <div class='ocr_carea' id='block_1_20' title="bbox 2114 583 3640 661">
    <p class='ocr_par' dir='ltr' id='par_1_20' title="bbox 2114 583 3640 661">
     <span class='ocr_line' id='line_1_20' title="bbox 2114 583 3640 661; baseline 0.007 -24"><span class='ocrx_word' id='word_1_144' title='bbox 2114 583 2215 638; x_wconf 91' lang='lat' dir='ltr'>Dei</span> <span class='ocrx_word' id='word_1_145' title='bbox 2262 584 2490 655; x_wconf 90' lang='lat' dir='ltr'>quidam</span> <span class='ocrx_word' id='word_1_146' title='bbox 2531 584 2692 639; x_wconf 91' lang='lat' dir='ltr'>nobis</span> <span class='ocrx_word' id='word_1_147' title='bbox 2733 585 2934 639; x_wconf 89' lang='lat' dir='ltr'>modus</span> <span class='ocrx_word' id='word_1_148' title='bbox 2973 586 3164 656; x_wconf 82' lang='lat' dir='ltr'>ﬁgitur</span> <span class='ocrx_word' id='word_1_149' title='bbox 3190 591 3640 661; x_wconf 85' lang='lat' dir='ltr'>contemplationis,</span> 
     </span>
    </p>
   </div>
   <div class='ocr_carea' id='block_1_21' title="bbox 2114 672 3647 749">
    <p class='ocr_par' dir='ltr' id='par_1_21' title="bbox 2114 672 3647 749">
     <span class='ocr_line' id='line_1_21' title="bbox 2114 672 3647 749; baseline 0.006 -22"><span class='ocrx_word' id='word_1_150' title='bbox 2114 672 2247 744; x_wconf 88' lang='lat' dir='ltr'>quia</span> <span class='ocrx_word' id='word_1_151' title='bbox 2275 689 2340 726; x_wconf 93' lang='lat' dir='ltr'>eo</span> <span class='ocrx_word' id='word_1_152' title='bbox 2358 673 2480 744; x_wconf 92' lang='lat' dir='ltr'>ipso</span> <span class='ocrx_word' id='word_1_153' title='bbox 2502 674 2747 745; x_wconf 90' lang='lat' dir='ltr'>pondere</span> <span class='ocrx_word' id='word_1_154' title='bbox 2776 674 3402 749; x_wconf 88' lang='lat' dir='ltr'>circumscribimur,quo</span> <span class='ocrx_word' id='word_1_155' title='bbox 3427 687 3647 736; x_wconf 79' lang='lat' dir='ltr'>creatura</span> 
     </span>
    </p>
   </div>
   <div class='ocr_carea' id='block_1_22' title="bbox 2114 762 3644 838">
    <p class='ocr_par' dir='ltr' id='par_1_22' title="bbox 2114 762 3644 838">
     <span class='ocr_line' id='line_1_22' title="bbox 2114 762 3644 838; baseline 0.005 -23"><span class='ocrx_word' id='word_1_156' title='bbox 2114 778 2309 816; x_wconf 91' lang='lat' dir='ltr'>sumus</span> <span class='ocrx_word' id='word_1_157' title='bbox 2341 781 2352 815; x_wconf 88' lang='lat'>:</span> <span class='ocrx_word' id='word_1_158' title='bbox 2404 762 2485 816; x_wconf 92' lang='lat' dir='ltr'>sic</span> <span class='ocrx_word' id='word_1_159' title='bbox 2519 763 2765 834; x_wconf 80' lang='lat' dir='ltr'>profecto</span> <span class='ocrx_word' id='word_1_160' title='bbox 2804 780 2919 818; x_wconf 89' lang='lat' dir='ltr'>non</span> <span class='ocrx_word' id='word_1_161' title='bbox 2961 763 3042 818; x_wconf 89' lang='lat' dir='ltr'>ita</span> <span class='ocrx_word' id='word_1_162' title='bbox 3087 765 3437 836; x_wconf 88' lang='lat' dir='ltr'>conspicimus</span> <span class='ocrx_word' id='word_1_163' title='bbox 3476 768 3644 838; x_wconf 87' lang='lat' dir='ltr'>Deum,</span> 
     </span>
    </p>
   </div>
   <div class='ocr_carea' id='block_1_23' title="bbox 2114 850 3648 925">
    <p class='ocr_par' dir='ltr' id='par_1_23' title="bbox 2114 850 3648 925">
     <span class='ocr_line' id='line_1_23' title="bbox 2114 850 3648 925; baseline 0.006 -21"><span class='ocrx_word' id='word_1_164' title='bbox 2114 851 2259 905; x_wconf 88' lang='lat' dir='ltr'>sicut</span> <span class='ocrx_word' id='word_1_165' title='bbox 2284 850 2405 922; x_wconf 90' lang='lat' dir='ltr'>ipse</span> <span class='ocrx_word' id='word_1_166' title='bbox 2436 852 2707 923; x_wconf 88' lang='lat' dir='ltr'>conspicit</span> <span class='ocrx_word' id='word_1_167' title='bbox 2731 852 2962 918; x_wconf 91' lang='lat' dir='ltr'>se,sicut</span> <span class='ocrx_word' id='word_1_168' title='bbox 2984 869 3097 907; x_wconf 90' lang='lat' dir='ltr'>non</span> <span class='ocrx_word' id='word_1_169' title='bbox 3124 852 3202 907; x_wconf 88' lang='lat' dir='ltr'>ita</span> <span class='ocrx_word' id='word_1_170' title='bbox 3213 855 3578 925; x_wconf 87' lang='lat' dir='ltr'>requiescimus</span> <span class='ocrx_word' id='word_1_171' title='bbox 3600 859 3648 914; x_wconf 90' lang='lat' dir='ltr'>in</span> 
     </span>
    </p>
   </div>
   <div class='ocr_carea' id='block_1_24' title="bbox 2115 940 3650 1013">
    <p class='ocr_par' dir='ltr' id='par_1_24' title="bbox 2115 940 3650 1013">
     <span class='ocr_line' id='line_1_24' title="bbox 2115 940 3650 1013; baseline 0.004 -19"><span class='ocrx_word' id='word_1_172' title='bbox 2115 940 2732 1011; x_wconf 89' lang='lat' dir='ltr'>Deo,quemadmodum</span> <span class='ocrx_word' id='word_1_173' title='bbox 2758 942 2879 1013; x_wconf 90' lang='lat' dir='ltr'>ipse</span> <span class='ocrx_word' id='word_1_174' title='bbox 2906 942 3204 1013; x_wconf 86' lang='lat' dir='ltr'>requiescit</span> <span class='ocrx_word' id='word_1_175' title='bbox 3226 942 3283 996; x_wconf 90' lang='lat' dir='ltr'>in</span> <span class='ocrx_word' id='word_1_176' title='bbox 3304 960 3378 997; x_wconf 90' lang='lat' dir='ltr'>se.</span> <span class='ocrx_word' id='word_1_177' title='bbox 3393 944 3522 999; x_wconf 89' lang='lat' dir='ltr'>Nam</span> <span class='ocrx_word' id='word_1_178' title='bbox 3536 945 3650 1001; x_wconf 90' lang='lat' dir='ltr'>visio</span> 
     </span>
    </p>
   </div>
   <div class='ocr_carea' id='block_1_25' title="bbox 2115 1029 3653 1101">
    <p class='ocr_par' dir='ltr' id='par_1_25' title="bbox 2115 1029 3653 1101">
     <span class='ocr_line' id='line_1_25' title="bbox 2115 1029 3653 1101; baseline 0.005 -20"><span class='ocrx_word' id='word_1_179' title='bbox 2115 1034 2310 1082; x_wconf 88' lang='lat' dir='ltr'>nostra</span> <span class='ocrx_word' id='word_1_180' title='bbox 2338 1029 2425 1082; x_wconf 89' lang='lat' dir='ltr'>vel</span> <span class='ocrx_word' id='word_1_181' title='bbox 2454 1029 2678 1101; x_wconf 88' lang='lat' dir='ltr'>requies</span> <span class='ocrx_word' id='word_1_182' title='bbox 2718 1030 2828 1084; x_wconf 91' lang='lat' dir='ltr'>erit</span> <span class='ocrx_word' id='word_1_183' title='bbox 2862 1035 3145 1101; x_wconf 89' lang='lat' dir='ltr'>utcunque</span> <span class='ocrx_word' id='word_1_184' title='bbox 3172 1030 3363 1085; x_wconf 89' lang='lat' dir='ltr'>similis</span> <span class='ocrx_word' id='word_1_185' title='bbox 3387 1032 3565 1087; x_wconf 84' lang='lat' dir='ltr'>visioni</span> <span class='ocrx_word' id='word_1_186' title='bbox 3582 1035 3653 1088; x_wconf 90' lang='lat' dir='ltr'>vel</span> 
     </span>
    </p>
   </div>
   <div class='ocr_carea' id='block_1_26' title="bbox 2116 1118 3652 1191">
    <p class='ocr_par' dir='ltr' id='par_1_26' title="bbox 2116 1118 3652 1191">
     <span class='ocr_line' id='line_1_26' title="bbox 2116 1118 3652 1191; baseline 0.005 -21"><span class='ocrx_word' id='word_1_187' title='bbox 2116 1118 2331 1188; x_wconf 88' lang='lat' dir='ltr'>requiei</span> <span class='ocrx_word' id='word_1_188' title='bbox 2344 1118 2620 1183; x_wconf 82' lang='lat' dir='ltr'>illius,sed</span> <span class='ocrx_word' id='word_1_189' title='bbox 2635 1119 2866 1189; x_wconf 76' lang='lat' dir='ltr'>aequalis</span> <span class='ocrx_word' id='word_1_190' title='bbox 2883 1135 2995 1173; x_wconf 89' lang='lat' dir='ltr'>non</span> <span class='ocrx_word' id='word_1_191' title='bbox 3021 1119 3232 1174; x_wconf 90' lang='lat' dir='ltr'>erit.Ne</span> <span class='ocrx_word' id='word_1_192' title='bbox 3244 1120 3386 1174; x_wconf 90' lang='lat' dir='ltr'>enim</span> <span class='ocrx_word' id='word_1_193' title='bbox 3406 1122 3652 1191; x_wconf 86' lang='lat' dir='ltr'>jaceamus</span> 
     </span>
    </p>
   </div>
   <div class='ocr_carea' id='block_1_27' title="bbox 2066 1205 3654 1293">
    <p class='ocr_par' dir='ltr' id='par_1_27' title="bbox 2066 1205 3654 1293">
     <span class='ocr_line' id='line_1_27' title="bbox 2066 1205 3654 1293; baseline 0.004 -34"><span class='ocrx_word' id='word_1_194' title='bbox 2066 1279 2083 1293; x_wconf 39' lang='grc' dir='ltr'><strong><em>ο</em></strong></span> <span class='ocrx_word' id='word_1_195' title='bbox 2116 1206 2178 1260; x_wconf 92' lang='lat' dir='ltr'>in</span> <span class='ocrx_word' id='word_1_196' title='bbox 2204 1205 2383 1273; x_wconf 90' lang='lat' dir='ltr'>nobis,</span> <span class='ocrx_word' id='word_1_197' title='bbox 2417 1211 2480 1261; x_wconf 93' lang='lat' dir='ltr'>ut</span> <span class='ocrx_word' id='word_1_198' title='bbox 2506 1207 2588 1261; x_wconf 88' lang='lat' dir='ltr'>ita</span> <span class='ocrx_word' id='word_1_199' title='bbox 2613 1207 2815 1273; x_wconf 91' lang='lat' dir='ltr'>dicam,</span> <span class='ocrx_word' id='word_1_200' title='bbox 2855 1207 3335 1280; x_wconf 73' lang='lat' dir='ltr'>contemplationis</span> <span class='ocrx_word' id='word_1_201' title='bbox 3375 1225 3542 1280; x_wconf 87' lang='lat' dir='ltr'>penna</span> <span class='ocrx_word' id='word_1_202' title='bbox 3570 1226 3654 1265; x_wconf 87' lang='lat' dir='ltr'>nos</span> 
     </span>
    </p>
   </div>
   <div class='ocr_carea' id='block_1_28' title="bbox 2118 1293 3653 1367">
    <p class='ocr_par' dir='ltr' id='par_1_28' title="bbox 2118 1293 3653 1367">
     <span class='ocr_line' id='line_1_28' title="bbox 2118 1293 3653 1367; baseline 0.003 -20"><span class='ocrx_word' id='word_1_203' title='bbox 2118 1293 2564 1367; x_wconf 88' lang='lat' dir='ltr'>sublevat,atque</span> <span class='ocrx_word' id='word_1_204' title='bbox 2583 1312 2616 1349; x_wconf 90' lang='lat' dir='ltr'>a</span> <span class='ocrx_word' id='word_1_205' title='bbox 2635 1295 2876 1350; x_wconf 86' lang='lat' dir='ltr'>nobisad</span> <span class='ocrx_word' id='word_1_206' title='bbox 2888 1296 3046 1351; x_wconf 90' lang='lat' dir='ltr'>illum</span> <span class='ocrx_word' id='word_1_207' title='bbox 3065 1297 3330 1367; x_wconf 82' lang='lat' dir='ltr'>erigimur</span> <span class='ocrx_word' id='word_1_208' title='bbox 3344 1298 3653 1365; x_wconf 90' lang='lat' dir='ltr'>intuendum,</span> 
     </span>
    </p>
   </div>
   <div class='ocr_carea' id='block_1_29' title="bbox 2119 1384 3655 1458">
    <p class='ocr_par' dir='ltr' id='par_1_29' title="bbox 2119 1384 3655 1458">
     <span class='ocr_line' id='line_1_29' title="bbox 2119 1384 3655 1458; baseline 0.003 -21"><span class='ocrx_word' id='word_1_209' title='bbox 2119 1384 2377 1455; x_wconf 85' lang='lat' dir='ltr'>raptique</span> <span class='ocrx_word' id='word_1_210' title='bbox 2397 1385 2708 1439; x_wconf 87' lang='lat' dir='ltr'>intentione</span> <span class='ocrx_word' id='word_1_211' title='bbox 2728 1385 2930 1452; x_wconf 90' lang='lat' dir='ltr'>cordis,</span> <span class='ocrx_word' id='word_1_212' title='bbox 2967 1391 3024 1439; x_wconf 92' lang='lat' dir='ltr'>et</span> <span class='ocrx_word' id='word_1_213' title='bbox 3042 1385 3327 1440; x_wconf 88' lang='lat' dir='ltr'>dulcedine</span> <span class='ocrx_word' id='word_1_214' title='bbox 3354 1387 3655 1458; x_wconf 85' lang='lat' dir='ltr'>contempla-</span> 
     </span>
    </p>
   </div>
   <div class='ocr_carea' id='block_1_30' title="bbox 2119 1472 3659 1546">
    <p class='ocr_par' dir='ltr' id='par_1_30' title="bbox 2119 1472 3659 1546">
     <span class='ocr_line' id='line_1_30' title="bbox 2119 1472 3659 1546; baseline 0.002 -20"><span class='ocrx_word' id='word_1_215' title='bbox 2119 1472 2291 1527; x_wconf 90' lang='lat' dir='ltr'>tionis</span> <span class='ocrx_word' id='word_1_216' title='bbox 2311 1474 2500 1545; x_wconf 89' lang='lat' dir='ltr'>aliquo</span> <span class='ocrx_word' id='word_1_217' title='bbox 2521 1474 2687 1530; x_wconf 91' lang='lat' dir='ltr'>modo</span> <span class='ocrx_word' id='word_1_218' title='bbox 2708 1490 2744 1528; x_wconf 90' lang='lat' dir='ltr'>a</span> <span class='ocrx_word' id='word_1_219' title='bbox 2772 1473 2932 1529; x_wconf 90' lang='lat' dir='ltr'>nobis</span> <span class='ocrx_word' id='word_1_220' title='bbox 2962 1474 3112 1529; x_wconf 90' lang='lat' dir='ltr'>imus</span> <span class='ocrx_word' id='word_1_221' title='bbox 3136 1474 3195 1528; x_wconf 93' lang='lat' dir='ltr'>in</span> <span class='ocrx_word' id='word_1_222' title='bbox 3226 1475 3405 1546; x_wconf 89' lang='lat' dir='ltr'>ipsum</span> <span class='ocrx_word' id='word_1_223' title='bbox 3434 1494 3445 1528; x_wconf 73' lang='grc' dir='ltr'>ι</span> <span class='ocrx_word' id='word_1_224' title='bbox 3484 1482 3534 1530; x_wconf 89' lang='lat' dir='ltr'>et</span> <span class='ocrx_word' id='word_1_225' title='bbox 3560 1477 3659 1546; x_wconf 88' lang='lat' dir='ltr'>jam</span> 
     </span>
    </p>
   </div>
   <div class='ocr_carea' id='block_1_31' title="bbox 2120 1561 3659 1641">
    <p class='ocr_par' dir='ltr' id='par_1_31' title="bbox 2120 1561 3659 1641">
     <span class='ocr_line' id='line_1_31' title="bbox 2120 1561 3659 1641; baseline 0.002 -26"><span class='ocrx_word' id='word_1_226' title='bbox 2120 1561 2225 1615; x_wconf 88' lang='lat' dir='ltr'>hoc</span> <span class='ocrx_word' id='word_1_227' title='bbox 2249 1561 2435 1632; x_wconf 91' lang='lat' dir='ltr'>ipsum</span> <span class='ocrx_word' id='word_1_228' title='bbox 2446 1562 2530 1615; x_wconf 91' lang='lat' dir='ltr'>ire</span> <span class='ocrx_word' id='word_1_229' title='bbox 2552 1568 2809 1617; x_wconf 91' lang='lat' dir='ltr'>nostrum</span> <span class='ocrx_word' id='word_1_230' title='bbox 2832 1564 3018 1618; x_wconf 91' lang='lat' dir='ltr'>minus</span> <span class='ocrx_word' id='word_1_231' title='bbox 3038 1569 3122 1618; x_wconf 88' lang='lat' dir='ltr'>est</span> <span class='ocrx_word' id='word_1_232' title='bbox 3144 1564 3500 1634; x_wconf 83' lang='lat' dir='ltr'>requiescere;</span> <span class='ocrx_word' id='word_1_233' title='bbox 3521 1570 3571 1618; x_wconf 90' lang='lat' dir='ltr'>et</span> <span class='ocrx_word' id='word_1_234' title='bbox 3587 1569 3659 1641; x_wconf 72' lang='lat' dir='ltr'>ta-</span> 
     </span>
    </p>
   </div>
   <div class='ocr_carea' id='block_1_32' title="bbox 2119 1651 3654 1724">
    <p class='ocr_par' dir='ltr' id='par_1_32' title="bbox 2119 1651 3654 1724">
     <span class='ocr_line' id='line_1_32' title="bbox 2119 1651 3654 1724; baseline 0.001 -20"><span class='ocrx_word' id='word_1_235' title='bbox 2119 1667 2249 1704; x_wconf 89' lang='lat' dir='ltr'>men</span> <span class='ocrx_word' id='word_1_236' title='bbox 2270 1651 2349 1704; x_wconf 90' lang='lat' dir='ltr'>sic</span> <span class='ocrx_word' id='word_1_237' title='bbox 2376 1651 2458 1704; x_wconf 89' lang='lat' dir='ltr'>ire</span> <span class='ocrx_word' id='word_1_238' title='bbox 2474 1652 2715 1723; x_wconf 81' lang='lat' dir='ltr'>perfecte</span> <span class='ocrx_word' id='word_1_239' title='bbox 2733 1653 3082 1723; x_wconf 87' lang='lat' dir='ltr'>requiescere</span> <span class='ocrx_word' id='word_1_240' title='bbox 3104 1653 3283 1707; x_wconf 89' lang='lat' dir='ltr'>est.Et</span> <span class='ocrx_word' id='word_1_241' title='bbox 3303 1652 3527 1724; x_wconf 84' lang='lat' dir='ltr'>perfecta</span> <span class='ocrx_word' id='word_1_242' title='bbox 3545 1669 3654 1722; x_wconf 82' lang='lat' dir='ltr'>ergo</span> 
     </span>
    </p>
   </div>
   <div class='ocr_carea' id='block_1_33' title="bbox 439 1733 3663 1813">
    <p class='ocr_par' dir='ltr' id='par_1_33' title="bbox 439 1733 3663 1813">
     <span class='ocr_line' id='line_1_33' title="bbox 439 1733 3663 1813; baseline 0 -18"><span class='ocrx_word' id='word_1_243' title='bbox 439 1740 809 1796; x_wconf 89' lang='lat' dir='ltr'>inaccessibili</span> <span class='ocrx_word' id='word_1_244' title='bbox 829 1742 1112 1813; x_wconf 89' lang='lat' dir='ltr'>persistat,</span> <span class='ocrx_word' id='word_1_245' title='bbox 1131 1742 1228 1813; x_wconf 91' lang='lat' dir='ltr'>qui</span> <span class='ocrx_word' id='word_1_246' title='bbox 1258 1742 1429 1796; x_wconf 89' lang='lat' dir='ltr'>etiam</span> <span class='ocrx_word' id='word_1_247' title='bbox 1456 1758 1589 1795; x_wconf 90' lang='lat' dir='ltr'>vera</span> <span class='ocrx_word' id='word_1_248' title='bbox 1608 1740 1825 1795; x_wconf 89' lang='lat' dir='ltr'>ratione</span> <span class='ocrx_word' id='word_1_249' title='bbox 1848 1743 2034 1812; x_wconf 88' lang='lat' dir='ltr'>justo-</span> <span class='ocrx_word' id='word_1_250' title='bbox 2051 1733 2101 1793; x_wconf 89' lang='lat' dir='ltr'><strong>B</strong></span> <span class='ocrx_word' id='word_1_251' title='bbox 2123 1740 2345 1811; x_wconf 89' lang='lat' dir='ltr'>requies</span> <span class='ocrx_word' id='word_1_252' title='bbox 2371 1745 2475 1806; x_wconf 88' lang='lat' dir='ltr'>est,</span> <span class='ocrx_word' id='word_1_253' title='bbox 2509 1741 2644 1812; x_wconf 90' lang='lat' dir='ltr'>quia</span> <span class='ocrx_word' id='word_1_254' title='bbox 2659 1741 2809 1796; x_wconf 90' lang='lat' dir='ltr'>Deus</span> <span class='ocrx_word' id='word_1_255' title='bbox 2837 1741 3106 1807; x_wconf 88' lang='lat' dir='ltr'>cernitur,</span> <span class='ocrx_word' id='word_1_256' title='bbox 3139 1746 3196 1795; x_wconf 92' lang='lat' dir='ltr'>et</span> <span class='ocrx_word' id='word_1_257' title='bbox 3222 1748 3407 1795; x_wconf 89' lang='lat' dir='ltr'>tamen</span> <span class='ocrx_word' id='word_1_258' title='bbox 3427 1741 3663 1812; x_wconf 68' lang='lat' dir='ltr'>aequanda</span> 
     </span>
    </p>
   </div>
   <div class='ocr_carea' id='block_1_34' title="bbox 442 1830 2038 1902">
    <p class='ocr_par' dir='ltr' id='par_1_34' title="bbox 442 1830 2038 1902">
     <span class='ocr_line' id='line_1_34' title="bbox 442 1830 2038 1902; baseline 0.001 -18"><span class='ocrx_word' id='word_1_259' title='bbox 442 1846 569 1884; x_wconf 89' lang='lat' dir='ltr'>rum</span> <span class='ocrx_word' id='word_1_260' title='bbox 598 1847 833 1902; x_wconf 89' lang='lat' dir='ltr'>corpora</span> <span class='ocrx_word' id='word_1_261' title='bbox 876 1831 1091 1885; x_wconf 90' lang='lat' dir='ltr'>lumine</span> <span class='ocrx_word' id='word_1_262' title='bbox 1137 1831 1301 1885; x_wconf 91' lang='lat' dir='ltr'>faciet</span> <span class='ocrx_word' id='word_1_263' title='bbox 1344 1830 1644 1897; x_wconf 78' lang='lat' dir='ltr'>illustrari;</span> <span class='ocrx_word' id='word_1_264' title='bbox 1681 1831 1779 1884; x_wconf 92' lang='lat' dir='ltr'>sed</span> <span class='ocrx_word' id='word_1_265' title='bbox 1809 1836 1867 1884; x_wconf 91' lang='lat' dir='ltr'>et</span> <span class='ocrx_word' id='word_1_266' title='bbox 1898 1831 2038 1885; x_wconf 90' lang='lat' dir='ltr'>illud</span> 
     </span>
    </p>
   </div>
   <div class='ocr_carea' id='block_1_35' title="bbox 442 1918 2039 1984">
    <p class='ocr_par' dir='ltr' id='par_1_35' title="bbox 442 1918 2039 1984">
     <span class='ocr_line' id='line_1_35' title="bbox 442 1918 2039 1984; baseline 0 -11"><span class='ocrx_word' id='word_1_267' title='bbox 442 1918 624 1973; x_wconf 80' lang='lat' dir='ltr'>dixit:</span> <span class='ocrx_word' id='word_1_268' title='bbox 685 1938 713 1972; x_wconf 90' lang='lat'>«</span> <span class='ocrx_word' id='word_1_269' title='bbox 757 1920 936 1984; x_wconf 86' lang='lat' dir='ltr'>Quem</span> <span class='ocrx_word' id='word_1_270' title='bbox 981 1920 1133 1974; x_wconf 87' lang='lat' dir='ltr'>videt</span> <span class='ocrx_word' id='word_1_271' title='bbox 1181 1920 1476 1974; x_wconf 91' lang='lat' dir='ltr'>hominum</span> <span class='ocrx_word' id='word_1_272' title='bbox 1522 1936 1687 1974; x_wconf 90' lang='lat' dir='ltr'>nemo</span> <span class='ocrx_word' id='word_1_273' title='bbox 1724 1936 1827 1974; x_wconf 92' lang='lat' dir='ltr'>nec</span> <span class='ocrx_word' id='word_1_274' title='bbox 1850 1920 2039 1974; x_wconf 88' lang='lat' dir='ltr'>videre</span> 
     </span>
    </p>
   </div>
   <div class='ocr_carea' id='block_1_36' title="bbox 442 2008 2040 2080">
    <p class='ocr_par' dir='ltr' id='par_1_36' title="bbox 442 2008 2040 2080">
     <span class='ocr_line' id='line_1_36' title="bbox 442 2008 2040 2080; baseline -0.001 -17"><span class='ocrx_word' id='word_1_275' title='bbox 442 2012 645 2079; x_wconf 80' lang='lat' dir='ltr'>potest,</span> <span class='ocrx_word' id='word_1_276' title='bbox 698 2028 725 2061; x_wconf 88' lang='grc'>))</span> <span class='ocrx_word' id='word_1_277' title='bbox 757 2014 825 2063; x_wconf 93' lang='lat' dir='ltr'>ut</span> <span class='ocrx_word' id='word_1_278' title='bbox 864 2009 1124 2063; x_wconf 88' lang='lat' dir='ltr'>ostendat</span> <span class='ocrx_word' id='word_1_279' title='bbox 1169 2008 1435 2080; x_wconf 88' lang='lat' dir='ltr'>quoniam</span> <span class='ocrx_word' id='word_1_280' title='bbox 1474 2009 1631 2063; x_wconf 85' lang='lat' dir='ltr'>nulla</span> <span class='ocrx_word' id='word_1_281' title='bbox 1669 2008 2040 2063; x_wconf 88' lang='lat' dir='ltr'>demiratione</span> 
     </span>
    </p>
   </div>
   <div class='ocr_carea' id='block_1_37' title="bbox 442 2096 2040 2168">
    <p class='ocr_par' dir='ltr' id='par_1_37' title="bbox 442 2096 2040 2168">
     <span class='ocr_line' id='line_1_37' title="bbox 442 2096 2040 2168; baseline 0.001 -18"><span class='ocrx_word' id='word_1_282' title='bbox 442 2096 676 2167; x_wconf 83' lang='lat' dir='ltr'>dignum</span> <span class='ocrx_word' id='word_1_283' title='bbox 709 2102 812 2163; x_wconf 90' lang='lat' dir='ltr'>est,</span> <span class='ocrx_word' id='word_1_284' title='bbox 853 2097 902 2151; x_wconf 89' lang='lat' dir='ltr'>si</span> <span class='ocrx_word' id='word_1_285' title='bbox 931 2097 1050 2164; x_wconf 90' lang='lat' dir='ltr'>illa,</span> <span class='ocrx_word' id='word_1_286' title='bbox 1102 2114 1227 2168; x_wconf 63' lang='lat' dir='ltr'>qua:</span> <span class='ocrx_word' id='word_1_287' title='bbox 1262 2102 1399 2151; x_wconf 83' lang='lat' dir='ltr'>tunc</span> <span class='ocrx_word' id='word_1_288' title='bbox 1443 2113 1578 2168; x_wconf 83' lang='lat' dir='ltr'>erga</span> <span class='ocrx_word' id='word_1_289' title='bbox 1624 2113 1728 2151; x_wconf 90' lang='lat' dir='ltr'>nos</span> <span class='ocrx_word' id='word_1_290' title='bbox 1761 2103 1945 2163; x_wconf 89' lang='lat' dir='ltr'>erunt,</span> <span class='ocrx_word' id='word_1_291' title='bbox 1969 2097 2040 2151; x_wconf 93' lang='lat' dir='ltr'>ad</span> 
     </span>
    </p>
   </div>
   <div class='ocr_carea' id='block_1_38' title="bbox 444 2185 2044 2257">
    <p class='ocr_par' dir='ltr' id='par_1_38' title="bbox 444 2185 2044 2257">
     <span class='ocr_line' id='line_1_38' title="bbox 444 2185 2044 2257; baseline 0.001 -18"><span class='ocrx_word' id='word_1_292' title='bbox 444 2201 691 2256; x_wconf 65' lang='lat' dir='ltr'>praesens</span> <span class='ocrx_word' id='word_1_293' title='bbox 721 2202 835 2240; x_wconf 89' lang='lat' dir='ltr'>non</span> <span class='ocrx_word' id='word_1_294' title='bbox 863 2185 1163 2241; x_wconf 89' lang='lat' dir='ltr'>videantur</span> <span class='ocrx_word' id='word_1_295' title='bbox 1187 2205 1198 2240; x_wconf 89' lang='lat'>:</span> <span class='ocrx_word' id='word_1_296' title='bbox 1224 2186 1501 2257; x_wconf 90' lang='lat' dir='ltr'>siquidem</span> <span class='ocrx_word' id='word_1_297' title='bbox 1521 2192 1576 2240; x_wconf 92' lang='lat' dir='ltr'>et</span> <span class='ocrx_word' id='word_1_298' title='bbox 1597 2185 1737 2257; x_wconf 90' lang='lat' dir='ltr'>ipse,</span> <span class='ocrx_word' id='word_1_299' title='bbox 1760 2186 1856 2257; x_wconf 93' lang='lat' dir='ltr'>qui</span> <span class='ocrx_word' id='word_1_300' title='bbox 1883 2185 2044 2240; x_wconf 90' lang='lat' dir='ltr'>nobis</span> 
     </span>
    </p>
   </div>
   <div class='ocr_carea' id='block_1_39' title="bbox 449 2273 2049 2345">
    <p class='ocr_par' dir='ltr' id='par_1_39' title="bbox 449 2273 2049 2345">
     <span class='ocr_line' id='line_1_39' title="bbox 449 2273 2049 2345; baseline 0.001 -18"><span class='ocrx_word' id='word_1_301' title='bbox 449 2273 561 2327; x_wconf 90' lang='lat' dir='ltr'>ista</span> <span class='ocrx_word' id='word_1_302' title='bbox 616 2274 923 2329; x_wconf 86' lang='lat' dir='ltr'>collaturus</span> <span class='ocrx_word' id='word_1_303' title='bbox 971 2280 1074 2342; x_wconf 91' lang='lat' dir='ltr'>est,</span> <span class='ocrx_word' id='word_1_304' title='bbox 1108 2274 1402 2329; x_wconf 89' lang='lat' dir='ltr'>invisibilis</span> <span class='ocrx_word' id='word_1_305' title='bbox 1454 2273 1615 2328; x_wconf 91' lang='lat' dir='ltr'>nobis</span> <span class='ocrx_word' id='word_1_306' title='bbox 1662 2274 1894 2329; x_wconf 81' lang='lat' dir='ltr'>exsistat</span> <span class='ocrx_word' id='word_1_307' title='bbox 1947 2290 2049 2345; x_wconf 91' lang='lat' dir='ltr'>per</span> 
     </span>
    </p>
   </div>
   <div class='ocr_carea' id='block_1_40' title="bbox 447 2363 2048 2434">
    <p class='ocr_par' dir='ltr' id='par_1_40' title="bbox 447 2363 2048 2434">
     <span class='ocr_line' id='line_1_40' title="bbox 447 2363 2048 2434; baseline 0 -17"><span class='ocrx_word' id='word_1_308' title='bbox 447 2369 728 2430; x_wconf 78' lang='lat' dir='ltr'>naturam,</span> <span class='ocrx_word' id='word_1_309' title='bbox 761 2363 953 2434; x_wconf 90' lang='lat' dir='ltr'>sicque</span> <span class='ocrx_word' id='word_1_310' title='bbox 973 2380 1139 2418; x_wconf 91' lang='lat' dir='ltr'>suum</span> <span class='ocrx_word' id='word_1_311' title='bbox 1159 2380 1477 2419; x_wconf 90' lang='lat' dir='ltr'>sermonem</span> <span class='ocrx_word' id='word_1_312' title='bbox 1503 2364 1822 2418; x_wconf 86' lang='lat' dir='ltr'>futurorum</span> <span class='ocrx_word' id='word_1_313' title='bbox 1845 2364 2048 2417; x_wconf 86' lang='lat' dir='ltr'>conﬁr-</span> 
     </span>
    </p>
   </div>
   <div class='ocr_carea' id='block_1_41' title="bbox 450 2451 2051 2523">
    <p class='ocr_par' dir='ltr' id='par_1_41' title="bbox 450 2451 2051 2523">
     <span class='ocr_line' id='line_1_41' title="bbox 450 2451 2051 2523; baseline 0.001 -18"><span class='ocrx_word' id='word_1_314' title='bbox 450 2451 699 2506; x_wconf 89' lang='lat' dir='ltr'>matione</span> <span class='ocrx_word' id='word_1_315' title='bbox 726 2452 879 2506; x_wconf 86' lang='lat' dir='ltr'>visus</span> <span class='ocrx_word' id='word_1_316' title='bbox 899 2458 987 2506; x_wconf 91' lang='lat' dir='ltr'>est</span> <span class='ocrx_word' id='word_1_317' title='bbox 1015 2468 1451 2519; x_wconf 83' lang='lat' dir='ltr'>consummasse,</span> <span class='ocrx_word' id='word_1_318' title='bbox 1487 2457 1552 2507; x_wconf 87' lang='lat' dir='ltr'>ut</span> <span class='ocrx_word' id='word_1_319' title='bbox 1578 2453 1760 2523; x_wconf 82' lang='lat' dir='ltr'>magis</span> <span class='ocrx_word' id='word_1_320' title='bbox 1788 2453 2051 2507; x_wconf 88' lang='lat' dir='ltr'>suaderet</span> 
     </span>
    </p>
   </div>
   <div class='ocr_carea' id='block_1_42' title="bbox 451 2539 2045 2613">
    <p class='ocr_par' dir='ltr' id='par_1_42' title="bbox 451 2539 2045 2613">
     <span class='ocr_line' id='line_1_42' title="bbox 451 2539 2045 2613; baseline 0 -18"><span class='ocrx_word' id='word_1_321' title='bbox 451 2539 745 2595; x_wconf 89' lang='lat' dir='ltr'>Timotheo</span> <span class='ocrx_word' id='word_1_322' title='bbox 789 2540 1083 2610; x_wconf 79' lang='lat' dir='ltr'>invigilare</span> <span class='ocrx_word' id='word_1_323' title='bbox 1122 2542 1192 2595; x_wconf 92' lang='lat' dir='ltr'>de</span> <span class='ocrx_word' id='word_1_324' title='bbox 1220 2541 1310 2595; x_wconf 91' lang='lat' dir='ltr'>his</span> <span class='ocrx_word' id='word_1_325' title='bbox 1341 2558 1465 2612; x_wconf 74' lang='lat' dir='ltr'>quae</span> <span class='ocrx_word' id='word_1_326' title='bbox 1513 2540 1620 2595; x_wconf 89' lang='lat' dir='ltr'>sibi</span> <span class='ocrx_word' id='word_1_327' title='bbox 1658 2547 1791 2595; x_wconf 90' lang='lat' dir='ltr'>sunt</span> <span class='ocrx_word' id='word_1_328' title='bbox 1819 2542 2045 2613; x_wconf 91' lang='lat' dir='ltr'>scripta.</span> 
     </span>
    </p>
   </div>
   <div class='ocr_carea' id='block_1_43' title="bbox 455 2628 2053 2702">
    <p class='ocr_par' dir='ltr' id='par_1_43' title="bbox 455 2628 2053 2702">
     <span class='ocr_line' id='line_1_43' title="bbox 455 2628 2053 2702; baseline 0.001 -18"><span class='ocrx_word' id='word_1_329' title='bbox 455 2628 656 2698; x_wconf 74' lang='lat' dir='ltr'>(Gr-reg.)</span> <span class='ocrx_word' id='word_1_330' title='bbox 681 2628 1008 2684; x_wconf 84' lang='lat' dir='ltr'>Videbimus</span> <span class='ocrx_word' id='word_1_331' title='bbox 1027 2630 1202 2701; x_wconf 81' lang='lat' dir='ltr'>igitur</span> <span class='ocrx_word' id='word_1_332' title='bbox 1231 2630 1431 2697; x_wconf 89' lang='lat' dir='ltr'>Deum,</span> <span class='ocrx_word' id='word_1_333' title='bbox 1457 2630 1755 2702; x_wconf 88' lang='lat' dir='ltr'>ipsumque</span> <span class='ocrx_word' id='word_1_334' title='bbox 1787 2631 1896 2685; x_wconf 89' lang='lat' dir='ltr'>erit</span> <span class='ocrx_word' id='word_1_335' title='bbox 1914 2647 2053 2702; x_wconf 84' lang='lat' dir='ltr'>prae-</span> 
     </span>
    </p>
   </div>
   <div class='ocr_carea' id='block_1_44' title="bbox 456 2716 2052 2789">
    <p class='ocr_par' dir='ltr' id='par_1_44' title="bbox 456 2716 2052 2789">
     <span class='ocr_line' id='line_1_44' title="bbox 456 2716 2052 2789; baseline 0.003 -19"><span class='ocrx_word' id='word_1_336' title='bbox 456 2717 636 2771; x_wconf 91' lang='lat' dir='ltr'>mium</span> <span class='ocrx_word' id='word_1_337' title='bbox 683 2716 891 2772; x_wconf 89' lang='lat' dir='ltr'>laboris</span> <span class='ocrx_word' id='word_1_338' title='bbox 949 2718 1147 2783; x_wconf 88' lang='lat' dir='ltr'>nostri,</span> <span class='ocrx_word' id='word_1_339' title='bbox 1193 2724 1257 2773; x_wconf 90' lang='lat' dir='ltr'>ut</span> <span class='ocrx_word' id='word_1_340' title='bbox 1297 2724 1424 2789; x_wconf 91' lang='lat' dir='ltr'>post</span> <span class='ocrx_word' id='word_1_341' title='bbox 1463 2718 1826 2773; x_wconf 86' lang='lat' dir='ltr'>mortalitatis</span> <span class='ocrx_word' id='word_1_342' title='bbox 1882 2720 2052 2789; x_wconf 89' lang='lat' dir='ltr'>hujus</span> 
     </span>
    </p>
   </div>
   <div class='ocr_carea' id='block_1_45' title="bbox 456 2804 2052 2878">
    <p class='ocr_par' dir='ltr' id='par_1_45' title="bbox 456 2804 2052 2878">
     <span class='ocr_line' id='line_1_45' title="bbox 456 2804 2052 2878; baseline 0.001 -19"><span class='ocrx_word' id='word_1_343' title='bbox 456 2804 739 2873; x_wconf 89' lang='lat' dir='ltr'>tenebras,</span> <span class='ocrx_word' id='word_1_344' title='bbox 787 2821 1008 2861; x_wconf 86' lang='lat' dir='ltr'>accessa</span> <span class='ocrx_word' id='word_1_345' title='bbox 1037 2808 1159 2877; x_wconf 89' lang='lat' dir='ltr'>ejus</span> <span class='ocrx_word' id='word_1_346' title='bbox 1200 2807 1326 2861; x_wconf 92' lang='lat' dir='ltr'>luce</span> <span class='ocrx_word' id='word_1_347' title='bbox 1361 2807 1729 2878; x_wconf 84' lang='lat' dir='ltr'>gaudeamus.</span> <span class='ocrx_word' id='word_1_348' title='bbox 1763 2808 1872 2863; x_wconf 90' lang='lat' dir='ltr'>Sed</span> <span class='ocrx_word' id='word_1_349' title='bbox 1923 2824 2052 2862; x_wconf 91' lang='lat' dir='ltr'>cum</span> 
     </span>
    </p>
   </div>
   <div class='ocr_carea' id='block_1_46' title="bbox 454 2894 2053 2968">
    <p class='ocr_par' dir='ltr' id='par_1_46' title="bbox 454 2894 2053 2968">
     <span class='ocr_line' id='line_1_46' title="bbox 454 2894 2053 2968; baseline 0.003 -21"><span class='ocrx_word' id='word_1_350' title='bbox 454 2895 579 2964; x_wconf 85' lang='lat' dir='ltr'>ejus</span> <span class='ocrx_word' id='word_1_351' title='bbox 600 2894 787 2949; x_wconf 88' lang='lat' dir='ltr'>lucem</span> <span class='ocrx_word' id='word_1_352' title='bbox 825 2895 1063 2950; x_wconf 90' lang='lat' dir='ltr'>dicimus</span> <span class='ocrx_word' id='word_1_353' title='bbox 1094 2912 1393 2963; x_wconf 84' lang='lat' dir='ltr'>accessam,</span> <span class='ocrx_word' id='word_1_354' title='bbox 1427 2895 1650 2954; x_wconf 78' lang='lat' dir='ltr'>obsistit</span> <span class='ocrx_word' id='word_1_355' title='bbox 1683 2896 1873 2951; x_wconf 89' lang='lat' dir='ltr'>animo</span> <span class='ocrx_word' id='word_1_356' title='bbox 1904 2897 2053 2968; x_wconf 91' lang='lat' dir='ltr'>quod</span> 
     </span>
    </p>
   </div>
   <div class='ocr_carea' id='block_1_47' title="bbox 2119 1829 3660 1901">
    <p class='ocr_par' dir='ltr' id='par_1_47' title="bbox 2119 1829 3660 1901">
     <span class='ocr_line' id='line_1_47' title="bbox 2119 1829 3660 1901; baseline 0.001 -19"><span class='ocrx_word' id='word_1_357' title='bbox 2119 1844 2232 1883; x_wconf 92' lang='lat' dir='ltr'>non</span> <span class='ocrx_word' id='word_1_358' title='bbox 2261 1836 2347 1883; x_wconf 89' lang='lat' dir='ltr'>est</span> <span class='ocrx_word' id='word_1_359' title='bbox 2358 1830 2589 1901; x_wconf 66' lang='lat' dir='ltr'>requiei</span> <span class='ocrx_word' id='word_1_360' title='bbox 2609 1829 2923 1901; x_wconf 89' lang='lat' dir='ltr'>illius,quia</span> <span class='ocrx_word' id='word_1_361' title='bbox 2931 1847 3045 1884; x_wconf 88' lang='lat' dir='ltr'>non</span> <span class='ocrx_word' id='word_1_362' title='bbox 3067 1847 3104 1884; x_wconf 91' lang='lat' dir='ltr'>a</span> <span class='ocrx_word' id='word_1_363' title='bbox 3117 1846 3176 1884; x_wconf 88' lang='lat' dir='ltr'>se</span> <span class='ocrx_word' id='word_1_364' title='bbox 3195 1830 3254 1884; x_wconf 87' lang='lat' dir='ltr'>in</span> <span class='ocrx_word' id='word_1_365' title='bbox 3273 1830 3440 1884; x_wconf 86' lang='lat' dir='ltr'>alium</span> <span class='ocrx_word' id='word_1_366' title='bbox 3453 1830 3660 1896; x_wconf 86' lang='lat' dir='ltr'>transiit,</span> 
     </span>
    </p>
   </div>
   <div class='ocr_carea' id='block_1_48' title="bbox 2119 1917 3659 1990">
    <p class='ocr_par' dir='ltr' id='par_1_48' title="bbox 2119 1917 3659 1990">
     <span class='ocr_line' id='line_1_48' title="bbox 2119 1917 3659 1990; baseline 0.001 -20"><span class='ocrx_word' id='word_1_367' title='bbox 2119 1922 2185 1970; x_wconf 90' lang='lat' dir='ltr'>ut</span> <span class='ocrx_word' id='word_1_368' title='bbox 2212 1918 2590 1989; x_wconf 88' lang='lat' dir='ltr'>quiescat.Est</span> <span class='ocrx_word' id='word_1_369' title='bbox 2605 1918 2795 1990; x_wconf 88' lang='lat' dir='ltr'>itaque</span> <span class='ocrx_word' id='word_1_370' title='bbox 2824 1918 3065 1989; x_wconf 87' lang='lat' dir='ltr'>requies,</span> <span class='ocrx_word' id='word_1_371' title='bbox 3098 1923 3163 1972; x_wconf 93' lang='lat' dir='ltr'>ut</span> <span class='ocrx_word' id='word_1_372' title='bbox 3189 1918 3268 1972; x_wconf 89' lang='lat' dir='ltr'>ita</span> <span class='ocrx_word' id='word_1_373' title='bbox 3294 1917 3659 1983; x_wconf 90' lang='lat' dir='ltr'>dicam,similis</span> 
     </span>
    </p>
   </div>
   <div class='ocr_carea' id='block_1_49' title="bbox 2121 2006 3666 2078">
    <p class='ocr_par' dir='ltr' id='par_1_49' title="bbox 2121 2006 3666 2078">
     <span class='ocr_line' id='line_1_49' title="bbox 2121 2006 3666 2078; baseline -0.001 -18"><span class='ocrx_word' id='word_1_374' title='bbox 2121 2012 2290 2077; x_wconf 90' lang='lat' dir='ltr'>atque</span> <span class='ocrx_word' id='word_1_375' title='bbox 2318 2006 2628 2073; x_wconf 89' lang='lat' dir='ltr'>dissimilis,</span> <span class='ocrx_word' id='word_1_376' title='bbox 2660 2008 2794 2078; x_wconf 89' lang='lat' dir='ltr'>quia</span> <span class='ocrx_word' id='word_1_377' title='bbox 2830 2007 2977 2077; x_wconf 93' lang='lat' dir='ltr'>quod</span> <span class='ocrx_word' id='word_1_378' title='bbox 3023 2006 3178 2061; x_wconf 90' lang='lat' dir='ltr'>illius</span> <span class='ocrx_word' id='word_1_379' title='bbox 3216 2007 3430 2078; x_wconf 84' lang='lat' dir='ltr'>requies</span> <span class='ocrx_word' id='word_1_380' title='bbox 3462 2012 3553 2073; x_wconf 90' lang='lat' dir='ltr'>est,</span> <span class='ocrx_word' id='word_1_381' title='bbox 3580 2006 3666 2059; x_wconf 89' lang='lat' dir='ltr'>hoc</span> 
     </span>
    </p>
   </div>
   <div class='ocr_carea' id='block_1_50' title="bbox 2124 2095 3672 2167">
    <p class='ocr_par' dir='ltr' id='par_1_50' title="bbox 2124 2095 3672 2167">
     <span class='ocr_line' id='line_1_50' title="bbox 2124 2095 3672 2167; baseline 0 -19"><span class='ocrx_word' id='word_1_382' title='bbox 2124 2100 2320 2149; x_wconf 89' lang='lat' dir='ltr'>nostra</span> <span class='ocrx_word' id='word_1_383' title='bbox 2333 2095 2609 2150; x_wconf 89' lang='lat' dir='ltr'>imitatur.</span> <span class='ocrx_word' id='word_1_384' title='bbox 2649 2097 2908 2167; x_wconf 89' lang='lat' dir='ltr'>Namque</span> <span class='ocrx_word' id='word_1_385' title='bbox 2944 2100 3010 2149; x_wconf 90' lang='lat' dir='ltr'>ut</span> <span class='ocrx_word' id='word_1_386' title='bbox 3044 2095 3241 2150; x_wconf 78' lang='lat' dir='ltr'>aeterni</span> <span class='ocrx_word' id='word_1_387' title='bbox 3279 2100 3336 2149; x_wconf 89' lang='lat' dir='ltr'>et</span> <span class='ocrx_word' id='word_1_388' title='bbox 3360 2095 3498 2149; x_wconf 85' lang='lat' dir='ltr'>beati</span> <span class='ocrx_word' id='word_1_389' title='bbox 3524 2095 3672 2148; x_wconf 87' lang='lat' dir='ltr'>simus</span> 
     </span>
    </p>
   </div>
   <div class='ocr_carea' id='block_1_51' title="bbox 2126 2182 3675 2256">
    <p class='ocr_par' dir='ltr' id='par_1_51' title="bbox 2126 2182 3675 2256">
     <span class='ocr_line' id='line_1_51' title="bbox 2126 2182 3675 2256; baseline -0.001 -18"><span class='ocrx_word' id='word_1_390' title='bbox 2126 2183 2186 2238; x_wconf 88' lang='lat' dir='ltr'>in</span> <span class='ocrx_word' id='word_1_391' title='bbox 2211 2184 2802 2251; x_wconf 75' lang='lat' dir='ltr'>aeternum,imitamur</span> <span class='ocrx_word' id='word_1_392' title='bbox 2830 2188 3191 2250; x_wconf 82' lang='lat' dir='ltr'>aeternum,et</span> <span class='ocrx_word' id='word_1_393' title='bbox 3219 2200 3417 2256; x_wconf 79' lang='lat' dir='ltr'>magna</span> <span class='ocrx_word' id='word_1_394' title='bbox 3444 2182 3587 2238; x_wconf 83' lang='lat' dir='ltr'>nobis</span> <span class='ocrx_word' id='word_1_395' title='bbox 3605 2188 3675 2237; x_wconf 84' lang='lat' dir='ltr'>est</span> 
     </span>
    </p>
   </div>
   <div class='ocr_carea' id='block_1_52' title="bbox 2129 2273 3683 2341">
    <p class='ocr_par' dir='ltr' id='par_1_52' title="bbox 2129 2273 3683 2341">
     <span class='ocr_line' id='line_1_52' title="bbox 2129 2273 3683 2341; baseline -0.001 -13"><span class='ocrx_word' id='word_1_396' title='bbox 2129 2273 2433 2340; x_wconf 81' lang='lat' dir='ltr'>aeternitas,</span> <span class='ocrx_word' id='word_1_397' title='bbox 2457 2273 2698 2328; x_wconf 86' lang='lat' dir='ltr'>imitatio</span> <span class='ocrx_word' id='word_1_398' title='bbox 2720 2273 3073 2341; x_wconf 62' lang='lat' dir='ltr'>mternitatis,</span> <span class='ocrx_word' id='word_1_399' title='bbox 3108 2289 3210 2327; x_wconf 91' lang='lat' dir='ltr'>nec</span> <span class='ocrx_word' id='word_1_400' title='bbox 3239 2279 3476 2327; x_wconf 83' lang='lat' dir='ltr'>exsortes</span> <span class='ocrx_word' id='word_1_401' title='bbox 3510 2288 3683 2341; x_wconf 64' lang='lat' dir='ltr'>sumus</span> 
     </span>
    </p>
   </div>
   <div class='ocr_carea' id='block_1_53' title="bbox 2130 2360 3676 2434">
    <p class='ocr_par' dir='ltr' id='par_1_53' title="bbox 2130 2360 3676 2434">
     <span class='ocr_line' id='line_1_53' title="bbox 2130 2360 3676 2434; baseline -0.001 -18"><span class='ocrx_word' id='word_1_402' title='bbox 2130 2363 2447 2433; x_wconf 88' lang='lat' dir='ltr'>ejus,quem</span> <span class='ocrx_word' id='word_1_403' title='bbox 2476 2362 2686 2416; x_wconf 88' lang='lat' dir='ltr'>imitari</span> <span class='ocrx_word' id='word_1_404' title='bbox 2704 2378 3023 2434; x_wconf 90' lang='lat' dir='ltr'>possumus,</span> <span class='ocrx_word' id='word_1_405' title='bbox 3048 2363 3186 2433; x_wconf 89' lang='lat' dir='ltr'>quia</span> <span class='ocrx_word' id='word_1_406' title='bbox 3203 2369 3260 2416; x_wconf 91' lang='lat' dir='ltr'>et</span> <span class='ocrx_word' id='word_1_407' title='bbox 3276 2362 3513 2416; x_wconf 85' lang='lat' dir='ltr'>videntes</span> <span class='ocrx_word' id='word_1_408' title='bbox 3528 2360 3676 2432; x_wconf 67' lang='lat' dir='ltr'>paru-</span> 
     </span>
    </p>
   </div>
   <div class='ocr_carea' id='block_1_54' title="bbox 2129 2449 3675 2523">
    <p class='ocr_par' dir='ltr' id='par_1_54' title="bbox 2129 2449 3675 2523">
     <span class='ocr_line' id='line_1_54' title="bbox 2129 2449 3675 2523; baseline -0.002 -18"><span class='ocrx_word' id='word_1_409' title='bbox 2129 2451 2403 2523; x_wconf 90' lang='lat' dir='ltr'>cipamur,</span> <span class='ocrx_word' id='word_1_410' title='bbox 2412 2457 2469 2505; x_wconf 91' lang='lat' dir='ltr'>et</span> <span class='ocrx_word' id='word_1_411' title='bbox 2484 2452 2885 2523; x_wconf 86' lang='lat' dir='ltr'>participantes</span> <span class='ocrx_word' id='word_1_412' title='bbox 2897 2451 3348 2516; x_wconf 71' lang='lat' dir='ltr'>imitamur.Quae</span> <span class='ocrx_word' id='word_1_413' title='bbox 3359 2451 3600 2505; x_wconf 87' lang='lat' dir='ltr'>nimirum</span> <span class='ocrx_word' id='word_1_414' title='bbox 3609 2449 3675 2502; x_wconf 83' lang='lat' dir='ltr'>vi-</span> 
     </span>
    </p>
   </div>
   <div class='ocr_carea' id='block_1_55' title="bbox 2132 2538 3674 2612">
    <p class='ocr_par' dir='ltr' id='par_1_55' title="bbox 2132 2538 3674 2612">
     <span class='ocr_line' id='line_1_55' title="bbox 2132 2538 3674 2612; baseline -0.002 -18"><span class='ocrx_word' id='word_1_415' title='bbox 2132 2540 2214 2595; x_wconf 91' lang='lat' dir='ltr'>sio</span> <span class='ocrx_word' id='word_1_416' title='bbox 2230 2557 2380 2595; x_wconf 90' lang='lat' dir='ltr'>nunc</span> <span class='ocrx_word' id='word_1_417' title='bbox 2406 2541 2516 2594; x_wconf 86' lang='lat' dir='ltr'>ﬁde</span> <span class='ocrx_word' id='word_1_418' title='bbox 2540 2541 2957 2606; x_wconf 89' lang='lat' dir='ltr'>inchoatur,sed</span> <span class='ocrx_word' id='word_1_419' title='bbox 2978 2546 3117 2595; x_wconf 91' lang='lat' dir='ltr'>tunc</span> <span class='ocrx_word' id='word_1_420' title='bbox 3134 2541 3194 2595; x_wconf 91' lang='lat' dir='ltr'>in</span> <span class='ocrx_word' id='word_1_421' title='bbox 3212 2540 3391 2612; x_wconf 89' lang='lat' dir='ltr'>specie</span> <span class='ocrx_word' id='word_1_422' title='bbox 3410 2538 3674 2611; x_wconf 81' lang='lat' dir='ltr'>perﬁcitur,</span> 
     </span>
    </p>
   </div>
   <div class='ocr_carea' id='block_1_56' title="bbox 2133 2629 3679 2702">
    <p class='ocr_par' dir='ltr' id='par_1_56' title="bbox 2133 2629 3679 2702">
     <span class='ocr_line' id='line_1_56' title="bbox 2133 2629 3679 2702; baseline -0.003 -18"><span class='ocrx_word' id='word_1_423' title='bbox 2133 2630 2357 2701; x_wconf 89' lang='lat' dir='ltr'>quando</span> <span class='ocrx_word' id='word_1_424' title='bbox 2369 2630 2809 2684; x_wconf 57' lang='lat' dir='ltr'>coaeternamDei</span> <span class='ocrx_word' id='word_1_425' title='bbox 2822 2629 3332 2702; x_wconf 88' lang='lat' dir='ltr'>sapientiamquam</span> <span class='ocrx_word' id='word_1_426' title='bbox 3341 2629 3497 2683; x_wconf 92' lang='lat' dir='ltr'>modo</span> <span class='ocrx_word' id='word_1_427' title='bbox 3505 2643 3593 2699; x_wconf 91' lang='lat' dir='ltr'>per</span> <span class='ocrx_word' id='word_1_428' title='bbox 3600 2640 3679 2679; x_wconf 84' lang='lat' dir='ltr'>ora</span> 
     </span>
    </p>
   </div>
   <div class='ocr_carea' id='block_1_57' title="bbox 2134 2713 3678 2790">
    <p class='ocr_par' dir='ltr' id='par_1_57' title="bbox 2134 2713 3678 2790">
     <span class='ocr_line' id='line_1_57' title="bbox 2134 2713 3678 2790; baseline -0.003 -18"><span class='ocrx_word' id='word_1_429' title='bbox 2134 2718 2579 2788; x_wconf 59' lang='lat' dir='ltr'>praedicandum,</span> <span class='ocrx_word' id='word_1_430' title='bbox 2595 2718 2756 2789; x_wconf 91' lang='lat' dir='ltr'>quasi</span> <span class='ocrx_word' id='word_1_431' title='bbox 2776 2734 2880 2790; x_wconf 88' lang='lat' dir='ltr'>per</span> <span class='ocrx_word' id='word_1_432' title='bbox 2904 2717 3265 2772; x_wconf 89' lang='lat' dir='ltr'>decurrentia</span> <span class='ocrx_word' id='word_1_433' title='bbox 3290 2717 3515 2771; x_wconf 84' lang='lat' dir='ltr'>ﬂumina</span> <span class='ocrx_word' id='word_1_434' title='bbox 3537 2713 3678 2768; x_wconf 84' lang='lat' dir='ltr'>sumi-</span> 
     </span>
    </p>
   </div>
   <div class='ocr_carea' id='block_1_58' title="bbox 2135 2805 3677 2877">
    <p class='ocr_par' dir='ltr' id='par_1_58' title="bbox 2135 2805 3677 2877">
     <span class='ocr_line' id='line_1_58' title="bbox 2135 2805 3677 2877; baseline -0.003 -17"><span class='ocrx_word' id='word_1_435' title='bbox 2135 2807 2347 2872; x_wconf 89' lang='lat' dir='ltr'>mus,in</span> <span class='ocrx_word' id='word_1_436' title='bbox 2359 2807 2480 2877; x_wconf 91' lang='lat' dir='ltr'>ipso</span> <span class='ocrx_word' id='word_1_437' title='bbox 2491 2823 2592 2861; x_wconf 90' lang='lat' dir='ltr'>suo</span> <span class='ocrx_word' id='word_1_438' title='bbox 2612 2806 2765 2861; x_wconf 78' lang='lat' dir='ltr'>fonte</span> <span class='ocrx_word' id='word_1_439' title='bbox 2777 2805 3105 2861; x_wconf 86' lang='lat' dir='ltr'>biberimus.</span> <span class='ocrx_word' id='word_1_440' title='bbox 3116 2805 3549 2876; x_wconf 77' lang='lat' dir='ltr'>(Ambr.)Adjicit</span> <span class='ocrx_word' id='word_1_441' title='bbox 3556 2818 3677 2865; x_wconf 88' lang='lat' dir='ltr'>vero,</span> 
     </span>
    </p>
   </div>
   <div class='ocr_carea' id='block_1_59' title="bbox 2135 2890 3683 2966">
    <p class='ocr_par' dir='ltr' id='par_1_59' title="bbox 2135 2890 3683 2966">
     <span class='ocr_line' id='line_1_59' title="bbox 2135 2890 3683 2966; baseline -0.004 -17"><span class='ocrx_word' id='word_1_442' title='bbox 2135 2901 2193 2949; x_wconf 91' lang='lat' dir='ltr'>et</span> <span class='ocrx_word' id='word_1_443' title='bbox 2220 2895 2290 2949; x_wconf 91' lang='lat' dir='ltr'>de</span> <span class='ocrx_word' id='word_1_444' title='bbox 2315 2894 2600 2961; x_wconf 90' lang='lat' dir='ltr'>divitibus,</span> <span class='ocrx_word' id='word_1_445' title='bbox 2630 2894 2976 2966; x_wconf 89' lang='lat' dir='ltr'>perspiciens</span> <span class='ocrx_word' id='word_1_446' title='bbox 3006 2896 3278 2966; x_wconf 88' lang='lat' dir='ltr'>quoniam</span> <span class='ocrx_word' id='word_1_447' title='bbox 3304 2894 3407 2948; x_wconf 90' lang='lat' dir='ltr'>hoc</span> <span class='ocrx_word' id='word_1_448' title='bbox 3439 2894 3495 2948; x_wconf 90' lang='lat' dir='ltr'>in</span> <span class='ocrx_word' id='word_1_449' title='bbox 3527 2890 3683 2946; x_wconf 84' lang='lat' dir='ltr'>media</span> 
     </span>
    </p>
   </div>
   <div class='ocr_carea' id='block_1_60' title="bbox 460 2982 3681 3056">
    <p class='ocr_par' dir='ltr' id='par_1_60' title="bbox 460 2982 3681 3056">
     <span class='ocr_line' id='line_1_60' title="bbox 460 2982 3681 3056; baseline 0 -21"><span class='ocrx_word' id='word_1_450' title='bbox 460 2982 671 3037; x_wconf 86' lang='lat' dir='ltr'>Paulus</span> <span class='ocrx_word' id='word_1_451' title='bbox 698 2982 837 3037; x_wconf 89' lang='lat' dir='ltr'>dicit</span> <span class='ocrx_word' id='word_1_452' title='bbox 866 3003 878 3037; x_wconf 91' lang='lat'>:</span> <span class='ocrx_word' id='word_1_453' title='bbox 908 3002 934 3035; x_wconf 86' lang='lat'>«</span> <span class='ocrx_word' id='word_1_454' title='bbox 968 2984 1075 3048; x_wconf 84' lang='lat' dir='ltr'>Qui</span> <span class='ocrx_word' id='word_1_455' title='bbox 1122 2984 1305 3039; x_wconf 91' lang='lat' dir='ltr'>lucem</span> <span class='ocrx_word' id='word_1_456' title='bbox 1332 2983 1550 3039; x_wconf 87' lang='lat' dir='ltr'>habitat</span> <span class='ocrx_word' id='word_1_457' title='bbox 1587 2984 2047 3052; x_wconf 88' lang='lat' dir='ltr'>inaccessibilem,</span> <span class='ocrx_word' id='word_1_458' title='bbox 2085 3054 2108 3056; x_wconf 64' lang='lat'><strong><em>_</em></strong></span> <span class='ocrx_word' id='word_1_459' title='bbox 2134 2990 2293 3055; x_wconf 85' lang='lat' dir='ltr'>parte</span> <span class='ocrx_word' id='word_1_460' title='bbox 2334 2984 2595 3056; x_wconf 60' lang='lat' dir='ltr'>Epistolas</span> <span class='ocrx_word' id='word_1_461' title='bbox 2630 2984 2815 3039; x_wconf 89' lang='lat' dir='ltr'>dicere</span> <span class='ocrx_word' id='word_1_462' title='bbox 2858 2984 3316 3056; x_wconf 79' lang='lat' dir='ltr'>prsetermiserat,</span> <span class='ocrx_word' id='word_1_463' title='bbox 3342 2982 3435 3038; x_wconf 85' lang='lat' dir='ltr'>ubi</span> <span class='ocrx_word' id='word_1_464' title='bbox 3460 2982 3524 3037; x_wconf 92' lang='lat' dir='ltr'>de</span> <span class='ocrx_word' id='word_1_465' title='bbox 3549 2986 3681 3036; x_wconf 69' lang='lat' dir='ltr'>cete-</span> 
     </span>
    </p>
   </div>
   <div class='ocr_carea' id='block_1_61' title="bbox 457 3054 3132 3145">
    <p class='ocr_par' dir='ltr' id='par_1_61' title="bbox 457 3054 3132 3145">
     <span class='ocr_line' id='line_1_61' title="bbox 457 3054 3132 3145; baseline 0.001 -21"><span class='ocrx_word' id='word_1_466' title='bbox 457 3086 628 3141; x_wconf 88' lang='lat' dir='ltr'>quem</span> <span class='ocrx_word' id='word_1_467' title='bbox 655 3071 796 3126; x_wconf 83' lang='lat' dir='ltr'>vidit</span> <span class='ocrx_word' id='word_1_468' title='bbox 813 3072 1003 3127; x_wconf 90' lang='lat' dir='ltr'>nullus</span> <span class='ocrx_word' id='word_1_469' title='bbox 1023 3072 1450 3140; x_wconf 87' lang='lat' dir='ltr'>hominum,sed</span> <span class='ocrx_word' id='word_1_470' title='bbox 1468 3089 1571 3128; x_wconf 90' lang='lat' dir='ltr'>nec</span> <span class='ocrx_word' id='word_1_471' title='bbox 1595 3073 1783 3128; x_wconf 89' lang='lat' dir='ltr'>videre</span> <span class='ocrx_word' id='word_1_472' title='bbox 1800 3079 2003 3145; x_wconf 89' lang='lat' dir='ltr'>potest.</span> <span class='ocrx_word' id='word_1_473' title='bbox 2020 3093 2047 3127; x_wconf 86' lang='grc'><strong>)›</strong></span> <span class='ocrx_word' id='word_1_474' title='bbox 2070 3054 2116 3115; x_wconf 76' lang='lat' dir='ltr'>C</span> <span class='ocrx_word' id='word_1_475' title='bbox 2134 3054 2214 3127; x_wconf 74' lang='lat' dir='ltr'>ris</span> <span class='ocrx_word' id='word_1_476' title='bbox 2242 3054 2627 3144; x_wconf 81' lang='lat' dir='ltr'>disputaverat</span> <span class='ocrx_word' id='word_1_477' title='bbox 2647 3073 2719 3127; x_wconf 89' lang='lat' dir='ltr'>ad</span> <span class='ocrx_word' id='word_1_478' title='bbox 2746 3054 2895 3140; x_wconf 82' lang='lat' dir='ltr'>eum,</span> <span class='ocrx_word' id='word_1_479' title='bbox 2929 3079 2987 3127; x_wconf 93' lang='lat' dir='ltr'>et</span> <span class='ocrx_word' id='word_1_480' title='bbox 3013 3072 3132 3127; x_wconf 88' lang='lat' dir='ltr'>ait:</span> 
     </span>
    </p>
   </div>
   <div class='ocr_carea' id='block_1_62' title="bbox 455 3159 2052 3233">
    <p class='ocr_par' dir='ltr' id='par_1_62' title="bbox 455 3159 2052 3233">
     <span class='ocr_line' id='line_1_62' title="bbox 455 3159 2052 3233; baseline 0.003 -20"><span class='ocrx_word' id='word_1_481' title='bbox 455 3159 596 3213; x_wconf 90' lang='lat' dir='ltr'>Ecce</span> <span class='ocrx_word' id='word_1_482' title='bbox 632 3175 859 3215; x_wconf 88' lang='lat' dir='ltr'>rursum</span> <span class='ocrx_word' id='word_1_483' title='bbox 888 3160 1077 3227; x_wconf 90' lang='lat' dir='ltr'>audio,</span> <span class='ocrx_word' id='word_1_484' title='bbox 1097 3163 1245 3233; x_wconf 92' lang='lat' dir='ltr'>quod</span> <span class='ocrx_word' id='word_1_485' title='bbox 1269 3162 1569 3217; x_wconf 87' lang='lat' dir='ltr'>Psalmista</span> <span class='ocrx_word' id='word_1_486' title='bbox 1597 3162 1707 3217; x_wconf 89' lang='lat' dir='ltr'>ait:</span> <span class='ocrx_word' id='word_1_487' title='bbox 1744 3180 1771 3214; x_wconf 86' lang='grc'>‹‹</span> <span class='ocrx_word' id='word_1_488' title='bbox 1793 3163 2052 3218; x_wconf 83' lang='lat' dir='ltr'>Accedite</span> 
     </span>
    </p>
   </div>
   <div class='ocr_carea' id='block_1_63' title="bbox 455 3247 2052 3321">
    <p class='ocr_par' dir='ltr' id='par_1_63' title="bbox 455 3247 2052 3321">
     <span class='ocr_line' id='line_1_63' title="bbox 455 3247 2052 3321; baseline 0.003 -19"><span class='ocrx_word' id='word_1_489' title='bbox 455 3247 527 3301; x_wconf 86' lang='lat' dir='ltr'>ad</span> <span class='ocrx_word' id='word_1_490' title='bbox 556 3263 687 3302; x_wconf 89' lang='lat' dir='ltr'>eum</span> <span class='ocrx_word' id='word_1_491' title='bbox 716 3255 775 3303; x_wconf 89' lang='lat' dir='ltr'>et</span> <span class='ocrx_word' id='word_1_492' title='bbox 798 3249 1203 3304; x_wconf 87' lang='lat' dir='ltr'>illuminamini</span> <span class='ocrx_word' id='word_1_493' title='bbox 1244 3253 1409 3318; x_wconf 75' lang='lat' dir='ltr'>(Psal.</span> <span class='ocrx_word' id='word_1_494' title='bbox 1442 3255 1656 3321; x_wconf 86' lang='lat' dir='ltr'>xxxm).</span> <span class='ocrx_word' id='word_1_495' title='bbox 1689 3271 1715 3305; x_wconf 88' lang='lat'>»</span> <span class='ocrx_word' id='word_1_496' title='bbox 1762 3252 2052 3316; x_wconf 87' lang='lat' dir='ltr'>Quomodo</span> 
     </span>
    </p>
   </div>
   <div class='ocr_carea' id='block_1_64' title="bbox 457 3337 2054 3413">
    <p class='ocr_par' dir='ltr' id='par_1_64' title="bbox 457 3337 2054 3413">
     <span class='ocr_line' id='line_1_64' title="bbox 457 3337 2054 3413; baseline 0.004 -24"><span class='ocrx_word' id='word_1_497' title='bbox 457 3351 592 3407; x_wconf 83' lang='lat' dir='ltr'>ergo</span> <span class='ocrx_word' id='word_1_498' title='bbox 614 3337 927 3393; x_wconf 88' lang='lat' dir='ltr'>accedeudo</span> <span class='ocrx_word' id='word_1_499' title='bbox 953 3338 1360 3405; x_wconf 89' lang='lat' dir='ltr'>illuminamur,</span> <span class='ocrx_word' id='word_1_500' title='bbox 1393 3341 1441 3394; x_wconf 91' lang='lat' dir='ltr'>si</span> <span class='ocrx_word' id='word_1_501' title='bbox 1488 3341 1670 3412; x_wconf 88' lang='lat' dir='ltr'>ipsam</span> <span class='ocrx_word' id='word_1_502' title='bbox 1708 3341 1892 3395; x_wconf 88' lang='lat' dir='ltr'>lucem</span> <span class='ocrx_word' id='word_1_503' title='bbox 1940 3358 2054 3413; x_wconf 91' lang='lat' dir='ltr'>qua</span> 
     </span>
    </p>
   </div>
   <div class='ocr_carea' id='block_1_65' title="bbox 461 3425 2052 3498">
    <p class='ocr_par' dir='ltr' id='par_1_65' title="bbox 461 3425 2052 3498">
     <span class='ocr_line' id='line_1_65' title="bbox 461 3425 2052 3498; baseline 0.003 -19"><span class='ocrx_word' id='word_1_504' title='bbox 461 3425 769 3480; x_wconf 88' lang='lat' dir='ltr'>illuminari</span> <span class='ocrx_word' id='word_1_505' title='bbox 806 3443 1123 3498; x_wconf 90' lang='lat' dir='ltr'>possumus,</span> <span class='ocrx_word' id='word_1_506' title='bbox 1166 3445 1281 3483; x_wconf 89' lang='lat' dir='ltr'>non</span> <span class='ocrx_word' id='word_1_507' title='bbox 1321 3428 1608 3484; x_wconf 86' lang='lat' dir='ltr'>videmus?</span> <span class='ocrx_word' id='word_1_508' title='bbox 1639 3429 1697 3485; x_wconf 90' lang='lat' dir='ltr'>Si</span> <span class='ocrx_word' id='word_1_509' title='bbox 1732 3446 1863 3484; x_wconf 90' lang='lat' dir='ltr'>vero</span> <span class='ocrx_word' id='word_1_510' title='bbox 1893 3446 2052 3484; x_wconf 91' lang='lat' dir='ltr'>acce-</span> 
     </span>
    </p>
   </div>
   <div class='ocr_carea' id='block_1_66' title="bbox 458 3513 2054 3588">
    <p class='ocr_par' dir='ltr' id='par_1_66' title="bbox 458 3513 2054 3588">
     <span class='ocr_line' id='line_1_66' title="bbox 458 3513 2054 3588; baseline 0.002 -19"><span class='ocrx_word' id='word_1_511' title='bbox 458 3513 640 3569; x_wconf 90' lang='lat' dir='ltr'>dendo</span> <span class='ocrx_word' id='word_1_512' title='bbox 669 3515 742 3569; x_wconf 91' lang='lat' dir='ltr'>ad</span> <span class='ocrx_word' id='word_1_513' title='bbox 760 3531 909 3580; x_wconf 91' lang='lat' dir='ltr'>eum,</span> <span class='ocrx_word' id='word_1_514' title='bbox 934 3516 1115 3587; x_wconf 89' lang='lat' dir='ltr'>ipsam</span> <span class='ocrx_word' id='word_1_515' title='bbox 1142 3534 1255 3588; x_wconf 90' lang='lat' dir='ltr'>qua</span> <span class='ocrx_word' id='word_1_516' title='bbox 1281 3517 1671 3572; x_wconf 90' lang='lat' dir='ltr'>illuminamur</span> <span class='ocrx_word' id='word_1_517' title='bbox 1691 3519 1872 3573; x_wconf 91' lang='lat' dir='ltr'>lucem</span> <span class='ocrx_word' id='word_1_518' title='bbox 1897 3519 2054 3572; x_wconf 86' lang='lat' dir='ltr'>vide-</span> 
     </span>
    </p>
   </div>
   <div class='ocr_carea' id='block_1_67' title="bbox 461 3604 2056 3679">
    <p class='ocr_par' dir='ltr' id='par_1_67' title="bbox 461 3604 2056 3679">
     <span class='ocr_line' id='line_1_67' title="bbox 461 3604 2056 3679; baseline 0.003 -22"><span class='ocrx_word' id='word_1_519' title='bbox 461 3619 606 3669; x_wconf 89' lang='lat' dir='ltr'>mus,</span> <span class='ocrx_word' id='word_1_520' title='bbox 628 3605 909 3674; x_wconf 90' lang='lat' dir='ltr'>quomodo</span> <span class='ocrx_word' id='word_1_521' title='bbox 929 3604 1326 3661; x_wconf 90' lang='lat' dir='ltr'>inaccessibilis</span> <span class='ocrx_word' id='word_1_522' title='bbox 1347 3623 1468 3661; x_wconf 90' lang='lat' dir='ltr'>esse</span> <span class='ocrx_word' id='word_1_523' title='bbox 1487 3607 1849 3679; x_wconf 84' lang='lat' dir='ltr'>perhibetur?</span> <span class='ocrx_word' id='word_1_524' title='bbox 1867 3624 1980 3679; x_wconf 90' lang='lat' dir='ltr'>qua</span> <span class='ocrx_word' id='word_1_525' title='bbox 1997 3608 2056 3662; x_wconf 91' lang='lat' dir='ltr'>in</span> 
     </span>
    </p>
   </div>
   <div class='ocr_carea' id='block_1_68' title="bbox 463 3693 2057 3766">
    <p class='ocr_par' dir='ltr' id='par_1_68' title="bbox 463 3693 2057 3766">
     <span class='ocr_line' id='line_1_68' title="bbox 463 3693 2057 3766; baseline 0.003 -21"><span class='ocrx_word' id='word_1_526' title='bbox 463 3708 524 3745; x_wconf 92' lang='lat' dir='ltr'>re</span> <span class='ocrx_word' id='word_1_527' title='bbox 553 3693 906 3762; x_wconf 88' lang='lat' dir='ltr'>pensandum</span> <span class='ocrx_word' id='word_1_528' title='bbox 942 3700 1046 3760; x_wconf 89' lang='lat' dir='ltr'>est,</span> <span class='ocrx_word' id='word_1_529' title='bbox 1089 3696 1237 3766; x_wconf 89' lang='lat' dir='ltr'>quod</span> <span class='ocrx_word' id='word_1_530' title='bbox 1284 3695 1722 3751; x_wconf 90' lang='lat' dir='ltr'>inaccessibilem</span> <span class='ocrx_word' id='word_1_531' title='bbox 1763 3696 1918 3762; x_wconf 85' lang='lat' dir='ltr'>dixit,</span> <span class='ocrx_word' id='word_1_532' title='bbox 1958 3696 2057 3751; x_wconf 90' lang='lat' dir='ltr'>sed</span> 
     </span>
    </p>
   </div>
   <div class='ocr_carea' id='block_1_69' title="bbox 2209 3161 3682 3234">
    <p class='ocr_par' dir='ltr' id='par_1_69' title="bbox 2209 3161 3682 3234">
     <span class='ocr_line' id='line_1_69' title="bbox 2209 3161 3682 3234; baseline -0.002 -21"><span class='ocrx_word' id='word_1_533' title='bbox 2209 3179 2236 3213; x_wconf 74' lang='grc' dir='ltr'>α</span> <span class='ocrx_word' id='word_1_534' title='bbox 2265 3161 2540 3216; x_wconf 88' lang='lat' dir='ltr'>Divitibus</span> <span class='ocrx_word' id='word_1_535' title='bbox 2568 3162 2627 3216; x_wconf 92' lang='lat' dir='ltr'>in</span> <span class='ocrx_word' id='word_1_536' title='bbox 2647 3162 2753 3217; x_wconf 88' lang='lat' dir='ltr'>hoc</span> <span class='ocrx_word' id='word_1_537' title='bbox 2782 3162 2987 3216; x_wconf 68' lang='lat' dir='ltr'>saeculo</span> <span class='ocrx_word' id='word_1_538' title='bbox 3017 3162 3261 3234; x_wconf 68' lang='lat' dir='ltr'>praecipe</span> <span class='ocrx_word' id='word_1_539' title='bbox 3277 3178 3387 3217; x_wconf 91' lang='lat' dir='ltr'>non</span> <span class='ocrx_word' id='word_1_540' title='bbox 3421 3161 3581 3215; x_wconf 88' lang='lat' dir='ltr'>altum</span> <span class='ocrx_word' id='word_1_541' title='bbox 3611 3172 3682 3210; x_wconf 87' lang='lat' dir='ltr'>sa-</span> 
     </span>
    </p>
   </div>
   <div class='ocr_carea' id='block_1_70' title="bbox 2138 3245 3689 3322">
    <p class='ocr_par' dir='ltr' id='par_1_70' title="bbox 2138 3245 3689 3322">
     <span class='ocr_line' id='line_1_70' title="bbox 2138 3245 3689 3322; baseline -0.004 -18"><span class='ocrx_word' id='word_1_542' title='bbox 2138 3269 2165 3304; x_wconf 82' lang='lat'>«</span> <span class='ocrx_word' id='word_1_543' title='bbox 2196 3266 2348 3322; x_wconf 90' lang='lat' dir='ltr'>pere.</span> <span class='ocrx_word' id='word_1_544' title='bbox 2397 3271 2422 3303; x_wconf 83' lang='lat'><strong>»</strong></span> <span class='ocrx_word' id='word_1_545' title='bbox 2474 3252 2623 3305; x_wconf 89' lang='lat' dir='ltr'>Bene</span> <span class='ocrx_word' id='word_1_546' title='bbox 2669 3251 2827 3315; x_wconf 83' lang='lat' dir='ltr'>dixit,</span> <span class='ocrx_word' id='word_1_547' title='bbox 2858 3251 2917 3305; x_wconf 91' lang='lat' dir='ltr'>in</span> <span class='ocrx_word' id='word_1_548' title='bbox 2945 3251 3051 3305; x_wconf 92' lang='lat' dir='ltr'>hoc</span> <span class='ocrx_word' id='word_1_549' title='bbox 3105 3253 3330 3316; x_wconf 64' lang='lat' dir='ltr'>saeculo,</span> <span class='ocrx_word' id='word_1_550' title='bbox 3362 3256 3424 3305; x_wconf 90' lang='lat' dir='ltr'>ut</span> <span class='ocrx_word' id='word_1_551' title='bbox 3467 3245 3689 3303; x_wconf 85' lang='lat' dir='ltr'>ostendat</span> 
     </span>
    </p>
   </div>
   <div class='ocr_carea' id='block_1_71' title="bbox 2132 3330 3688 3412">
    <p class='ocr_par' dir='ltr' id='par_1_71' title="bbox 2132 3330 3688 3412">
     <span class='ocr_line' id='line_1_71' title="bbox 2132 3330 3688 3412; baseline -0.004 -19"><span class='ocrx_word' id='word_1_552' title='bbox 2132 3339 2284 3412; x_wconf 90' lang='lat' dir='ltr'>ipsas</span> <span class='ocrx_word' id='word_1_553' title='bbox 2303 3330 2526 3394; x_wconf 87' lang='lat' dir='ltr'>divitias</span> <span class='ocrx_word' id='word_1_554' title='bbox 2546 3340 2885 3411; x_wconf 88' lang='lat' dir='ltr'>temporales</span> <span class='ocrx_word' id='word_1_555' title='bbox 2904 3356 3156 3411; x_wconf 91' lang='lat' dir='ltr'>esse,pro</span> <span class='ocrx_word' id='word_1_556' title='bbox 3176 3339 3378 3412; x_wconf 90' lang='lat' dir='ltr'>quibus</span> <span class='ocrx_word' id='word_1_557' title='bbox 3386 3339 3467 3393; x_wconf 89' lang='lat' dir='ltr'>vel</span> <span class='ocrx_word' id='word_1_558' title='bbox 3485 3334 3688 3392; x_wconf 87' lang='lat' dir='ltr'>maxime</span> 
     </span>
    </p>
   </div>
   <div class='ocr_carea' id='block_1_72' title="bbox 2135 3427 3689 3501">
    <p class='ocr_par' dir='ltr' id='par_1_72' title="bbox 2135 3427 3689 3501">
     <span class='ocr_line' id='line_1_72' title="bbox 2135 3427 3689 3501; baseline -0.004 -19"><span class='ocrx_word' id='word_1_559' title='bbox 2135 3444 2248 3482; x_wconf 91' lang='lat' dir='ltr'>non</span> <span class='ocrx_word' id='word_1_560' title='bbox 2275 3427 2640 3483; x_wconf 89' lang='lat' dir='ltr'>conveniebat</span> <span class='ocrx_word' id='word_1_561' title='bbox 2665 3434 2732 3483; x_wconf 90' lang='lat' dir='ltr'>ut</span> <span class='ocrx_word' id='word_1_562' title='bbox 2750 3429 2866 3483; x_wconf 90' lang='lat' dir='ltr'>alta</span> <span class='ocrx_word' id='word_1_563' title='bbox 2887 3435 3170 3501; x_wconf 89' lang='lat' dir='ltr'>saperent.</span> <span class='ocrx_word' id='word_1_564' title='bbox 3210 3448 3237 3481; x_wconf 83' lang='lat'>«</span> <span class='ocrx_word' id='word_1_565' title='bbox 3269 3430 3457 3500; x_wconf 88' lang='lat' dir='ltr'>Neque</span> <span class='ocrx_word' id='word_1_566' title='bbox 3498 3437 3689 3495; x_wconf 86' lang='lat' dir='ltr'>sperare</span> 
     </span>
    </p>
   </div>
   <div class='ocr_carea' id='block_1_73' title="bbox 2140 3511 3685 3589">
    <p class='ocr_par' dir='ltr' id='par_1_73' title="bbox 2140 3511 3685 3589">
     <span class='ocr_line' id='line_1_73' title="bbox 2140 3511 3685 3589; baseline -0.005 -19"><span class='ocrx_word' id='word_1_567' title='bbox 2140 3534 2167 3569; x_wconf 77' lang='grc' dir='ltr'>(ε</span> <span class='ocrx_word' id='word_1_568' title='bbox 2197 3517 2255 3571; x_wconf 91' lang='lat' dir='ltr'>in</span> <span class='ocrx_word' id='word_1_569' title='bbox 2274 3517 2488 3572; x_wconf 81' lang='lat' dir='ltr'>incerto</span> <span class='ocrx_word' id='word_1_570' title='bbox 2502 3517 2826 3572; x_wconf 88' lang='lat' dir='ltr'>divitiarum</span> <span class='ocrx_word' id='word_1_571' title='bbox 2846 3518 2871 3570; x_wconf 89' lang='lat'>?</span> <span class='ocrx_word' id='word_1_572' title='bbox 2899 3536 2924 3569; x_wconf 83' lang='lat'><strong>»</strong></span> <span class='ocrx_word' id='word_1_573' title='bbox 2951 3517 3020 3572; x_wconf 90' lang='lat' dir='ltr'>Et</span> <span class='ocrx_word' id='word_1_574' title='bbox 3038 3518 3147 3572; x_wconf 91' lang='lat' dir='ltr'>hoc</span> <span class='ocrx_word' id='word_1_575' title='bbox 3162 3518 3443 3589; x_wconf 85' lang='lat' dir='ltr'>adjicit,ut</span> <span class='ocrx_word' id='word_1_576' title='bbox 3460 3511 3685 3569; x_wconf 82' lang='lat' dir='ltr'>ostendat</span> 
     </span>
    </p>
   </div>
   <div class='ocr_carea' id='block_1_74' title="bbox 2139 3600 3690 3677">
    <p class='ocr_par' dir='ltr' id='par_1_74' title="bbox 2139 3600 3690 3677">
     <span class='ocr_line' id='line_1_74' title="bbox 2139 3600 3690 3677; baseline -0.005 -17"><span class='ocrx_word' id='word_1_577' title='bbox 2139 3607 2407 3676; x_wconf 89' lang='lat' dir='ltr'>quoniam</span> <span class='ocrx_word' id='word_1_578' title='bbox 2433 3623 2614 3677; x_wconf 90' lang='lat' dir='ltr'>neque</span> <span class='ocrx_word' id='word_1_579' title='bbox 2642 3606 2702 3660; x_wconf 90' lang='lat' dir='ltr'>in</span> <span class='ocrx_word' id='word_1_580' title='bbox 2750 3607 2855 3661; x_wconf 92' lang='lat' dir='ltr'>hoc</span> <span class='ocrx_word' id='word_1_581' title='bbox 2904 3606 3109 3661; x_wconf 79' lang='lat' dir='ltr'>saeculo</span> <span class='ocrx_word' id='word_1_582' title='bbox 3140 3606 3348 3661; x_wconf 76' lang='lat' dir='ltr'>divitiae</span> <span class='ocrx_word' id='word_1_583' title='bbox 3388 3622 3422 3659; x_wconf 89' lang='lat' dir='ltr'>a</span> <span class='ocrx_word' id='word_1_584' title='bbox 3463 3600 3690 3658; x_wconf 81' lang='lat' dir='ltr'>divitibus</span> 
     </span>
    </p>
   </div>
   <div class='ocr_carea' id='block_1_75' title="bbox 2138 3685 3691 3767">
    <p class='ocr_par' dir='ltr' id='par_1_75' title="bbox 2138 3685 3691 3767">
     <span class='ocr_line' id='line_1_75' title="bbox 2138 3685 3691 3767; baseline -0.006 -18"><span class='ocrx_word' id='word_1_585' title='bbox 2138 3700 2299 3749; x_wconf 89' lang='lat' dir='ltr'>caute</span> <span class='ocrx_word' id='word_1_586' title='bbox 2325 3700 2608 3762; x_wconf 89' lang='lat' dir='ltr'>tenentur,</span> <span class='ocrx_word' id='word_1_587' title='bbox 2636 3713 2662 3747; x_wconf 87' lang='lat'><strong>«</strong></span> <span class='ocrx_word' id='word_1_588' title='bbox 2696 3695 2794 3749; x_wconf 87' lang='lat' dir='ltr'>sed</span> <span class='ocrx_word' id='word_1_589' title='bbox 2823 3695 2882 3749; x_wconf 89' lang='lat' dir='ltr'>in</span> <span class='ocrx_word' id='word_1_590' title='bbox 2902 3694 3018 3749; x_wconf 93' lang='lat' dir='ltr'>Deo</span> <span class='ocrx_word' id='word_1_591' title='bbox 3047 3696 3193 3762; x_wconf 89' lang='lat' dir='ltr'>vivo,</span> <span class='ocrx_word' id='word_1_592' title='bbox 3217 3696 3313 3766; x_wconf 90' lang='lat' dir='ltr'>qui</span> <span class='ocrx_word' id='word_1_593' title='bbox 3330 3696 3547 3767; x_wconf 66' lang='lat' dir='ltr'>praestat</span> <span class='ocrx_word' id='word_1_594' title='bbox 3561 3685 3691 3743; x_wconf 86' lang='lat' dir='ltr'>nobis</span> 
     </span>
    </p>
   </div>
   <div class='ocr_carea' id='block_1_76' title="bbox 460 3780 3691 3856">
    <p class='ocr_par' dir='ltr' id='par_1_76' title="bbox 460 3780 3691 3856">
     <span class='ocr_line' id='line_1_76' title="bbox 460 3780 3691 3856; baseline -0.001 -23"><span class='ocrx_word' id='word_1_595' title='bbox 460 3780 614 3834; x_wconf 89' lang='lat' dir='ltr'>omni</span> <span class='ocrx_word' id='word_1_596' title='bbox 634 3780 2061 3856; x_wconf 87' lang='lat' dir='ltr'>hominihumanasapienti.Scripturaquippesacra</span> <span class='ocrx_word' id='word_1_597' title='bbox 2143 3802 2171 3835; x_wconf 89' lang='lat'>«</span> <span class='ocrx_word' id='word_1_598' title='bbox 2205 3784 2397 3838; x_wconf 91' lang='lat' dir='ltr'>omnia</span> <span class='ocrx_word' id='word_1_599' title='bbox 2424 3782 2710 3838; x_wconf 90' lang='lat' dir='ltr'>abundare</span> <span class='ocrx_word' id='word_1_600' title='bbox 2747 3784 2818 3838; x_wconf 91' lang='lat' dir='ltr'>ad</span> <span class='ocrx_word' id='word_1_601' title='bbox 2845 3783 3171 3838; x_wconf 87' lang='lat' dir='ltr'>fruendum.</span> <span class='ocrx_word' id='word_1_602' title='bbox 3214 3804 3241 3837; x_wconf 81' lang='lat'><strong>»</strong></span> <span class='ocrx_word' id='word_1_603' title='bbox 3285 3783 3501 3856; x_wconf 89' lang='lat' dir='ltr'>Optime</span> <span class='ocrx_word' id='word_1_604' title='bbox 3529 3781 3691 3833; x_wconf 79' lang='lat' dir='ltr'>contra</span> 
     </span>
    </p>
   </div>
   <div class='ocr_carea' id='block_1_77' title="bbox 464 3871 2058 3928">
    <p class='ocr_par' dir='ltr' id='par_1_77' title="bbox 464 3871 2058 3928">
     <span class='ocr_line' id='line_1_77' title="bbox 464 3871 2058 3928; baseline 0.003 -6"><span class='ocrx_word' id='word_1_605' title='bbox 464 3883 661 3924; x_wconf 89' lang='lat' dir='ltr'>omnes</span> <span class='ocrx_word' id='word_1_606' title='bbox 716 3871 1028 3926; x_wconf 87' lang='lat' dir='ltr'>carnalium</span> <span class='ocrx_word' id='word_1_607' title='bbox 1084 3877 1388 3927; x_wconf 91' lang='lat' dir='ltr'>sectatores</span> <span class='ocrx_word' id='word_1_608' title='bbox 1424 3873 1794 3928; x_wconf 87' lang='lat' dir='ltr'>humanitatis</span> <span class='ocrx_word' id='word_1_609' title='bbox 1831 3872 2058 3927; x_wconf 87' lang='lat' dir='ltr'>nomine</span> 
     </span>
    </p>
   </div>
   <div class='ocr_carea' id='block_1_78' title="bbox 464 3958 2058 4032">
    <p class='ocr_par' dir='ltr' id='par_1_78' title="bbox 464 3958 2058 4032">
     <span class='ocr_line' id='line_1_78' title="bbox 464 3958 2058 4032; baseline 0.003 -21"><span class='ocrx_word' id='word_1_610' title='bbox 464 3962 664 4012; x_wconf 86' lang='lat' dir='ltr'>notare</span> <span class='ocrx_word' id='word_1_611' title='bbox 681 3958 841 4012; x_wconf 89' lang='lat' dir='ltr'>solet.</span> <span class='ocrx_word' id='word_1_612' title='bbox 857 3959 1017 4014; x_wconf 92' lang='lat' dir='ltr'>Unde</span> <span class='ocrx_word' id='word_1_613' title='bbox 1035 3960 1185 4014; x_wconf 89' lang='lat' dir='ltr'>idem</span> <span class='ocrx_word' id='word_1_614' title='bbox 1194 3961 1496 4031; x_wconf 84' lang='lat' dir='ltr'>Apostolus</span> <span class='ocrx_word' id='word_1_615' title='bbox 1508 3960 1841 4032; x_wconf 87' lang='lat' dir='ltr'>quibusdam</span> <span class='ocrx_word' id='word_1_616' title='bbox 1851 3961 2058 4016; x_wconf 90' lang='lat' dir='ltr'>discor-</span> 
     </span>
    </p>
   </div>
   <div class='ocr_carea' id='block_1_79' title="bbox 462 4044 2058 4118">
    <p class='ocr_par' dir='ltr' id='par_1_79' title="bbox 462 4044 2058 4118">
     <span class='ocr_line' id='line_1_79' title="bbox 462 4044 2058 4118; baseline 0.004 -20"><span class='ocrx_word' id='word_1_617' title='bbox 462 4044 728 4100; x_wconf 91' lang='lat' dir='ltr'>dantibus</span> <span class='ocrx_word' id='word_1_618' title='bbox 754 4046 889 4100; x_wconf 89' lang='lat' dir='ltr'>dicit</span> <span class='ocrx_word' id='word_1_619' title='bbox 918 4050 972 4115; x_wconf 85' lang='grc' dir='ltr'>(Ι</span> <span class='ocrx_word' id='word_1_620' title='bbox 996 4048 1119 4103; x_wconf 79' lang='lat' dir='ltr'>Cor.</span> <span class='ocrx_word' id='word_1_621' title='bbox 1149 4052 1227 4118; x_wconf 81' lang='lat' dir='ltr'>lu)</span> <span class='ocrx_word' id='word_1_622' title='bbox 1251 4068 1267 4103; x_wconf 90' lang='lat'>:</span> <span class='ocrx_word' id='word_1_623' title='bbox 1294 4067 1321 4101; x_wconf 76' lang='grc' dir='ltr'>(ί</span> <span class='ocrx_word' id='word_1_624' title='bbox 1353 4050 1495 4103; x_wconf 91' lang='lat' dir='ltr'>Cum</span> <span class='ocrx_word' id='word_1_625' title='bbox 1523 4050 1675 4104; x_wconf 89' lang='lat' dir='ltr'>enim</span> <span class='ocrx_word' id='word_1_626' title='bbox 1704 4050 1945 4104; x_wconf 89' lang='lat' dir='ltr'>sitinter</span> <span class='ocrx_word' id='word_1_627' title='bbox 1960 4068 2058 4106; x_wconf 89' lang='lat' dir='ltr'>vos</span> 
     </span>
    </p>
   </div>
   <div class='ocr_carea' id='block_1_80' title="bbox 457 4134 2075 4205">
    <p class='ocr_par' dir='ltr' id='par_1_80' title="bbox 457 4134 2075 4205">
     <span class='ocr_line' id='line_1_80' title="bbox 457 4134 2075 4205; baseline 0.006 -20"><span class='ocrx_word' id='word_1_628' title='bbox 457 4134 610 4188; x_wconf 87' lang='lat' dir='ltr'>zelus</span> <span class='ocrx_word' id='word_1_629' title='bbox 639 4138 698 4187; x_wconf 90' lang='lat' dir='ltr'>et</span> <span class='ocrx_word' id='word_1_630' title='bbox 724 4136 1220 4203; x_wconf 83' lang='lat' dir='ltr'>contentio,nonne</span> <span class='ocrx_word' id='word_1_631' title='bbox 1239 4138 1494 4193; x_wconf 89' lang='lat' dir='ltr'>carnales</span> <span class='ocrx_word' id='word_1_632' title='bbox 1511 4139 1730 4205; x_wconf 89' lang='lat' dir='ltr'>estis,et</span> <span class='ocrx_word' id='word_1_633' title='bbox 1748 4140 2075 4194; x_wconf 75' lang='lat' dir='ltr'>secundum</span> 
     </span>
    </p>
   </div>
   <div class='ocr_carea' id='block_1_81' title="bbox 461 4220 2052 4298">
    <p class='ocr_par' dir='ltr' id='par_1_81' title="bbox 461 4220 2052 4298">
     <span class='ocr_line' id='line_1_81' title="bbox 461 4220 2052 4298; baseline 0.004 -23"><span class='ocrx_word' id='word_1_634' title='bbox 461 4220 750 4277; x_wconf 87' lang='lat' dir='ltr'>hominem</span> <span class='ocrx_word' id='word_1_635' title='bbox 780 4222 1082 4279; x_wconf 90' lang='lat' dir='ltr'>ambulatis</span> <span class='ocrx_word' id='word_1_636' title='bbox 1096 4224 1122 4277; x_wconf 92' lang='lat'>?</span> <span class='ocrx_word' id='word_1_637' title='bbox 1152 4244 1180 4277; x_wconf 87' lang='lat'>»</span> <span class='ocrx_word' id='word_1_638' title='bbox 1209 4224 1423 4290; x_wconf 86' lang='lat' dir='ltr'>Quibus</span> <span class='ocrx_word' id='word_1_639' title='bbox 1447 4228 1615 4298; x_wconf 90' lang='lat' dir='ltr'>paulo</span> <span class='ocrx_word' id='word_1_640' title='bbox 1632 4231 1761 4298; x_wconf 91' lang='lat' dir='ltr'>post</span> <span class='ocrx_word' id='word_1_641' title='bbox 1780 4226 2052 4298; x_wconf 90' lang='lat' dir='ltr'>subjecit:</span> 
     </span>
    </p>
   </div>
   <div class='ocr_carea' id='block_1_82' title="bbox 462 4310 2057 4370">
    <p class='ocr_par' dir='ltr' id='par_1_82' title="bbox 462 4310 2057 4370">
     <span class='ocr_line' id='line_1_82' title="bbox 462 4310 2057 4370; baseline 0.004 -7"><span class='ocrx_word' id='word_1_642' title='bbox 462 4327 490 4361; x_wconf 75' lang='grc' dir='ltr'><strong><em>α</em></strong></span> <span class='ocrx_word' id='word_1_643' title='bbox 512 4310 714 4365; x_wconf 91' lang='lat' dir='ltr'>Nonne</span> <span class='ocrx_word' id='word_1_644' title='bbox 728 4310 983 4367; x_wconf 88' lang='lat' dir='ltr'>homines</span> <span class='ocrx_word' id='word_1_645' title='bbox 998 4313 1166 4368; x_wconf 85' lang='lat' dir='ltr'>estis?</span> <span class='ocrx_word' id='word_1_646' title='bbox 1196 4332 1222 4367; x_wconf 86' lang='lat'><strong>»</strong></span> <span class='ocrx_word' id='word_1_647' title='bbox 1247 4320 1306 4368; x_wconf 92' lang='lat' dir='ltr'>et</span> <span class='ocrx_word' id='word_1_648' title='bbox 1331 4315 1481 4369; x_wconf 91' lang='lat' dir='ltr'>unde</span> <span class='ocrx_word' id='word_1_649' title='bbox 1509 4315 1649 4369; x_wconf 88' lang='lat' dir='ltr'>alias</span> <span class='ocrx_word' id='word_1_650' title='bbox 1667 4316 2057 4370; x_wconf 89' lang='lat' dir='ltr'>testimonium</span> 
     </span>
    </p>
   </div>
   <div class='ocr_carea' id='block_1_83' title="bbox 2139 3867 3689 3944">
    <p class='ocr_par' dir='ltr' id='par_1_83' title="bbox 2139 3867 3689 3944">
     <span class='ocr_line' id='line_1_83' title="bbox 2139 3867 3689 3944; baseline -0.004 -17"><span class='ocrx_word' id='word_1_651' title='bbox 2139 3872 2330 3943; x_wconf 90' lang='lat' dir='ltr'>posuit</span> <span class='ocrx_word' id='word_1_652' title='bbox 2347 3872 2417 3926; x_wconf 92' lang='lat' dir='ltr'>de</span> <span class='ocrx_word' id='word_1_653' title='bbox 2445 3872 2654 3927; x_wconf 90' lang='lat' dir='ltr'>divitiis</span> <span class='ocrx_word' id='word_1_654' title='bbox 2681 3872 3089 3944; x_wconf 77' lang='lat' dir='ltr'>temporalibus</span> <span class='ocrx_word' id='word_1_655' title='bbox 3108 3873 3269 3927; x_wconf 85' lang='lat' dir='ltr'>illam</span> <span class='ocrx_word' id='word_1_656' title='bbox 3311 3867 3689 3929; x_wconf 67' lang='lat' dir='ltr'>abundantiam.</span> 
     </span>
    </p>
   </div>
   <div class='ocr_carea' id='block_1_84' title="bbox 2140 3957 3691 4032">
    <p class='ocr_par' dir='ltr' id='par_1_84' title="bbox 2140 3957 3691 4032">
     <span class='ocr_line' id='line_1_84' title="bbox 2140 3957 3691 4032; baseline 0.001 -17"><span class='ocrx_word' id='word_1_657' title='bbox 2140 3977 2263 4032; x_wconf 62' lang='lat' dir='ltr'>quae</span> <span class='ocrx_word' id='word_1_658' title='bbox 2289 3978 2324 4014; x_wconf 93' lang='lat' dir='ltr'>a</span> <span class='ocrx_word' id='word_1_659' title='bbox 2351 3961 2467 4016; x_wconf 93' lang='lat' dir='ltr'>Deo</span> <span class='ocrx_word' id='word_1_660' title='bbox 2503 3961 2665 4015; x_wconf 89' lang='lat' dir='ltr'>nobis</span> <span class='ocrx_word' id='word_1_661' title='bbox 2702 3962 2888 4016; x_wconf 91' lang='lat' dir='ltr'>datur.</span> <span class='ocrx_word' id='word_1_662' title='bbox 2914 3962 3051 4026; x_wconf 89' lang='lat' dir='ltr'>Quis</span> <span class='ocrx_word' id='word_1_663' title='bbox 3090 3962 3246 4017; x_wconf 90' lang='lat' dir='ltr'>enim</span> <span class='ocrx_word' id='word_1_664' title='bbox 3276 3962 3359 4016; x_wconf 91' lang='lat' dir='ltr'>sic</span> <span class='ocrx_word' id='word_1_665' title='bbox 3393 3959 3585 4014; x_wconf 75' lang='lat' dir='ltr'>stultus</span> <span class='ocrx_word' id='word_1_666' title='bbox 3607 3957 3691 4016; x_wconf 57' lang='lat' dir='ltr'>est,</span> 
     </span>
    </p>
   </div>
   <div class='ocr_carea' id='block_1_85' title="bbox 2139 4049 3694 4121">
    <p class='ocr_par' dir='ltr' id='par_1_85' title="bbox 2139 4049 3694 4121">
     <span class='ocr_line' id='line_1_85' title="bbox 2139 4049 3694 4121; baseline 0.001 -18"><span class='ocrx_word' id='word_1_667' title='bbox 2139 4055 2204 4103; x_wconf 89' lang='lat' dir='ltr'>ut</span> <span class='ocrx_word' id='word_1_668' title='bbox 2233 4049 2453 4105; x_wconf 88' lang='lat' dir='ltr'>dubitet</span> <span class='ocrx_word' id='word_1_669' title='bbox 2483 4050 2619 4120; x_wconf 90' lang='lat' dir='ltr'>quin</span> <span class='ocrx_word' id='word_1_670' title='bbox 2647 4050 2849 4105; x_wconf 89' lang='lat' dir='ltr'>melius</span> <span class='ocrx_word' id='word_1_671' title='bbox 2888 4050 2962 4104; x_wconf 89' lang='lat' dir='ltr'>sit</span> <span class='ocrx_word' id='word_1_672' title='bbox 2996 4050 3055 4104; x_wconf 92' lang='lat' dir='ltr'>in</span> <span class='ocrx_word' id='word_1_673' title='bbox 3096 4051 3280 4105; x_wconf 90' lang='lat' dir='ltr'>Deum</span> <span class='ocrx_word' id='word_1_674' title='bbox 3318 4063 3535 4121; x_wconf 84' lang='lat' dir='ltr'>sperare</span> <span class='ocrx_word' id='word_1_675' title='bbox 3554 4056 3694 4116; x_wconf 70' lang='lat' dir='ltr'>quam</span> 
     </span>
    </p>
   </div>
   <div class='ocr_carea' id='block_1_86' title="bbox 2137 4129 3695 4210">
    <p class='ocr_par' dir='ltr' id='par_1_86' title="bbox 2137 4129 3695 4210">
     <span class='ocr_line' id='line_1_86' title="bbox 2137 4129 3695 4210; baseline -0.003 -18"><span class='ocrx_word' id='word_1_676' title='bbox 2137 4138 2199 4192; x_wconf 89' lang='lat' dir='ltr'>in</span> <span class='ocrx_word' id='word_1_677' title='bbox 2225 4138 2479 4192; x_wconf 83' lang='lat' dir='ltr'>divitiis?</span> <span class='ocrx_word' id='word_1_678' title='bbox 2508 4138 2668 4193; x_wconf 92' lang='lat' dir='ltr'>Unde</span> <span class='ocrx_word' id='word_1_679' title='bbox 2716 4145 2774 4192; x_wconf 92' lang='lat' dir='ltr'>et</span> <span class='ocrx_word' id='word_1_680' title='bbox 2819 4139 3042 4210; x_wconf 88' lang='lat' dir='ltr'>adjecit,</span> <span class='ocrx_word' id='word_1_681' title='bbox 3080 4157 3108 4191; x_wconf 86' lang='lat'><strong>«</strong></span> <span class='ocrx_word' id='word_1_682' title='bbox 3139 4140 3348 4205; x_wconf 89' lang='lat' dir='ltr'>vivum,</span> <span class='ocrx_word' id='word_1_683' title='bbox 3377 4158 3403 4191; x_wconf 84' lang='grc'><strong>)›</strong></span> <span class='ocrx_word' id='word_1_684' title='bbox 3447 4141 3509 4191; x_wconf 91' lang='lat' dir='ltr'>ut</span> <span class='ocrx_word' id='word_1_685' title='bbox 3545 4129 3695 4201; x_wconf 78' lang='lat' dir='ltr'>magis</span> 
     </span>
    </p>
   </div>
   <div class='ocr_carea' id='block_1_87' title="bbox 2137 4221 3697 4299">
    <p class='ocr_par' dir='ltr' id='par_1_87' title="bbox 2137 4221 3697 4299">
     <span class='ocr_line' id='line_1_87' title="bbox 2137 4221 3697 4299; baseline -0.004 -19"><span class='ocrx_word' id='word_1_686' title='bbox 2137 4226 2278 4280; x_wconf 90' lang='lat' dir='ltr'>illud</span> <span class='ocrx_word' id='word_1_687' title='bbox 2299 4227 2981 4299; x_wconf 80' lang='lat' dir='ltr'>exaggeret.Comparavit</span> <span class='ocrx_word' id='word_1_688' title='bbox 2997 4228 3151 4283; x_wconf 89' lang='lat' dir='ltr'>enim</span> <span class='ocrx_word' id='word_1_689' title='bbox 3169 4245 3300 4283; x_wconf 89' lang='lat' dir='ltr'>cum</span> <span class='ocrx_word' id='word_1_690' title='bbox 3320 4227 3421 4282; x_wconf 89' lang='lat' dir='ltr'>Dei</span> <span class='ocrx_word' id='word_1_691' title='bbox 3446 4221 3697 4293; x_wconf 83' lang='lat' dir='ltr'>sempiter-</span> 
     </span>
    </p>
   </div>
   <div class='ocr_carea' id='block_1_88' title="bbox 2140 4315 3697 4388">
    <p class='ocr_par' dir='ltr' id='par_1_88' title="bbox 2140 4315 3697 4388">
     <span class='ocr_line' id='line_1_88' title="bbox 2140 4315 3697 4388; baseline -0.004 -19"><span class='ocrx_word' id='word_1_692' title='bbox 2140 4316 2318 4371; x_wconf 90' lang='lat' dir='ltr'>nitate</span> <span class='ocrx_word' id='word_1_693' title='bbox 2343 4315 2670 4370; x_wconf 89' lang='lat' dir='ltr'>divitiarum</span> <span class='ocrx_word' id='word_1_694' title='bbox 2691 4332 2858 4371; x_wconf 93' lang='lat' dir='ltr'>usum</span> <span class='ocrx_word' id='word_1_695' title='bbox 2886 4318 3347 4388; x_wconf 89' lang='lat' dir='ltr'>temporalem,et</span> <span class='ocrx_word' id='word_1_696' title='bbox 3364 4317 3542 4387; x_wconf 90' lang='lat' dir='ltr'>ipsum</span> <span class='ocrx_word' id='word_1_697' title='bbox 3558 4322 3697 4365; x_wconf 86' lang='lat' dir='ltr'>usum</span> 
     </span>
    </p>
   </div>
   <div class='ocr_carea' id='block_1_89' title="bbox 462 4394 3696 4476">
    <p class='ocr_par' dir='ltr' id='par_1_89' title="bbox 462 4394 3696 4476">
     <span class='ocr_line' id='line_1_89' title="bbox 462 4394 3696 4476; baseline -0 -24"><span class='ocrx_word' id='word_1_698' title='bbox 462 4398 734 4469; x_wconf 87' lang='lat' dir='ltr'>protulit:</span> <span class='ocrx_word' id='word_1_699' title='bbox 770 4401 917 4473; x_wconf 87' lang='lat' dir='ltr'>quod</span> <span class='ocrx_word' id='word_1_700' title='bbox 942 4420 968 4453; x_wconf 80' lang='grc' dir='ltr'>(ί</span> <span class='ocrx_word' id='word_1_701' title='bbox 992 4402 1186 4456; x_wconf 91' lang='lat' dir='ltr'>oculus</span> <span class='ocrx_word' id='word_1_702' title='bbox 1202 4419 1316 4458; x_wconf 89' lang='lat' dir='ltr'>non</span> <span class='ocrx_word' id='word_1_703' title='bbox 1346 4403 1502 4470; x_wconf 87' lang='lat' dir='ltr'>vidit,</span> <span class='ocrx_word' id='word_1_704' title='bbox 1526 4420 1630 4458; x_wconf 91' lang='lat' dir='ltr'>nec</span> <span class='ocrx_word' id='word_1_705' title='bbox 1649 4404 1803 4459; x_wconf 88' lang='lat' dir='ltr'>auris</span> <span class='ocrx_word' id='word_1_706' title='bbox 1822 4404 2055 4471; x_wconf 89' lang='lat' dir='ltr'>audivit,</span> <span class='ocrx_word' id='word_1_707' title='bbox 2075 4407 2124 4466; x_wconf 89' lang='lat' dir='ltr'>D</span> <span class='ocrx_word' id='word_1_708' title='bbox 2142 4403 2285 4458; x_wconf 83' lang='lat' dir='ltr'>dixit</span> <span class='ocrx_word' id='word_1_709' title='bbox 2313 4420 2436 4458; x_wconf 89' lang='lat' dir='ltr'>esse</span> <span class='ocrx_word' id='word_1_710' title='bbox 2463 4404 2761 4459; x_wconf 80' lang='lat' dir='ltr'>incertum.</span> <span class='ocrx_word' id='word_1_711' title='bbox 2803 4405 2875 4460; x_wconf 92' lang='lat' dir='ltr'>Et</span> <span class='ocrx_word' id='word_1_712' title='bbox 2922 4405 3071 4476; x_wconf 90' lang='lat' dir='ltr'>quod</span> <span class='ocrx_word' id='word_1_713' title='bbox 3098 4406 3243 4460; x_wconf 88' lang='lat' dir='ltr'>dixit</span> <span class='ocrx_word' id='word_1_714' title='bbox 3276 4424 3303 4458; x_wconf 75' lang='grc' dir='ltr'><strong>α</strong></span> <span class='ocrx_word' id='word_1_715' title='bbox 3346 4403 3530 4459; x_wconf 90' lang='lat' dir='ltr'>omnia</span> <span class='ocrx_word' id='word_1_716' title='bbox 3563 4394 3696 4452; x_wconf 79' lang='lat' dir='ltr'>nobis</span> 
     </span>
    </p>
   </div>
   <div class='ocr_carea' id='block_1_90' title="bbox 462 4487 2059 4565">
    <p class='ocr_par' dir='ltr' id='par_1_90' title="bbox 462 4487 2059 4565">
     <span class='ocr_line' id='line_1_90' title="bbox 462 4487 2059 4565; baseline 0.004 -23"><span class='ocrx_word' id='word_1_717' title='bbox 462 4503 566 4542; x_wconf 90' lang='lat' dir='ltr'>nec</span> <span class='ocrx_word' id='word_1_718' title='bbox 595 4487 654 4543; x_wconf 91' lang='lat' dir='ltr'>in</span> <span class='ocrx_word' id='word_1_719' title='bbox 683 4505 781 4544; x_wconf 92' lang='lat' dir='ltr'>cor</span> <span class='ocrx_word' id='word_1_720' title='bbox 806 4490 1050 4545; x_wconf 90' lang='lat' dir='ltr'>hominis</span> <span class='ocrx_word' id='word_1_721' title='bbox 1084 4492 1335 4547; x_wconf 87' lang='lat' dir='ltr'>ascendit</span> <span class='ocrx_word' id='word_1_722' title='bbox 1371 4508 1495 4563; x_wconf 72' lang='lat' dir='ltr'>quas</span> <span class='ocrx_word' id='word_1_723' title='bbox 1512 4550 1519 4559; x_wconf 25' lang='grc' dir='ltr'>η,</span> <span class='ocrx_word' id='word_1_724' title='bbox 1530 4494 1869 4565; x_wconf 65' lang='lat' dir='ltr'>praeparavit</span> <span class='ocrx_word' id='word_1_725' title='bbox 1909 4494 2059 4549; x_wconf 90' lang='lat' dir='ltr'>Deus</span> 
     </span>
    </p>
   </div>
   <div class='ocr_carea' id='block_1_91' title="bbox 463 4576 2095 4650">
    <p class='ocr_par' dir='ltr' id='par_1_91' title="bbox 463 4576 2095 4650">
     <span class='ocr_line' id='line_1_91' title="bbox 463 4576 2095 4650; baseline 0.001 -19"><span class='ocrx_word' id='word_1_726' title='bbox 463 4576 829 4648; x_wconf 81' lang='lat' dir='ltr'>diligentibus</span> <span class='ocrx_word' id='word_1_727' title='bbox 885 4582 962 4650; x_wconf 58' lang='lat' dir='ltr'>se;</span> <span class='ocrx_word' id='word_1_728' title='bbox 991 4581 1121 4648; x_wconf 72' lang='lat' dir='ltr'>(13a.</span> <span class='ocrx_word' id='word_1_729' title='bbox 1138 4597 1280 4648; x_wconf 76' lang='lat' dir='ltr'>an&#39;,</span> <span class='ocrx_word' id='word_1_730' title='bbox 1304 4583 1467 4638; x_wconf 82' lang='lat'>1001&#39;.</span> <span class='ocrx_word' id='word_1_731' title='bbox 1482 4585 1558 4650; x_wconf 90' lang='grc' dir='ltr'><strong>ιι),</strong></span> <span class='ocrx_word' id='word_1_732' title='bbox 1576 4601 1602 4635; x_wconf 84' lang='grc'>»</span> <span class='ocrx_word' id='word_1_733' title='bbox 1626 4587 1684 4636; x_wconf 91' lang='lat' dir='ltr'>et</span> <span class='ocrx_word' id='word_1_734' title='bbox 1697 4598 1825 4636; x_wconf 92' lang='lat' dir='ltr'>cum</span> <span class='ocrx_word' id='word_1_735' title='bbox 1838 4582 1943 4636; x_wconf 93' lang='lat' dir='ltr'>hoc</span> <span class='ocrx_word' id='word_1_736' title='bbox 1961 4583 2058 4637; x_wconf 93' lang='lat' dir='ltr'>ho-</span> <span class='ocrx_word' id='word_1_737' title='bbox 2090 4620 2095 4633; x_wconf 82' lang='lat'>.</span> 
     </span>
    </p>
   </div>
   <div class='ocr_carea' id='block_1_92' title="bbox 464 4664 2060 4736">
    <p class='ocr_par' dir='ltr' id='par_1_92' title="bbox 464 4664 2060 4736">
     <span class='ocr_line' id='line_1_92' title="bbox 464 4664 2060 4736; baseline 0.004 -18"><span class='ocrx_word' id='word_1_738' title='bbox 464 4664 711 4720; x_wconf 87' lang='lat' dir='ltr'>minibus</span> <span class='ocrx_word' id='word_1_739' title='bbox 726 4665 957 4723; x_wconf 82' lang='lat' dir='ltr'>dixisset</span> <span class='ocrx_word' id='word_1_740' title='bbox 978 4667 1519 4736; x_wconf 88' lang='lat' dir='ltr'>absconditum,mox</span> <span class='ocrx_word' id='word_1_741' title='bbox 1531 4670 1809 4726; x_wconf 88' lang='lat' dir='ltr'>subdidit:</span> <span class='ocrx_word' id='word_1_742' title='bbox 1837 4688 1864 4722; x_wconf 77' lang='grc' dir='ltr'><strong>α</strong></span> <span class='ocrx_word' id='word_1_743' title='bbox 1886 4669 2060 4725; x_wconf 90' lang='lat' dir='ltr'>Nobis</span> 
     </span>
    </p>
   </div>
   <div class='ocr_carea' id='block_1_93' title="bbox 464 4754 2059 4831">
    <p class='ocr_par' dir='ltr' id='par_1_93' title="bbox 464 4754 2059 4831">
     <span class='ocr_line' id='line_1_93' title="bbox 464 4754 2059 4831; baseline 0.006 -27"><span class='ocrx_word' id='word_1_744' title='bbox 464 4756 657 4806; x_wconf 85' lang='lat' dir='ltr'>autem</span> <span class='ocrx_word' id='word_1_745' title='bbox 686 4754 950 4810; x_wconf 88' lang='lat' dir='ltr'>revelavit</span> <span class='ocrx_word' id='word_1_746' title='bbox 960 4756 1110 4811; x_wconf 89' lang='lat' dir='ltr'>Deus</span> <span class='ocrx_word' id='word_1_747' title='bbox 1137 4774 1239 4828; x_wconf 89' lang='lat' dir='ltr'>per</span> <span class='ocrx_word' id='word_1_748' title='bbox 1248 4758 1511 4830; x_wconf 90' lang='lat' dir='ltr'>spiritum</span> <span class='ocrx_word' id='word_1_749' title='bbox 1526 4775 1725 4814; x_wconf 88' lang='lat' dir='ltr'>suum:</span> <span class='ocrx_word' id='word_1_750' title='bbox 1746 4779 1772 4811; x_wconf 88' lang='lat'>»</span> <span class='ocrx_word' id='word_1_751' title='bbox 1794 4759 1980 4831; x_wconf 89' lang='lat' dir='ltr'>ipsum</span> <span class='ocrx_word' id='word_1_752' title='bbox 1999 4776 2059 4814; x_wconf 91' lang='lat' dir='ltr'>se</span> 
     </span>
    </p>
   </div>
   <div class='ocr_carea' id='block_1_94' title="bbox 465 4838 2057 4920">
    <p class='ocr_par' dir='ltr' id='par_1_94' title="bbox 465 4838 2057 4920">
     <span class='ocr_line' id='line_1_94' title="bbox 465 4838 2057 4920; baseline 0.006 -28"><span class='ocrx_word' id='word_1_753' title='bbox 465 4838 536 4893; x_wconf 87' lang='lat' dir='ltr'>ab</span> <span class='ocrx_word' id='word_1_754' title='bbox 547 4839 791 4896; x_wconf 88' lang='lat' dir='ltr'>hominis</span> <span class='ocrx_word' id='word_1_755' title='bbox 799 4844 1086 4900; x_wconf 90' lang='lat' dir='ltr'>vocatione</span> <span class='ocrx_word' id='word_1_756' title='bbox 1097 4846 1437 4914; x_wconf 89' lang='lat' dir='ltr'>discernens,</span> <span class='ocrx_word' id='word_1_757' title='bbox 1446 4848 1543 4920; x_wconf 88' lang='lat' dir='ltr'>qui</span> <span class='ocrx_word' id='word_1_758' title='bbox 1557 4854 1754 4920; x_wconf 90' lang='lat' dir='ltr'>raptus</span> <span class='ocrx_word' id='word_1_759' title='bbox 1774 4864 1945 4920; x_wconf 89' lang='lat' dir='ltr'>supra</span> <span class='ocrx_word' id='word_1_760' title='bbox 1954 4849 2057 4902; x_wconf 81' lang='lat' dir='ltr'>ho-</span> 
     </span>
    </p>
   </div>
   <div class='ocr_carea' id='block_1_95' title="bbox 467 4927 2056 5006">
    <p class='ocr_par' dir='ltr' id='par_1_95' title="bbox 467 4927 2056 5006">
     <span class='ocr_line' id='line_1_95' title="bbox 467 4927 2056 5006; baseline 0.006 -23"><span class='ocrx_word' id='word_1_761' title='bbox 467 4927 668 4996; x_wconf 89' lang='lat' dir='ltr'>mines,</span> <span class='ocrx_word' id='word_1_762' title='bbox 681 4929 873 4994; x_wconf 85' lang='lat' dir='ltr'>divina</span> <span class='ocrx_word' id='word_1_763' title='bbox 893 4933 1015 5003; x_wconf 89' lang='lat' dir='ltr'>jam</span> <span class='ocrx_word' id='word_1_764' title='bbox 1043 4942 1294 5006; x_wconf 89' lang='lat' dir='ltr'>saperet:</span> <span class='ocrx_word' id='word_1_765' title='bbox 1319 4936 1402 4992; x_wconf 84' lang='lat' dir='ltr'>ita</span> <span class='ocrx_word' id='word_1_766' title='bbox 1429 4937 1600 4991; x_wconf 90' lang='lat' dir='ltr'>etiam</span> <span class='ocrx_word' id='word_1_767' title='bbox 1631 4936 1737 4992; x_wconf 88' lang='lat' dir='ltr'>hoc</span> <span class='ocrx_word' id='word_1_768' title='bbox 1763 4938 1904 5003; x_wconf 87' lang='lat' dir='ltr'>loco,</span> <span class='ocrx_word' id='word_1_769' title='bbox 1929 4953 2056 4991; x_wconf 92' lang='lat' dir='ltr'>cum</span> 
     </span>
    </p>
   </div>
   <div class='ocr_carea' id='block_1_96' title="bbox 462 5016 2059 5096">
    <p class='ocr_par' dir='ltr' id='par_1_96' title="bbox 462 5016 2059 5096">
     <span class='ocr_line' id='line_1_96' title="bbox 462 5016 2059 5096; baseline 0.006 -24"><span class='ocrx_word' id='word_1_770' title='bbox 462 5017 647 5074; x_wconf 89' lang='lat' dir='ltr'>lucem</span> <span class='ocrx_word' id='word_1_771' title='bbox 674 5019 779 5075; x_wconf 90' lang='lat' dir='ltr'>Dei</span> <span class='ocrx_word' id='word_1_772' title='bbox 795 5020 1239 5079; x_wconf 89' lang='lat' dir='ltr'>inaccessibilem</span> <span class='ocrx_word' id='word_1_773' title='bbox 1254 5016 1605 5096; x_wconf 55' lang='lat' dir='ltr'>\perhiberet,</span> <span class='ocrx_word' id='word_1_774' title='bbox 1647 5032 1714 5080; x_wconf 91' lang='lat' dir='ltr'>ut</span> <span class='ocrx_word' id='word_1_775' title='bbox 1736 5026 2059 5080; x_wconf 85' lang='lat' dir='ltr'>ostenderet</span> 
     </span>
    </p>
   </div>
   <div class='ocr_carea' id='block_1_97' title="bbox 465 5106 2057 5183">
    <p class='ocr_par' dir='ltr' id='par_1_97' title="bbox 465 5106 2057 5183">
     <span class='ocr_line' id='line_1_97' title="bbox 465 5106 2057 5183; baseline 0.006 -22"><span class='ocrx_word' id='word_1_776' title='bbox 465 5106 957 5179; x_wconf 86' lang='lat' dir='ltr'>quibus,subdidit,</span> <span class='ocrx_word' id='word_1_777' title='bbox 967 5128 1166 5183; x_wconf 84' lang='lat' dir='ltr'>«quem</span> <span class='ocrx_word' id='word_1_778' title='bbox 1175 5112 1317 5167; x_wconf 89' lang='lat' dir='ltr'>vidit</span> <span class='ocrx_word' id='word_1_779' title='bbox 1324 5115 1512 5169; x_wconf 90' lang='lat' dir='ltr'>nullus</span> <span class='ocrx_word' id='word_1_780' title='bbox 1524 5115 1941 5180; x_wconf 90' lang='lat' dir='ltr'>hominum,sed</span> <span class='ocrx_word' id='word_1_781' title='bbox 1953 5131 2057 5173; x_wconf 86' lang='lat' dir='ltr'>nec</span> 
     </span>
    </p>
   </div>
   <div class='ocr_carea' id='block_1_98' title="bbox 460 5194 2060 5269">
    <p class='ocr_par' dir='ltr' id='par_1_98' title="bbox 460 5194 2060 5269">
     <span class='ocr_line' id='line_1_98' title="bbox 460 5194 2060 5269; baseline 0.006 -20"><span class='ocrx_word' id='word_1_782' title='bbox 460 5194 650 5251; x_wconf 82' lang='lat' dir='ltr'>videre</span> <span class='ocrx_word' id='word_1_783' title='bbox 678 5204 884 5269; x_wconf 88' lang='lat' dir='ltr'>potest,</span> <span class='ocrx_word' id='word_1_784' title='bbox 901 5219 927 5253; x_wconf 87' lang='lat'>»</span> <span class='ocrx_word' id='word_1_785' title='bbox 950 5216 1106 5255; x_wconf 89' lang='lat' dir='ltr'>more</span> <span class='ocrx_word' id='word_1_786' title='bbox 1134 5217 1235 5255; x_wconf 91' lang='lat' dir='ltr'>suo</span> <span class='ocrx_word' id='word_1_787' title='bbox 1258 5202 1512 5258; x_wconf 88' lang='lat' dir='ltr'>homines</span> <span class='ocrx_word' id='word_1_788' title='bbox 1530 5219 1734 5257; x_wconf 87' lang='lat' dir='ltr'>vocans</span> <span class='ocrx_word' id='word_1_789' title='bbox 1747 5219 1942 5258; x_wconf 90' lang='lat' dir='ltr'>omnes</span> <span class='ocrx_word' id='word_1_790' title='bbox 1958 5203 2060 5258; x_wconf 80' lang='lat' dir='ltr'>hu-</span> 
     </span>
    </p>
   </div>
   <div class='ocr_carea' id='block_1_99' title="bbox 465 5287 2062 5364">
    <p class='ocr_par' dir='ltr' id='par_1_99' title="bbox 465 5287 2062 5364">
     <span class='ocr_line' id='line_1_99' title="bbox 465 5287 2062 5364; baseline 0.006 -25"><span class='ocrx_word' id='word_1_791' title='bbox 465 5299 638 5340; x_wconf 86' lang='lat' dir='ltr'>mana</span> <span class='ocrx_word' id='word_1_792' title='bbox 652 5287 952 5358; x_wconf 86' lang='lat' dir='ltr'>sapientes,</span> <span class='ocrx_word' id='word_1_793' title='bbox 960 5289 1056 5361; x_wconf 89' lang='lat' dir='ltr'>qui</span> <span class='ocrx_word' id='word_1_794' title='bbox 1067 5289 1256 5344; x_wconf 89' lang='lat' dir='ltr'>divina</span> <span class='ocrx_word' id='word_1_795' title='bbox 1270 5292 1498 5363; x_wconf 90' lang='lat' dir='ltr'>sapiunt</span> <span class='ocrx_word' id='word_1_796' title='bbox 1507 5292 1767 5347; x_wconf 88' lang='lat' dir='ltr'>videlicet</span> <span class='ocrx_word' id='word_1_797' title='bbox 1778 5308 1950 5364; x_wconf 86' lang='lat' dir='ltr'>supra</span> <span class='ocrx_word' id='word_1_798' title='bbox 1962 5292 2062 5347; x_wconf 85' lang='lat' dir='ltr'>ho-</span> 
     </span>
    </p>
   </div>
   <div class='ocr_carea' id='block_1_100' title="bbox 464 5373 2059 5452">
    <p class='ocr_par' dir='ltr' id='par_1_100' title="bbox 464 5373 2059 5452">
     <span class='ocr_line' id='line_1_100' title="bbox 464 5373 2059 5452; baseline 0.004 -24"><span class='ocrx_word' id='word_1_799' title='bbox 464 5373 647 5429; x_wconf 87' lang='lat' dir='ltr'>mines</span> <span class='ocrx_word' id='word_1_800' title='bbox 674 5381 825 5431; x_wconf 90' lang='lat' dir='ltr'>sunt.</span> <span class='ocrx_word' id='word_1_801' title='bbox 839 5377 1169 5437; x_wconf 83' lang='lat' dir='ltr'>Videbimus</span> <span class='ocrx_word' id='word_1_802' title='bbox 1193 5378 1369 5450; x_wconf 83' lang='lat' dir='ltr'>igitur</span> <span class='ocrx_word' id='word_1_803' title='bbox 1394 5382 1575 5436; x_wconf 91' lang='lat' dir='ltr'>Deum</span> <span class='ocrx_word' id='word_1_804' title='bbox 1595 5381 1641 5435; x_wconf 89' lang='lat' dir='ltr'>si</span> <span class='ocrx_word' id='word_1_805' title='bbox 1661 5397 1763 5452; x_wconf 91' lang='lat' dir='ltr'>per</span> <span class='ocrx_word' id='word_1_806' title='bbox 1778 5381 2059 5435; x_wconf 81' lang='lat' dir='ltr'>caelestem</span> 
     </span>
    </p>
   </div>
   <div class='ocr_carea' id='block_1_101' title="bbox 462 5464 2061 5538">
    <p class='ocr_par' dir='ltr' id='par_1_101' title="bbox 462 5464 2061 5538">
     <span class='ocr_line' id='line_1_101' title="bbox 462 5464 2061 5538; baseline 0.005 -22"><span class='ocrx_word' id='word_1_807' title='bbox 462 5464 939 5519; x_wconf 85' lang='lat' dir='ltr'>conversationem</span> <span class='ocrx_word' id='word_1_808' title='bbox 964 5483 1137 5538; x_wconf 90' lang='lat' dir='ltr'>supra</span> <span class='ocrx_word' id='word_1_809' title='bbox 1166 5468 1420 5524; x_wconf 88' lang='lat' dir='ltr'>homines</span> <span class='ocrx_word' id='word_1_810' title='bbox 1439 5486 1561 5524; x_wconf 90' lang='lat' dir='ltr'>esse</span> <span class='ocrx_word' id='word_1_811' title='bbox 1589 5485 1932 5524; x_wconf 89' lang='lat' dir='ltr'>mereamur:</span> <span class='ocrx_word' id='word_1_812' title='bbox 1958 5485 2061 5524; x_wconf 91' lang='lat' dir='ltr'>nec</span> 
     </span>
    </p>
   </div>
   <div class='ocr_carea' id='block_1_102' title="bbox 462 5552 2060 5629">
    <p class='ocr_par' dir='ltr' id='par_1_102' title="bbox 462 5552 2060 5629">
     <span class='ocr_line' id='line_1_102' title="bbox 462 5552 2060 5629; baseline 0.005 -24"><span class='ocrx_word' id='word_1_813' title='bbox 462 5554 654 5605; x_wconf 78' lang='lat' dir='ltr'>tamen</span> <span class='ocrx_word' id='word_1_814' title='bbox 674 5552 753 5608; x_wconf 87' lang='lat' dir='ltr'>ita</span> <span class='ocrx_word' id='word_1_815' title='bbox 771 5552 1101 5622; x_wconf 84' lang='lat' dir='ltr'>videbimus,</span> <span class='ocrx_word' id='word_1_816' title='bbox 1123 5556 1271 5612; x_wconf 87' lang='lat' dir='ltr'>sicut</span> <span class='ocrx_word' id='word_1_817' title='bbox 1289 5556 1440 5612; x_wconf 87' lang='lat' dir='ltr'>videt</span> <span class='ocrx_word' id='word_1_818' title='bbox 1459 5559 1579 5628; x_wconf 89' lang='lat' dir='ltr'>ipse</span> <span class='ocrx_word' id='word_1_819' title='bbox 1598 5558 1845 5629; x_wconf 85' lang='lat' dir='ltr'>seipsum</span> <span class='ocrx_word' id='word_1_820' title='bbox 1863 5577 1877 5625; x_wconf 89' lang='lat'><strong>;</strong></span> <span class='ocrx_word' id='word_1_821' title='bbox 1895 5559 2060 5628; x_wconf 77' lang='lat' dir='ltr'>longe</span> 
     </span>
    </p>
   </div>
   <div class='ocr_carea' id='block_1_103' title="bbox 2139 4492 3696 4564">
    <p class='ocr_par' dir='ltr' id='par_1_103' title="bbox 2139 4492 3696 4564">
     <span class='ocr_line' id='line_1_103' title="bbox 2139 4492 3696 4564; baseline -0.004 -17"><span class='ocrx_word' id='word_1_822' title='bbox 2139 4492 2360 4547; x_wconf 90' lang='lat' dir='ltr'>abunde</span> <span class='ocrx_word' id='word_1_823' title='bbox 2381 4492 2609 4564; x_wconf 68' lang='lat' dir='ltr'>praebet,</span> <span class='ocrx_word' id='word_1_824' title='bbox 2642 4512 2668 4545; x_wconf 84' lang='lat'><strong>»</strong></span> <span class='ocrx_word' id='word_1_825' title='bbox 2703 4510 2899 4548; x_wconf 89' lang='lat' dir='ltr'>verum</span> <span class='ocrx_word' id='word_1_826' title='bbox 2927 4499 3031 4560; x_wconf 88' lang='lat' dir='ltr'>est,</span> <span class='ocrx_word' id='word_1_827' title='bbox 3062 4494 3134 4548; x_wconf 89' lang='lat' dir='ltr'>ab</span> <span class='ocrx_word' id='word_1_828' title='bbox 3154 4495 3253 4549; x_wconf 91' lang='lat' dir='ltr'>illo</span> <span class='ocrx_word' id='word_1_829' title='bbox 3282 4496 3404 4549; x_wconf 91' lang='lat' dir='ltr'>loco</span> <span class='ocrx_word' id='word_1_830' title='bbox 3436 4506 3539 4564; x_wconf 91' lang='lat' dir='ltr'>quo</span> <span class='ocrx_word' id='word_1_831' title='bbox 3557 4500 3696 4557; x_wconf 84' lang='lat' dir='ltr'>supe-</span> 
     </span>
    </p>
   </div>
   <div class='ocr_carea' id='block_1_104' title="bbox 2140 4575 3698 4654">
    <p class='ocr_par' dir='ltr' id='par_1_104' title="bbox 2140 4575 3698 4654">
     <span class='ocr_line' id='line_1_104' title="bbox 2140 4575 3698 4654; baseline 0.006 -19"><span class='ocrx_word' id='word_1_832' title='bbox 2140 4582 2259 4636; x_wconf 90' lang='lat' dir='ltr'>rius</span> <span class='ocrx_word' id='word_1_833' title='bbox 2296 4581 2531 4649; x_wconf 89' lang='lat' dir='ltr'>dixerat,</span> <span class='ocrx_word' id='word_1_834' title='bbox 2572 4583 2797 4637; x_wconf 89' lang='lat' dir='ltr'>evidens</span> <span class='ocrx_word' id='word_1_835' title='bbox 2846 4588 2933 4637; x_wconf 88' lang='lat' dir='ltr'>est</span> <span class='ocrx_word' id='word_1_836' title='bbox 2980 4584 3251 4654; x_wconf 87' lang='lat' dir='ltr'>quoniam</span> <span class='ocrx_word' id='word_1_837' title='bbox 3299 4580 3548 4638; x_wconf 85' lang='lat' dir='ltr'>omnibus</span> <span class='ocrx_word' id='word_1_838' title='bbox 3596 4575 3698 4644; x_wconf 59' lang='lat' dir='ltr'>eius</span> 
     </span>
    </p>
   </div>
   <div class='ocr_carea' id='block_1_105' title="bbox 2139 4661 3701 4744">
    <p class='ocr_par' dir='ltr' id='par_1_105' title="bbox 2139 4661 3701 4744">
     <span class='ocr_line' id='line_1_105' title="bbox 2139 4661 3701 4744; baseline -0.001 -20"><span class='ocrx_word' id='word_1_839' title='bbox 2139 4671 2419 4737; x_wconf 87' lang='lat' dir='ltr'>fruimur;</span> <span class='ocrx_word' id='word_1_840' title='bbox 2468 4676 2525 4726; x_wconf 92' lang='lat' dir='ltr'>et</span> <span class='ocrx_word' id='word_1_841' title='bbox 2549 4676 2616 4725; x_wconf 90' lang='lat' dir='ltr'>ut</span> <span class='ocrx_word' id='word_1_842' title='bbox 2643 4671 2964 4726; x_wconf 90' lang='lat' dir='ltr'>ostenderet</span> <span class='ocrx_word' id='word_1_843' title='bbox 2992 4672 3129 4743; x_wconf 90' lang='lat' dir='ltr'>quia</span> <span class='ocrx_word' id='word_1_844' title='bbox 3165 4677 3390 4744; x_wconf 89' lang='lat' dir='ltr'>oportet</span> <span class='ocrx_word' id='word_1_845' title='bbox 3430 4666 3596 4738; x_wconf 84' lang='lat' dir='ltr'>magis</span> <span class='ocrx_word' id='word_1_846' title='bbox 3630 4661 3701 4715; x_wconf 77' lang='lat' dir='ltr'>in-</span> 
     </span>
    </p>
   </div>
   <div class='ocr_carea' id='block_1_106' title="bbox 2140 4755 3701 4831">
    <p class='ocr_par' dir='ltr' id='par_1_106' title="bbox 2140 4755 3701 4831">
     <span class='ocr_line' id='line_1_106' title="bbox 2140 4755 3701 4831; baseline -0.004 -18"><span class='ocrx_word' id='word_1_847' title='bbox 2140 4759 2288 4814; x_wconf 91' lang='lat' dir='ltr'>tueri</span> <span class='ocrx_word' id='word_1_848' title='bbox 2315 4759 2514 4825; x_wconf 90' lang='lat' dir='ltr'>Deum,</span> <span class='ocrx_word' id='word_1_849' title='bbox 2547 4776 2582 4814; x_wconf 92' lang='lat' dir='ltr'>a</span> <span class='ocrx_word' id='word_1_850' title='bbox 2604 4776 2714 4831; x_wconf 92' lang='lat' dir='ltr'>quo</span> <span class='ocrx_word' id='word_1_851' title='bbox 2753 4767 2810 4815; x_wconf 88' lang='lat' dir='ltr'>et</span> <span class='ocrx_word' id='word_1_852' title='bbox 2850 4760 3129 4816; x_wconf 90' lang='lat' dir='ltr'>bonorum</span> <span class='ocrx_word' id='word_1_853' title='bbox 3176 4762 3430 4816; x_wconf 90' lang='lat' dir='ltr'>omnium</span> <span class='ocrx_word' id='word_1_854' title='bbox 3464 4755 3701 4812; x_wconf 77' lang='lat' dir='ltr'>habemus</span> 
     </span>
    </p>
   </div>
   <div class='ocr_carea' id='block_1_107' title="bbox 2138 4838 3701 4922">
    <p class='ocr_par' dir='ltr' id='par_1_107' title="bbox 2138 4838 3701 4922">
     <span class='ocr_line' id='line_1_107' title="bbox 2138 4838 3701 4922; baseline -0.006 -20"><span class='ocrx_word' id='word_1_855' title='bbox 2138 4838 2482 4922; x_wconf 77' lang='lat' dir='ltr'>fruitionem,</span> <span class='ocrx_word' id='word_1_856' title='bbox 2515 4848 2886 4920; x_wconf 90' lang='lat' dir='ltr'>despicientes</span> <span class='ocrx_word' id='word_1_857' title='bbox 2923 4849 3051 4903; x_wconf 91' lang='lat' dir='ltr'>illas</span> <span class='ocrx_word' id='word_1_858' title='bbox 3096 4866 3253 4922; x_wconf 89' lang='lat' dir='ltr'>opes,</span> <span class='ocrx_word' id='word_1_859' title='bbox 3287 4865 3410 4921; x_wconf 65' lang='lat' dir='ltr'>que</span> <span class='ocrx_word' id='word_1_860' title='bbox 3461 4843 3607 4900; x_wconf 89' lang='lat' dir='ltr'>nobis</span> <span class='ocrx_word' id='word_1_861' title='bbox 3652 4838 3701 4892; x_wconf 89' lang='lat' dir='ltr'>in</span> 
     </span>
    </p>
   </div>
   <div class='ocr_carea' id='block_1_108' title="bbox 2137 4917 3702 5008">
    <p class='ocr_par' dir='ltr' id='par_1_108' title="bbox 2137 4917 3702 5008">
     <span class='ocr_line' id='line_1_108' title="bbox 2137 4917 3702 5008; baseline -0.003 -16"><span class='ocrx_word' id='word_1_862' title='bbox 2137 4937 2398 5008; x_wconf 61' lang='lat' dir='ltr'>praesenti</span> <span class='ocrx_word' id='word_1_863' title='bbox 2427 4917 2651 5004; x_wconf 73' lang='lat' dir='ltr'>adsunt,</span> <span class='ocrx_word' id='word_1_864' title='bbox 2683 4937 2941 4992; x_wconf 90' lang='lat' dir='ltr'>convenit</span> <span class='ocrx_word' id='word_1_865' title='bbox 2960 4954 3089 4992; x_wconf 92' lang='lat' dir='ltr'>vero</span> <span class='ocrx_word' id='word_1_866' title='bbox 3116 4917 3223 4992; x_wconf 76' lang='lat' dir='ltr'>nos</span> <span class='ocrx_word' id='word_1_867' title='bbox 3268 4917 3486 5008; x_wconf 75' lang='lat' dir='ltr'>semper</span> <span class='ocrx_word' id='word_1_868' title='bbox 3518 4928 3702 5003; x_wconf 67' lang='lat' dir='ltr'>gratias</span> 
     </span>
    </p>
   </div>
   <div class='ocr_carea' id='block_1_109' title="bbox 2138 5023 3700 5098">
    <p class='ocr_par' dir='ltr' id='par_1_109' title="bbox 2138 5023 3700 5098">
     <span class='ocr_line' id='line_1_109' title="bbox 2138 5023 3700 5098; baseline -0.005 -17"><span class='ocrx_word' id='word_1_869' title='bbox 2138 5043 2304 5097; x_wconf 85' lang='lat' dir='ltr'>agere</span> <span class='ocrx_word' id='word_1_870' title='bbox 2353 5027 2488 5093; x_wconf 90' lang='lat' dir='ltr'>Deo,</span> <span class='ocrx_word' id='word_1_871' title='bbox 2540 5027 2635 5098; x_wconf 91' lang='lat' dir='ltr'>qui</span> <span class='ocrx_word' id='word_1_872' title='bbox 2673 5027 2945 5094; x_wconf 91' lang='lat' dir='ltr'>omnium,</span> <span class='ocrx_word' id='word_1_873' title='bbox 2976 5044 3103 5098; x_wconf 67' lang='lat' dir='ltr'>quae</span> <span class='ocrx_word' id='word_1_874' title='bbox 3148 5027 3419 5098; x_wconf 80' lang='lat' dir='ltr'>patimur,</span> <span class='ocrx_word' id='word_1_875' title='bbox 3458 5023 3700 5077; x_wconf 86' lang='lat' dir='ltr'>bonorum</span> 
     </span>
    </p>
   </div>
   <div class='ocr_carea' id='block_1_110' title="bbox 2140 5101 3702 5179">
    <p class='ocr_par' dir='ltr' id='par_1_110' title="bbox 2140 5101 3702 5179">
     <span class='ocr_line' id='line_1_110' title="bbox 2140 5101 3702 5179; baseline -0.001 -11"><span class='ocrx_word' id='word_1_876' title='bbox 2140 5120 2336 5169; x_wconf 89' lang='lat' dir='ltr'>auctor</span> <span class='ocrx_word' id='word_1_877' title='bbox 2379 5121 2437 5169; x_wconf 93' lang='lat' dir='ltr'>et</span> <span class='ocrx_word' id='word_1_878' title='bbox 2487 5115 2725 5170; x_wconf 90' lang='lat' dir='ltr'>donator</span> <span class='ocrx_word' id='word_1_879' title='bbox 2770 5132 2893 5170; x_wconf 91' lang='lat' dir='ltr'>esse</span> <span class='ocrx_word' id='word_1_880' title='bbox 2946 5116 3188 5170; x_wconf 81' lang='lat' dir='ltr'>videtur.</span> <span class='ocrx_word' id='word_1_881' title='bbox 3244 5114 3457 5171; x_wconf 89' lang='lat' dir='ltr'>Deinde</span> <span class='ocrx_word' id='word_1_882' title='bbox 3488 5117 3543 5166; x_wconf 88' lang='lat' dir='ltr'>et</span> <span class='ocrx_word' id='word_1_883' title='bbox 3578 5101 3702 5179; x_wconf 71' lang='lat' dir='ltr'>quod</span> 
     </span>
    </p>
   </div>
   <div class='ocr_carea' id='block_1_111' title="bbox 2141 5192 3701 5275">
    <p class='ocr_par' dir='ltr' id='par_1_111' title="bbox 2141 5192 3701 5275">
     <span class='ocr_line' id='line_1_111' title="bbox 2141 5192 3701 5275; baseline -0.001 -18"><span class='ocrx_word' id='word_1_884' title='bbox 2141 5203 2519 5258; x_wconf 89' lang='lat' dir='ltr'>necessarium</span> <span class='ocrx_word' id='word_1_885' title='bbox 2572 5209 2696 5258; x_wconf 90' lang='lat' dir='ltr'>erat</span> <span class='ocrx_word' id='word_1_886' title='bbox 2740 5208 2869 5275; x_wconf 91' lang='lat' dir='ltr'>post</span> <span class='ocrx_word' id='word_1_887' title='bbox 2904 5204 3010 5259; x_wconf 93' lang='lat' dir='ltr'>hoc</span> <span class='ocrx_word' id='word_1_888' title='bbox 3053 5203 3237 5259; x_wconf 85' lang='lat' dir='ltr'>facere</span> <span class='ocrx_word' id='word_1_889' title='bbox 3282 5203 3411 5257; x_wconf 93' lang='lat' dir='ltr'>illos</span> <span class='ocrx_word' id='word_1_890' title='bbox 3448 5192 3701 5255; x_wconf 58' lang='lat' dir='ltr'>instnlxi‘»</span> 
     </span>
    </p>
   </div>
   <div class='ocr_carea' id='block_1_112' title="bbox 2142 5280 3702 5364">
    <p class='ocr_par' dir='ltr' id='par_1_112' title="bbox 2142 5280 3702 5364">
     <span class='ocr_line' id='line_1_112' title="bbox 2142 5280 3702 5364; baseline -0.004 -18"><span class='ocrx_word' id='word_1_891' title='bbox 2142 5291 2332 5346; x_wconf 90' lang='lat' dir='ltr'>dicens</span> <span class='ocrx_word' id='word_1_892' title='bbox 2356 5309 2367 5344; x_wconf 96' lang='lat'>:</span> <span class='ocrx_word' id='word_1_893' title='bbox 2397 5308 2423 5342; x_wconf 83' lang='lat'><strong>«</strong></span> <span class='ocrx_word' id='word_1_894' title='bbox 2456 5292 2671 5346; x_wconf 91' lang='lat' dir='ltr'>Bonum</span> <span class='ocrx_word' id='word_1_895' title='bbox 2702 5308 2844 5364; x_wconf 90' lang='lat' dir='ltr'>opus</span> <span class='ocrx_word' id='word_1_896' title='bbox 2862 5291 3045 5347; x_wconf 85' lang='lat' dir='ltr'>facere</span> <span class='ocrx_word' id='word_1_897' title='bbox 3072 5291 3275 5346; x_wconf 87' lang='lat' dir='ltr'>divites</span> <span class='ocrx_word' id='word_1_898' title='bbox 3314 5306 3436 5345; x_wconf 88' lang='lat' dir='ltr'>esse</span> <span class='ocrx_word' id='word_1_899' title='bbox 3462 5289 3519 5343; x_wconf 92' lang='lat' dir='ltr'>in</span> <span class='ocrx_word' id='word_1_900' title='bbox 3543 5280 3702 5356; x_wconf 81' lang='lat' dir='ltr'>operi-</span> 
     </span>
    </p>
   </div>
   <div class='ocr_carea' id='block_1_113' title="bbox 2145 5371 3704 5449">
    <p class='ocr_par' dir='ltr' id='par_1_113' title="bbox 2145 5371 3704 5449">
     <span class='ocr_line' id='line_1_113' title="bbox 2145 5371 3704 5449; baseline 0.001 -16"><span class='ocrx_word' id='word_1_901' title='bbox 2145 5398 2171 5433; x_wconf 87' lang='grc'>‹‹</span> <span class='ocrx_word' id='word_1_902' title='bbox 2215 5379 2318 5435; x_wconf 92' lang='lat' dir='ltr'>bus</span> <span class='ocrx_word' id='word_1_903' title='bbox 2362 5380 2540 5449; x_wconf 90' lang='lat' dir='ltr'>bonis,</span> <span class='ocrx_word' id='word_1_904' title='bbox 2598 5380 2761 5435; x_wconf 87' lang='lat' dir='ltr'>facile</span> <span class='ocrx_word' id='word_1_905' title='bbox 2816 5380 3085 5446; x_wconf 89' lang='lat' dir='ltr'>tribuere,</span> <span class='ocrx_word' id='word_1_906' title='bbox 3117 5379 3528 5435; x_wconf 86' lang='lat' dir='ltr'>communicare</span> <span class='ocrx_word' id='word_1_907' title='bbox 3567 5393 3591 5427; x_wconf 66' lang='grc' dir='ltr'><strong>υ</strong></span> <span class='ocrx_word' id='word_1_908' title='bbox 3633 5371 3704 5441; x_wconf 67' lang='grc' dir='ltr'>(οε</span> 
     </span>
    </p>
   </div>
   <div class='ocr_carea' id='block_1_114' title="bbox 2141 5464 3703 5540">
    <p class='ocr_par' dir='ltr' id='par_1_114' title="bbox 2141 5464 3703 5540">
     <span class='ocr_line' id='line_1_114' title="bbox 2141 5464 3703 5540; baseline -0.004 -16"><span class='ocrx_word' id='word_1_909' title='bbox 2141 5470 2289 5540; x_wconf 89' lang='lat' dir='ltr'>quod</span> <span class='ocrx_word' id='word_1_910' title='bbox 2309 5470 2420 5524; x_wconf 90' lang='lat' dir='ltr'>erit</span> <span class='ocrx_word' id='word_1_911' title='bbox 2445 5487 2511 5524; x_wconf 86' lang='lat' dir='ltr'>ex</span> <span class='ocrx_word' id='word_1_912' title='bbox 2551 5471 2655 5524; x_wconf 92' lang='lat' dir='ltr'>hoc</span> <span class='ocrx_word' id='word_1_913' title='bbox 2692 5470 2957 5524; x_wconf 90' lang='lat' dir='ltr'>lucrum?</span> <span class='ocrx_word' id='word_1_914' title='bbox 2984 5469 3197 5537; x_wconf 89' lang='lat' dir='ltr'>dicito),</span> <span class='ocrx_word' id='word_1_915' title='bbox 3231 5487 3259 5521; x_wconf 73' lang='grc' dir='ltr'><strong>α</strong></span> <span class='ocrx_word' id='word_1_916' title='bbox 3289 5464 3703 5524; x_wconf 71' lang='lat' dir='ltr'>thesaurizantes</span> 
     </span>
    </p>
   </div>
   <div class='ocr_carea' id='block_1_115' title="bbox 2144 5554 3703 5629">
    <p class='ocr_par' dir='ltr' id='par_1_115' title="bbox 2144 5554 3703 5629">
     <span class='ocr_line' id='line_1_115' title="bbox 2144 5554 3703 5629; baseline -0.006 -17"><span class='ocrx_word' id='word_1_917' title='bbox 2144 5576 2173 5611; x_wconf 68' lang='grc' dir='ltr'><strong>(ι</strong></span> <span class='ocrx_word' id='word_1_918' title='bbox 2201 5558 2306 5613; x_wconf 89' lang='lat' dir='ltr'>sibi</span> <span class='ocrx_word' id='word_1_919' title='bbox 2332 5559 2471 5629; x_wconf 88' lang='lat' dir='ltr'>ipsis</span> <span class='ocrx_word' id='word_1_920' title='bbox 2499 5558 2931 5615; x_wconf 81' lang='lat' dir='ltr'>fundamentum</span> <span class='ocrx_word' id='word_1_921' title='bbox 2960 5557 3169 5613; x_wconf 85' lang='lat' dir='ltr'>bonum</span> <span class='ocrx_word' id='word_1_922' title='bbox 3198 5557 3259 5612; x_wconf 88' lang='lat' dir='ltr'>in</span> <span class='ocrx_word' id='word_1_923' title='bbox 3295 5555 3504 5619; x_wconf 83' lang='lat' dir='ltr'>futuro,</span> <span class='ocrx_word' id='word_1_924' title='bbox 3531 5554 3592 5605; x_wconf 87' lang='lat' dir='ltr'>ut</span> <span class='ocrx_word' id='word_1_925' title='bbox 3623 5562 3703 5617; x_wconf 81' lang='lat' dir='ltr'>ap-</span> 
     </span>
    </p>
   </div>
  </div>
