3868 6138
202 269 290 330 633

579 263 1157 320 ENARRATIONUM
1193 267 1272 322 IN
1309 267 1462 322 EPP.
1505 267 1719 322 PAULI
1763 265 1901 322 LIB.
1941 266 2142 322 XXIII.
2185 293 2250 309 --
2279 267 2358 323 IN
2395 267 2616 322 EPIST.
2659 269 2685 324 Ι
2722 269 2818 325 ΑΙ)
2854 267 3004 323 TIM.

3331 266 3435 323 634

204 417 224 449 ι
252 375 572 466 prehendam
586 390 759 443 vitam
778 394 1064 443 aeternam.
1088 409 1112 442 ››
1135 391 1453 463 Percipient
1481 397 1669 447 autem
1699 393 1982 464 inAquit,
2017 403 2272 448 evOmere
2308 411 2374 448 ex
2411 410 2507 448 ore
2546 411 2692 461 meo,
2741 394 2873 464 quia
2915 392 3053 447 dicis
3103 392 3250 464 quod
3285 393 3438 448 dives

199 486 360 539 futuro
380 481 568 535 saeculo
593 478 908 532 mercedem
927 496 1209 548 magnam,
1235 498 1335 551 pro
1354 480 1555 551 quibus
1576 482 1634 535 in
1654 482 1758 535 hoc

201 571 370 626 seculo
407 570 511 623 ista
545 567 772 620 faciunt.
807 567 952 620 Nam
997 573 1054 620 et
1088 570 1403 622 mercedem
1451 570 1758 640 percipient

199 662 356 724 talem,
393 674 510 728 quae
538 672 824 726 nunquam
878 657 1050 710 ullam
1090 658 1299 728 poterit
1324 658 1757 713 mutabilitatem

200 749 457 804 sustinere.
485 746 628 800 Nam
651 745 798 815 quod
818 745 977 810 dixit,
1007 765 1028 795 ι
1053 746 1501 811 fundamentum,
1521 765 1550 801 ii
1571 748 1758 801 ﬁrma-

200 843 411 892 mentum
433 851 625 889 eorum
645 833 821 887 voluit
845 834 1180 903 signiﬁcare.
1199 837 1606 906 Compendiose
1626 854 1756 890 vero

198 928 281 980 hoc
296 925 454 979 voluit
466 925 676 978 dicere:
696 923 933 994 praecipe
949 924 1076 990 illis,
1095 929 1160 978 ut
1178 941 1290 978 non
1304 943 1510 995 magna
1529 926 1753 996 sapiant

197 1004 389 1087 propter
413 1013 506 1066 illa
537 1030 661 1083 quae
690 1013 996 1083 possident,
1026 1019 1363 1084 cognoscant
1387 1031 1517 1068 vero
1557 1015 1750 1068 Domi-

195 1120 304 1158 num
327 1103 514 1156 horum
534 1101 642 1154 sibi
664 1118 787 1155 esse
809 1102 1154 1171 largitorem,
1180 1109 1236 1156 et
1256 1104 1383 1157 huic
1413 1120 1635 1174 semper
1653 1121 1752 1174 pro

196 1190 414 1246 omnibus
437 1189 540 1243 sibi
558 1189 790 1244 tributis
808 1191 1022 1260 gratias
1042 1190 1248 1245 debent
1267 1193 1494 1258 referre,
1512 1193 1570 1245 in
1595 1192 1755 1246 bonis

194 1280 415 1351 operibus
431 1279 865 1333 sollicitudinem
878 1281 1425 1351 expendentes,quod
1438 1299 1609 1352 parva
1621 1282 1756 1335 dan-

193 1377 258 1422 tes
273 1369 320 1422 in
333 1368 591 1440 praesenti
606 1368 720 1422 vita
735 1385 942 1438 magna
955 1369 1013 1422 in
1031 1369 1219 1423 futuro
1236 1371 1437 1424 saeculo
1460 1371 1750 1441 recipiant.

191 1459 359 1526 (ὒν-ες.)
389 1457 568 1510 Aliter
607 1473 740 1527 ergo
777 1457 1116 1511 admonendi
1163 1463 1296 1512 sunt
1333 1459 1545 1530 inopes,
1583 1465 1750 1530 atque

191 1547 322 1600 aliter
338 1546 658 1617 locupletes,
683 1546 793 1600 illis
818 1563 1062 1616 namque
1083 1547 1334 1601 conferre
1354 1549 1751 1602 consolationis

1839 499 1964 536 sum
1995 489 2051 536 et
2081 484 2348 553 locuples,
2379 490 2436 536 et
2463 483 2672 537 nullius
2703 489 2932 553 egeo,et
2949 483 3130 536 nescis
3147 482 3281 552 quia
3293 489 3357 536 tu
3377 499 3438 536 es

1839 570 2028 634 miser,
2064 575 2120 624 et
2149 570 2504 636 miserabilis,
2523 577 2578 624 et
2607 588 2839 642 pauper,
2860 576 2918 623 et
2944 587 3121 624 caecus
3146 576 3203 622 et
3221 571 3432 624 nudus:

1839 659 2046 712 suadeo
2079 659 2182 713 tibi
2213 676 2400 713 emere
2424 677 2459 713 a
2487 677 2577 713 me
2607 677 2809 714 aurum
2837 659 3077 728 ignitum
3109 663 3174 712 ut
3191 659 3438 729 locuples

1839 749 1960 813 ﬁas,
1992 755 2048 801 et
2093 749 2438 802 vestimentis
2467 749 2610 802 albis
2638 749 2908 814 induaris,
2945 753 3002 800 et
3028 765 3140 801 non
3168 753 3439 818 appareat
3516 807 3527 825 ‘

1838 837 2086 890 confusio
2130 838 2402 891 nuditatis
2438 844 2549 892 tute
2595 837 2780 908 (Apoc.
2815 841 2912 905 ιιι).
2958 856 2983 888 ))
3026 837 3170 891 Sunt
3205 853 3426 908 quoque

1838 926 2055 989 mediae,
2090 926 2146 980 id
2173 932 2275 992 est,
2311 943 2432 996 qua:
2460 926 2618 980 bona;
2639 933 2874 997 possunt
2893 943 3013 980 esse
3045 927 3128 979 vel
3151 926 3330 991 malae,
3366 927 3438 980 ad

1833 1019 2131 1085 utramque
2143 1015 2292 1068 enim
2309 1020 2526 1086 partem
2539 1032 2638 1086 pro
2651 1015 2882 1069 arbitrio
2894 1016 2977 1068 vel
2993 1014 3262 1084 qualitate
3277 1020 3436 1068 uten-

1834 1103 1975 1156 tium
1989 1104 2510 1158 transferuntur.De
2531 1104 2732 1174 quibus
2743 1104 2941 1157 beatus
2955 1105 3255 1175 Apostolus
3275 1122 3324 1156 :«
3342 1104 3437 1160 Di-

1837 1192 2061 1256 vitibus,
2077 1194 2175 1258 ait,
2206 1194 2400 1246 mundi
2415 1193 2584 1262 hujus
2614 1194 2852 1264 praecipe
2873 1209 2984 1246 non
3007 1191 3245 1246 sublime
3271 1210 3434 1264 sape-

1836 1298 1916 1346 re,
1936 1298 2037 1335 nec
2069 1299 2296 1352 sperare
2326 1283 2384 1334 in
2406 1282 2620 1335 incerto
2635 1282 2974 1348 divitiarum,
2994 1281 3091 1335 sed
3113 1282 3173 1335 in
3196 1282 3311 1335 Deo
3333 1283 3429 1352 qui

1837 1376 2067 1442 praestat
2095 1370 2254 1424 nobis
2285 1371 2506 1424 abunde
2538 1371 2726 1425 omnia
2755 1371 2824 1424 ad
2855 1370 3173 1435 fruendum,
3208 1369 3430 1424 benefa-

1836 1475 1977 1523 cere,
2034 1459 2194 1512 facile
2250 1458 2518 1524 tribuere,
2570 1459 3004 1524 communicare,
3054 1459 3436 1514 thesaurizare

1833 1548 1940 1601 sibi
1961 1548 2391 1602 fundamentum
2423 1549 2632 1602 bonum
2663 1548 2722 1601 in
2751 1547 3102 1613 futurum,ut
3119 1549 3434 1618 apprehen-

191 1636 410 1688 solatium
451 1641 654 1689 contra
692 1635 1134 1702 tribulationem,
1181 1636 1305 1690 istis
1364 1654 1492 1690 vero
1542 1637 1750 1691 inferre
1776 1703 1807 1708 __
1833 1637 1970 1690 dant
1997 1654 2184 1690 veram
2217 1637 2414 1704 vitam;
2439 1659 2462 1688 »
2490 1654 2627 1708 quas
2649 1637 2854 1690 iterum
2873 1637 3026 1690 dives
3053 1637 3144 1690 ille
3167 1637 3224 1690 in
3253 1637 3436 1690 Evan-

192 1731 366 1777 metum
412 1729 615 1778 contra
653 1724 950 1778 elationem
979 1724 1265 1779 debemus.
1299 1725 1456 1796 Inopi
1488 1727 1693 1796 quippe
1720 1743 1753 1780 a
1773 1703 1978 1795 Bgelio
2012 1727 2155 1792 (Luc.
2192 1726 2300 1794 xvi)
2332 1727 2600 1792 retinens,
2627 1743 2691 1779 ac
2725 1742 3081 1796 nequaquam
3126 1725 3431 1793 indigenti-

192 1812 387 1866 Domino
407 1830 507 1884 per
527 1813 865 1884 prophetam
895 1813 1102 1867 dicitur
1134 1831 1145 1864 :
1174 1832 1200 1866 α
1232 1815 1359 1868 Noli
1390 1815 1589 1868 timere
1619 1815 1753 1884 quia

189 1917 277 1954 non
293 1902 643 1956 confunderis
667 1905 941 1971 (Isa.L1v),
960 1921 986 1956 x-
1005 1903 1093 1956 cui
1124 1920 1236 1956 non
1264 1904 1426 1973 longe
1446 1909 1574 1973 post
1597 1903 1752 1957 blan-

186 1989 334 2055 diens,
363 1991 493 2044 dicit
525 2012 541 2046 :
579 2010 610 2042 α
640 1992 1006 2062 Paupercula,
1041 1997 1376 2062 tempestate
1405 1993 1684 2058 convulsa,
1715 2010 1749 2046 »

184 2095 482 2150 rursumque
519 2081 672 2133 hanc
710 2081 1050 2146 consolatur,
1084 2080 1274 2134 dicens
1313 2099 1324 2133 :
1371 2101 1392 2129 σ
1424 2081 1577 2150 Elegi
1605 2087 1662 2134 te
1692 2081 1750 2135 in

183 2167 367 2220 camino
388 2169 770 2239 paupertatis;
799 2189 822 2219 ι
849 2174 908 2222 at
935 2175 1131 2222 contra
1153 2171 1360 2223 Paulus
1383 2170 1654 2240 discipulo
1679 2170 1749 2224 de

181 2254 408 2310 divitibus
426 2257 602 2310 dicit:
629 2278 652 2308 ι
673 2257 949 2311 Divitibus
970 2258 1138 2328 hujus
1159 2258 1345 2311 saeculi
1369 2259 1608 2330 praecipe
1635 2276 1748 2313 non

181 2343 383 2413 superbe
404 2362 629 2416 sapere,
655 2363 836 2417 neque
856 2363 1082 2417 sperare
1109 2347 1168 2400 in
1189 2347 1402 2400 incerto
1422 2348 1747 2402 divitiarum

178 2448 390 2486 suarum.
416 2452 443 2486 »
472 2435 589 2488 Ubi
609 2437 919 2489 notandum
940 2436 1098 2489 valde
1121 2441 1222 2500 est,
1239 2436 1386 2505 quod
1412 2436 1746 2491 humilitatis

177 2519 337 2574 doctor
363 2523 701 2577 memoriam
739 2525 1008 2578 virtutum
1038 2525 1264 2589 faciens,
1299 2541 1409 2577 non
1448 2526 1545 2588 ait,
1588 2543 1742 2594 roga,

176 2609 252 2662 sed
270 2615 506 2679 praecipe,
532 2612 675 2682 quia
695 2611 798 2664 etsi
818 2611 1194 2683 impendenda
1212 2619 1299 2666 est
1313 2614 1493 2684 pietas
1513 2614 1748 2668 inﬁrmi—

176 2699 274 2762 tati,
296 2699 465 2753 honor
493 2707 695 2754 tamen
713 2716 822 2753 non
844 2701 1079 2755 debetur
1094 2702 1343 2756 elationi.
1365 2702 1592 2756 Talibus
1614 2720 1746 2774 ergo

173 2793 354 2841 rectum
375 2790 524 2859 quod
554 2789 781 2853 dicitur,
801 2794 959 2848 tanto
976 2791 1182 2844 rectius
1196 2791 1513 2857 adhibetur,
1537 2798 1748 2862 quanto

173 2884 217 2927 et
239 2876 290 2930 in
312 2876 474 2931 rebus
507 2877 857 2931 transitoriis
888 2879 1186 2933 altitudine
1216 2880 1571 2948 cogitationis
1602 2881 1750 2934 intu-

173 2972 409 3020 mescunt.
442 2967 526 3021 De
561 2966 651 3019 his
679 2966 736 3019 in
767 2967 1068 3037 Evangelia
1099 2969 1373 3022 Dominus
1404 2969 1572 3023 dicit:
1605 2989 1629 3020 ι
1654 2969 1748 3024 ναξ

171 3051 293 3106 vobis
318 3055 608 3118 divitibus,
627 3055 759 3125 quia
773 3055 990 3109 nabetis
1008 3057 1443 3111 consolationem
1457 3065 1697 3112 vestram
1717 3078 1743 3111 ››

171 3141 291 3204 (Luc.
307 3146 396 3212 vr),
411 3144 551 3214 quia
569 3144 719 3198 enim
732 3162 855 3215 quae
866 3151 998 3199 sunt
1021 3151 1231 3199 aeterna
1242 3146 1450 3217 gaudia
1466 3148 1742 3213 nesciunt,

171 3245 220 3282 ex
233 3233 506 3300 praesentis
523 3234 658 3288 vitae
677 3233 1024 3288 abundantia
1043 3235 1421 3289 consolantur.
1449 3236 1749 3290 Oﬁ‘erenda

169 3334 275 3388 ergo
309 3322 386 3375 eis
415 3329 504 3377 est
532 3323 865 3389 consolatio,
912 3340 1052 3394 quos
1097 3324 1351 3379 caminus
1396 3326 1744 3396 paupertatis

167 3411 406 3480 excoquit,
433 3419 615 3482 atque
647 3412 755 3465 illis
783 3412 1106 3466 inferendus
1128 3419 1212 3467 est
1243 3414 1430 3477 timor,
1451 3431 1590 3484 quos
1610 3431 1744 3468 con-

166 3495 332 3552 solatio
357 3501 563 3568 glorize
605 3502 933 3571 temporalis
963 3502 1206 3570 extollit;
1238 3509 1303 3555 ut
1332 3510 1388 3556 et
1413 3503 1494 3555 illi
1525 3503 1744 3557 discant

166 3586 274 3653 quia
297 3587 536 3656 divitias,
578 3606 718 3660 quas
757 3607 868 3644 non
899 3591 1176 3655 convenit,
1209 3591 1516 3661 possident,
1550 3599 1607 3644 et
1648 3592 1741 3646 isti

164 3683 469 3742 cognoscant
497 3678 640 3749 quia
676 3695 770 3732 eas
819 3695 959 3749 quas
996 3679 1348 3749 conspiciunt
1385 3697 1744 3751 nequaquam

162 3772 364 3830 possunt
384 3769 914 3837 tenere.(Paphnut.
940 3772 1002 3822 in
1025 3769 1240 3837 Callet.)
1268 3769 1573 3839 Tripartito
1595 3769 1744 3823 enim

162 3851 299 3905 modo
323 3855 380 3908 in
418 3856 732 3927 Scripturis
759 3857 967 3910 sanctis
997 3857 1392 3928 intelliguntur
1419 3858 1645 3924 divitiae,
1681 3859 1739 3914 id

160 3946 242 4002 θεῖς
263 3944 435 4011 malae,
465 3943 656 4011 bonae,
679 3945 878 4000 mediae
912 3964 923 4000 :
957 3953 1014 3999 et
1044 3947 1203 4000 mala:
1238 3947 1467 4017 quidem
1495 3953 1647 4012 sunt,
1674 3948 1742 4000 de

160 4027 332 4094 quibus
342 4032 562 4087 dicitur
577 4051 587 4084 :
609 4051 637 4085 ι
651 4034 860 4088 Divites
872 4040 1218 4104 egueruntet
1232 4035 1558 4089 esurierunt
1575 4038 1716 4103 (Psal
1724 4076 1736 4089 .

160 4123 340 4188 xxxiii).
385 4142 408 4172 ι
443 4122 514 4177 Et
554 4140 566 4174 :
602 4140 630 4174 ‹
657 4123 752 4177 Vae
782 4122 953 4180 vobis.
1006 4123 1224 4189 divites,
1274 4124 1406 4194 quia
1454 4124 1742 4194 recepistis

158 4210 574 4264 consolationem
584 4217 849 4265 vestram.
861 4213 1042 4276 »Quas
1054 4213 1226 4266 etiam
1237 4213 1462 4267 divitias
1473 4213 1541 4267 ab
1539 4215 1560 4283 j
1567 4214 1741 4268 ecisse

157 4308 352 4350 summa
372 4299 650 4368 perfectio
675 4306 776 4354 est.
801 4301 885 4355 Ad
909 4317 1150 4372 quarum
1169 4302 1587 4356 distinctionem
1607 4320 1743 4373 pau-

1757 4344 1806 4402 D

1835 1813 1938 1868 bus
1957 1814 2412 1880 subministrans,
2445 1816 2514 1868 de
2559 1816 2719 1884 cujus
2764 1815 2924 1868 micis
2975 1814 3170 1868 satiari
3218 1831 3434 1885 pauper

1832 1904 2075 1957 Lazarus
2122 1909 2252 1957 ante
2302 1904 2449 1956 fores
2482 1905 2603 1973 ejus
2634 1903 2917 1974 expositus
2971 1902 3248 1972 cupiebat,
3283 1903 3433 1956 into-

1831 1991 2078 2046 lerandis
2091 1993 2361 2062 gehennae
2373 1991 2595 2062 ignibus
2609 1999 2662 2046 et
2682 1997 2890 2046 aterno
2906 1992 3211 2061 deputatur
3221 1992 3429 2045 ardori.

1832 2082 1946 2134 Has
1974 2081 2148 2150 igitur
2167 2081 2412 2134 visibiles
2441 2081 2636 2134 mundi
2666 2080 2888 2134 divitias
2909 2080 3432 2149 relinquentes,non

1832 2176 2072 2235 nostras,
2097 2171 2196 2223 sed
2227 2170 2438 2224 alienas
2485 2169 2778 2239 abjicimus
2818 2169 3132 2235 facultates,
3177 2169 3432 2238 quamvis

1831 2275 1930 2326 eas.
1951 2259 2259 2328 gloriemur
2287 2260 2370 2312 vel
2392 2265 2582 2312 nostro
2611 2257 2799 2311 labore
2823 2257 3083 2328 quaesitas
3117 2257 3202 2309 vel
3235 2273 3434 2326 paren-

1828 2353 1951 2401 tum
1981 2348 2052 2400 ad
2083 2365 2184 2401 nos
2217 2347 2542 2401 haereditate
2570 2347 2946 2411 transmissas,
2980 2345 3122 2399 nihil
3157 2345 3328 2411 enim,
3362 2351 3428 2399 ut

1829 2437 1962 2501 dixi,
1997 2443 2253 2490 nostrum
2284 2443 2386 2502 est,
2410 2437 2516 2490 nisi
2547 2437 2652 2489 hoc
2667 2434 3079 2505 tantum,quod
3102 2435 3268 2488 corde
3298 2450 3430 2504 pos-

1830 2543 2066 2590 sessum,
2083 2531 2253 2597 atque
2283 2526 2483 2580 animae
2507 2530 2713 2578 nostra;
2735 2525 3019 2578 cohaerens
3039 2523 3312 2577 anemine
3328 2539 3428 2593 po-

1828 2621 1939 2668 test
1969 2631 2200 2685 prorsus
2220 2615 2448 2669 auferri.
2483 2615 2562 2668 De
2591 2614 2700 2667 illis
2735 2619 2922 2668 autem
2951 2611 3263 2666 visibilibus
3292 2613 3429 2666 divi-

1828 2705 1922 2757 tiis
1952 2704 2021 2757 ad
2051 2721 2164 2769 eos,
2201 2704 2296 2774 qui
2327 2704 2450 2757 illas
2479 2710 2749 2773 tanquam
2770 2702 3025 2772 proprias
3057 2706 3424 2767 retentantes,

1830 2793 2243 2846 communicare
2255 2791 2636 2862 indigentibus
2651 2791 3171 2862 nolunt,increpans
3181 2789 3433 2860 loquitur

1832 2882 2126 2936 Christus:
2166 2901 2191 2933 «
2226 2881 2284 2936 Si
2315 2881 2374 2934 in
2422 2881 2621 2935 alienis
2670 2880 2864 2933 ﬁdeles
2893 2897 3006 2933 non
3044 2878 3243 2942 fuistis,
3283 2877 3431 2948 quod

1831 2976 2076 3023 vestrum
2094 2975 2197 3034 est,
2212 2969 2336 3040 quis
2350 2967 2506 3022 dabit
2520 2968 2673 3022 vobis
2692 2968 2716 3021 ?
2740 2970 2886 3033 (Luc.
2912 2971 3046 3034 xvi.)
3077 2985 3100 3018 ))
3134 2965 3432 3020 Evidenter

1831 3059 2006 3129 igitur
2033 3059 2134 3112 has
2186 3059 2410 3112 divitias
2457 3058 2670 3112 alienas
2709 3073 2849 3122 esse,
2885 3072 2997 3110 non
3037 3055 3217 3108 solum
3248 3055 3430 3125 quoti-

1829 3148 2000 3201 diana
2037 3147 2384 3219 experientia
2403 3148 2581 3213 docet,
2605 3145 2973 3200 verumetiam
3005 3144 3288 3198 sententia
3315 3144 3426 3198 Do-

1831 3237 1969 3291 mini
1999 3237 2118 3307 ipsa
2141 3237 2515 3307 appellatione
2534 3235 2793 3305 signavit.
2809 3235 2888 3288 De
2909 3233 3278 3288 invisibilibus
3298 3249 3429 3289 vero

1830 3327 2199 3396 pessimisque
2233 3325 2440 3379 divitiis
2470 3325 2720 3395 loquitur
2749 3325 2949 3377 Petrus
2975 3324 3046 3376 ad
3076 3323 3379 3377 Dominum
3411 3339 3423 3374 :

1831 3433 1856 3464 «
1891 3416 2030 3468 Ecce
2060 3431 2162 3468 nos
2209 3414 2540 3484 reliquimus
2569 3413 2777 3478 omnia,
2813 3418 2870 3466 et
2903 3412 3079 3465 secuti
3123 3428 3319 3464 sumus
3343 3417 3419 3476 te,

1827 3503 1961 3573 quid
1993 3519 2126 3571 ergo
2165 3503 2274 3556 erit
2315 3501 2511 3555 nobis?
2544 3523 2568 3553 ι)
2611 3501 2829 3571 (Matth.
2867 3502 3005 3567 xxx.)
3040 3499 3191 3563 Quos
3227 3500 3424 3570 utique

1825 3592 1964 3645 nihil
2009 3592 2251 3662 amplius
2301 3607 2469 3662 quam
2519 3590 2808 3648 vilissima,
2855 3588 3246 3656 conscissaque
3286 3588 3428 3641 retia

1826 3687 2043 3735 certum
2071 3685 2158 3733 est
2187 3679 2497 3745 demisisse,
2523 3695 2644 3748 quae
2674 3677 2865 3730 omnia
2893 3676 3000 3730 nisi
3040 3676 3099 3728 in
3130 3676 3236 3729 hac
3263 3675 3426 3729 abre-

1828 3770 2182 3824 nuntiatione
2217 3767 2501 3831 vitiorum,
2535 3783 2658 3837 quae
2701 3782 2829 3818 vere
2877 3781 3083 3835 magna
3120 3771 3176 3818 et
3207 3781 3426 3818 summa

1827 3876 1947 3913 esse
1979 3858 2189 3912 fuerint
2215 3857 2518 3922 intellecta,
2549 3872 2652 3909 nec
2683 3854 2992 3926 pretiosum
3023 3853 3236 3924 aliquid
3269 3853 3425 3906 inve-

1825 3948 2015 4001 nimus
2045 3946 2329 4017 apostolos
2350 3945 2664 4016 reliquisse,
2688 3959 2790 3997 nec
2806 3943 3107 3997 Dominum
3136 3941 3421 4007 habuisse,

1825 4043 2055 4108 propter
2085 4036 2233 4106 quod
2253 4035 2364 4088 illis
2393 4040 2610 4088 tantam
2651 4032 3018 4086 beatitudinis
3044 4031 3286 4102 gloriam
3312 4031 3420 4084 lar-

1821 4126 2056 4195 giretur,
2070 4132 2134 4178 ut
2153 4123 2222 4178 ab
2243 4124 2439 4178 eodem
2462 4127 2816 4176 mererentur
2836 4121 3059 4175 audire:
3079 4140 3104 4170 «
3122 4121 3185 4175 In
3199 4136 3428 4190 regene-

1824 4215 2043 4268 rationc
2061 4231 2187 4267 cum
2209 4213 2419 4267 sederit
2438 4212 2586 4266 ﬁlius
2608 4212 2851 4265 hominis
2871 4211 2929 4264 in
2956 4211 3090 4266 sede
3111 4209 3427 4280 majestatis

1823 4321 1957 4368 sum,
1982 4303 2246 4356 sedebitis
2267 4307 2324 4356 et
2344 4319 2439 4355 vos
2454 4318 2624 4372 super
2644 4301 2804 4354 sedes
2833 4300 3147 4364 duodecim,
3171 4298 3426 4369 judican-

159 4396 294 4449 peres
314 4386 392 4440 illi
422 4393 581 4455 sunt,
602 4389 699 4458 qui
730 4389 787 4443 in
805 4391 1102 4461 Evangelio
1118 4391 1342 4444 Domini
1363 4407 1494 4444 voce
1511 4393 1743 4446 laudan—
1763 4386 1804 4402 "
1823 4400 1908 4447 tes
1939 4393 2232 4446 duodecim
2263 4391 2444 4445 tribus
2466 4391 2659 4445 Israel.
2698 4409 2723 4441 »
2759 4389 2815 4442 Si
2845 4389 3019 4457 igitur
3036 4387 3092 4439 hi
3113 4387 3208 4456 qui
3240 4386 3423 4456 perfe-

159 4475 262 4525 tur:
287 4492 312 4528 ι
333 4475 492 4530 Beati
527 4494 806 4549 pauperes
831 4479 1052 4550 spiritu,
1087 4480 1353 4550 quoniam
1381 4480 1631 4550 ipsorum
1657 4486 1744 4535 est

158 4574 365 4629 regnum
394 4567 675 4620 ccelorum
692 4569 904 4635 (Matth.
929 4568 1008 4639 v);
1045 4588 1072 4620 io
1099 4576 1156 4622 et
1181 4569 1244 4622 in
1271 4569 1486 4638 psalmo
1519 4588 1529 4622 :
1571 4588 1598 4621 α
1630 4571 1743 4624 Iste

158 4663 344 4722 panper
371 4654 662 4721 clamavit,
696 4663 753 4710 et
788 4657 1057 4711 Dominus
1099 4658 1380 4711 exaudivit
1417 4675 1546 4712 eum
1572 4660 1737 4724 (Psal.

158 4744 336 4808 xxxm),
384 4762 411 4795 ι
458 4750 520 4797 et
556 4744 766 4799 iterum
804 4763 815 4797 :
849 4766 871 4797 ι
921 4746 1144 4817 Pauper
1187 4751 1244 4800 et
1274 4747 1437 4817 inops
1491 4746 1743 4801 laudabit

159 4838 336 4882 nomen
393 4837 564 4885 tuum
609 4835 768 4901 (Ρςαι.
831 4837 1041 4904 Lxxm).
1077 4853 1105 4888 ι
1155 4835 1299 4889 Sunt
1345 4836 1516 4888 etiam
1560 4835 1736 4902 bonae,

158 4930 271 4982 quas
298 4921 612 4990 acquisisse
641 4939 858 4993 magna
895 4924 1118 4977 virtutis
1147 4940 1212 4977 ac
1239 4924 1425 4978 meriti
1457 4930 1561 4988 est,
1597 4941 1737 4995 quas

169 5002 237 5055 vir
276 5008 465 5075 justus
508 5010 802 5080 possidens
840 5011 1208 5077 collaudatur,
1255 5012 1475 5066 dicente
1518 5013 1736 5066 David:

162 5108 184 5140 ι
207 5093 501 5152 Generatio
543 5106 824 5155 rectorum
849 5100 1226 5155 benedicetur.
1243 5101 1436 5161 Gloria
1462 5107 1518 5155 et
1535 5101 1738 5156 divitiae

161 5177 206 5232 in
229 5182 386 5239 domo
431 5189 580 5257 ejus,
613 5195 670 5243 et
700 5190 924 5260 justitia
966 5192 1088 5260 ejus
1130 5196 1322 5244 manet
1367 5191 1423 5244 in
1471 5192 1736 5246 szeculum

159 5273 320 5326 saeculi
339 5277 513 5341 (Psal.
533 5281 639 5348 cxx)
668 5297 682 5344 ;
721 5297 744 5329 ι
778 5284 836 5332 et
861 5279 1068 5333 iterum
1094 5297 1104 5332 :
1132 5297 1160 5332 α
1183 5280 1516 5350 Redemptio
1534 5280 1736 5334 animae

160 5356 244 5412 Viri
269 5365 514 5434 propria
537 5366 740 5420 divitiae
772 5369 950 5431 (Prov.
981 5371 1111 5436 xm).
1139 5387 1166 5421 ι
1187 5369 1268 5422 De
1299 5369 1501 5439 quibus
1531 5369 1737 5423 divitiis

159 5445 204 5498 in
232 5451 572 5525 Apocalypsi
600 5455 804 5509 dicitur
832 5457 902 5510 ad
935 5456 1094 5511 illum
1122 5457 1218 5528 qui
1249 5474 1344 5512 eas
1381 5474 1493 5512 non
1524 5458 1738 5512 habens

161 5534 586 5608 Vituperabiliter
607 5561 824 5616 pauper
841 5549 899 5599 et
913 5546 1097 5600 nudus
1116 5552 1220 5612 est,
1241 5547 1545 5617 «incipiam
1565 5552 1642 5612 te,
1655 5547 1739 5602 in-

1825 4488 1911 4535 cte
1939 4487 2195 4536 terrenas
2239 4481 2375 4533 istas
2427 4478 2779 4546 visibilesque
2823 4475 3086 4528 abdicant
3128 4473 3425 4528 facultates

1825 4571 1991 4624 certis
2022 4586 2088 4623 ex
2116 4569 2318 4633 causis,
2365 4568 2434 4620 ad
2478 4567 2634 4620 illam
2680 4563 3058 4634 Apostolicam
3091 4561 3423 4616 charitatem

1825 4658 2115 4730 pervenire
2145 4675 2257 4711 non
2287 4661 2539 4727 possunt,
2564 4670 2666 4708 nec
2689 4653 2848 4706 illum
2876 4650 3260 4704 sublimiorem
3289 4668 3422 4722 pau-

1823 4764 2131 4817 corumque
2187 4745 2491 4799 admodum
2541 4739 2974 4799 renuntiationis
3019 4740 3256 4794 tertium
3295 4758 3420 4811 gra-

1823 4837 1957 4889 dum
1982 4835 2239 4906 expedito
2269 4838 2482 4905 queunt
2511 4832 2700 4902 vigore
2749 4829 3140 4893 conscendere,
3176 4831 3308 4901 quid
3340 4831 3421 4884 illi

1821 4926 1890 4979 de
1907 4924 2224 4995 semetipsis
2239 4922 2493 4994 judicare
2515 4919 2919 4990 debebunt,qui
2939 4936 3009 4972 ne
3031 4920 3278 4989 primum
3293 4921 3419 4990 qui-

1821 5014 1968 5080 dem,
2006 5031 2128 5084 qum
2158 5012 2437 5083 perfacilis
2465 5017 2566 5078 est,
2607 5009 2846 5081 perfecte
2878 5007 3213 5078 arripientes
3253 5013 3422 5078 atque

1821 5103 2083 5173 antiquas
2104 5102 2470 5173 pecuniarum
2487 5115 2717 5153 suarum
2735 5097 2926 5150 sordes
2941 5113 3068 5150 cum
3092 5095 3422 5150 inﬁdelitate

1819 5192 2057 5263 pristina
2076 5196 2440 5255 retentantes,
2466 5188 2616 5242 nudo
2640 5193 2861 5241 tantum
2883 5184 3417 5240 sibimetautumant

1819 5280 2113 5334 hominum
2145 5279 2410 5333 vocabulo
2429 5274 2822 5348 gloriandum?
2853 5274 2998 5343 Ergo
3026 5273 3206 5344 prima
3237 5290 3405 5344 quam

1819 5370 2060 5424 diximus
2089 5367 2502 5422 abrenuntiatio
2525 5382 2711 5419 rerum
2734 5363 3048 5416 alienarum
3067 5362 3414 5434 est,ideoque

1819 5475 1920 5530 per
1946 5475 2006 5511 se
2035 5458 2212 5512 solam
2244 5456 2643 5528 perfectionem
2659 5450 3004 5505 renuntianti
3027 5450 3278 5505 conferre
3300 5468 3412 5505 non

1819 5546 2042 5614 sufﬁcit,
2074 5547 2185 5601 nisi
2212 5545 2529 5617 pervenerit
2556 5543 2626 5597 ad
2658 5539 2979 5606 secundam,
3012 5557 3136 5612 quae
3166 5557 3294 5594 vere
3319 5540 3412 5594 ab-
