3866 6158
451 297 556 360 σεδ

1037 297 1102 357 Β.
1141 295 1415 363 mm
1461 293 1694 358 mea:
1731 295 2074 362 maiae.
2113 293 2438 362 meeum,
2483 263 2780 362 animus
2817 281 3002 358 eius
3038 289 3136 359 HI.-
3196 341 3202 345 .
3257 285 3262 292 '

3581 295 3679 370 53.6

451 425 795 484 renuntiatio
823 439 1012 483 rerum
1041 427 1362 484 nostrarum
1384 426 1489 488 est,
1523 439 1698 494 quam
1727 423 1917 494 adepti
1947 438 2044 480 ex-
2065 423 2117 484 Α
2131 421 2334 486 dicere.
2359 427 2416 483 et
2441 420 2856 487 inconveniens,
2888 418 2986 490 qui
3014 422 3072 480 et
3097 419 3480 484 controversias
3504 426 3669 486 contra

452 515 706 586 pulsione
725 513 978 571 omnium
1009 511 1488 576 vitiorum,tertiae
1513 529 1736 583 quoque
1767 512 2050 570 abrenun-

453 603 705 660 tiationis
735 603 960 673 fastigia
988 601 1448 666 conscendemus,
1478 618 1580 672 per
1619 619 1788 672 quam
1816 619 1926 656 non
1957 619 2049 655 se-
2087 651 2090 655 .

450 691 570 760 lum
590 691 797 756 omnia,
829 709 952 762 quae
983 691 1043 748 in
1074 691 1178 748 hoc
1198 691 1409 746 munde
1437 696 1734 760 geruntur,
1761 691 1846 745 vel
1877 690 2050 761 parti-

451 780 680 848 culatim
691 780 760 835 ab
773 779 1093 837 hominibus
1105 779 1480 850 possidentur,
1489 796 1680 834 verum
1687 780 1857 836 etiam
1869 780 2050 849 ipsam

450 875 780 928 cunctorum
810 869 1216 926 elementorum
1241 869 1799 940 plenitudinem,quae
1821 874 2052 940 putatur

449 974 569 1014 esse
597 959 914 1030 magniﬁca,
933 963 1205 1029 tanquam
1234 957 1469 1017 vanitati
1499 957 1810 1030 subjectam
1840 963 1897 1011 et
1923 975 2051 1014 mox

445 1048 834 1113 transituram,
864 1047 1324 1102 transcendentes
1346 1047 1535 1102 animo
1564 1063 1628 1102 ac
1658 1051 1848 1102 mente
1869 1045 2051 1116 despi-

447 1136 679 1202 ciemus,
715 1137 1000 1194 intuentes
1027 1137 1302 1192 duntaxat
1338 1135 1646 1192 secundum
1693 1136 2046 1206 Apestolum,

452 1242 480 1276 «
509 1225 636 1280 Non
659 1241 728 1280 ea
756 1241 878 1296 quae
911 1225 1187 1290 videntur,
1210 1224 1307 1278 sed
1337 1241 1460 1294 quae
1482 1240 1594 1278 non
1617 1223 1900 1278 videntur:
1928 1241 2050 1294 qua

449 1314 601 1370 enim
631 1313 892 1371 videntur
915 1313 1250 1384 temporalia
1277 1319 1428 1376 sunt,
1448 1329 1571 1382 quae
1604 1319 1796 1366 autem
1828 1329 1940 1366 non
1969 1313 2050 1370 vi-

449 1401 657 1458 dentur
685 1409 896 1460 aeterna
914 1405 994 1468 (ll
1013 1403 1134 1458 Ger.
1159 1411 1230 1464 iV)
1260 1420 1272 1469 ;
1303 1421 1327 1453 ››
1351 1407 1416 1456 ut
1443 1401 1523 1456 ita
1553 1401 1781 1462 demum
1799 1401 1936 1456 illud
1955 1418 2050 1456 su-

449 1507 710 1562 premum
729 1508 1053 1548 mereamur
1065 1490 1436 1561 audire.quod
1448 1490 1655 1550 dicitur
1667 1490 1736 1544 ad
1748 1490 2050 1555 Abraham,

454 1599 481 1631 α
513 1580 582 1636 Et
610 1580 736 1639 veni
783 1581 843 1640 in
892 1587 1102 1637 terram
1147 1595 1317 1650 quam
1357 1585 1740 1636 monstravere
1771 1579 1869 1640 tibi
1899 1580 2050 1646 (Gen.

450 1668 571 1738 xu).
609 1687 634 1721 )›
683 1670 792 1724 Per
849 1670 998 1740 quod
1046 1669 1334 1725 evidenter
1372 1668 1689 1726 ostenditur
1737 1669 1905 1738 quod,
1943 1668 2052 1725 nisi

2131 512 2427 566 veritatem
2441 510 2758 580 excogitant
2771 507 2874 563 sub
2893 507 3116 562 nomine
3125 507 3359 566 scientiae
3373 525 3526 578 quam
3544 527 3672 566 men-

2133 601 2221 655 titi
2249 601 2598 666 insimulant,
2624 599 3072 670 promittuntque
3099 613 3157 650 se
3187 597 3463 652 scientiam
3476 598 3670 664 habere,

2131 689 2297 760 longe
2325 696 2516 744 autem
2540 689 2892 758 multumque
2912 687 3123 744 distant
3149 703 3184 738 a
3204 686 3327 740 (ide.
3350 687 3488 742 Bene
3515 693 3674 755 autem

2133 783 2192 832 et
2205 777 2751 842 commendationem
2775 777 2915 830 dixit
2931 777 3253 845 degmatum
3273 776 3672 845 scrupulositate,

2133 872 2199 926 ut
2223 867 2546 926 ostenderet
2575 867 2772 936 magis,
2809 865 2956 936 quod
2986 864 3357 920 necessarium
3385 863 3453 922 sit
3465 865 3581 920 eiut
3603 883 3677 920 cu-

2133 955 2341 1018 stodiat
2369 957 2484 1022 illa,
2519 973 2642 1027 quae
2689 955 2758 1009 ab
2815 971 2880 1016 eo
2921 953 3151 1024 accepit,
3195 953 3326 1024 quia
3361 959 3415 1008 et
3447 953 3677 1024 exigenda

2133 1051 2266 1100 sunt
2295 1045 2394 1098 illa
2411 1061 2535 1116 quae
2563 1043 2674 1098 sibi
2706 1048 2840 1100 sunt
2870 1043 3276 1106 commendata.
3298 1042 3599 1110 (Greg.)Q|1i
3620 1043 3676 1098 ad

2134 1151 2275 1186 verae
2306 1133 2718 1204 praedicationis
2745 1133 2916 1187 verba
2960 1150 3020 1190 se
3059 1137 3350 1202 praeparat,
3383 1147 3585 1186 necesse
3611 1138 3678 1186 est

2134 1226 2198 1276 ut
2243 1239 2538 1286 causarum
2583 1222 2826 1293 origines
2867 1238 2902 1275 a
2946 1221 3120 1276 sacris
3162 1219 3378 1290 paginis
3423 1227 3602 1284 sumat,
3630 1226 3680 1274 ut

2134 1327 2298 1368 omne
2329 1313 2478 1382 quod
2509 1311 2777 1382 loquitur,
2810 1311 2882 1364 ad
2913 1310 3113 1366 divinae
3155 1308 3490 1372 auctoritatis
3513 1309 3678 1364 funda-

2135 1406 2392 1456 mentum
2421 1406 2660 1466 revecet,
2692 1407 2860 1471 atque
2881 1400 2940 1454 in
2960 1415 3025 1453 eo
3045 1398 3338 1464 mdiﬁcium
3359 1413 3465 1452 sum
3485 1397 3679 1452 locutio-

2137 1489 2226 1544 nis
2255 1491 2459 1556 ﬁrmet,
2494 1495 2558 1547 ut
2575 1490 2724 1544 enim
2753 1489 3109 1560 praediximus
3140 1504 3285 1558 saepe
3314 1486 3543 1542 haeretici
3573 1486 3679 1544 dum

2136 1594 2241 1634 sua
2270 1579 2500 1634 student
2547 1596 2809 1650 perversa
2861 1583 3134 1643 astruere,
3176 1593 3245 1630 ea
3279 1575 3551 1646 proferunt
3583 1591 3681 1645 quo:

2101 1670 2106 1674 ’
2135 1667 2382 1736 profecto
2409 1668 2470 1722 in
2498 1684 2786 1722 sacrorum
2822 1666 3092 1722 librorum
3115 1665 3332 1736 paginis
3351 1664 3681 1720 continentur.

451 1758 547 1828 qui
605 1763 720 1812 tres
747 1759 1094 1828 _superiores
1144 1758 1268 1812 illas
1324 1756 1846 1814 abrenuntiationes
1897 1757 2051 1812 omni
2071 1745 2118 1804 Β
2137 1757 2296 1816 Unde
2326 1762 2384 1812 et
2412 1757 2746 1828 discipulum
2778 1773 2944 1810 suum
2992 1755 3322 1826 praedicator
3348 1753 3583 1822 egregius
3610 1752 3684 1810 ad-

453 1846 770 1920 impleverit
820 1847 1025 1904 mentis
1081 1847 1300 1911 ardore,
1351 1846 1421 1902 ad
1469 1851 1736 1916 quartum
1775 1847 1880 1900 hoc
1924 1863 2052 1916 per-

2136 1851 2329 1901 monet
2375 1847 2568 1902 dicens
2601 1864 2612 1898 :
2667 1865 2692 1896 «
2729 1847 2774 1900 Ο
2803 1845 3117 1910 Timothee,
3167 1843 3474 1914 depositum
3505 1841 3684 1898 custodi

449 1935 640 1992 venire
669 1953 782 1990 non
807 1937 1002 2006 possit,
1043 1935 1194 2006 quod
1219 1935 1690 1990 remunerationis
1736 1951 1800 1988 ac
1839 1935 2054 2006 praemii
2135 1935 2390 1990 devitans
2447 1936 2706 2005 profanas
2755 1951 2952 1990 vocum
3003 1933 3315 1988 novitates:
3353 1951 3376 1984 ι»
3425 1931 3546 2002 quia
3580 1929 3686 1991 dum

445 2025 564 2080 vice
593 2024 834 2095 perfecte
853 2023 1198 2084 renuntianti
1220 2023 1507 2088 tribuitur,
1526 2023 1581 2084 id
1613 2029 1714 2086 est,
1750 2028 1814 2078 ut
1842 2030 2054 2083 terram
2137 2023 2358 2086 laudari
2385 2024 2633 2078 haeretici
2664 2030 2934 2094 tanquam
2964 2023 3034 2076 de
3064 2020 3355 2088 excellenti
3386 2019 3588 2090 ingenio
3611 2035 3688 2084 cn-

449 2112 902 2183 repromissionis
943 2116 1229 2171 mereatur
1269 2112 1504 2175 intrare,
1547 2127 1905 2182 nequaquam
1945 2111 2051 2166 sibi
2135 2112 2642 2184 piunt,quasineva
2658 2112 2917 2183 quaedam
2938 2109 3442 2182 proierunt,sicque
3455 2107 3688 2172 ﬁtutdum

443 2202 564 2272 jam
583 2201 848 2259 vitiorum
867 2201 1058 2272 spinas
1087 2217 1151 2254 ac
1178 2199 1417 2254 tribules
1459 2199 1895 2270 germinantem,
1929 2217 2052 2270 quae
2139 2201 2314 2256 videri
2343 2201 2626 2272 sapientes
2654 2201 2978 2260 desiderant
2997 2200 3222 2258 miseris
3246 2199 3360 2257 suis
3381 2196 3683 2262 auditoribus

444 2295 572 2361 post
585 2290 967 2361 expulsionem
981 2289 1306 2360 passionum
1321 2295 1650 2351 cunctarum
1669 2288 1917 2359 puritate
1929 2305 2049 2342 cer-
2137 2290 2392 2354 stultitiae
2420 2291 2638 2348 semina
2667 2296 2957 2361 spargunt.
2988 2289 3184 2356 (σαεξ.)
3214 2289 3294 2361 De
3329 2287 3447 2341 istis
3473 2301 3590 2356 ergo
3615 2285 3690 2355 qui

451 2379 539 2435 dis
558 2379 620 2434 in
650 2379 754 2437 hoc
767 2395 999 2450 corpore
1028 2378 1602 2452 possidebitur,quam
1633 2393 1746 2439 non
1769 2377 1946 2432 virtus
1969 2378 2055 2438 vel
2136 2378 2441 2448 imaginem
2459 2379 2762 2449 quamdam
2779 2377 3024 2444 scientiae
3043 2377 3308 2443 videntur
3336 2373 3689 2446 acquirere,vel

451 2467 730 2538 industria
747 2467 1055 2526 laborantis
1085 2466 1424 2523 monstrabit
1441 2467 1618 2531 ei,sed
1639 2466 1759 2536 ipse
1783 2467 2055 2523 Dominus
2137 2467 2208 2520 de
2239 2467 2326 2522 his
2375 2468 2471 2538 qui
2500 2468 2636 2526 dum
2683 2484 2970 2525 sacrorum
3009 2467 3358 2532 voluminum
3403 2462 3603 2518 lectioni
3640 2478 3691 2514 ac

459 2562 819 2633 ostensurum
840 2573 902 2610 se
928 2573 1050 2612 esse
1071 2555 1382 2626 promittit:
1404 2573 1430 2608 (ί
1455 2555 1525 2609 Et
1545 2555 1689 2621 veni,
1713 2555 2058 2625 inquiens,in
2140 2555 2426 2618 memoriae
2445 2556 2852 2628 scripturarum
2869 2556 3174 2627 diligenter
3201 2549 3690 2619 insistunt,carnalia

459 2651 669 2701 terram
686 2661 857 2716 quam
875 2650 1258 2700 monstravere
1271 2643 1392 2706 tibi,
1416 2663 1442 2694 »
1467 2643 1577 2698 Per
1595 2643 1743 2713 quod
1763 2645 2058 2699 manifeste
2139 2648 2332 2708 tamen
2376 2645 2512 2710 vitia
2539 2661 2654 2698 non
2684 2645 3030 2714 relinquunt,
3064 2644 3126 2700 in
3175 2641 3475 2714 proverbiis
3501 2641 3688 2710 elegan-

447 2733 720 2806 prebatur
739 2739 796 2792 et
823 2733 1048 2792 initium
1070 2738 1276 2792 nostrae
1301 2732 1500 2787 salutis
1523 2732 1748 2788 Domini
1772 2733 2058 2788 vocatione
2140 2735 2230 2786 ter
2247 2734 2597 2804 exprimitur.
2617 2751 2641 2785 (‹
2662 2735 2819 2792 Sicut
2835 2733 3051 2795 inauris
3071 2749 3249 2789 aurea
3274 2733 3332 2785 in
3354 2729 3565 2786 naribus
3577 2727 3686 2790 suis,

447 2822 570 2880 ﬁeri
595 2821 850 2889 dicentis,
869 2840 894 2873 «
921 2821 1020 2879 Exi
1052 2821 1120 2879 de
1152 2825 1305 2878 terra
1333 2826 1452 2885 tua,
1482 2840 1506 2873 ››
1535 2826 1592 2884 et
1613 2822 2052 2885 consummatie-
2136 2821 2220 2876 ita
2257 2822 2508 2883 mulieris
2537 2823 2687 2886 male
2716 2829 2948 2880 moratae
2979 2821 3192 2892 species
3225 2821 3502 2888 (Proem).
3521 2836 3545 2870 ν
3574 2814 3690 2881 Quid

447 2927 577 2969 nem
607 2910 962 2982 perfectionis
980 2926 1046 2964 ac
1068 2909 1334 2980 puritatis
1356 2909 1426 2962 ab
1457 2909 1656 2969 eodem
1673 2909 1936 2966 similiter
1949 2911 2050 2966 tri-
2135 2910 2284 2964 enim
2319 2912 2548 2982 prodest
2587 2913 2913 2982 quempiam
2955 2914 3352 2975 ornamentum
3384 2907 3689 2977 eloquiorum

450 2999 700 3066 bui,cum
719 2999 854 3062 dicit
880 3017 906 3050 «
925 2999 996 3054 Et
1011 2999 1137 3055 veni
1159 2998 1217 3054 in
1233 3005 1640 3069 terram,quam
1669 3005 2052 3054 monstravere
2083 3066 2113 3071 μ
2135 2999 2444 3062 caelestium
2456 3001 2682 3056 etillam
2699 3000 3165 3071 pretiosissimam
3191 2999 3691 3069 Scripturarumspe-

449 3088 570 3155 tibi,
607 3109 632 3142 ››
668 3089 724 3142 id
762 3094 865 3146 est.
903 3103 1014 3146 non
1048 3104 1218 3158 quam
1244 3093 1308 3147 tu
1339 3104 1404 3142 ex
1442 3066 1739 3158 temetipso
1770 3089 1852 3144 vel
1887 3089 2052 3150 indu-
2075 3066 2116 3124 Ο
2135 3088 2277 3151 ciem
2308 3089 2594 3160 consequi,
2618 3090 2666 3151 si
2694 3066 2820 3144 eam
2849 3089 3148 3150 lutulentis
3177 3066 3434 3159 operibus
3471 3085 3547 3140 vel
3587 3099 3687 3138 sen-

449 3177 590 3232 stria
631 3182 733 3235 tua
776 3177 961 3232 valeas
1007 3176 1269 3247 reperire,
1313 3177 1410 3234 sed
1454 3193 1625 3248 quam
1675 3194 1778 3246 ego
1806 3177 1908 3232 tibi
1939 3195 2054 3238 non
2135 3177 2288 3238 sibus
2317 3178 2661 3243 inhaerende,
2679 3179 2840 3249 quasi
2857 3177 3372 3240 immundissimam
3390 3170 3692 3246 subjicienda

424 3256 632 3324 solum
651 3266 957 3336 ignoranti,
989 3265 1086 3324 sed
1111 3266 1283 3322 etiam
1303 3283 1416 3328 non
1437 3265 1747 3336 inquirenti
1779 3272 2054 3328 menstra-
2135 3266 2470 3337 confringet,
2503 3274 2602 3321 aut
2641 3268 2877 3322 comesis
2920 3267 3222 3326 libidinum
3262 3281 3484 3322 suarum.
3509 3261 3689 3334 polluat

449 3372 600 3412 vero.
631 3357 869 3425 (Ambr.)
893 3355 1094 3414 Dicens
1121 3360 1310 3417 autem
1342 3355 1412 3409 de
1449 3354 1713 3415 divitibus
1744 3356 1952 3412 iterum
1981 3357 2051 3420 ad
2133 3355 2480 3411 volutabris?
2501 3357 2625 3412 Fiet
2641 3357 2794 3418 enim
2819 3363 2884 3412 ut
2901 3356 2959 3410 id
2981 3357 3132 3426 quod
3155 3363 3306 3420 recte
3318 3351 3584 3409 utentibus
3608 3348 3686 3404 de-

448 3444 727 3506 Timotbei
755 3460 816 3498 se
844 3443 1013 3499 vertit
1042 3459 1359 3514 personam,
1381 3443 1462 3504 illi
1492 3460 1614 3514 quae
1639 3444 1908 3514 praedicta
1937 3444 2054 3502 fue-
2135 3445 2249 3508 cori
2305 3462 2426 3500 esse
2469 3446 2774 3512 consuevit,
2825 3462 2936 3507 non
2982 3445 3169 3499 solum
3210 3446 3347 3502 istos
3387 3457 3570 3504 ornare
3603 3451 3692 3494 non

447 3538 578 3590 rant
604 3537 990 3603 competenter
1019 3532 1315 3606 adjiciens.
2134 3534 2327 3604 possit,
2355 3535 2726 3598 verumetiam
2766 3535 2998 3604 majoris
3026 3535 3173 3593 cceni
3208 3533 3508 3590 colluvione
3531 3527 3690 3587 sorde—

526 3639 551 3674 «
593 3622 639 3676 Ο
660 3620 967 3692 Timotheo,
999 3621 1317 3692 depositum
1345 3621 1562 3682 custodi
1592 3621 1845 3684 devitans
1869 3621 2052 3691 profa-
2133 3629 2282 3676 seat:
2309 3636 2376 3677 ex
2403 3640 2500 3680 ore
2530 3624 2680 3678 enim
2712 3623 3020 3694 peccatoris
3038 3640 3154 3678 non
3178 3630 3266 3682 est
3287 3622 3511 3694 pulchra
3530 3615 3690 3679 lauda-

453 3728 482 3761 α
511 3727 614 3766 nas
638 3726 836 3768 vocum
865 3711 1234 3776 novitates,et
1247 3709 1630 3780 oppositiones
1648 3709 1782 3767 .falsi
1805 3710 2049 3774 nominis
2130 3711 2230 3776 tio,
2255 3712 2345 3771 cui
2374 3711 2581 3775 dicitur
2599 3730 2700 3782 per
2723 3713 3065 3782 Prophetam
3099 3731 3110 3765 :
3151 3734 3176 3772 (ς
3210 3713 3394 3776 Quare
3420 3718 3480 3772 tu
3499 3719 3691 3766 enarras

453 3817 481 3855 (ς
511 3799 776 3865 scientia,
810 3815 981 3870 quam
1001 3799 1230 3870 quidam
1263 3799 1678 3869 promittentes,
1705 3799 1853 3854 circa
1881 3799 2049 3866 ﬁdem
2128 3801 2379 3870 justitias
2409 3818 2563 3857 meas
2584 3807 2642 3855 et
2667 3802 2846 3862 sumis
2872 3807 3281 3868 testamentum
3312 3816 3492 3862 meum
3533 3811 3619 3866 Per
3641 3809 3690 3853 os

452 3907 478 3940 ‹‹
511 3887 854 3947 exciderunt.
892 3907 918 3941 »
945 3888 1026 3946 De
1053 3887 1164 3948 illis
1195 3887 1346 3947 enim
1365 3887 1470 3942 hoc
1497 3889 1558 3950 in
1588 3889 1708 3944 loco
1724 3888 2055 3954 dicit.tu,in-
2117 3890 2957 3960 .tuum(Psal.xux)‘?»[Ambr.]
2987 3891 3401 3948 Consummans
3425 3880 3688 3942 veroinhis

449 3978 590 4048 quit,
624 3977 844 4034 custodi
874 3977 1044 4036 fidem
1075 3977 1228 4036 omni
1261 3975 1468 4042 virtute
1496 3977 1784 4034 declinans
1819 3993 1932 4044 eos,
1958 3978 2053 4048 qui
2137 3977 2464 4047 Epistulam,
2489 3985 2815 4043 consuetam
2835 3979 3028 4050 adjicit
3047 3973 3692 4038 salutationeminultima

449 4066 732 4122 contraria
748 4065 969 4129 docent,
997 4071 1054 4120 et
1083 4079 1310 4134 semper
1336 4065 1656 4134 excogitant
1675 4065 1889 4136 aliquid
1925 4066 2052 4128 novi
2135 4073 2295 4136 parte
2327 4068 2587 4137 Epistolas
2616 4068 2806 4124 dicens
2830 4087 2841 4122 :
2882 4087 2908 4120 «
2939 4068 3139 4125 Gratia
3166 4075 3374 4124 tecum.
3397 4069 3581 4126 Amen-
3611 4082 3632 4112 ι)

713 4328 1250 4477 LIBER
1423 4328 2402 4463 VICESIMUS
2579 4334 3472 4491 QUARTUS.

871 4629 1437 4728 EXPOSITIO
1488 4629 1607 4705 IN
1645 4629 2251 4707 EPISTOLAM
2289 4633 2367 4706 II
2418 4633 2567 4721 AD
2607 4634 3286 4732 TIMOTHEUM.

1913 4547 2303 4568 ~—

984 4873 1512 4928 ARGUMENTUM.

2132 4881 2222 4930 rat
2257 4882 2316 4930 et
2337 4877 2418 4931 sic
2446 4877 2750 4947 Epistolam
2777 4877 2851 4931 ad
2873 4893 3002 4931 eum
3032 4875 3246 4940 scribit,
3279 4875 3435 4947 quasi
3462 4871 3626 4927 adhuc
3646 4866 3693 4919 in

521 4960 829 5032 Epistolam
856 4961 1015 5016 Pauli
1035 4962 1106 5016 ad
1123 4963 1481 5017 Timotheum
1497 4961 1806 5026 secundum
1824 4978 2053 5017 sensum

450 5051 844 5122 oxplicaturus,
875 5056 1272 5120 argumentum
1294 5053 1436 5122 ejus,
1473 5056 1536 5105 ut
1566 5051 1737 5104 moris
1755 5057 1841 5106 est
1863 5051 2044 5116 nobis,

449 5139 711 5211 primitus
742 5139 1141 5211 explicabimus
1165 5159 1177 5206 ;
1203 5141 1428 5194 evidens
1450 5145 1536 5194 est
1557 5140 1708 5194 enim
1736 5139 2051 5210 illud,quod

451 5244 563 5283 non
593 5235 719 5300 post
747 5230 986 5300 primam
1039 5229 1346 5299 Epistolam
1391 5229 1563 5282 etiam
1601 5229 1745 5283 hanc
1795 5229 2052 5298 protinus

451 5317 758 5386 scripserit,
802 5318 900 5380 sed
927 5323 985 5372 et
1011 5334 1114 5371 nec
1147 5317 1216 5370 de
1248 5316 1446 5371 iisdem
1482 5317 1769 5387 scripserit
1797 5317 1950 5384 locis,
1984 5319 2052 5372 de

455 5404 659 5476 quibus
687 5407 930 5476 primam
959 5407 1116 5460 illam
1131 5405 1436 5476 scripserat
1455 5405 1780 5476 Epistolam.
1804 5407 2052 5462 Primam

452 5493 604 5548 enim
614 5493 1025 5559 scribens,dicit
1037 5514 1048 5548 :
1061 5495 1252 5550 «Sicut
1267 5495 1457 5564 rogavi
1470 5501 1525 5549 te
1544 5495 1824 5552 sustinere
1844 5495 2049 5567 Ephesi

455 5585 510 5652 (-I
540 5583 680 5637 Tim.
709 5586 747 5652 ι)
783 5601 832 5651 ι,
864 5583 1164 5638 ostendens
1193 5583 1461 5655 quoniam
1504 5583 1621 5639 illic
1648 5601 1778 5656 eum
1807 5585 2053 5656 relique-

2133 4963 2244 5018 illis
2273 4965 2410 5020 locis
2457 4971 2932 5033 commerantem;
2963 4965 3023 5019 in
3075 4965 3180 5030 hac
3212 4983 3342 5019 vero
3382 4960 3611 5036 Epistula
3647 4955 3695 5013 in

2133 5053 2244 5106 ﬁne
2273 5053 2467 5108 scribit
2497 5072 2508 5105 :
2547 5072 2573 5105 «
2606 5055 2931 5124 Tychicum,
2971 5074 2995 5106 n
3029 5055 3232 5124 inquit,
3268 5073 3293 5106 α
3327 5051 3520 5124 Ephesi
3546 5042 3692 5108 direxi

2134 5141 2280 5196 adte
2311 5144 2392 5208 (II
2418 5145 2556 5197 Tim.
2589 5141 2685 5212 Iv),
2721 5161 2748 5196 )>
2771 5144 2932 5214 quasi
2969 5143 3173 5214 Ephesi
3197 5143 3380 5197 adhuc
3405 5137 3691 5197 Timotheus

2133 5237 2469 5296 moraretur,
2513 5233 2736 5302 quando
2765 5239 2824 5286 et
2851 5233 2996 5288 hanc
3025 5233 3094 5286 ad
3125 5249 3256 5296 eum
3294 5229 3560 5294 scribebat
3583 5222 3690 5293 Epi-

2134 5320 2358 5374 stolam.
2392 5321 2461 5374 Et
2507 5321 2748 5390 primam
2783 5321 3010 5392 quidem
3043 5315 3132 5374 sic
3165 5320 3448 5392 scripsisse
3483 5316 3548 5370 ad
3585 5325 3691 5366 eum

2136 5408 2531 5474 manifestavit,
2564 5417 2630 5463 ut
2658 5415 2716 5463 et
2743 5409 3058 5464 insinuaret
3087 5409 3236 5481 quod
3257 5425 3367 5463 non
3397 5407 3564 5460 multo
3589 5403 3692 5472 post

2133 5502 2386 5568 tempore
2404 5497 2480 5553 sit
2499 5498 2620 5568 ipse
2639 5498 2709 5554 ad
2730 5515 2862 5553 eum
2878 5503 3148 5554 venturus
3174 5516 3186 5551 :
3205 5497 3342 5553 dicit
3358 5497 3502 5552 enim
3517 5513 3528 5547 :
3545 5511 3570 5548 α
3583 5491 3691 5545 Hac

2134 5585 2238 5642 tibi
2262 5585 2468 5655 scribo,
2482 5603 2716 5658 sperans
2735 5604 2828 5643 me
2845 5589 3034 5644 venire
3050 5589 3122 5644 ad
3134 5595 3190 5658 te
3208 5588 3320 5656 cito
3343 5589 3396 5655 (1
3423 5587 3624 5648 πεπτω)
3641 5594 3688 5638 »;
