3868 6138
157 267 238 332 αις
505 255 1070 322 sermnem
1106 259 1187 320 tu
1221 258 1398 321 sap-
1417 259 1634 322 PAULI
1668 259 1684 322 I

1849 261 2130 321 mu.—
2167 263 2248 320 ΙΝ
2285 262 2510 320 DISE‘.
2537 261 2592 319 II
2625 261 2724 320 AD
2759 263 2910 319 TIM.
3234 262 3337 321 638

153 394 266 455 hanc
285 405 396 450 vero
426 385 654 450 scatens
699 385 974 456 designat,
1007 385 1142 458 quia
1159 425 1168 436 κ
1185 403 1300 448 non
1340 387 1516 454 multo
1540 391 1730 459 pustA
1748 404 1777 442 α
1815 389 1936 455 Dei,
1986 391 2295 448 secundum
2333 389 2764 462 promissionem
2801 389 2948 456 vitae,
2983 405 3108 460 quae
3148 395 3237 444 est
3277 391 3340 445 in

155 489 352 552 tempore
379 477 442 536 ad
471 475 666 538 Christi
701 475 1107 536 confessionem
1134 476 1299 534 istius
1318 476 1443 534 vitae
1471 483 1659 534 trans-
1745 495 1772 529 «
1813 479 2034 537 Christo
2083 481 2235 545 Jesu,
2265 480 2580 546 Timotheo,
2612 479 2941 536 charissimo
2975 474 3110 545 tilio,
3133 479 3336 550 gratia,

153 564 625 638 itumexspectetmit
635 580 896 636 namque:
915 582 942 618 α
967 565 1082 636 Ego
1111 565 1390 636 enimjam
1421 566 1652 632 delibor,
1744 584 1772 618 (ι
1811 567 2210 636 misericordia,
2237 587 2344 640 pax
2362 586 2398 624 a
2414 570 2530 624 Deo
2552 569 2720 623 Patre
2741 573 2799 622 et
2819 568 3044 622 Christo
3069 569 3098 623 J
3102 585 3203 623 esu
3226 570 3342 623 Do-

151 665 382 728 ettempus
397 671 524 712 mea:
535 653 889 714 resolutionis
899 653 1156 724 iustam”
1181 656 1426 724 Τίνων).
1447 672 1475 711 s
1491 654 1661 712 iubet
1745 673 1769 707 ι
1809 657 1962 720 mino
1985 663 2234 713 nostro.»
2254 658 2652 727 (Ambr.)Quod
2674 657 2868 723 dixit,«
2897 658 3206 712 secundum
3217 674 3344 728 pro-

149 755 293 809 autem
304 761 411 804 cum
425 743 526 804 cita
543 742 728 804 venire
755 743 826 806 ad
845 743 1150 816 Se,dicens:
1175 743 1420 811 Festina,
1453 744 1656 815 inquit,
1743 763 1772 794 ς
1812 745 2137 803 missionem
2161 747 2284 802 vita;
2298 764 2420 818 qua;
2443 752 2532 802 est
2548 747 2608 802 in
2639 746 2862 801 Christo
2881 747 2910 801 J
2915 763 3014 801 esu
3049 765 3069 797 ο
3103 747 3174 800 ad
3203 746 3342 800 illud

149 835 291 898 venire
310 833 370 892 ad
397 847 480 892 me
495 831 620 890 cito.
657 830 864 892 Scribit
883 837 1074 891 autem
1092 832 1238 890 hanc
1256 833 1562 904 Epistulam
1589 833 1661 890 ad
1740 834 1889 892 redit
1907 836 2056 905 quod
2083 835 2302 891 dixerat
2326 856 2349 888 ι
2375 837 2662 908 apostolus
2697 854 2754 901 »;
2787 835 2894 889 hoc
2920 840 3023 902 est,
3057 835 3344 906 apostolus

149 941 242 980 etim
257 939 310 983 ex
331 921 453 982 urbe
473 920 661 987 Roma,
688 919 748 981 in
768 920 867 976 illo
885 925 1140 992 tempore
1175 922 1398 992 quando
1419 922 1660 978 Felicem
1741 929 1963 980 creatus
1973 925 2563 996 sum,utpraedic'arem
2576 923 2909 996 promissam
2924 923 3252 978 omnibusin
3261 923 3344 978 fu-

147 1012 368 1086 sppellaus
399 1010 604 1081 Vinctus
632 1010 823 1070 Romae
849 1027 915 1069 ex
951 1011 1157 1072 Judaei
1193 1010 1447 1082 partibus
1478 1011 1664 1080 fuerat
1741 1018 1872 1070 turo
1891 1013 2090 1070 saeculo
2110 1014 2284 1069 vitam
2309 1013 2686 1083 immortalem
2713 1029 2815 1084 per
2837 1013 3145 1078 Christum,
3170 1013 3268 1083 qui
3287 1018 3345 1067 et

146 1103 292 1162 ductus
313 1101 429 1167 (Act.
455 1101 623 1167 XXIV).
659 1098 890 1159 Duobus
915 1100 1122 1170 etenim
1152 1101 1315 1156 annis
1341 1106 1494 1164 tunc,
1519 1101 1664 1156 sicut
1743 1101 1956 1172 primus
1981 1119 2084 1172 pro
2121 1103 2380 1157 omnibus
2421 1103 2574 1157 visus
2604 1108 2688 1156 est
2729 1101 3118 1167 resurrexisse,
3163 1107 3221 1155 et
3249 1101 3344 1155 do-

147 1191 276 1246 Iucas
296 1187 428 1254 dicit,
470 1186 660 1248 Rom
683 1203 1054 1254 commorans,
1087 1188 1184 1259 qui
1221 1193 1352 1245 ante
1380 1190 1662 1244 Neronem
1743 1207 1868 1248 cere
1894 1191 2180 1246 universos
2207 1191 2462 1246 homines
2478 1191 2580 1262 'qui
2600 1207 2701 1262 per
2724 1207 2950 1244 omnem
2985 1196 3122 1245 sunt
3149 1190 3341 1244 urbem

145 1277 421 1339 introductus
461 1293 562 1347 pro
606 1293 667 1334 se
713 1276 1077 1343 satisfaceret,
1110 1294 1176 1334 ex
1224 1278 1506 1341 sententia
1539 1279 1661 1348 ejus
1741 1284 2042 1345 tenarum,
2065 1280 2147 1336 ita
2177 1285 2241 1334 ut
2258 1281 2630 1351 suscipientes
2642 1279 2711 1334 de
2733 1279 2820 1333 his
2853 1280 3186 1346 doctrinam,
3219 1296 3344 1350 pos-

144 1368 398 1426 lautusest
412 1365 762 1430 auctoritate,
792 1382 858 1423 eo
879 1366 1028 1436 quod
1047 1366 1188 1438 nihil
1201 1366 1352 1423 aliud
1366 1366 1437 1422 ab
1465 1383 1531 1433 eq
1560 1367 1662 1423 cri-
1741 1368 1855 1427 sint
1880 1369 2052 1427 etiam
2097 1370 2503 1440 promissorum
2549 1367 2825 1423 bonorum
2868 1368 3092 1440 assequi
3129 1367 3344 1422 fruitio-

144 1455 252 1518 mine
279 1455 483 1525 dignum
499 1460 725 1529 gestum
743 1454 916 1512 fuisse
933 1455 1084 1512 Nero
1110 1461 1414 1528 repererat,
1447 1456 1546 1528 qui
1572 1456 1658 1512 die
1741 1474 1870 1515 nem
1901 1477 1912 1512 :
1966 1463 2024 1515 et
2060 1459 2170 1513 ista
2201 1458 2428 1530 quidem
2469 1465 2607 1513 sunt
2633 1458 2691 1512 in
2724 1457 3048 1529 praefatione
3084 1457 3344 1530 Epistolas

142 1544 294 1602 missus
329 1544 575 1615 protinus
619 1560 782 1604 suum
821 1557 962 1614 opus
1001 1543 1290 1616 implebat.
1322 1545 1661 1616 Percurrens
1741 1547 1968 1618 scripta,
2000 1547 2198 1619 incipit
2231 1563 2362 1602 vero
2394 1547 2503 1602 sic:
2551 1566 2574 1599 ι
2609 1547 2862 1602 Gratiam
2891 1546 3071 1601 habeo
3101 1547 3218 1601 Deo
3253 1547 3344 1600 cui

139 1631 424 1696 enimurbem
442 1638 610 1704 terra:
627 1633 852 1704 pietatis
869 1634 1147 1700 rationem
1166 1633 1426 1690 omnibus
1438 1635 1662 1690 tradere
1744 1635 1922 1692 servio
1948 1654 1984 1694 a
2009 1637 2230 1707 proavis
2259 1637 2402 1692 meis
2445 1637 2506 1690 in
2537 1637 2750 1691 munda
2777 1635 3139 1702 conscientia,
3172 1655 3204 1689 ι
3240 1636 3346 1689 hoc

137 1721 417 1792 properabat,
439 1728 493 1776 et
511 1722 656 1776 illud
675 1739 788 1776 non
809 1723 1086 1776 incertum
1117 1729 1220 1790 est,
1246 1723 1511 1794 quoniam
1529 1723 1656 1778 ubi-
1676 1717 1724 1776 Β
1741 1725 1939 1791 est,cui
2007 1726 2256 1781 accelero
2295 1726 2502 1780 servire
2548 1725 2888 1791 conscientia
2949 1725 3178 1779 munda.
3233 1725 3348 1778 Nec

134 1826 298 1881 umque
321 1817 439 1868 tunc
463 1811 796 1870 Timotheus
832 1811 1300 1878 commorabatur,
1343 1829 1445 1884 pro
1470 1814 1661 1868 volun-
1742 1814 1894 1872 enim
1915 1815 2074 1884 quasi
2091 1815 2478 1870 testimonium
2492 1815 2598 1868 sibi
2613 1815 2720 1886 ipsi
2737 1813 3040 1884 perhibens
3054 1814 3165 1868 ista
3184 1813 3342 1879 dixit,

131 1899 274 1957 tsteB.
295 1899 456 1966 Pauli,
488 1900 566 1956 ad
593 1900 834 1958 aliorum
853 1900 1158 1957 utilitatem
1185 1901 1656 1957 commorabatur.
1741 1903 1872 1960 licet
1885 1904 2158 1974 veraciter
2177 1905 2475 1975 proﬁtetur
2499 1903 2648 1974 quod
2685 1904 2803 1958 haec
2835 1904 2916 1956 ita
2949 1919 3010 1957 se
3047 1903 3342 1968 haberent,

128 1988 232 2048 Nm
266 2004 354 2045 nec
392 1993 510 2046 erat
562 1988 825 2062 possibile
858 1990 1190 2060 Apostolum
1213 1991 1295 2044 sic
1321 1990 1564 2046 scribere
1588 1992 1658 2046 ad
1744 1993 1902 2050 Unde
1931 1998 1990 2047 et
2013 1993 2223 2064 adjecit
2261 2013 2272 2046 :
2331 2012 2354 2045 ι
2390 1992 2876 2056 Quemadmodum
2909 1991 3030 2046 sine
3057 1992 3346 2046 intermis-

128 2091 220 2132 eum
229 2077 276 2131 in
293 2077 478 2149 quibus
510 2078 776 2136 laudaret
797 2095 948 2144 eum,
975 2085 1033 2134 et
1049 2095 1188 2150 opus
1213 2080 1336 2150 ejus
1365 2081 1657 2151 reciperet,
1747 2100 1770 2132 «
1812 2083 1970 2138 sione
1987 2082 2321 2137 memoriam
2341 2081 2424 2136 tui
2455 2080 2634 2135 habeo
2647 2081 2707 2135 in
2721 2079 3068 2135 orationibus
3081 2080 3224 2134 meis
3243 2096 3346 2134 no-

129 2171 168 2222 et
199 2165 252 2220 de
281 2166 497 2237 singulis
552 2184 677 2238 quae
704 2184 839 2238 erga
865 2167 1025 2223 illum
1067 2175 1230 2223 erant
1275 2169 1652 2236 aﬂ'ectaretur,
1743 2187 1770 2224 ι
1809 2175 1900 2228 cte
1928 2177 1986 2226 et
2013 2171 2123 2233 die,
2157 2177 2214 2226 et
2239 2170 2468 2242 cupiens
2487 2175 2544 2224 te
2576 2170 2778 2224 videre.
2805 2189 2835 2220 ιι
2860 2169 2978 2224 Hoc
3003 2185 3134 2223 vero
3159 2173 3342 2224 totum

127 2255 160 2308 si
179 2261 335 2314 contra
359 2257 706 2312 voluntatem
732 2257 985 2328 Apustuli
1005 2257 1330 2328 relinquens
1358 2275 1508 2319 eum,
1533 2259 1659 2327 aliis
1742 2261 1801 2318 in
1811 2265 2198 2316 consummato
2217 2276 2386 2314 sensu
2397 2259 2754 2330 interjectum
2773 2275 2895 2312 esse
2912 2258 3151 2312 videtur.
3175 2257 3260 2311 Ad
3283 2257 3345 2310 il-

129 2343 242 2406 locis,
268 2344 350 2413 ubi
367 2345 468 2400 sibi
486 2345 764 2416 placitum
791 2347 993 2410 fuerat,
1030 2346 1228 2402 fuisset
1260 2353 1655 2404 commoratus.
1742 2349 1839 2405 lud
1858 2355 2049 2404 autem
2073 2349 2221 2407 redit
2245 2350 2366 2418 jam
2385 2349 2688 2419 Apostolus
2709 2347 2856 2418 quod
2877 2347 3112 2412 dixerat,
3153 2366 3177 2398 ι
3210 2361 3342 2417 gra-

127 2431 280 2502 Scrihit
292 2433 452 2503 igitur
489 2433 570 2489 ad
604 2450 735 2490 eum
754 2434 900 2490 hanc
920 2435 1226 2506 Epistulam
1248 2455 1265 2490 :
1283 2452 1395 2490 non
1428 2437 1575 2491 sicut
1603 2437 1661 2492 in
1741 2437 1881 2494 tiam
1909 2437 2086 2493 habeo
2127 2437 2263 2503 Deo,
2289 2455 2314 2486 ι
2357 2442 2485 2503 etc.,
2517 2461 2536 2486 ιι
2568 2453 2786 2490 memor
2812 2437 3191 2507 lacrymarum
3217 2440 3341 2488 tua-

127 2520 261 2590 prima
273 2522 482 2578 instruit
500 2540 660 2589 eum,
689 2524 1161 2594 quemadmodum
1185 2525 1510 2580 conveniret
1531 2542 1661 2580 eum
1743 2544 1872 2583 rum
1901 2533 1966 2582 ut
1991 2525 2198 2597 gaudio
2241 2526 2497 2597 implear.
2525 2542 2552 2577 ι
2568 2525 2704 2580 Vult
2733 2531 2924 2579 autem
2951 2524 3137 2578 dicere
3169 2543 3180 2577 :
3211 2523 3345 2594 quia

122 2609 173 2662 de
189 2611 388 2681 singulis
423 2611 614 2668 facere
650 2612 758 2668 illis
781 2629 904 2684 quae
933 2613 1004 2667 ad
1033 2629 1332 2669 commune
1360 2631 1661 2669 ornamen-
1741 2633 1964 2687 semper
1996 2614 2330 2669 memoriam
2347 2614 2433 2669 tui
2453 2614 2596 2668 facio
2615 2614 2675 2668 in
2689 2615 2944 2668 oratione
2963 2629 3108 2680 mea,
3135 2605 3255 2667 sive
3277 2613 3335 2672 in

121 2699 450 2770 mchclcsiza
462 2707 737 2774 poterant
751 2701 1054 2772 pertinere,
1086 2702 1184 2758 sed
1207 2703 1367 2774 quasi
1391 2705 1488 2774 qui
1509 2703 1662 2758 sufﬁ-
1742 2711 1905 2760 nocte
1932 2721 2106 2771 orem,
2127 2703 2242 2760 sive
2278 2703 2337 2758 in
2385 2703 2495 2770 die,
2538 2704 2746 2758 multas
2773 2719 2874 2774 pro
2903 2708 2959 2756 te
2989 2703 3104 2756 Deo
3131 2702 3345 2772 gratias

119 2787 282 2842 cientur
303 2791 496 2846 eumin
517 2791 710 2861 prima
738 2790 986 2862 Epistula
1009 2791 1080 2845 de
1099 2783 1661 2848 omnibusinstruxe-
1743 2794 1944 2859 refero,
1967 2809 2186 2848 memor
2204 2793 2584 2863 lacrymarum
2613 2791 2839 2846 illarum
2868 2806 3009 2862 quas
3021 2789 3346 2852 etfundebas

119 2883 195 2940 rat,
213 2893 318 2948 quae
331 2895 456 2934 eum
473 2880 688 2934 instrui
703 2879 1086 2946 conveniebat,
1111 2881 1256 2935 hanc
1284 2882 1356 2943 ad
1375 2898 1502 2936 eum
1530 2882 1664 2937 fecit
1743 2899 1810 2937 eo
1838 2889 2092 2954 tempore
2117 2897 2229 2952 quo
2265 2897 2302 2935 a
2346 2897 2437 2936 me
2463 2879 2806 2935 discedebas.
2841 2880 3123 2942 Gaudium
3153 2885 3344 2934 autem

119 2963 380 3037 Epistulam,
397 2968 704 3038 consilium
719 2969 860 3023 dans
880 2969 931 3023 ei
943 2969 1222 3041 simulque
1235 2975 1294 3024 et
1302 2987 1662 3026 commoneas
1691 3035 1725 3042 _
1742 2972 1882 3028 mihi
1903 2971 2210 3042 plurimum
2240 2969 2526 3025 confertur
2535 2986 2600 3023 ex
2615 2969 2892 3024 memoria
2915 2969 3142 3023 illarum
3160 2969 3342 3040 ἰθαγ-

117 3068 228 3117 eum,
251 3062 309 3110 ut
482 3035 716 3122 summa
742 3057 1034 3129 diligentia
1063 3035 1281 3130 ea—qua;
1320 3059 1446 3126 aliis
1475 3067 1664 3115 essent
1683 3035 1727 3096 Ο
1745 3035 1985 3117 marum.
2003 3061 2146 3116 Nam
2161 3059 2310 3131 quod
2335 3059 2494 3124 dixit,
2525 3082 2549 3110 ι
2565 3064 2631 3112 ut
2653 3057 2862 3129 gaudio
2881 3058 3138 3128 implear,
3160 3076 3186 3109 ι
3201 3035 3340 3112 illud

116 3143 237 3198 utilia
255 3146 552 3217 expediret,
585 3152 644 3201 et
677 3163 806 3202 cum
837 3147 990 3201 omni
1033 3148 1340 3215 alacritate,
1365 3154 1424 3202 et
1467 3155 1534 3203 ut
1559 3165 1660 3220 pro
1743 3156 1822 3215 ut,
1851 3166 1963 3206 non
1984 3165 2210 3204 causam
2235 3148 2389 3216 dicit,
2431 3149 2531 3202 sed
2556 3153 2820 3213 consuete
2857 3146 2996 3201 illud
3039 3146 3340 3216 signiﬁcat,

114 3231 204 3300 ipsa
224 3235 626 3304 pradicatione,
660 3235 831 3290 etiam
874 3235 922 3290 si
948 3253 1039 3290 res
1067 3237 1334 3307 exigeret,
1365 3254 1469 3292 nec
1506 3239 1660 3309 peri-
1743 3239 1890 3310 quod
1901 3239 2186 3310 sequitur:
2204 3243 2262 3292 et
2280 3243 2346 3292 ut
2371 3253 2442 3292 ne
2457 3237 2714 3291 videatur
2723 3235 2977 3290 absolute
2992 3235 3242 3306 gaudere
3256 3251 3346 3289 su-

113 3320 218 3375 culis
238 3340 288 3376 se
335 3324 628 3380 dubitaret
653 3324 952 3395 objectare.
986 3325 1131 3380 Nam
1160 3330 1218 3380 et
1257 3327 1504 3396 plurima
1531 3344 1660 3398 pars
1743 3345 1844 3400 per
1865 3328 2162 3398 lacrymas,
2209 3344 2235 3380 α
2278 3326 2627 3392 Memoriam,
2670 3325 2874 3396 inquit,
2915 3325 3192 3395 accipiens
3222 3325 3346 3394 ejus

114 3408 241 3478 hujus
255 3411 512 3484 Epistolas
545 3413 653 3468 hoc
673 3413 823 3468 idem
845 3413 1066 3469 videtur
1093 3415 1423 3485 exprimere.
1458 3432 1660 3488 quam-
1745 3417 1895 3484 ﬁdei,
1916 3434 2038 3488 quae
2070 3417 2132 3471 in
2151 3422 2210 3471 te
2230 3420 2317 3470 est
2335 3415 2459 3484 sine
2476 3415 2864 3469 simulatione:
2901 3431 2928 3466 ›)
2968 3414 3220 3482 excogito
3249 3430 3347 3472 au-

114 3496 258 3553 obrem
275 3502 439 3556 etiam
469 3503 547 3558 de
587 3518 668 3570 se,
691 3503 882 3574 qualia
899 3509 957 3558 et
991 3509 1204 3574 quanta
1220 3504 1413 3558 multis
1441 3505 1499 3558 in
1528 3505 1662 3560 locis
1743 3511 1858 3560 tem
1879 3505 2008 3579 hinc
2027 3504 2502 3576 quemadmodum
2531 3503 2809 3564 sinceram
2851 3503 2968 3556 Deo
2992 3501 3254 3556 exhibeas
3284 3502 3346 3554 fi-

111 3585 251 3644 fnerat
265 3607 585 3662 perpessus,
615 3591 822 3646 referre
841 3593 1135 3659 adnititur,
1157 3597 1223 3646 ut
1239 3594 1310 3647 ad
1343 3593 1662 3648 similitudi-
1741 3595 1872 3650 dem
1889 3611 1954 3648 ex
1980 3594 2089 3662 illis
2115 3593 2202 3651 vel
2227 3593 2557 3654 maxime,ex
2577 3591 2779 3661 quibus
2813 3595 3036 3644 tantum
3063 3606 3201 3658 erga
3241 3605 3345 3645 nos

113 3689 205 3730 nam
219 3679 296 3733 sui
315 3680 488 3742 etiam
510 3681 674 3736 illum
693 3681 950 3736 hortetur
966 3681 1128 3752 paria
1144 3682 1440 3736 sustinere.
1455 3683 1520 3738 In
1539 3699 1660 3738 me—
1743 3683 2002 3739 exhibeas
2021 3681 2405 3751 aﬁ‘ectum,qui
2419 3679 2675 3750 magistri
2693 3679 2797 3732 tibi
2811 3677 3108 3732 verborum
3121 3677 3346 3748 pietatis

109 3762 174 3818 dis
188 3783 300 3824 vero
333 3775 496 3840 parte
520 3769 803 3840 Epistulae,
827 3770 887 3825 in
907 3787 1020 3841 qua
1040 3787 1170 3840 eum
1200 3772 1288 3826 vel
1302 3771 1542 3836 maxime
1572 3790 1660 3827 ex-
1741 3772 2076 3837 exstitimus,
2097 3770 2182 3825 ita
2200 3775 2264 3824 ut
2275 3785 2377 3823 nec
2406 3767 2820 3838 separationem
2848 3772 3098 3821 nostram
3109 3781 3344 3836 magna-

109 3850 274 3911 hortari
322 3858 570 3924 videtur,
619 3863 963 3914 memoratus
999 3865 1088 3914 est
1124 3860 1296 3925 etiam
1322 3860 1446 3914 illos
1476 3862 1571 3932 qui
1600 3862 1661 3916 in
1741 3860 2124 3917 nimiterferre
2135 3858 2412 3930 possis.Et
2427 3857 2728 3911 ostendens
2745 3855 3011 3926 quoniam
3028 3855 3348 3909 necessaria

103 3939 302 4002 deterius
327 3963 566 4020 serpere
603 3947 1022 4014 adnitebantur,
1057 3965 1170 4005 non
1195 3949 1394 4004 leviter
1419 3967 1662 4021 arguens
1742 3951 1818 4006 sit
1835 3950 1888 4005 ei
1915 3949 2110 4004 multis
2133 3965 2199 4002 ex
2227 3946 2482 4018 partibus
2521 3945 2750 4018 pietatis
2768 3944 3080 4016 diligentia,
3105 3943 3340 4015 adjecit:

105 4045 187 4085 eos.
214 4035 402 4092 Adhuc
425 4037 607 4093 etiam
627 4043 685 4094 et
709 4037 848 4092 illud
876 4037 1199 4108 signiﬁcans
1229 4039 1378 4110 quod
1405 4045 1660 4110 tempore
1746 4057 1772 4092 ι
1824 4036 2303 4110 Quaainhabitavit
2320 4036 2567 4108 primum
2589 4035 2647 4090 in
2669 4035 2904 4089 aviatua
2919 4033 3089 4088 Luide
3100 4026 3346 4088 etmatre

101 4121 375 4187 proﬁciente
403 4127 566 4183 inter
585 4127 842 4180 homines
861 4127 1079 4182 malitia
1096 4127 1340 4199 plurima
1364 4135 1552 4183 sumat
1577 4129 1660 4183 in-
1745 4146 1774 4181 (ι
1811 4134 1914 4182 tua
1928 4127 2194 4182 Eunice.»
2211 4127 2282 4181 Et
2296 4125 2430 4197 quia
2457 4125 2562 4180 huc
2581 4124 2822 4179 necdum
2842 4123 3146 4178 adlaudem
3162 4123 3347 4178 rI'imo-

101 4220 420 4282 trementum,
441 4216 659 4271 docens
677 4231 806 4270 eum
826 4233 939 4271 non
949 4216 1236 4271 discedam
1249 4216 1320 4270 ab
1341 4234 1508 4288 opere
1536 4235 1660 4289 pro-
1739 4217 1858 4271 thei
1870 4217 2152 4288 pertinere
2179 4213 2493 4280 videbatur,
2518 4215 2565 4268 si
2585 4215 2694 4280 avi,
2731 4213 2817 4268 vel
2850 4217 3113 4286 parentes
3124 4215 3246 4283 ejus
3256 4218 3344 4268 ta-

99 4305 288 4365 Ptereos
304 4305 403 4375 qui
416 4305 480 4360 in
501 4305 754 4375 deterius
769 4312 1019 4376 serpunt.
1027 4306 1092 4360 In
1114 4306 1283 4360 ﬁnem
1295 4323 1427 4363 vero
1437 4307 1659 4378 Episto-
1673 4353 1723 4378 η
1738 4305 1822 4360 les
1837 4305 2094 4369 fuissent,
2126 4304 2348 4376 adjicit:
2372 4324 2394 4356 ι
2432 4305 2632 4359 Certus
2651 4319 2778 4376 sum
2807 4309 2998 4358 autem
3019 4303 3171 4372 quia,
3203 4307 3262 4355 et
3285 4301 3346 4354 in

99 4384 146 4440 is
165 4388 250 4445 illa
273 4408 394 4462 quae
421 4409 624 4450 secum
652 4394 798 4464 ferat
827 4393 1094 4458 insinuat,
1146 4394 1205 4448 in
1223 4395 1428 4466 quibus
1466 4395 1654 4462 fuerit,
1676 4384 1724 4412 υ
1738 4401 1815 4448 te.
1840 4414 1864 4445 ι
1905 4395 2024 4450 Hoc
2051 4400 2155 4461 est,
2189 4393 2320 4462 talis
2349 4409 2409 4447 es
2437 4397 2494 4446 et
2532 4393 2654 4464 ipse
2681 4411 2692 4444 :
2726 4399 2783 4445 et
2803 4397 2868 4446 ut
2894 4407 2961 4444 ex
2991 4390 3144 4447 omni
3183 4396 3344 4459 parte

101 4475 159 4529 vel
194 4479 277 4535 sit.
317 4482 552 4538 Interea
578 4498 710 4538 vero
740 4487 799 4536 et
841 4483 1076 4538 mandat
1103 4483 1173 4537 de
1211 4483 1322 4537 illis
1361 4484 1430 4539 de
1455 4485 1659 4556 quibus
1741 4484 1968 4540 doceret
1995 4484 2048 4538 ei
2073 4500 2195 4538 esse
2226 4481 2452 4554 pietatis
2481 4481 2852 4550 diligentiam,
2882 4478 3160 4548 siquidem
3187 4483 3245 4531 et
3273 4478 3344 4534 ab

99 4567 322 4637 minitare
349 4571 403 4627 ei
429 4570 824 4640 conveniebat,
855 4577 1050 4644 utpote
1087 4573 1182 4644 qui
1202 4577 1271 4640 "et
1296 4573 1366 4627 ad
1395 4574 1659 4640 charissi-
1741 4573 1858 4627 avis
1895 4578 1954 4626 et
1997 4589 2032 4626 a
2067 4570 2395 4642 parentibus
2445 4570 2518 4623 ad
2555 4568 2814 4623 eumdem
2861 4566 3244 4630 descenderat,
3287 4572 3344 4625 et

101 4664 217 4710 mum
242 4659 526 4717 scribebat
541 4661 880 4732 discipulum
898 4677 1085 4729 suum,
1113 4662 1210 4716 sed
1239 4662 1561 4718 cautissime
1589 4664 1660 4718 de
1740 4661 1861 4733 ipse
1914 4660 2122 4716 similia
2171 4659 2373 4714 iisdem
2423 4655 2852 4728 exsequebatur,
2911 4655 2994 4708 ait
3036 4673 3047 4708 :
3089 4675 3112 4706 α
3159 4655 3340 4719 Quam

100 4739 288 4812 siugulis
309 4765 720 4820 cognoscemus
734 4767 802 4805 ex
818 4751 917 4810 illa
933 4751 1397 4822 interpretatione
1418 4769 1540 4823 quae
1559 4769 1661 4824 per
1745 4771 1769 4804 ι
1812 4749 1882 4804 ob
1911 4764 2138 4804 causam
2167 4747 2348 4818 magis
2375 4747 2702 4801 commoneo
2732 4751 2808 4811 te,
2828 4751 2893 4801 ut
2912 4743 3342 4815 resuscitesgra-

99 4837 242 4894 Pines
285 4837 586 4904 efﬁcietur,
628 4855 866 4909 quorum
919 4841 1091 4908 etiam
1134 4841 1658 4912 interpretationem
1743 4857 1772 4891 ‹‹
1810 4839 1949 4893 tiam
1991 4837 2111 4903 Dei,
2149 4853 2271 4908 quae
2307 4841 2394 4890 est
2421 4835 2480 4889 in
2522 4839 2578 4888 te
2617 4851 2718 4905 per
2758 4833 3174 4906 impositionem
3216 4849 3339 4888 ma-

96 4923 273 4992 mlius
301 4943 407 4984 nos
437 4927 628 4995 facere
654 4928 938 4996 admonet,
961 4929 1307 4984 sufﬁcienter
1324 4937 1658 5000 argumento
1743 4946 1772 4982 α
1810 4945 1988 4984 nuum
2015 4941 2290 4981 mearum.
2319 4945 2342 4977 ›
2380 4926 2578 4995 Itaque
2604 4923 2759 4978 omni
2789 4940 2854 4983 ex
2883 4929 3043 4995 parte
3069 4923 3340 4993 competit

99 5002 225 5066 iubis
247 5017 572 5086 explanate.
1739 5017 1879 5072 mihi
1919 5032 2103 5071 sermo
2143 5015 2192 5068 is
2233 5015 2330 5086 qui
2358 5014 2430 5068 ad
2458 5019 2516 5067 te
2553 5014 2635 5078 fit,
2668 5013 2749 5067 ita
2775 5019 2841 5067 ut
2868 5013 2928 5066 in
2958 5027 3125 5082 opere
3155 5011 3336 5081 ipsam

573 5159 807 5216 CAPUT
833 5159 1120 5226 PRIMUM
1733 5106 1977 5178 gratiam
2005 5103 2286 5204 ostendas,
2305 5119 2472 5203 quam
2500 5118 2602 5174 per
2628 5103 3040 5167 ordinationem
3065 5115 3337 5200 manuum

721 5218 727 5233 .
910 5217 915 5227 -
1125 5201 1138 5214 °
1735 5211 1990 5250 mearum
2027 5209 2250 5264 assequi
2295 5193 2497 5263 dignus
2543 5197 2800 5262 repertus
2847 5206 2925 5244 es.
2981 5188 3336 5242 Sufﬁcienter

93 5276 270 5336 [educit
293 5285 587 5353 Apostolus
623 5286 963 5354 Timotheum
990 5287 1065 5340 ad
1097 5291 1412 5340 constanter
1445 5287 1653 5355 pradi-
1732 5301 1864 5338 vero
1909 5283 2168 5338 eumdem
2199 5282 2532 5336 adhortatur
2568 5287 2634 5334 ut
2663 5280 2818 5334 omni
2857 5278 2984 5332 nisu
3009 5277 3148 5331 alios
3175 5278 3336 5347 adju-

139 5356 361 5444 fqnfiam
373 5356 753 5444 pangeliam
769 5357 976 5444 Christi
985 5359 1366 5426 expontiﬁcqli
1381 5359 1652 5426 dignitate

1803 5391 1864 5428 re
1917 5373 2334 5444 depmperaret,
2375 5370 2618 5440 gratiam
2665 5383 2870 5422 vocans
2917 5366 3329 5422 ordinationem

139 5435 191 5474 ac
205 5427 640 5502 pradicantz'um
662 5431 960 5500 paucitate.

1806 5480 1876 5518 is.
1912 5463 2056 5517 Nam
2096 5477 2197 5516 nec
2231 5462 2450 5531 justum
2489 5463 2612 5513 erat
2638 5473 2767 5512 eum
2801 5455 2898 5528 qui
2943 5455 3190 5510 divinam
3237 5455 3333 5509 do-

139 5545 365 5609 ‘Faulus
409 5551 699 5625 apostolus
743 5552 954 5624 Christi
987 5554 1017 5608 J
1021 5569 1123 5609 esu
1169 5570 1271 5629 per
1303 5553 1652 5624 voiuntatam
1732 5553 2021 5609 nationem
2046 5550 2232 5607 ﬁxerat
2267 5550 2374 5604 hac
2401 5549 2472 5603 de
2494 5563 2666 5636 causa
2691 5552 3000 5613 assecutus,
3020 5545 3333 5616 negligant
