3868 6138
535 247 645 306 .637
1121 251 1188 306 Β.
1227 249 1503 307 RABANI
1539 251 1773 328 MAURI
1821 251 2156 308 ARCHIEP.
2196 249 2524 308 MOGUNT.
2567 249 2867 307 OPERUM
2902 249 3084 307 PARS
3119 251 3218 307 ΠΙ.
3669 258 3752 314 640

541 373 906 428 commissam
955 373 1060 428 sibi
1087 376 1364 447 gratiam;
1391 385 1450 434 et
1477 380 1612 452 quia
1640 379 1982 436 sufﬁcienter
2005 397 2136 436 eum
2153 377 2408 446 Atraxit,
2456 377 2667 445 dicens,
2700 393 2773 432 ne
2801 376 3115 445 erubescas,
3158 380 3312 450 quasi
3355 381 3446 450 qui
3473 380 3755 438 erubescere

540 461 602 517 in
630 463 719 517 his
745 461 1004 516 omnibus
1032 465 1104 518 ad
1142 465 1200 519 id
1232 468 1378 536 quod
1409 469 1462 523 ei
1501 469 1796 524 conveniat
1821 465 2144 524 exhortatus
2224 467 2454 521 deberet
2493 467 2592 520 illa
2631 483 2755 538 quae
2800 466 3022 537 pietatis
3067 473 3216 534 sunt,
3264 469 3310 522 si
3351 485 3459 524 non
3503 476 3556 524 et
3603 471 3756 543 aliqua

543 556 631 605 est
670 551 945 606 memoria
973 569 1206 608 avorum
1244 561 1303 610 et
1331 563 1651 628 parentum,
1694 565 1752 613 et
1787 559 1998 630 proprii
2023 561 2145 630 ejus
2223 557 2695 627 contemplatione
2719 556 2946 627 pietatis
2964 561 3160 628 sponte
3189 558 3398 628 perpeti
3433 559 3602 612 vellet.
3629 560 3757 616 Unde

543 639 816 710 propositi
854 641 940 694 vel
972 641 1212 710 arbitrii,
1237 661 1341 698 nec
1357 661 1471 700 non
1495 652 1554 700 et
1567 647 1764 717 gratia
1793 648 1945 702 illius
1975 664 2145 719 quam
2226 661 2339 700 non
2367 645 2524 712 dixit,
2562 665 2590 696 ι
2619 661 2690 699 ne
2727 645 3022 700 erubescas
3059 665 3086 698 ιι
3121 645 3432 714 Dominum,
3456 647 3546 700 sed
3582 667 3605 697 ιι
3628 650 3758 704 testi-

543 727 604 781 in
649 728 1002 784 ordinatione
1038 730 1224 786 fuerat
1267 741 1574 801 assecutus,
1624 735 1966 792 laboriosum
2015 753 2146 792 vero
2227 735 2479 788 monium
2523 733 2770 801 Domini,
2806 751 2836 786 ι
2887 735 2993 788 hoc
3037 740 3140 802 est,
3180 735 3484 806 passionem
3521 755 3534 803 ;
3585 742 3637 790 et
3671 755 3759 793 non

543 818 832 886 negotium
881 818 1068 890 ipsum
1114 838 1235 876 esse
1280 823 1573 878 videbatur
1610 830 1668 879 et
1703 825 1944 880 maxime
1974 843 2042 880 ea
2077 826 2148 880 de
2227 823 2437 878 suﬂicit
2477 829 2542 877 ut
2567 823 2678 878 ista.
2709 823 2938 890 diceret,
2979 823 3077 878 sed
3114 823 3334 894 adjecit,
3367 829 3423 878 et
3452 841 3508 878 se
3535 825 3756 894 vinctum,

543 922 730 974 causa,
777 907 912 978 quia
949 909 1134 964 multa
1174 911 1424 982 pericula
1468 913 1578 968 illis
1611 913 1684 968 ab
1717 915 2049 969 adversariis
2079 932 2146 970 eo
2228 911 2570 966 sufﬁcienter
2613 912 2939 980 admonens,
2979 917 3046 966 ut
3073 927 3384 966 memorans
3412 912 3684 980 Christum,
3718 921 3762 969 et

544 995 604 1050 in
644 1000 900 1068 tempore
923 996 1336 1068 inferebantur,
1359 1001 1485 1056 ideo
1511 1001 1744 1073 adjecit:
1785 1023 1808 1055 ι
1846 1004 1973 1058 Non
1995 1005 2148 1058 enim
2229 1001 2324 1055 illa
2361 1017 2484 1071 quae
2527 1001 2836 1056 secundum
2881 1017 2944 1054 se
2995 1006 3145 1068 sunt,
3195 1017 3306 1055 non
3352 1000 3556 1072 pigeret
3579 1003 3694 1072 pati,
3724 1003 3761 1056 si

547 1103 576 1138 α
615 1083 772 1138 dedit
798 1085 959 1140 nobis
991 1087 1142 1142 Deus
1177 1089 1438 1160 spiritum
1485 1091 1726 1158 timoris,
1767 1093 1866 1146 sed
1903 1093 2144 1160 virtutis,
2229 1095 2422 1144 tamen
2465 1094 2524 1144 et
2564 1106 2694 1143 cum
2737 1089 3024 1160 Apostolo,
3075 1094 3134 1144 et
3159 1106 3284 1144 cum
3315 1089 3526 1144 Christo
3557 1106 3761 1144 commu-

549 1191 575 1226 α
617 1179 674 1228 et
699 1174 1033 1242 dilectionis,
1061 1182 1120 1230 et
1136 1177 1472 1234 sobrietatis.
1501 1197 1529 1232 ι
1546 1181 1662 1234 Nec
1674 1181 1826 1236 enim
1847 1181 2150 1237 formidare
2233 1178 2459 1232 nionem
2495 1177 2703 1232 habere
2755 1177 3045 1232 aﬂ'ectaret
3093 1195 3195 1249 pro
3242 1178 3393 1232 hisce
3443 1178 3762 1248 passionibus.

545 1271 648 1316 nos
691 1265 952 1320 convenit
987 1265 1057 1320 de
1095 1266 1207 1320 illis
1255 1267 1437 1336 malis,
1488 1285 1610 1340 quae
1640 1269 1710 1322 ab
1743 1271 1948 1326 exteris
1989 1271 2150 1326 nobis
2232 1267 2392 1322 Unde
2403 1272 2460 1321 et
2478 1265 2694 1337 adjicit:
2727 1293 2742 1314 ι
2770 1267 2880 1322 Sed
2910 1265 3192 1320 collabora
3227 1267 3534 1337 Evangelio.
3560 1287 3578 1318 ι
3607 1267 3764 1338 Itaque

545 1351 886 1407 inferuntur.
927 1353 1110 1418 Quare
1155 1355 1180 1408 ?
1228 1356 1492 1426 quoniam
1539 1358 1636 1412 illa
1669 1360 1856 1430 gratia
1898 1360 2147 1432 spiritus,
2233 1372 2334 1427 per
2382 1355 2669 1426 passiones
2730 1355 2914 1427 ipsum
2964 1355 3327 1426 Evangelium
3371 1361 3454 1409 est
3490 1355 3762 1427 perfectum,

548 1457 672 1511 quae
718 1447 804 1496 est
849 1443 908 1496 in
968 1442 1148 1510 nobis,
1201 1444 1483 1500 sufﬁciens
1529 1453 1616 1501 est
1658 1465 1760 1519 per
1814 1449 2007 1504 omnia
2049 1467 2152 1504 nos
2233 1445 2611 1500 necessarium
2655 1450 2740 1499 est
2776 1449 2842 1498 ut
2879 1433 3258 1498 communices
3295 1445 3347 1498 ei
3376 1460 3472 1515 per
3511 1443 3762 1515 passiones,

546 1527 886 1598 confortare,
928 1536 986 1585 et
1036 1532 1094 1586 in
1131 1533 1233 1590 Dei
1276 1535 1662 1606 constringere
1690 1537 1986 1604 charitate,
2050 1555 2152 1592 nec
2235 1549 2374 1604 quas
2418 1533 2629 1604 pateris
2655 1550 2756 1605 pro
2787 1533 3026 1586 aliorum
3057 1531 3321 1598 utilitate,
3353 1532 3630 1586 ostendens
3655 1549 3764 1602 quo-

548 1634 662 1672 non
706 1624 764 1672 et
798 1619 1030 1690 pudicos
1076 1637 1178 1675 nos
1223 1622 1395 1677 etiam
1443 1625 1580 1696 ipsis
1608 1625 1826 1681 efﬁcere
1857 1627 2152 1698 cogitatio-
2233 1622 2388 1676 niam
2424 1622 2538 1676 tale
2576 1627 2663 1676 est
2705 1621 3087 1692 Evangelium,
3127 1626 3195 1676 nt
3221 1619 3336 1692 Ρεῒιί
3366 1637 3464 1692 Ρΐο
3491 1637 3552 1674 ⁸ο
3578 1620 3766 1690 dignum

549 1705 735 1760 nibus.
759 1707 1012 1780 Denique
1030 1709 1228 1764 beatus
1247 1712 1572 1784 Apostolus,
1593 1715 1689 1785 qui
1710 1715 1968 1770 servilem
1989 1716 2150 1771 illum
2169 1699 2216 1759 B
2234 1712 2327 1765 Sit.

549 1794 770 1849 timoris
807 1797 1049 1867 gradum
1098 1799 1231 1854 olim
1270 1801 1560 1856 charitatis
1599 1803 1902 1860 Dominicaa
1946 1805 2152 1861 virtute
2309 1822 2332 1849 ι
2367 1800 2687 1855 Secundum
2714 1799 2980 1853 virtutem
3033 1799 3155 1865 Dei,
3199 1799 3293 1870 qui
3331 1799 3503 1852 salvos
3537 1813 3626 1851 nos
3648 1797 3764 1850 fecit.

549 1886 990 1953 transcenderat,
1047 1888 1316 1944 inferiora
1363 1891 1692 1962 despiciens,
1742 1893 2052 1964 majoribus
2089 1912 2150 1949 se
2237 1908 2263 1938 ι
2301 1894 2362 1943 et
2396 1887 2610 1942 VOOBVit
2648 1888 2936 1942 vocatione
2964 1893 3160 1942 sancta
3187 1904 3300 1942 non
3327 1886 3614 1942 secundum
3635 1900 3769 1956 οΡεη

551 1971 792 2026 ditatum
839 1973 999 2029 bonis
1047 1993 1083 2031 a
1130 1977 1368 2032 Domino
1395 1981 1711 2050 profitetur.
1747 2000 1775 2034 α
1807 1982 1933 2036 Νοη
1975 1984 2147 2051 enim,
2237 1995 2267 2030 α
2303 1983 2515 2044 nostra,
2565 1977 2662 2031 sed
2689 1977 2999 2030 secundum
3041 1993 3210 2031 suum
3239 1975 3572 2048 propositum
3598 1981 3648 2028 et
3667 1990 3768 2043 gra-

550 2059 754 2132 inquit,
791 2062 948 2117 dedit
993 2065 1153 2120 nobis
1179 2065 1330 2121 Deus
1369 2069 1631 2139 spiritum
1657 2069 2000 2138 timoris,sed
2037 2072 2149 2126 vir-
2236 2085 2266 2119 α
2301 2066 2463 2120 tiam.
2482 2087 2505 2116 ι
2541 2065 2752 2120 Similis
2773 2071 2860 2118 est
2887 2070 3078 2119 autem
3093 2065 3214 2120 haec
3232 2065 3440 2136 species
3465 2062 3766 2127 narrationis,

549 2149 690 2222 tutis
734 2155 794 2206 et.
831 2151 1146 2208 dilectionis
1193 2161 1250 2209 et
1277 2155 1616 2212 sobrietatis.
1653 2177 1676 2210 »
1712 2159 1820 2213 Eos
1849 2159 2021 2214 etiam
2053 2161 2150 2232 qui
2233 2171 2347 2226 qua
2369 2154 2528 2220 dixit,
2573 2177 2596 2202 ιι
2636 2154 2943 2208 secundum
2963 2153 3232 2208 virtutem
3260 2153 3381 2219 Dei,
3419 2173 3442 2204 ι
3467 2151 3542 2205 illi
3567 2149 3766 2215 dictioni,

553 2237 801 2310 perfecta
821 2241 1067 2304 celestis
1091 2243 1243 2298 illius
1269 2245 1452 2300 Patris
1485 2247 1785 2302 dilectione
1813 2248 2146 2318 ﬂagrabant,
2233 2260 2402 2314 quam
2423 2243 2660 2310 dixerat,
2687 2259 2716 2294 α
2739 2243 3050 2298 secundum
3063 2243 3501 2314 pr0positionem
3521 2240 3651 2304 vitae,
3676 2255 3770 2310 qua

556 2340 808 2399 quosque
845 2346 910 2384 ex
945 2331 1118 2386 servis
1139 2333 1284 2386 ﬁlios
1310 2334 1536 2405 adoptio
1571 2336 1760 2390 divina
1773 2338 1894 2407 jam
1919 2337 2146 2406 fecerat,
2233 2337 2319 2384 est
2346 2331 2406 2384 in
2448 2331 2672 2384 Christo
2703 2331 2857 2394 Iesu,
2909 2351 2925 2376 ι
2977 2331 3129 2402 quod
3165 2331 3230 2385 in
3274 2329 3585 2402 praefatione
3625 2323 3772 2397 posuit

555 2415 660 2470 hoc
707 2418 1039 2474 adhortatus
1068 2422 1310 2493 eloquio,
1343 2423 1425 2476 ait
1458 2442 1469 2476 :
1505 2443 1527 2476 ‹
1561 2425 1689 2480 Non
1716 2426 2007 2498 accepistis
2035 2427 2151 2498 spi-
2232 2420 2402 2490 hujus
2451 2419 2731 2490 Epistolis.
2763 2419 2922 2474 Sicut
2953 2425 3146 2474 autem
3187 2419 3305 2473 illic
3343 2417 3628 2472 secundum
3672 2429 3772 2483 pro-

556 2504 732 2559 ritum
771 2508 1058 2563 servitutis
1099 2510 1307 2564 iterum
1345 2513 1404 2565 in
1447 2513 1669 2580 timore,
1719 2515 1816 2569 sed
1860 2516 2152 2593 accepistis
2233 2508 2567 2580 pOSitiOllem
2590 2508 2732 2562 ηνίιω
2775 2507 2930 2573 ἀίοὶῐν
2965 2508 3072 2564 hoc
3100 2514 3190 2563 est
3221 2513 3287 2563 ut
3312 2506 3626 2579 Promissam
3655 2499 3772 2554 νοδίδ

556 2593 820 2664 spiritum
848 2596 1186 2668 adoptionis,
1211 2599 1270 2653 in
1292 2617 1403 2670 quo
1422 2601 1760 2657 clamamus:
1797 2603 1956 2658 Abba
1983 2605 2083 2660 Pat

2242 2597 2427 2663 vitam,
2445 2603 2667 2652 creatus
2677 2613 2805 2651 sum
2831 2597 3153 2668 Apostolus,
3179 2604 3249 2652 ut
3275 2594 3769 2666 hancpraadicarem.

559 2682 728 2752 (Rom.
778 2701 910 2746 VIII).
955 2705 976 2735 ι
1011 2686 1093 2739 De
1126 2687 1230 2741 hoc
1259 2689 1430 2743 etiam
1457 2697 1613 2746 metu
1647 2707 1773 2746 cum
1803 2692 1958 2748 illam
1985 2695 2154 2764 septi-
2233 2686 2313 2740 sic
2326 2691 2384 2740 et
2402 2687 2462 2740 in
2481 2686 2587 2740 hoc
2621 2686 2762 2752 loco,
2789 2703 2819 2739 α
2836 2686 3144 2740 secundum
3164 2671 3770 2754 virtutem,inquit,Dei,n

558 2769 796 2825 formem
843 2772 1088 2844 Spiritus
1131 2777 1310 2831 sancti
1351 2779 1593 2848 gratiam
1629 2781 1904 2852 pr0pheta
1951 2783 2085 2837 desc:

2242 2775 2342 2829 hoc
2370 2780 2474 2840 est,
2505 2791 2608 2846 per
2633 2775 2902 2829 virtutem
2936 2796 2961 2825 ι
2993 2775 3114 2841 Dei,
3151 2775 3255 2846 qui
3282 2775 3460 2829 salvos
3497 2771 3616 2826 fecit
3641 2785 3769 2823 nos.-

558 2857 734 2926 beret,
776 2877 944 2932 quem
980 2862 1040 2916 in
1090 2863 1317 2920 homine
1371 2866 1467 2921 illo
1517 2868 1806 2924 Dominico
1846 2871 2155 2926 secundum
2233 2864 2504 2918 Αάῐιίῐθΐθ
2533 2879 2667 2934 ergo
2697 2869 2754 2917 et
2779 2863 2975 2918 labora
3018 2869 3076 2918 et
3101 2863 3461 2934 passionibus
3503 2867 3556 2915 te
3584 2857 3770 2928 subiice.

551 2947 954 3004 incarnationis
1003 2952 1478 3024 dispensationem
1521 2957 1872 3013 descendisse
1907 2976 2020 3014 non
2056 2960 2157 3015 du—
2183 3017 2218 3024 _
2236 2959 2304 3008 ut
2330 2951 2590 3018 omnibus
2621 2952 2692 3006 ad
2721 2953 2980 3007 notitiam
3020 2951 3244 3006 deferas
3273 2952 3372 3007 illa
3398 2968 3515 3023 quae
3541 2965 3630 3021 PFO
3652 2944 3775 3001 Ποδίε

551 3035 708 3091 bium
757 3044 844 3092 est
873 3017 1250 3114 dixissetque:
1291 3062 1315 3096 α
1350 3045 1418 3098 Et
1474 3047 1791 3117 requiescet
1825 3065 1995 3120 super
2025 3065 2155 3104 eum
2176 3017 2370 3097 csum
2413 3041 2754 3114 dispensati!-
2789 3041 2926 3095 Vlllt
2951 3047 3142 3096 811th
3194 3017 3672 3112 dicere-quoidam
3689 3049 3775 3086 ωε·

552 3125 785 3196 spiritus
821 3128 1065 3198 Domini,
1112 3131 1342 3203 spiritus
1390 3135 1680 3206 sapientiae
1717 3142 1776 3191 et
1815 3137 2150 3206 intellectus,
2234 3147 2410 3201 gnum
2442 3135 2527 3184 est
2556 3130 2950 3202 Evangelium:
2993 3129 3172 3184 Virtus
3203 3130 3360 3185 enim
3403 3133 3488 3184 est
3521 3127 3614 3184 Dei
3638 3125 3687 3178 in
3711 3137 3774 3186 θον

551 3213 787 3284 spiritus.
837 3218 1055 3272 consilii
1090 3225 1149 3275 et
1192 3220 1792 3296 fortitudinis,spiritus
1827 3226 2073 3282 scientiae

2248 3220 2332 3290 qui
2361 3219 2594 3274 salvavit
2626 3235 2748 3286 nos,
2793 3225 2852 3274 et
2875 3217 3092 3274 vocavit
3118 3219 3181 3273 in
3211 3217 3633 3274 sanctiﬁcatione
3667 3219 3714 3266 et
3734 3211 3775 3264 in

549 3303 778 3373 pietatis
818 3307 946 3371 (lsa.
977 3311 1072 3378 χι),
1109 3329 1133 3360 ι
1183 3311 1483 3366 novissime
1517 3313 1666 3368 velut
1693 3315 1977 3386 quoddam
2008 3333 2076 3388 pr

2250 3309 2616 3380 :ncorruptela
2647 3308 2764 3376 illa,
2799 3324 2969 3379 quam
3003 3314 3413 3378 exspectamus,
3441 3306 3584 3378 quod
3607 3310 3659 3358 et
3679 3299 3777 3355 fecit

550 3391 780 3462 cipuum
807 3393 1002 3450 intulit
1035 3397 1258 3453 dicens:
1283 3418 1311 3453 α
1345 3401 1414 3456 Et
1449 3401 1688 3473 replebit
1742 3421 1872 3458 eum
1919 3405 2152 3476 spiritus
2233 3398 2692 3452 nonobnostrum
2705 3397 3105 3464 meritum,sed
3117 3397 3188 3452 ob
3199 3391 3774 3452 suammisericordiam.

553 3480 774 3535 timoris
815 3483 1061 3540 Domini.
1099 3505 1126 3540 ι
1161 3489 1228 3542 In
1266 3506 1376 3560 quo
1409 3491 1670 3561 primitus
1711 3492 1852 3547 illud
1894 3499 1980 3548 est
2021 3491 2152 3548 dili-
2232 3487 2365 3542 Tale
2384 3492 2471 3540 est
2492 3486 2631 3541 illud
2655 3487 2804 3557 quod
2825 3486 3040 3540 dictum
3061 3488 3240 3541 estad
3263 3488 3542 3542 Romanos
3559 3482 3773 3552 (Rom-1):

549 3569 776 3640 gentius
805 3571 1160 3644 intuendum,
1193 3579 1342 3648 quod
1369 3596 1483 3634 non
1511 3580 1728 3642 dixerit.
1760 3589 1818 3636 et
1841 3583 2156 3654 requiescet
2239 3598 2263 3626 ι
2295 3578 2414 3631 Nec
2444 3576 2595 3630 enim
2624 3575 2892 3630 erubesco
2929 3576 3325 3646 Evangelium,
3356 3576 3529 3630 virtus
3548 3572 3680 3627 enim
3701 3564 3778 3622 Πεξὶ

553 3674 724 3730 super
769 3676 900 3715 eum
944 3663 1188 3734 Spiritus
1234 3665 1455 3722 timoris
1481 3668 1724 3736 Domini,
1761 3671 1906 3726 sicut
1929 3671 1999 3726 de
2039 3671 2152 3726 illis
2233 3670 2322 3720 est
2347 3667 2407 3720 in
2435 3667 2676 3720 salutem
2707 3665 2862 3720 omni
2881 3665 3150 3720 credenti.
3195 3687 3220 3717 ι
3255 3665 3474 3721 Labora
3496 3677 3619 3733 ergo
3644 3659 3776 3728 digne

553 3747 836 3818 prioribus
882 3751 1118 3821 dixerat,
1177 3756 1274 3810 sed
1315 3779 1338 3806 α
1387 3757 1626 3828 replebit
1683 3775 1830 3827 eum,
1867 3781 1892 3810 ι
1943 3761 2146 3832 inquit,
2232 3771 2336 3826 pro
2384 3755 2775 3825 magnitudine
2822 3755 3229 3826 promissorum
3258 3755 3550 3810 bonorum.
3607 3745 3778 3804 Deinde

557 3857 583 3887 ι
623 3837 856 3908 spiritus
875 3839 1096 3896 timoris
1119 3843 1374 3900 Domini:
1401 3867 1430 3896 ιι
1459 3852 1620 3902 tanta
1647 3849 1860 3904 etenim
1879 3831 2153 3905 ubertatis
2234 3843 2534 3899 ostendens
2555 3843 2840 3914 Evangelii
2859 3843 3396 3914 magnitudinem,et
3412 3843 3576 3898 etiam
3593 3839 3653 3892 de
3669 3831 3777 3890 anti-

555 3927 677 3996 ejus
726 3934 814 3982 est
857 3931 1208 4000 magnitudo,
1257 3939 1324 3988 ut
1365 3951 1534 4006 quem
1579 3937 1754 3991 semel
1794 3954 1897 3993 sua
1947 3939 2082 3994 virtu

2250 3933 2451 4003 {uitate
2479 3932 2602 3986 vult
2627 3932 2767 3986 illud
2795 3933 3078 3999 extollere,
3103 3932 3185 3986 ait
3204 3933 3396 3988 enim:
3425 3951 3451 3984 ((
3473 3931 3540 3986 Et
3563 3925 3777 4000 gratiam.

556 4013 870 4083 possiderit,
921 4033 1034 4072 non
1085 4025 1325 4090 partem,
1382 4025 1480 4077 sed
1541 4029 1721 4080 totam
1761 4027 1884 4096 ejus
1921 4034 2155 4098 occupet
2239 4041 2264 4075 (ί
2307 4039 2430 4093 quas
2453 4022 2586 4076 data
2605 4027 2692 4076 est
2711 4021 2891 4086 nobis,
2915 4021 2972 4075 in
2993 4021 3217 4076 Christo
3245 4023 3402 4088 Jesu,
3425 4025 3550 4075 ante
3573 4023 3780 4084 tempora

557 4107 823 4157 mentem.
855 4105 973 4159 Nec
999 4106 1305 4175 immerito,
1347 4109 1429 4164 illi
1459 4113 1670 4168 etenim
1701 4130 1824 4185 qua:
1861 4131 2154 4186 nunquam
2241 4129 2267 4162 «
2307 4111 2614 4177 saecularia,
2641 4110 2999 4164 manifestata
3019 4115 3106 4165 est
3132 4116 3327 4165 autem
3349 4127 3496 4164 nunc
3513 4124 3606 4180 per
3620 4098 3782 4159 illumi-

557 4191 774 4245 excedit
811 4193 1094 4249 cohaerens
1133 4189 1422 4264 charitati;
1461 4217 1575 4256 non
1601 4202 1782 4256 solum
1817 4204 2015 4274 replet,
2055 4205 2154 4258 scd
2241 4216 2268 4252 α
2307 4199 2594 4253 nationem
2619 4199 2910 4254 salvatoris
2931 4199 3110 4254 nostri
3133 4201 3162 4253 J
3167 4216 3269 4254 esu
3285 4199 3510 4254 Christi.
3538 4217 3562 4248 ι
3589 4194 3641 4250 Si
3666 4189 3782 4245 enim

557 4277 729 4334 etiam
748 4287 1022 4352 perpetua
1041 4287 1099 4338 et
1116 4284 1475 4358 inseparabili
1497 4306 1646 4358 eum,
1664 4308 1831 4362 quem
1861 4294 2150 4364 carpserit,
2170 4338 2218 4364 ῃ
2237 4289 2388 4344 exitu
2417 4288 2772 4358 negotiorum
2801 4305 3006 4342 novum
3045 4305 3167 4342 esse
3213 4288 3547 4360 perspicitur
3581 4285 3786 4348 Evange'

557 4338 806 4438 possidet
843 4338 1106 4441 jugitate,
1141 4338 1919 4450 nullis—laetitiaewt—egporalis,
1951 4338 2037 4436 vel
2066 4338 2218 4436 vo:D
2237 4377 2398 4443 lium,
2431 4338 2530 4432 εθὲ
2558 4377 2790 4432 arbitrio
2821 4377 3084 4431 donantis
3113 4338 3415 4449 antiquurm
3443 4382 3542 4431 est.
3562 4375 3688 4429 Nam
3709 4367 3785 4419 du-

557 4456 839 4528 luptatum
867 4459 1332 4519 oblectationibus
1359 4465 1713 4533 imminutus,
1734 4469 1884 4540 quod
1904 4485 2159 4524 nonnun—
2240 4466 2375 4520 dum
2415 4466 2532 4520 haec
2581 4465 2642 4520 in
2671 4465 2894 4521 Christo
2933 4466 3057 4520 fieri
3101 4465 3436 4537 probaverat
3469 4466 3640 4528 Deus;
3671 4470 3788 4512 nunc

559 4561 731 4616 quam
749 4547 830 4602 illi
851 4549 948 4620 qui
967 4549 1102 4606 foris
1117 4552 1360 4609 mittitur
1385 4554 1577 4610 timori
1605 4558 1828 4612 evenire
1849 4559 2154 4614 consuevit.
2240 4571 2374 4625 ergo
2405 4554 2628 4626 quando
2654 4554 2773 4626 ipse
2803 4555 3061 4610 Christus
3090 4555 3251 4610 nobis
3293 4554 3554 4628 apparuit
3580 4552 3632 4604 in
3655 4558 3788 4618 opere

559 4633 661 4686 Hic
704 4641 790 4690 est
841 4637 1020 4708 igitur
1049 4642 1406 4712 perfectionis
1464 4645 1653 4712 timor,
1704 4664 1815 4718 quo
1865 4649 2034 4702 homo
2063 4649 2158 4702 ille
2239 4644 2378 4698 illud
2407 4643 2706 4715 produxit;
2740 4651 2797 4698 et
2826 4644 3276 4716 magnitudinem
3305 4645 3530 4700 illorum
3557 4641 3785 4694 bonorum

560 4720 902 4792 Dominicus,
959 4729 1055 4798 qui
1098 4747 1212 4786 non
1267 4733 1452 4788 solum
1507 4735 1784 4790 redimere
1849 4737 2159 4792 humanum
2241 4749 2364 4804 quae
2395 4749 2496 4804 pro
2526 4732 2685 4787 nobis
2713 4733 2939 4788 fuerant
2983 4733 3325 4806 dispensata,
3359 4733 3432 4788 ad
3466 4723 3788 4787 conﬁrmatio-

558 4824 757 4879 genus,
791 4813 890 4866 sed
928 4815 1100 4871 etiam
1139 4819 1388 4890 praebere
1419 4829 1648 4878 venerat
1679 4825 2037 4896 perfectionis
2053 4828 2161 4880 for-
2241 4839 2374 4876 nem
2420 4822 2726 4892 Evangelii,
2779 4823 2976 4894 adjicit
3017 4841 3029 4874 :
3090 4847 3108 4872 ι
3145 4823 3255 4887 Qui
3285 4821 3555 4876 destruxit
3605 4813 3787 4888 quidenl

561 4913 733 4966 mam»
756 4905 926 4970 atque
955 4908 1209 4978 exempla
1235 4910 1529 4976 virtutum,
1558 4915 1804 4984 repletus
1825 4915 1995 4969 fuisse
2025 4931 2160 4969 nar-
2248 4933 2273 4962 ι
2304 4916 2566 4978 mortem,
2587 4911 2925 4966 illuminavit
2941 4916 3131 4966 autem
3159 4912 3356 4976 vitam,
3380 4917 3439 4964 et
3464 4901 3788 4974 incorruptio-

561 4993 740 5052 ratur,
781 4989 944 5044 illum
995 4993 1146 5050 enim
1187 4999 1444 5054 servilem
1471 5002 1871 5073 suppliciorum
1896 5003 2161 5058 timorem
2249 5023 2271 5051 ι
2296 5017 2427 5056 nem
2445 5017 2548 5072 per
2567 5001 2984 5072 EvangeliumJ
3002 5002 3138 5068 Hoc,
3155 5000 3356 5072 inquit,
3380 5000 3536 5055 fecit:
3560 4988 3790 5051 destruxit

562 5093 728 5132 νθηιε
757 5078 861 5133 Dei
891 5079 1063 5146 ﬁlius.
1099 5085 1197 5154 qui
1239 5095 1531 5157 peccatum
1568 5107 1683 5146 non
1709 5091 1843 5146 fecit
1867 5108 1970 5146 nec
2001 5092 2161 5146 dolus
2246 5087 2473 5161 quidem
2491 5095 2752 5158 mortem,
2769 5090 2940 5144 vitam
2974 5107 3105 5145 vero
3131 5091 3434 5161 quamdam
3460 5087 3610 5142 nobis
3628 5093 3790 5138 novam

564 5165 822 5222 inventus
853 5175 941 5223 est
965 5169 1024 5224 in
1049 5187 1146 5226 ore
1175 5175 1316 5244 ejus,
1349 5177 1555 5234 habere
1583 5196 1696 5234 non
1725 5181 1925 5252 potuit.
1949 5181 2164 5236 Deinde
2245 5180 2529 5245 revelavit,
2581 5196 2706 5251 quae
2743 5180 2895 5234 omni
2942 5179 3122 5234 libera
3163 5185 3251 5234 est
3304 5177 3629 5249 corruptela.
3671 5166 3791 5225 Talis

565 5253 638 5307 ad
667 5258 1063 5314 verecundiam
1090 5278 1219 5316 eum
1244 5263 1490 5320 invitans
1512 5268 1732 5339 adjicit:
2247 5269 2398 5324 enim
2421 5276 2509 5324 est
2536 5269 2634 5324 illa
2667 5269 2804 5336 vita,
2835 5285 3005 5341 quam
3040 5285 3142 5340 per
3177 5267 3632 5324 resurrectionem
3665 5256 3792 5314 nobis

644 5360 668 5392 ι
725 5342 853 5398 Noli
899 5346 1089 5419 itaque
1131 5351 1458 5407 erubescere
1503 5357 1888 5414 testimonium
1940 5359 2164 5413 Domini
2243 5357 2418 5413 tribui
2445 5365 2852 5430 exspectamus.
2875 5358 2946 5413 Et
2971 5356 3236 5429 quoniam
3255 5356 3593 5411 sufﬁcienter
3611 5343 3791 5416 magni-

571 5447 600 5480 κ
639 5431 816 5484 nostri
857 5434 989 5491 Iesu
1029 5438 1258 5508 Christi,
1306 5457 1488 5514 neque
1536 5461 1626 5500 me
1676 5447 1924 5502 vinctum
1953 5448 2096 5518 ejus.
2134 5469 2162 5498 ιι
2244 5447 2503 5503 tudinem
2531 5449 2862 5519 dogmatum
2905 5447 2966 5502 in
2995 5447 3255 5502 eumdem
3287 5444 3554 5507 incitavit,
3586 5435 3788 5508 adjicit:

569 5519 714 5578 Nam
739 5519 897 5576 valde
926 5539 1056 5581 eum
1083 5529 1153 5583 ad
1197 5531 1586 5588 verecundiam
1629 5537 1688 5590 in
1717 5535 1868 5592 hisce
1896 5536 2059 5591 dictis
2084 5543 2167 5592 at-
2250 5557 2280 5591 α
2307 5538 2374 5592 In
2401 5553 2514 5608 quo
2538 5537 2755 5609 positus
2781 5554 2909 5592 sum
2951 5553 3056 5608 ego
3083 5537 3414 5607 praedicator
3441 5529 3716 5605 Apostolus
3748 5523 3792 5572 et
