3868 6138
166 272 244 328 641

531 267 1099 325 ENARRATIONUM
1135 269 1216 324 IN
1252 270 1407 325 EPP.
1449 271 1663 326 PAULI
1703 269 1840 325 LIB.
1881 269 2085 325 XXIV.
2117 270 2284 327 —IN
2321 271 2546 328 EPIST.
2587 272 2639 328 II
2677 274 2774 328 AD
2810 275 2960 331 TIM.

3282 280 3387 337 642

167 420 187 452 ε
212 395 445 465 magister
468 391 731 463 gentium.
754 410 779 443 υ
813 391 884 445 Et
908 396 975 445 ut
1004 391 1075 445 ad
1102 391 1531 447 similitudinem
1559 394 1702 448 inci-
1717 394 1769 454 A
1791 392 2224 465 Onesiphorum,
2248 397 2507 453 hortatur
2533 403 2593 452 et
2632 398 2989 456 Timotheum
3038 420 3173 475 erga
3207 406 3389 477 pieta-

160 492 279 543 taret
310 482 654 543 Timotheum,
703 496 804 551 pro
833 480 941 545 his,
974 480 1177 551 inquit,
1218 498 1322 552 ego
1365 483 1703 537 constitutus

161 592 259 631 sum
290 571 578 643 Apostolus,
613 570 693 623 ita
720 575 785 623 ut
813 575 871 622 et
898 574 961 624 tu
984 570 1101 623 haec
1117 569 1199 625 ita
1226 587 1398 641 agens
1424 572 1702 643 particeps

160 663 269 718 mihi
293 677 397 715 esse
407 659 667 725 videaris;
701 664 758 712 et
776 658 1005 713 ultrade
1025 659 1142 713 suis
1163 660 1425 715 eumdem
1454 661 1703 731 plenarie

161 753 426 815 adhortans,
455 748 662 818 adjicit.
700 765 727 799 «
754 746 837 802 0b
869 765 1037 818 quam
1075 765 1304 803 causam
1350 750 1468 805 haec
1496 750 1698 821 patior,

160 841 234 896 sed
250 856 342 894 non
365 837 677 892 confundor.
699 855 725 887 ›)
762 837 913 891 Bene
926 837 1115 907 posuit
1140 856 1167 889 «
1189 854 1303 893 non
1323 839 1651 906 confundor,
1672 860 1697 892 »

159 931 317 1002 quiaet
332 929 384 982 in
410 926 785 998 superioribus
809 927 1026 980 dixerat
1056 927 1128 981 ad
1153 944 1306 993 eum,
1342 948 1368 980 «
1410 945 1524 985 non
1565 945 1699 999 ergo

159 1018 414 1081 erubescas,
468 1036 493 1068 ›)
529 1020 585 1069 et
612 1016 915 1071 ostendens
974 1017 1241 1087 quoniam
1276 1018 1433 1088 justa
1481 1017 1700 1072 ratione

158 1109 281 1161 docet
311 1123 410 1160 non
447 1104 790 1171 erubescere,
831 1105 914 1164 ait
945 1124 956 1159 :
1003 1124 1029 1156 ι(
1071 1106 1196 1159 Scio
1250 1106 1342 1160 cui
1380 1107 1611 1173 credidi,
1645 1111 1703 1160 et

163 1217 181 1248 α
203 1202 352 1250 certus
375 1211 493 1249 sum
512 1194 647 1265 quia
666 1200 867 1265 potens
890 1200 975 1248 est
1001 1194 1320 1265 depositum
1359 1212 1550 1250 meum
1580 1213 1700 1250 ser-

160 1305 179 1337 ε
201 1303 303 1339 vare
348 1284 401 1338 in
427 1284 587 1337 illum
616 1283 785 1337 diem.
828 1301 854 1335 )›
886 1284 1030 1338 Nam
1063 1289 1121 1338 et
1154 1283 1331 1350 valde,
1351 1284 1554 1356 inquit,
1588 1301 1704 1339 cer-

157 1378 335 1427 tnssum
345 1372 602 1442 quoniam
628 1371 723 1442 qui
751 1371 871 1442 ipse
898 1371 1219 1425 futurorum
1233 1372 1461 1426 arrham
1472 1372 1704 1444 spiritus

154 1462 274 1531 quasi
294 1460 579 1530 quamdam
592 1460 1135 1514 commendationem
1156 1460 1294 1514 mihi
1312 1461 1485 1527 dedit,
1517 1468 1704 1516 custo-

152 1551 241 1605 diet
260 1551 380 1603 hanc
390 1549 733 1615 inviolatam,
756 1555 822 1603 ut
846 1550 1149 1620 perfectam
1164 1555 1300 1606 tunc
1327 1551 1558 1622 spiritus
1569 1568 1703 1621 gra-

1783 485 1898 537 tem
1959 483 2312 555 diligentiam
2367 487 2651 541 adhibere.
2713 488 2872 543 Unde
2916 495 2974 545 et
3016 492 3119 547 hoc
3165 494 3224 548 in
3269 496 3389 551 loco

1785 572 1989 642 posuit,
2026 591 2052 624 ί(
2073 578 2131 627 et
2168 580 2425 629 catenam
2455 592 2636 630 meam
2688 594 2801 632 non
2854 579 3097 647 erubuit,
3134 602 3160 634 »
3191 600 3390 638 conse-

1787 666 2026 730 quenter
2040 661 2150 715 ista
2168 662 2357 733 junxit
2384 663 2494 717 illis
2533 681 2655 735 quae
2696 666 2766 719 ad
2797 667 2920 737 ejus
2944 669 3389 727 exhortationem

1784 748 2003 803 dixerat
2032 769 2043 803 :
2070 751 2154 805 Ne
2184 768 2317 822 ergo
2358 752 2653 807 erubescas
2710 756 3096 812 testimonium
3113 759 3337 816 Domini
3371 781 3385 829 ;

1783 839 2070 893 conﬁdens
2098 856 2228 894 vero
2249 841 2318 895 de
2364 842 2699 912 procedente
2733 845 3137 912 exhortatione,
3172 849 3384 920 adjicit.

1782 1032 2056 1112 Sollicitat
2105 1109 2111 1112 Α
2132 1036 2442 1112 Apostolus,
2473 1038 2819 1093 Timotheum
2877 1043 2951 1095 ad
2988 1049 3387 1112 exsequendum

1848 1107 2264 1181 prwdz'cationis
2294 1109 2563 1176 ofﬁcium,
2608 1125 2674 1163 ac
2704 1117 2885 1165 monet
2927 1107 3213 1181 juvenilia
3250 1120 3388 1172 desi-

1853 1177 2010 1229 deria
2025 1178 2234 1245 fugere.

1859 1282 1990 1336 «Tu
2018 1299 2169 1352 ergo,
2201 1283 2281 1337 ﬁli
2300 1284 2397 1361 mi,
2421 1286 2736 1361 confortare
2764 1288 2822 1342 in
2860 1290 3063 1359 gratia,
3091 1309 3214 1363 quae
3227 1296 3388 1351 estin

1789 1388 1815 1421 ς(
1838 1370 2060 1425 Christo
2090 1372 2241 1438 Jesu,
2283 1379 2341 1428 et
2386 1390 2508 1445 quae
2560 1376 2766 1430 audisti
2813 1395 2848 1431 a
2892 1395 2982 1432 me
3027 1397 3129 1451 per
3183 1385 3392 1441 multos

1790 1477 1817 1510 (ί
1846 1465 2038 1525 testes,
2075 1461 2190 1516 hac
2233 1465 2566 1518 commenda
2615 1465 2873 1520 ﬁdelibus
2919 1468 3255 1538 hominibus,
3292 1474 3390 1544 qui

1789 1568 1816 1601 (ί
1847 1548 2035 1603 idonei
2058 1556 2226 1604 erunt
2256 1556 2314 1604 et
2332 1551 2703 1608 aliosdocere.
2735 1574 2760 1606 »
2798 1556 3028 1626 (Arnim)
3056 1558 3224 1614 Omni
3254 1578 3389 1632 ergo

150 1642 254 1694 tiam
277 1638 478 1708 assequi
497 1638 800 1709 possimus,
824 1638 885 1691 in
908 1654 1019 1709 qua
1060 1655 1159 1710 spe
1187 1639 1258 1693 ad
1286 1656 1530 1710 praesens
1560 1640 1705 1694 hanc
1724 1713 1755 1717 _
1786 1655 1852 1691 ex
1887 1654 2059 1692 causa
2083 1640 2326 1710 gratiam
2338 1640 2512 1706 illam,
2537 1658 2659 1713 quae
2675 1643 2809 1697 data
2843 1651 2929 1699 est
2950 1646 3052 1701 tibi
3084 1664 3120 1701 a
3144 1649 3386 1717 Christo,

148 1729 330 1800 spiritus
348 1726 588 1799 gratiam
625 1732 690 1781 ut
729 1727 956 1781 arrham
987 1728 1227 1781 assecuti
1249 1745 1463 1782 sumus.
1494 1713 1852 1799 (Greg.)Bob
1881 1727 2119 1781 aliorum
2150 1728 2453 1783 utilitatem
2473 1730 2641 1785 rebus
2671 1732 2806 1802 ipsis
2827 1736 3060 1789 ostende
3090 1755 3102 1789 :
3138 1713 3389 1795 studium

148 1817 293 1872 Sancti
318 1816 482 1887 igitur
530 1815 640 1869 viri
671 1820 808 1886 quot
834 1814 1053 1869 labores
1098 1833 1249 1870 nunc
1276 1815 1500 1870 veritati
1553 1833 1701 1871 com-

147 1906 421 1959 mendantes
447 1903 734 1969 exhibent,
757 1908 845 1958 tot
871 1905 1043 1959 etiam
1080 1905 1555 1959 remunerationis
1584 1922 1699 1960 suae

144 1994 329 2066 pignora
355 1993 498 2047 intra
560 1992 679 2064 spei
708 1992 1024 2048 cubiculum
1053 1994 1270 2048 clausas
1327 1998 1541 2059 tenent,
1599 1993 1697 2048 sed

144 2083 286 2153 gravis
310 2099 447 2137 nunc
470 2082 722 2137 sentitur
748 2087 903 2136 astus
923 2082 982 2135 in
1010 2099 1198 2154 opere,
1246 2089 1313 2138 ut
1360 2083 1698 2154 quandoque

143 2171 444 2242 refrigerium
468 2171 818 2242 percipiatur
844 2188 911 2225 ex
940 2171 1146 2242 quiete.

197 2262 470 2315 «Formam
506 2259 687 2314 habes
715 2277 982 2315 sanorum
1026 2260 1345 2325 verborum,
1376 2278 1500 2332 quae
1527 2278 1563 2314 a
1609 2277 1701 2315 me

146 2349 377 2416 «audisti,
410 2350 467 2403 in
522 2350 641 2404 ﬁde
698 2355 756 2404 et
807 2349 1103 2404 dilectione
1130 2349 1188 2403 in
1218 2349 1442 2404 Christo
1492 2350 1645 2404 Jesu.
1670 2368 1697 2401 ))

143 2440 694 2509 (Ambr.)Memoresto
718 2439 985 2493 doctrinae
1014 2455 1170 2504 mere,
1204 2445 1262 2493 et
1292 2455 1489 2493 eorum
1518 2456 1640 2510 quae
1668 2455 1704 2493 a

141 2543 351 2598 mesepe
368 2527 602 2594 audisti,
639 2527 859 2581 dicente
885 2526 990 2580 tibi
1017 2527 1086 2581 de
1116 2527 1225 2581 ﬁde
1254 2527 1353 2581 illa
1380 2543 1551 2598 quam
1584 2528 1701 2581 Deo

140 2616 356 2671 exhibere
376 2616 673 2682 debemus,
706 2622 765 2671 et
799 2615 1073 2670 charitate
1101 2616 1216 2682 illa,
1252 2632 1375 2687 quae
1394 2616 1702 2670 secundum

141 2705 381 2760 Christum
413 2710 519 2760 est.
581 2706 731 2759 Bene
756 2711 949 2759 autem
984 2704 1142 2771 dixit,
1188 2724 1213 2757 «
1244 2705 1484 2759 formam
1529 2704 1701 2759 habes

139 2793 363 2849 doctrinae
418 2811 588 2849 meae.
650 2814 676 2847 »
723 2794 937 2848 Deinde
985 2793 1135 2865 quod
1176 2792 1317 2848 dixit
1354 2794 1425 2847 de
1458 2810 1537 2860 se,
1595 2794 1701 2849 hoc

137 2883 273 2937 etiam
292 2890 344 2938 et
370 2885 450 2939 illi
479 2884 691 2938 suadet
704 2882 999 2937 consilium
1026 2883 1165 2937 dans
1197 2883 1268 2936 ei.
1306 2900 1332 2934 (ί
1366 2882 1586 2937 Bonum
1606 2882 1701 2937 de-

1781 1820 1943 1868 tuum
1971 1815 2045 1868 sit
2072 1820 2138 1869 ut
2175 1833 2359 1883 omne,
2409 1819 2778 1890 quodcunque
2818 1838 3087 1892 magnum
3125 1831 3230 1892 est,
3258 1843 3388 1882 cum

1780 1903 2156 1958 sollicitudine
2185 1904 2324 1959 illud
2339 1922 2492 1975 agas,
2512 1913 2569 1961 et
2584 1925 2706 1978 quae
2734 1926 2769 1962 a
2784 1926 2875 1964 me
2904 1912 3111 1967 audisti
3132 1913 3389 1986 frequen-

1781 1997 1887 2059 ter,
1922 1993 2057 2047 dum
2085 1993 2225 2047 alios
2237 1994 2527 2062 docerem;
2550 1996 2654 2050 hoc
2674 1998 2824 2051 enim
2846 1999 2982 2053 dicit
3010 2018 3037 2052 ‹‹
3058 2018 3161 2072 per
3179 2005 3387 2060 multos

1781 2086 1971 2148 testes,
2001 2099 2028 2134 λ)
2050 2082 2167 2136 hac
2183 2089 2484 2154 propterea
2494 2089 2552 2138 et
2579 2085 2698 2156 ipse
2714 2087 2933 2153 docere,
2974 2106 3087 2144 non
3109 2092 3389 2162 quoslibet

1782 2169 1880 2223 sed
1896 2186 2035 2240 quos
2055 2171 2268 2225 discere
2286 2172 2396 2225 ista
2422 2172 2653 2227 idoneos
2666 2174 2992 2230 existimans
3021 2178 3116 2248 qui
3140 2181 3388 2250 poterint

1782 2258 2001 2313 lucrum
2030 2259 2234 2314 horum
2251 2265 2308 2314 et
2326 2260 2384 2314 in
2398 2261 2537 2315 alios
2566 2263 2833 2333 proferre.
2867 2264 3081 2320 Deinde
3103 2272 3161 2321 et
3197 2285 3386 2324 exem-

1783 2347 1875 2418 plo
1905 2365 2036 2402 eum
2056 2349 2362 2404 adhortans
2377 2350 2513 2404 dicit
2540 2368 2551 2403 :
2586 2370 2612 2403 α
2635 2351 2853 2407 Labora
2867 2353 3198 2410 sicutbonus
3224 2357 3387 2413 miles

1782 2436 1841 2489 in
1870 2436 2092 2491 Christo
2110 2438 2263 2491 Jesu.
2292 2455 2321 2490 ι»
2346 2438 2575 2493 Imitare
2621 2440 2828 2495 milites
2884 2441 3048 2497 istius
3087 2446 3273 2499 smeuli
3330 2453 3388 2502 et

1785 2524 2024 2579 militem
2052 2530 2110 2579 te
2136 2526 2343 2581 Christi
2358 2527 2686 2582 existimans
2715 2546 2881 2584 omne
2901 2531 3049 2601 quod
3069 2533 3273 2589 durum
3301 2542 3389 2590 est

1784 2619 1843 2667 ct
1871 2613 2211 2668 laboriosum
2243 2616 2716 2687 contemplatione
2744 2617 2969 2688 pietatis
3005 2620 3150 2676 ferre
3181 2623 3385 2695 depro-

1783 2719 1921 2775 pera
1947 2722 1959 2770 ;
1984 2709 2041 2757 et
2072 2703 2192 2774 ipso
2248 2705 2502 2775 exemplo
2545 2705 2686 2759 dans
2713 2707 2766 2760 ei
2806 2708 3120 2777 consilium,
3153 2712 3383 2783 adjicit;

1787 2810 1810 2843 ι
1844 2792 2023 2845 Nemo
2052 2792 2300 2846 militans
2352 2792 2488 2859 Deo,
2540 2794 2794 2865 implicat
2822 2812 2882 2849 se
2929 2798 3187 2868 negotiis,
3218 2807 3283 2855 ut
3335 2801 3388 2856 ei

1785 2898 1809 2930 «
1843 2880 2061 2950 placeat
2100 2880 2190 2935 cui
2231 2897 2291 2934 se
2316 2880 2589 2951 probavit.
2625 2899 2653 2935 ι
2687 2883 2857 2950 Scito,
2894 2885 3097 2957 inquit,
3123 2889 3385 2959 quoniam

137 2990 155 3023 α
185 2972 403 3043 positum
422 2972 651 3028 custodi
667 2989 768 3043 per
797 2971 1070 3043 Spiritum
1082 2971 1470 3042 sanctum,qui
1481 2970 1697 3025 habitat
1719 3030 1758 3044 η
1782 2968 1876 3039 qui
1908 2969 2195 3023 voluntate
2224 2968 2372 3023 bona
2390 2970 2450 3024 in
2476 2971 2681 3025 militia
2706 2989 2811 3026 sua
2868 2973 3185 3044 probabiles
3227 2978 3385 3033 inve-

136 3082 155 3111 ς
171 3061 217 3115 in
241 3062 407 3117 nobis.
442 3083 469 3116 θ
502 3063 690 3126 Quam
706 3060 969 3132 accepisti
1002 3061 1245 3131 gratiam
1270 3060 1518 3131 spiritus,
1555 3060 1700 3115 hanc
1716 3030 1761 3090 Ο·
1779 3057 2032 3123 niuntur,
2065 3058 2135 3111 ab
2162 3058 2317 3113 omni
2342 3059 2720 3129 negotiatione
2731 3062 2982 3117 saeculari
3000 3064 3212 3136 seipsos
3237 3067 3389 3123 cohi-

130 3149 361 3207 illibatam
390 3152 684 3207 custodire
717 3151 1030 3221 deprOpera
1055 3149 1429 3204 sollicitudine
1474 3154 1532 3203 et
1570 3148 1700 3203 dili-
1780 3145 1935 3214 bent,
1959 3163 2127 3218 opere
2153 3164 2254 3202 suo
2313 3152 2537 3202 tantum
2578 3148 2954 3206 intendentes.
2990 3153 3141 3208 Bene
3195 3162 3386 3211 autem

130 3242 286 3309 gentia
304 3258 501 3296 eorum
549 3257 675 3312 qua:
710 3239 1049 3294 conveniunt
1078 3257 1091 3305 ;
1124 3244 1182 3293 et
1208 3238 1416 3293 iterum
1458 3254 1561 3292 sua
1587 3255 1701 3293 me-
1782 3235 1942 3300 dixit,
1978 3236 2274 3308 «implicat
2303 3254 2382 3303 se,
2415 3255 2443 3290 ι
2502 3242 2559 3293 et
2588 3239 2747 3293 valde
2776 3241 3001 3312 proprie
3045 3243 3185 3297 illud
3226 3246 3382 3311 dixit,

132 3345 319 3385 morans
343 3330 555 3385 suadet
600 3329 670 3395 ei,
718 3333 783 3383 ut
806 3328 1045 3399 impigre
1075 3328 1390 3383 doctrinam
1445 3326 1711 3399 impleat,

131 3418 302 3474 nullius
328 3419 611 3474 momenti
636 3418 961 3472 existimans
988 3416 1113 3471 illas
1143 3433 1266 3471 esse
1290 3416 1552 3471 tristitias
1578 3433 1702 3487 quae

128 3522 209 3576 per
222 3508 463 3581 singulos
509 3508 636 3563 dies
673 3506 924 3561 accidere
963 3505 1015 3559 ei
1056 3505 1335 3560 videntur.
1371 3524 1398 3557 ‹‹
1445 3505 1563 3560 Scis
1596 3505 1704 3559 hoc

131 3614 151 3646 ε
173 3599 301 3668 quod
315 3598 498 3653 aversi
530 3601 669 3651 sunt
695 3613 729 3650 a
757 3613 850 3650 me
869 3612 1064 3650 omnes
1075 3595 1173 3666 qui
1200 3594 1260 3648 in
1286 3595 1421 3649 Asia
1448 3600 1600 3658 sunt,
1636 3612 1703 3649 ex

132 3704 151 3734 ε
176 3686 358 3757 quibus
386 3693 477 3742 est
507 3686 767 3742 Philetus
786 3690 844 3738 et
863 3684 1266 3754 Hermogenes.
1302 3702 1328 3735 »
1349 3684 1465 3738 Hoc
1493 3684 1553 3738 in
1583 3684 1702 3738 loco

128 3778 388 3831 memorati
408 3794 542 3830 esse
558 3773 956 3829 existimantur
974 3774 1070 3845 qui
1101 3771 1443 3827 simulabant
1454 3790 1514 3827 se
1532 3773 1703 3827 ﬁdem

126 3870 303 3931 tenere,
327 3866 425 3937 qui
456 3865 636 3920 etiam
665 3863 725 3918 in
752 3862 886 3918 Asia
910 3880 978 3917 eo
1004 3862 1242 3932 degente
1263 3862 1444 3915 aversi
1474 3867 1607 3916 sunt
1634 3860 1705 3915 ab

123 3969 190 4006 eo.
217 3954 356 4009 Nam
394 3961 457 4010 et
487 3953 647 4009 omni
674 3968 877 4025 pugnae
912 3951 1173 4005 exteriori
1194 3951 1417 4021 gravior
1445 3956 1533 4005 est
1558 3950 1704 4005 inte-

124 4043 232 4110 rior,
250 4044 353 4099 hoc
373 4051 484 4112 est,
518 4049 589 4098 ut
612 4043 699 4097 sui
726 4059 787 4096 se
834 4041 1171 4112 relinquant.
1204 4040 1374 4106 Nihil,
1413 4041 1513 4107 ait,
1539 4038 1707 4094 debet

120 4138 163 4185 te
199 4133 414 4189 tristem
492 4133 679 4187 facere
724 4148 791 4185 ex
836 4131 948 4185 illis
1006 4146 1130 4202 qua
1195 4128 1456 4184 accidunt
1530 4128 1704 4182 tristi-

123 4220 226 4275 tiis:
257 4229 463 4295 reputa
521 4227 715 4276 autem
753 4220 851 4275 illa
906 4236 1029 4291 quae
1077 4236 1211 4291 erga
1266 4235 1357 4274 me
1430 4220 1591 4281 ﬁunt,
1648 4223 1707 4273 et

1784 3340 1850 3378 eo
1883 3325 2031 3395 quod
2060 3324 2154 3379 ille
2177 3325 2273 3396 qui
2301 3325 2433 3380 talis
2470 3332 2571 3393 est,
2623 3334 2681 3381 et
2708 3327 2777 3381 de
2806 3329 2894 3383 his
2921 3331 3171 3387 studium
3195 3333 3387 3403 habet,

1783 3430 1888 3467 nec
1905 3414 2197 3468 attendere
2223 3420 2407 3485 potest
2435 3415 2494 3468 in
2520 3416 2741 3481 melius,
2775 3434 2841 3471 eo
2862 3420 3010 3488 quod
3028 3422 3201 3476 semel
3220 3439 3390 3478 saecu-

1785 3502 1998 3556 laribus
2044 3503 2363 3573 implicatus
2388 3509 2491 3557 est.
2552 3504 2766 3558 Deinde
2804 3511 2861 3560 et
2890 3505 2959 3561 ad
3005 3508 3143 3563 illud
3184 3513 3391 3567 transit

1786 3592 2123 3662 exemplum.
2161 3592 2347 3645 «Nam
2377 3596 2435 3644 et
2465 3591 2561 3662 qui
2587 3598 2767 3647 certat
2782 3594 2842 3647 in
2865 3611 3063 3665 agone,
3094 3614 3208 3652 non
3237 3616 3392 3656 coro-

1789 3698 1817 3733 α
1866 3686 2035 3734 natur
2087 3680 2197 3733 nisi
2242 3679 2493 3749 legitime
2540 3682 2853 3736 certaverit.
2901 3706 2924 3733 ι
2950 3685 3020 3738 Et
3046 3686 3273 3756 quidem
3317 3690 3389 3744 ad

1788 3768 1983 3823 beatas
1995 3784 2228 3823 coronas
2242 3768 2463 3838 assequi
2484 3768 2828 3839 impossibile
2842 3777 2946 3837 est,
2984 3772 3031 3825 si
3060 3789 3175 3828 non
3204 3777 3387 3831 solum

1788 3858 1858 3912 ad
1870 3857 2105 3929 justitiae
2116 3856 2472 3928 disciplinam
2494 3857 2857 3925 intenderint,
2883 3860 2979 3914 sed
2999 3862 3171 3917 etiam
3192 3864 3251 3919 in
3265 3867 3389 3936 ejus

1787 3946 2139 4018 perstiterint
2157 3945 2393 4016 legibus,
2426 3946 2505 4001 sic
2519 3947 2696 4001 multo
2711 3948 2891 4019 magis
2916 3949 3120 4005 decens
3139 3958 3241 4019 est,
3307 3960 3383 4023 te,

1786 4036 1901 4089 sive
1931 4034 2092 4106 quasi
2121 4035 2411 4101 athletam,
2445 4035 2560 4089 sive
2584 4036 2743 4106 quasi
2774 4037 3012 4094 militem
3042 4040 3270 4110 Christi,
3302 4059 3390 4098 co-

1785 4123 2025 4179 hiberea
2049 4123 2429 4195 corporalibus
2460 4125 2719 4195 negotiis,
2750 4126 3043 4184 intendere
3084 4146 3214 4186 vero
3258 4132 3390 4189 solae

1785 4213 2001 4285 pietati.
2036 4213 2115 4268 Ex
2143 4231 2254 4284 qua
2273 4214 2598 4269 exhortatus
2622 4219 2709 4269 est
2731 4232 2880 4282 eum,
2912 4223 2977 4272 ut
2995 4219 3209 4274 nullam
3244 4222 3394 4277 solli-

121 4312 357 4379 quoniam
390 4312 497 4384 qui
516 4311 781 4365 videntur
803 4326 1128 4364 communes
1152 4307 1311 4362 nobis
1339 4324 1461 4362 esse
1490 4308 1548 4362 in
1572 4307 1767 4407 ﬁde,D
1786 4302 2094 4402 citudinern
2106 4302 2175 4356 de
2205 4303 2563 4407 sacularibus
2593 4303 2800 4359 habeat
2827 4306 3067 4375 negotiis
3078 4309 3175 4362 sed
3204 4315 3261 4363 et
3290 4311 3388 4366 illa

122 4414 287 4455 omnes
315 4420 408 4456 me
448 4402 514 4455 in
541 4399 677 4454 Asia
707 4398 1076 4469 reliquerunt,
1108 4415 1174 4452 ex
1203 4396 1405 4469 quibus
1451 4391 1765 4451 Philetas”
1784 4397 2008 4447 tantum
2038 4391 2297 4446 intendat
2337 4409 2460 4463 quae
2488 4392 2560 4446 ad
2590 4393 2892 4447 utilitatem
2931 4395 3216 4464 pertinent
3256 4399 3391 4453 alio-

122 4494 257 4544 estet
281 4491 680 4560 Hermogenes
710 4507 727 4542 :
748 4487 1009 4541 meminit
1053 4492 1243 4541 autem
1278 4487 1481 4541 horum
1529 4486 1707 4540 nomi-
1787 4498 1934 4548 rum,
1967 4481 2271 4535 necessitas
2300 4480 2519 4551 ﬂagitat
2533 4481 2785 4535 humana
2826 4482 2994 4536 etiam
3041 4484 3110 4537 de
3128 4484 3239 4539 illis
3266 4503 3391 4557 per-

124 4580 271 4634 natim
289 4579 530 4653 ecquod
553 4560 695 4633 forte
718 4577 971 4631 omnium
987 4576 1235 4630 deterius
1252 4574 1549 4629 arbitrium
1573 4590 1708 4645 erga
1789 4570 1935 4643 quiri
1956 4586 2080 4641 quae
2109 4587 2244 4640 erga
2273 4586 2456 4623 escam
2493 4575 2628 4623 sunt
2655 4576 2713 4623 et
2732 4569 3145 4626 indumentum.
3184 4575 3386 4647 (ϐπ-αθ.)

122 4668 430 4739 Apostolum
448 4669 514 4723 in
534 4668 819 4739 Ephesum
840 4665 1204 4720 ostenderunt
1231 4664 1367 4725 :hoc
1386 4664 1615 4735 quidem
1634 4664 1705 4718 ad
1787 4659 2083 4730 Angelicos
2120 4675 2250 4712 vero
2299 4658 2532 4729 spiritus
2559 4663 2708 4712 recte
2736 4659 2839 4712 Dei
2884 4658 3091 4715 milites
3124 4662 3384 4734 dicimus,

123 4759 567 4823 consolationem,
588 4757 1018 4810 instructionem
1045 4753 1192 4807 dixit
1216 4752 1515 4818 Timothei,
1559 4758 1616 4806 et
1643 4757 1709 4806 ut
1790 4748 1919 4819 quia
1974 4748 2263 4801 decertare
2300 4763 2396 4800 eos
2442 4752 2638 4801 contra
2694 4751 3000 4817 potestates
3044 4766 3239 4807 aereas
3274 4771 3389 4811 non

125 4860 213 4900 non
233 4846 827 4918 graviterferatsuper
841 4844 954 4898 illis
991 4842 1258 4909 tristitiis,
1283 4858 1406 4913 qua
1425 4841 1532 4896 sibi
1560 4840 1706 4895 acci-
1788 4839 2132 4909 ignoramus,
2159 4852 2282 4906 qua
2301 4841 2493 4890 tamen
2531 4837 2840 4890 certamina
2870 4854 2983 4892 non
3032 4839 3241 4909 labore,
3293 4845 3392 4899 sed

123 4933 255 4990 dunt.
293 4938 631 4992 Adhortans
683 4950 815 4988 vero
859 4950 990 4988 eum
1042 4932 1115 4986 ad
1157 4931 1409 4999 meliora,
1451 4930 1710 4984 meminit

126 5024 271 5079 etiam
298 5026 459 5080 illius
478 5024 576 5096 qui
601 5022 876 5079 dissimile
902 5021 1200 5076 arbitrium
1230 5020 1446 5086 habuit,
1479 5025 1537 5074 et
1576 5019 1658 5074 ait
1691 5037 1702 5072 :

129 5114 262 5169 €Det
286 5112 743 5170 misericordiam
789 5111 1065 5166 Dominus
1120 5109 1454 5181 Onesiphori
1496 5107 1707 5175 domui,

129 5218 149 5247 ε
175 5203 297 5273 quia
323 5221 483 5276 saepe
502 5220 590 5257 me
619 5200 987 5273 refrigeravit,
1018 5206 1076 5255 et
1102 5204 1359 5254 catenam
1386 5215 1571 5253 meam
1599 5214 1712 5253 non

128 5308 145 5339 ε
173 5292 414 5357 erubuit,
454 5292 554 5345 sed
588 5307 717 5346 cum
771 5291 1009 5345 Romam
1040 5289 1304 5355 venisset,
1354 5287 1590 5342 sollicite
1620 5303 1710 5342 me

131 5380 750 5450 iquassivit,etinvenit,
792 5381 890 5434 det
903 5379 983 5433 illi
1012 5378 1285 5432 Dominus
1312 5375 1561 5431 invenire
1606 5375 1712 5430 mi-

130 5487 147 5515 ε
174 5471 544 5527 serioordiam
561 5470 845 5525 aDomino
863 5469 923 5522 in
940 5468 1038 5522 illa
1064 5466 1174 5533 die,
1209 5471 1268 5521 et
1288 5465 1714 5539 quautaEphesi

1790 4926 2025 4998 imperio
2064 4930 2382 4997 peragunt:
2416 4924 2548 4995 quia
2595 4924 2867 4995 quidquid
2917 4929 3133 4997 agendo
3197 4930 3393 4987 contra

1792 5015 2113 5070 immundos
2125 5013 2355 5085 Spiritus
2370 5018 2646 5084 appetunt
2679 5030 2747 5067 ex
2778 5015 3060 5085 adjutorio
3083 5024 3287 5074 cuncta
3304 5037 3390 5076 re-

1791 5104 1976 5175 gentis
2005 5107 2256 5175 possunt.
2273 5103 2354 5156 De
2382 5103 2487 5156 hac
2503 5119 2749 5173 namque
2762 5103 2965 5158 militia
2977 5112 3239 5161 nascente
3258 5125 3392 5181 rege

1793 5199 1983 5249 nostro
2012 5193 2284 5264 scriptum
2304 5197 2391 5246 est
2418 5211 2429 5244 :
2460 5211 2482 5243 ι
2508 5190 2704 5247 Subito
2732 5192 2877 5247 facta
2913 5199 2997 5248 est
3039 5211 3165 5249 cum
3194 5198 3395 5268 angelo

1795 5283 2093 5339 multitudo
2114 5281 2330 5336 militiae
2350 5281 2588 5336 caelestis
2610 5284 2756 5346 (Luc.
2790 5286 2864 5349 ri},
2901 5301 2927 5333 υ
2961 5283 3050 5338 cui
3081 5288 3271 5341 tamen
3292 5288 3397 5344 mi-

1797 5373 2241 5427 litimelectorum
2271 5386 2493 5441 quoque
2522 5371 2814 5425 hominum
2830 5387 3101 5427 numerus
3110 5375 3391 5447 jungitur,

1798 5462 1895 5535 qui
1922 5478 2023 5533 per
2037 5460 2273 5516 sublime
2331 5459 2536 5514 mentis
2581 5459 2923 5514 desiderium
2949 5477 2984 5514 a
3001 5468 3240 5519 terrenae
3281 5483 3396 5522 ser-

130 5578 151 5605 ι
173 5560 520 5617 ministravit
533 5566 598 5617 tu
611 5560 814 5616 melius
831 5557 1036 5614 nosti.»
1052 5557 1200 5613 Nam
1219 5556 1357 5612 dum
1374 5559 1718 5611 memoratur
1798 5552 1990 5608 vitutis
2018 5549 2437 5606 conversatione
2454 5548 2783 5617 liberantur,
2806 5548 2877 5605 de
2901 5550 3103 5623 quibus
3131 5570 3235 5626 per
3245 5556 3397 5613 Pau-
