  <div class='ocr_page' id='page_1' title='image "/cluster/home/n/w/nwhite01/storage/ocr_20150623/112/hvd.32044054759774/327.png"; bbox 0 0 3868 6138; ppageno 0'>
   <div class='ocr_carea' id='block_1_1' title="bbox 566 259 670 319">
    <p class='ocr_par' dir='ltr' id='par_1_1' title="bbox 566 259 670 319">
     <span class='ocr_line' id='line_1_1' title="bbox 566 259 670 319; baseline -0.029 0"><span class='ocrx_word' id='word_1_1' title='bbox 566 259 670 319; x_wconf 74' lang='grc'>643</span> 
     </span>
    </p>
   </div>
   <div class='ocr_carea' id='block_1_2' title="bbox 1164 247 3248 316">
    <p class='ocr_par' dir='ltr' id='par_1_2' title="bbox 1164 247 3248 316">
     <span class='ocr_line' id='line_1_2' title="bbox 1164 247 3248 316; baseline -0.004 0"><span class='ocrx_word' id='word_1_2' title='bbox 1164 262 1227 316; x_wconf 87' lang='grc' dir='ltr'><strong>Β.</strong></span> <span class='ocrx_word' id='word_1_3' title='bbox 1270 259 1542 315; x_wconf 66' lang='lat' dir='ltr'><strong>MBAN!</strong></span> <span class='ocrx_word' id='word_1_4' title='bbox 1579 256 1812 315; x_wconf 70' lang='lat' dir='ltr'><strong>MAURI</strong></span> <span class='ocrx_word' id='word_1_5' title='bbox 1849 254 2188 313; x_wconf 73' lang='lat' dir='ltr'>ARCHIEP.</span> <span class='ocrx_word' id='word_1_6' title='bbox 2226 255 2552 312; x_wconf 77' lang='lat' dir='ltr'>MOGUNT.</span> <span class='ocrx_word' id='word_1_7' title='bbox 2597 251 2896 311; x_wconf 68' lang='lat' dir='ltr'>OPERUH</span> <span class='ocrx_word' id='word_1_8' title='bbox 2931 247 3112 309; x_wconf 69' lang='lat' dir='ltr'>PARS</span> <span class='ocrx_word' id='word_1_9' title='bbox 3150 254 3248 310; x_wconf 86' lang='grc' dir='ltr'>ΠΙ.</span> 
     </span>
    </p>
   </div>
   <div class='ocr_carea' id='block_1_3' title="bbox 3681 259 3762 317">
    <p class='ocr_par' dir='ltr' id='par_1_3' title="bbox 3681 259 3762 317">
     <span class='ocr_line' id='line_1_3' title="bbox 3681 259 3762 317; baseline 0 0"><span class='ocrx_word' id='word_1_10' title='bbox 3681 259 3762 317; x_wconf 65' lang='lat' dir='ltr'>Ott</span> 
     </span>
    </p>
   </div>
   <div class='ocr_carea' id='block_1_4' title="bbox 561 345 3772 451">
    <p class='ocr_par' dir='ltr' id='par_1_4' title="bbox 561 345 3772 451">
     <span class='ocr_line' id='line_1_4' title="bbox 561 345 3772 451; baseline -0.001 -11"><span class='ocrx_word' id='word_1_11' title='bbox 561 385 695 440; x_wconf 81' lang='lat' dir='ltr'>lum</span> <span class='ocrx_word' id='word_1_12' title='bbox 714 383 948 438; x_wconf 87' lang='lat' dir='ltr'>dicitur:</span> <span class='ocrx_word' id='word_1_13' title='bbox 981 385 1198 438; x_wconf 60' lang='lat' dir='ltr'>«Nemo</span> <span class='ocrx_word' id='word_1_14' title='bbox 1211 345 1460 437; x_wconf 71' lang='lat' dir='ltr'><strong>militans</strong></span> <span class='ocrx_word' id='word_1_15' title='bbox 1487 381 1603 436; x_wconf 90' lang='lat' dir='ltr'>Deo</span> <span class='ocrx_word' id='word_1_16' title='bbox 1631 381 1887 451; x_wconf 85' lang='lat' dir='ltr'>implicat</span> <span class='ocrx_word' id='word_1_17' title='bbox 1904 387 1964 435; x_wconf 72' lang='lat' dir='ltr'>te</span> <span class='ocrx_word' id='word_1_18' title='bbox 1993 389 2168 450; x_wconf 82' lang='lat' dir='ltr'>nego-</span> <span class='ocrx_word' id='word_1_19' title='bbox 2184 382 2233 440; x_wconf 83' lang='grc' dir='ltr'><strong>Α</strong></span> <span class='ocrx_word' id='word_1_20' title='bbox 2252 379 2509 434; x_wconf 81' lang='lat' dir='ltr'>doctrina</span> <span class='ocrx_word' id='word_1_21' title='bbox 2535 347 2784 432; x_wconf 85' lang='lat' dir='ltr'><strong>instituis</strong></span> <span class='ocrx_word' id='word_1_22' title='bbox 2812 377 2878 431; x_wconf 78' lang='lat' dir='ltr'><strong>ac</strong></span> <span class='ocrx_word' id='word_1_23' title='bbox 2903 377 3068 432; x_wconf 82' lang='lat' dir='ltr'>doces</span> <span class='ocrx_word' id='word_1_24' title='bbox 3097 377 3303 443; x_wconf 84' lang='lat' dir='ltr'>ﬁdeles,</span> <span class='ocrx_word' id='word_1_25' title='bbox 3335 393 3492 448; x_wconf 82' lang='lat' dir='ltr'><strong>quem</strong></span> <span class='ocrx_word' id='word_1_26' title='bbox 3515 380 3708 435; x_wconf 83' lang='lat' dir='ltr'>virtutis</span> <span class='ocrx_word' id='word_1_27' title='bbox 3728 391 3772 438; x_wconf 84' lang='lat' dir='ltr'>et</span> 
     </span>
    </p>
   </div>
   <div class='ocr_carea' id='block_1_5' title="bbox 564 469 2158 543">
    <p class='ocr_par' dir='ltr' id='par_1_5' title="bbox 564 469 2158 543">
     <span class='ocr_line' id='line_1_5' title="bbox 564 469 2158 543; baseline -0.004 -15"><span class='ocrx_word' id='word_1_28' title='bbox 564 474 660 528; x_wconf 88' lang='lat' dir='ltr'>tiis</span> <span class='ocrx_word' id='word_1_29' title='bbox 704 471 1080 538; x_wconf 67' lang='lat' dir='ltr'>saecularibus,</span> <span class='ocrx_word' id='word_1_30' title='bbox 1113 491 1140 524; x_wconf 73' lang='grc' dir='ltr'><strong><em>ι</em></strong></span> <span class='ocrx_word' id='word_1_31' title='bbox 1173 472 1268 543; x_wconf 90' lang='lat' dir='ltr'>qui</span> <span class='ocrx_word' id='word_1_32' title='bbox 1298 471 1428 526; x_wconf 86' lang='lat' dir='ltr'>licet</span> <span class='ocrx_word' id='word_1_33' title='bbox 1457 485 1606 525; x_wconf 89' lang='lat' dir='ltr'>nunc</span> <span class='ocrx_word' id='word_1_34' title='bbox 1635 469 1797 540; x_wconf 86' lang='lat' dir='ltr'>pauci</span> <span class='ocrx_word' id='word_1_35' title='bbox 1833 473 2158 540; x_wconf 71' lang='lat' dir='ltr'>appareant,</span> 
     </span>
    </p>
   </div>
   <div class='ocr_carea' id='block_1_6' title="bbox 566 558 2160 632">
    <p class='ocr_par' dir='ltr' id='par_1_6' title="bbox 566 558 2160 632">
     <span class='ocr_line' id='line_1_6' title="bbox 566 558 2160 632; baseline -0.003 -16"><span class='ocrx_word' id='word_1_36' title='bbox 566 563 624 616; x_wconf 92' lang='lat' dir='ltr'>in</span> <span class='ocrx_word' id='word_1_37' title='bbox 680 561 942 616; x_wconf 82' lang='lat' dir='ltr'>invisibili</span> <span class='ocrx_word' id='word_1_38' title='bbox 982 567 1172 615; x_wconf 91' lang='lat' dir='ltr'>tamen</span> <span class='ocrx_word' id='word_1_39' title='bbox 1222 561 1406 632; x_wconf 86' lang='lat' dir='ltr'>patria</span> <span class='ocrx_word' id='word_1_40' title='bbox 1437 558 1874 614; x_wconf 88' lang='lat' dir='ltr'>innumerabiles</span> <span class='ocrx_word' id='word_1_41' title='bbox 1905 563 2160 628; x_wconf 87' lang='lat' dir='ltr'>regnant,</span> 
     </span>
    </p>
   </div>
   <div class='ocr_carea' id='block_1_7' title="bbox 569 647 2169 722">
    <p class='ocr_par' dir='ltr' id='par_1_7' title="bbox 569 647 2169 722">
     <span class='ocr_line' id='line_1_7' title="bbox 569 647 2169 722; baseline -0.003 -18"><span class='ocrx_word' id='word_1_42' title='bbox 569 651 701 722; x_wconf 85' lang='lat' dir='ltr'>quia</span> <span class='ocrx_word' id='word_1_43' title='bbox 728 651 834 704; x_wconf 84' lang='lat' dir='ltr'>etsi</span> <span class='ocrx_word' id='word_1_44' title='bbox 854 667 919 704; x_wconf 82' lang='lat' dir='ltr'><strong>ex</strong></span> <span class='ocrx_word' id='word_1_45' title='bbox 965 650 1382 721; x_wconf 83' lang='lat' dir='ltr'>comparatione</span> <span class='ocrx_word' id='word_1_46' title='bbox 1409 665 1706 721; x_wconf 88' lang='lat' dir='ltr'>pravorum</span> <span class='ocrx_word' id='word_1_47' title='bbox 1737 648 1900 718; x_wconf 81' lang='lat' dir='ltr'>pauci</span> <span class='ocrx_word' id='word_1_48' title='bbox 1929 654 2080 714; x_wconf 89' lang='lat' dir='ltr'>sunt,</span> <span class='ocrx_word' id='word_1_49' title='bbox 2110 647 2169 700; x_wconf 91' lang='lat' dir='ltr'>in</span> 
     </span>
    </p>
   </div>
   <div class='ocr_carea' id='block_1_8' title="bbox 569 735 2170 808">
    <p class='ocr_par' dir='ltr' id='par_1_8' title="bbox 569 735 2170 808">
     <span class='ocr_line' id='line_1_8' title="bbox 569 735 2170 808; baseline -0.002 -16"><span class='ocrx_word' id='word_1_50' title='bbox 569 739 1013 808; x_wconf 84' lang='lat' dir='ltr'>congregationis</span> <span class='ocrx_word' id='word_1_51' title='bbox 1069 755 1183 792; x_wconf 66' lang='lat' dir='ltr'>suae</span> <span class='ocrx_word' id='word_1_52' title='bbox 1222 737 1542 808; x_wconf 85' lang='lat' dir='ltr'>frequentia</span> <span class='ocrx_word' id='word_1_53' title='bbox 1587 735 1774 790; x_wconf 80' lang='lat' dir='ltr'>metiri</span> <span class='ocrx_word' id='word_1_54' title='bbox 1815 751 2170 806; x_wconf 81' lang='lat' dir='ltr'>nequaquam</span> 
     </span>
    </p>
   </div>
   <div class='ocr_carea' id='block_1_9' title="bbox 568 824 2171 898">
    <p class='ocr_par' dir='ltr' id='par_1_9' title="bbox 568 824 2171 898">
     <span class='ocr_line' id='line_1_9' title="bbox 568 824 2171 898; baseline -0.002 -16"><span class='ocrx_word' id='word_1_55' title='bbox 568 833 820 898; x_wconf 89' lang='lat' dir='ltr'>possunt.</span> <span class='ocrx_word' id='word_1_56' title='bbox 880 827 1037 898; x_wconf 60' lang='lat' dir='ltr'>Sapo</span> <span class='ocrx_word' id='word_1_57' title='bbox 1074 843 1318 898; x_wconf 80' lang='lat' dir='ltr'>namque</span> <span class='ocrx_word' id='word_1_58' title='bbox 1355 825 1610 880; x_wconf 82' lang='lat' dir='ltr'>nonnulli</span> <span class='ocrx_word' id='word_1_59' title='bbox 1634 825 1786 879; x_wconf 74' lang='lat' dir='ltr'>velut</span> <span class='ocrx_word' id='word_1_60' title='bbox 1811 824 1988 880; x_wconf 86' lang='lat' dir='ltr'>obliti.</span> <span class='ocrx_word' id='word_1_61' title='bbox 2021 824 2171 894; x_wconf 87' lang='lat' dir='ltr'>quod</span> 
     </span>
    </p>
   </div>
   <div class='ocr_carea' id='block_1_10' title="bbox 570 913 2170 986">
    <p class='ocr_par' dir='ltr' id='par_1_10' title="bbox 570 913 2170 986">
     <span class='ocr_line' id='line_1_10' title="bbox 570 913 2170 986; baseline -0.003 -16"><span class='ocrx_word' id='word_1_62' title='bbox 570 915 836 970; x_wconf 82' lang='lat' dir='ltr'>fratribus</span> <span class='ocrx_word' id='word_1_63' title='bbox 861 916 1175 970; x_wconf 87' lang='lat' dir='ltr'>animarum</span> <span class='ocrx_word' id='word_1_64' title='bbox 1206 932 1374 970; x_wconf 86' lang='lat' dir='ltr'>causa</span> <span class='ocrx_word' id='word_1_65' title='bbox 1403 914 1618 986; x_wconf 68' lang='lat' dir='ltr'>praelati</span> <span class='ocrx_word' id='word_1_66' title='bbox 1657 920 1806 978; x_wconf 90' lang='lat' dir='ltr'>sunt,</span> <span class='ocrx_word' id='word_1_67' title='bbox 1837 918 1957 967; x_wconf 90' lang='lat' dir='ltr'>toto</span> <span class='ocrx_word' id='word_1_68' title='bbox 1987 913 2170 967; x_wconf 83' lang='lat' dir='ltr'>cordis</span> 
     </span>
    </p>
   </div>
   <div class='ocr_carea' id='block_1_11' title="bbox 570 1002 2172 1068">
    <p class='ocr_par' dir='ltr' id='par_1_11' title="bbox 570 1002 2172 1068">
     <span class='ocr_line' id='line_1_11' title="bbox 570 1002 2172 1068; baseline -0.002 -10"><span class='ocrx_word' id='word_1_69' title='bbox 570 1004 772 1058; x_wconf 86' lang='lat' dir='ltr'>adnisu</span> <span class='ocrx_word' id='word_1_70' title='bbox 801 1003 1317 1059; x_wconf 75' lang='lat' dir='ltr'>saecularibuscuris</span> <span class='ocrx_word' id='word_1_71' title='bbox 1333 1003 1664 1068; x_wconf 88' lang='lat' dir='ltr'>inserviunt,</span> <span class='ocrx_word' id='word_1_72' title='bbox 1679 1003 1782 1056; x_wconf 90' lang='lat' dir='ltr'>has</span> <span class='ocrx_word' id='word_1_73' title='bbox 1810 1019 1937 1056; x_wconf 89' lang='lat' dir='ltr'>cum</span> <span class='ocrx_word' id='word_1_74' title='bbox 1965 1002 2172 1055; x_wconf 81' lang='lat' dir='ltr'>adsunt</span> 
     </span>
    </p>
   </div>
   <div class='ocr_carea' id='block_1_12' title="bbox 571 1089 2170 1163">
    <p class='ocr_par' dir='ltr' id='par_1_12' title="bbox 571 1089 2170 1163">
     <span class='ocr_line' id='line_1_12' title="bbox 571 1089 2170 1163; baseline -0.002 -17"><span class='ocrx_word' id='word_1_75' title='bbox 571 1110 630 1146; x_wconf 92' lang='lat' dir='ltr'>se</span> <span class='ocrx_word' id='word_1_76' title='bbox 661 1104 828 1163; x_wconf 87' lang='lat' dir='ltr'>agere</span> <span class='ocrx_word' id='word_1_77' title='bbox 854 1093 1154 1158; x_wconf 82' lang='lat' dir='ltr'>exsultant,</span> <span class='ocrx_word' id='word_1_78' title='bbox 1180 1093 1251 1146; x_wconf 89' lang='lat' dir='ltr'>ad</span> <span class='ocrx_word' id='word_1_79' title='bbox 1271 1093 1372 1146; x_wconf 88' lang='lat' dir='ltr'>has</span> <span class='ocrx_word' id='word_1_80' title='bbox 1393 1091 1562 1146; x_wconf 88' lang='lat' dir='ltr'>etiam</span> <span class='ocrx_word' id='word_1_81' title='bbox 1575 1107 1702 1146; x_wconf 89' lang='lat' dir='ltr'>cum</span> <span class='ocrx_word' id='word_1_82' title='bbox 1716 1091 1938 1155; x_wconf 84' lang='lat' dir='ltr'>desunt,</span> <span class='ocrx_word' id='word_1_83' title='bbox 1973 1089 2170 1144; x_wconf 89' lang='lat' dir='ltr'>diebus</span> 
     </span>
    </p>
   </div>
   <div class='ocr_carea' id='block_1_13' title="bbox 485 1179 2169 1256">
    <p class='ocr_par' dir='ltr' id='par_1_13' title="bbox 485 1179 2169 1256">
     <span class='ocr_line' id='line_1_13' title="bbox 485 1179 2169 1256; baseline -0.002 -20"><span class='ocrx_word' id='word_1_84' title='bbox 485 1251 492 1256; x_wconf 26' lang='grc' dir='ltr'><em>α</em></span> <span class='ocrx_word' id='word_1_85' title='bbox 571 1199 634 1236; x_wconf 86' lang='lat' dir='ltr'>ac</span> <span class='ocrx_word' id='word_1_86' title='bbox 660 1181 914 1236; x_wconf 90' lang='lat' dir='ltr'>noctibus</span> <span class='ocrx_word' id='word_1_87' title='bbox 955 1180 1312 1251; x_wconf 83' lang='lat' dir='ltr'>cogitationis</span> <span class='ocrx_word' id='word_1_88' title='bbox 1351 1179 1591 1234; x_wconf 63' lang='lat' dir='ltr'>turbidae</span> <span class='ocrx_word' id='word_1_89' title='bbox 1628 1179 1855 1233; x_wconf 65' lang='lat' dir='ltr'>aestibus</span> <span class='ocrx_word' id='word_1_90' title='bbox 1883 1179 2169 1240; x_wconf 86' lang='lat' dir='ltr'>anhelant,</span> 
     </span>
    </p>
   </div>
   <div class='ocr_carea' id='block_1_14' title="bbox 571 1267 2176 1341">
    <p class='ocr_par' dir='ltr' id='par_1_14' title="bbox 571 1267 2176 1341">
     <span class='ocr_line' id='line_1_14' title="bbox 571 1267 2176 1341; baseline -0.003 -15"><span class='ocrx_word' id='word_1_91' title='bbox 571 1287 813 1341; x_wconf 88' lang='lat' dir='ltr'>cumque</span> <span class='ocrx_word' id='word_1_92' title='bbox 827 1269 897 1324; x_wconf 90' lang='lat' dir='ltr'>ab</span> <span class='ocrx_word' id='word_1_93' title='bbox 914 1270 1022 1336; x_wconf 88' lang='lat' dir='ltr'>his,</span> <span class='ocrx_word' id='word_1_94' title='bbox 1035 1277 1286 1324; x_wconf 84' lang='lat' dir='ltr'><strong>cessante</strong></span> <span class='ocrx_word' id='word_1_95' title='bbox 1295 1269 1528 1324; x_wconf 82' lang='lat' dir='ltr'>forsitan</span> <span class='ocrx_word' id='word_1_96' title='bbox 1537 1269 1975 1340; x_wconf 79' lang='lat' dir='ltr'>opportunitate,</span> <span class='ocrx_word' id='word_1_97' title='bbox 1999 1267 2176 1338; x_wconf 84' lang='lat' dir='ltr'><strong>quieti</strong></span> 
     </span>
    </p>
   </div>
   <div class='ocr_carea' id='block_1_15' title="bbox 573 1357 2175 1430">
    <p class='ocr_par' dir='ltr' id='par_1_15' title="bbox 573 1357 2175 1430">
     <span class='ocr_line' id='line_1_15' title="bbox 573 1357 2175 1430; baseline -0.004 -14"><span class='ocrx_word' id='word_1_98' title='bbox 573 1366 723 1425; x_wconf 81' lang='lat' dir='ltr'>sunt,</span> <span class='ocrx_word' id='word_1_99' title='bbox 749 1359 871 1430; x_wconf 88' lang='lat' dir='ltr'>ipsa</span> <span class='ocrx_word' id='word_1_100' title='bbox 879 1359 1128 1413; x_wconf 90' lang='lat' dir='ltr'>deterius</span> <span class='ocrx_word' id='word_1_101' title='bbox 1147 1375 1249 1414; x_wconf 88' lang='lat' dir='ltr'>sua</span> <span class='ocrx_word' id='word_1_102' title='bbox 1260 1358 1449 1428; x_wconf 85' lang='lat' dir='ltr'><strong>quiete</strong></span> <span class='ocrx_word' id='word_1_103' title='bbox 1461 1357 1788 1428; x_wconf 79' lang='lat' dir='ltr'>fatigantur.</span> <span class='ocrx_word' id='word_1_104' title='bbox 1817 1358 2175 1428; x_wconf 81' lang='lat' dir='ltr'>Voluptatem</span> 
     </span>
    </p>
   </div>
   <div class='ocr_carea' id='block_1_16' title="bbox 575 1445 2174 1518">
    <p class='ocr_par' dir='ltr' id='par_1_16' title="bbox 575 1445 2174 1518">
     <span class='ocr_line' id='line_1_16' title="bbox 575 1445 2174 1518; baseline -0.003 -16"><span class='ocrx_word' id='word_1_105' title='bbox 575 1464 817 1518; x_wconf 87' lang='lat' dir='ltr'><strong>namque</strong></span> <span class='ocrx_word' id='word_1_106' title='bbox 844 1454 1092 1512; x_wconf 86' lang='lat' dir='ltr'>censent,</span> <span class='ocrx_word' id='word_1_107' title='bbox 1126 1447 1172 1500; x_wconf 89' lang='lat' dir='ltr'>si</span> <span class='ocrx_word' id='word_1_108' title='bbox 1222 1445 1533 1500; x_wconf 81' lang='lat' dir='ltr'>actionibus</span> <span class='ocrx_word' id='word_1_109' title='bbox 1574 1447 1987 1516; x_wconf 89' lang='lat' dir='ltr'>deprimuntur,</span> <span class='ocrx_word' id='word_1_110' title='bbox 2018 1445 2174 1498; x_wconf 88' lang='lat' dir='ltr'>labo-</span> 
     </span>
    </p>
   </div>
   <div class='ocr_carea' id='block_1_17' title="bbox 578 1534 2172 1607">
    <p class='ocr_par' dir='ltr' id='par_1_17' title="bbox 578 1534 2172 1607">
     <span class='ocr_line' id='line_1_17' title="bbox 578 1534 2172 1607; baseline -0.002 -16"><span class='ocrx_word' id='word_1_111' title='bbox 578 1554 694 1590; x_wconf 86' lang='lat' dir='ltr'><strong>rem</strong></span> <span class='ocrx_word' id='word_1_112' title='bbox 723 1537 1014 1607; x_wconf 88' lang='lat' dir='ltr'>deputant,</span> <span class='ocrx_word' id='word_1_113' title='bbox 1048 1535 1096 1589; x_wconf 90' lang='lat' dir='ltr'>si</span> <span class='ocrx_word' id='word_1_114' title='bbox 1124 1535 1183 1588; x_wconf 91' lang='lat' dir='ltr'>in</span> <span class='ocrx_word' id='word_1_115' title='bbox 1221 1535 1459 1589; x_wconf 85' lang='lat' dir='ltr'>terrenis</span> <span class='ocrx_word' id='word_1_116' title='bbox 1478 1535 1718 1605; x_wconf 84' lang='lat' dir='ltr'>negotiis</span> <span class='ocrx_word' id='word_1_117' title='bbox 1748 1552 1858 1589; x_wconf 91' lang='lat' dir='ltr'>non</span> <span class='ocrx_word' id='word_1_118' title='bbox 1897 1534 2172 1601; x_wconf 88' lang='lat' dir='ltr'>laborant,</span> 
     </span>
    </p>
   </div>
   <div class='ocr_carea' id='block_1_18' title="bbox 578 1624 2173 1696">
    <p class='ocr_par' dir='ltr' id='par_1_18' title="bbox 578 1624 2173 1696">
     <span class='ocr_line' id='line_1_18' title="bbox 578 1624 2173 1696; baseline -0.002 -16"><span class='ocrx_word' id='word_1_119' title='bbox 578 1627 767 1696; x_wconf 85' lang='lat' dir='ltr'>sicque</span> <span class='ocrx_word' id='word_1_120' title='bbox 789 1626 854 1679; x_wconf 88' lang='lat' dir='ltr'>ﬁt</span> <span class='ocrx_word' id='word_1_121' title='bbox 888 1630 951 1678; x_wconf 92' lang='lat' dir='ltr'>ut</span> <span class='ocrx_word' id='word_1_122' title='bbox 1001 1625 1136 1679; x_wconf 89' lang='lat' dir='ltr'>dum</span> <span class='ocrx_word' id='word_1_123' title='bbox 1185 1624 1487 1679; x_wconf 84' lang='lat' dir='ltr'><strong>mundanis</strong></span> <span class='ocrx_word' id='word_1_124' title='bbox 1526 1624 1864 1678; x_wconf 80' lang='lat' dir='ltr'>tumultibus</span> <span class='ocrx_word' id='word_1_125' title='bbox 1905 1624 2173 1694; x_wconf 78' lang='lat' dir='ltr'><strong>gaudent,</strong></span> 
     </span>
    </p>
   </div>
   <div class='ocr_carea' id='block_1_19' title="bbox 2252 467 3774 540">
    <p class='ocr_par' dir='ltr' id='par_1_19' title="bbox 2252 467 3774 540">
     <span class='ocr_line' id='line_1_19' title="bbox 2252 467 3774 540; baseline 0.001 -16"><span class='ocrx_word' id='word_1_126' title='bbox 2252 469 2378 525; x_wconf 90' lang='lat' dir='ltr'>boni</span> <span class='ocrx_word' id='word_1_127' title='bbox 2399 468 2582 540; x_wconf 90' lang='lat' dir='ltr'>operis</span> <span class='ocrx_word' id='word_1_128' title='bbox 2593 467 2804 522; x_wconf 88' lang='lat' dir='ltr'>fructus</span> <span class='ocrx_word' id='word_1_129' title='bbox 2813 468 2930 521; x_wconf 90' lang='lat' dir='ltr'>Deo</span> <span class='ocrx_word' id='word_1_130' title='bbox 2955 467 3161 522; x_wconf 67' lang='lat' dir='ltr'>offerre</span> <span class='ocrx_word' id='word_1_131' title='bbox 3170 469 3382 538; x_wconf 86' lang='lat' dir='ltr'>justum</span> <span class='ocrx_word' id='word_1_132' title='bbox 3396 475 3478 522; x_wconf 89' lang='lat' dir='ltr'>est</span> <span class='ocrx_word' id='word_1_133' title='bbox 3494 474 3547 522; x_wconf 90' lang='lat' dir='ltr'>et</span> <span class='ocrx_word' id='word_1_134' title='bbox 3560 477 3673 524; x_wconf 84' lang='lat' dir='ltr'>ante</span> <span class='ocrx_word' id='word_1_135' title='bbox 3687 487 3774 525; x_wconf 89' lang='lat' dir='ltr'>om-</span> 
     </span>
    </p>
   </div>
   <div class='ocr_carea' id='block_1_20' title="bbox 2251 555 3774 628">
    <p class='ocr_par' dir='ltr' id='par_1_20' title="bbox 2251 555 3774 628">
     <span class='ocr_line' id='line_1_20' title="bbox 2251 555 3774 628; baseline -0.001 -15"><span class='ocrx_word' id='word_1_136' title='bbox 2251 575 2350 614; x_wconf 87' lang='lat' dir='ltr'><strong>nes</strong></span> <span class='ocrx_word' id='word_1_137' title='bbox 2371 557 2616 628; x_wconf 86' lang='lat' dir='ltr'><strong>assequi,</strong></span> <span class='ocrx_word' id='word_1_138' title='bbox 2643 557 2805 626; x_wconf 85' lang='lat' dir='ltr'>cujus</span> <span class='ocrx_word' id='word_1_139' title='bbox 2835 555 3024 609; x_wconf 87' lang='lat' dir='ltr'>labore</span> <span class='ocrx_word' id='word_1_140' title='bbox 3045 557 3212 610; x_wconf 84' lang='lat' dir='ltr'>etiam</span> <span class='ocrx_word' id='word_1_141' title='bbox 3259 556 3435 611; x_wconf 66' lang='lat' dir='ltr'>caeteri</span> <span class='ocrx_word' id='word_1_142' title='bbox 3477 559 3673 628; x_wconf 82' lang='lat' dir='ltr'><strong>assequi</strong></span> <span class='ocrx_word' id='word_1_143' title='bbox 3713 561 3774 612; x_wconf 85' lang='lat' dir='ltr'>vi-</span> 
     </span>
    </p>
   </div>
   <div class='ocr_carea' id='block_1_21' title="bbox 2253 642 3776 717">
    <p class='ocr_par' dir='ltr' id='par_1_21' title="bbox 2253 642 3776 717">
     <span class='ocr_line' id='line_1_21' title="bbox 2253 642 3776 717; baseline 0.001 -16"><span class='ocrx_word' id='word_1_144' title='bbox 2253 648 2474 702; x_wconf 89' lang='lat' dir='ltr'>dentur.</span> <span class='ocrx_word' id='word_1_145' title='bbox 2506 645 2664 700; x_wconf 88' lang='lat' dir='ltr'>Unde</span> <span class='ocrx_word' id='word_1_146' title='bbox 2684 651 2743 698; x_wconf 91' lang='lat' dir='ltr'>et</span> <span class='ocrx_word' id='word_1_147' title='bbox 2763 645 2899 698; x_wconf 87' lang='lat' dir='ltr'>dicit</span> <span class='ocrx_word' id='word_1_148' title='bbox 2924 663 2935 697; x_wconf 93' lang='lat'><strong>:</strong></span> <span class='ocrx_word' id='word_1_149' title='bbox 2965 664 2986 694; x_wconf 76' lang='grc' dir='ltr'>ι</span> <span class='ocrx_word' id='word_1_150' title='bbox 3015 643 3269 714; x_wconf 85' lang='lat' dir='ltr'>Intellige</span> <span class='ocrx_word' id='word_1_151' title='bbox 3298 661 3417 715; x_wconf 60' lang='lat' dir='ltr'><strong>quae</strong></span> <span class='ocrx_word' id='word_1_152' title='bbox 3441 642 3572 712; x_wconf 82' lang='lat' dir='ltr'>dico,</span> <span class='ocrx_word' id='word_1_153' title='bbox 3606 662 3626 696; x_wconf 68' lang='grc' dir='ltr'><strong><em>ι</em></strong></span> <span class='ocrx_word' id='word_1_154' title='bbox 3655 647 3776 717; x_wconf 75' lang='lat' dir='ltr'>quasi</span> 
     </span>
    </p>
   </div>
   <div class='ocr_carea' id='block_1_22' title="bbox 2254 733 3776 808">
    <p class='ocr_par' dir='ltr' id='par_1_22' title="bbox 2254 733 3776 808">
     <span class='ocr_line' id='line_1_22' title="bbox 2254 733 3776 808; baseline 0 -18"><span class='ocrx_word' id='word_1_155' title='bbox 2254 737 2350 808; x_wconf 86' lang='lat' dir='ltr'><strong>qui</strong></span> <span class='ocrx_word' id='word_1_156' title='bbox 2381 735 2652 790; x_wconf 85' lang='lat' dir='ltr'>occultius</span> <span class='ocrx_word' id='word_1_157' title='bbox 2669 735 2808 788; x_wconf 89' lang='lat' dir='ltr'>illud</span> <span class='ocrx_word' id='word_1_158' title='bbox 2847 733 3067 797; x_wconf 83' lang='lat' dir='ltr'>dixerit,</span> <span class='ocrx_word' id='word_1_159' title='bbox 3100 733 3266 787; x_wconf 80' lang='lat' dir='ltr'><strong>simul</strong></span> <span class='ocrx_word' id='word_1_160' title='bbox 3311 733 3473 787; x_wconf 89' lang='lat' dir='ltr'>etiam</span> <span class='ocrx_word' id='word_1_161' title='bbox 3499 741 3553 788; x_wconf 86' lang='lat' dir='ltr'>et</span> <span class='ocrx_word' id='word_1_162' title='bbox 3575 739 3709 806; x_wconf 81' lang='lat' dir='ltr'>optat</span> <span class='ocrx_word' id='word_1_163' title='bbox 3727 738 3776 790; x_wconf 86' lang='lat' dir='ltr'>de</span> 
     </span>
    </p>
   </div>
   <div class='ocr_carea' id='block_1_23' title="bbox 2253 822 3778 880">
    <p class='ocr_par' dir='ltr' id='par_1_23' title="bbox 2253 822 3778 880">
     <span class='ocr_line' id='line_1_23' title="bbox 2253 822 3778 880; baseline -0.001 -1"><span class='ocrx_word' id='word_1_164' title='bbox 2253 824 2514 880; x_wconf 90' lang='lat' dir='ltr'>omnibus</span> <span class='ocrx_word' id='word_1_165' title='bbox 2534 824 2585 878; x_wconf 93' lang='lat' dir='ltr'>ei</span> <span class='ocrx_word' id='word_1_166' title='bbox 2612 822 2786 878; x_wconf 87' lang='lat' dir='ltr'>tribui</span> <span class='ocrx_word' id='word_1_167' title='bbox 2827 822 3192 877; x_wconf 78' lang='lat' dir='ltr'>intellectum.</span> <span class='ocrx_word' id='word_1_168' title='bbox 3230 843 3253 872; x_wconf 78' lang='grc' dir='ltr'>ι</span> <span class='ocrx_word' id='word_1_169' title='bbox 3276 823 3482 876; x_wconf 87' lang='lat' dir='ltr'><strong>Memor</strong></span> <span class='ocrx_word' id='word_1_170' title='bbox 3507 828 3614 876; x_wconf 83' lang='lat' dir='ltr'>esto</span> <span class='ocrx_word' id='word_1_171' title='bbox 3658 823 3778 878; x_wconf 86' lang='lat' dir='ltr'>Chri-</span> 
     </span>
    </p>
   </div>
   <div class='ocr_carea' id='block_1_24' title="bbox 2259 910 3780 969">
    <p class='ocr_par' dir='ltr' id='par_1_24' title="bbox 2259 910 3780 969">
     <span class='ocr_line' id='line_1_24' title="bbox 2259 910 3780 969; baseline -0.001 -2"><span class='ocrx_word' id='word_1_172' title='bbox 2259 934 2281 967; x_wconf 79' lang='grc' dir='ltr'>σ</span> <span class='ocrx_word' id='word_1_173' title='bbox 2311 920 2464 969; x_wconf 85' lang='lat' dir='ltr'>stum</span> <span class='ocrx_word' id='word_1_174' title='bbox 2485 913 2679 967; x_wconf 89' lang='lat' dir='ltr'>Jesum</span> <span class='ocrx_word' id='word_1_175' title='bbox 2690 911 3062 966; x_wconf 79' lang='lat' dir='ltr'>resurrexisse</span> <span class='ocrx_word' id='word_1_176' title='bbox 3084 927 3114 964; x_wconf 86' lang='lat' dir='ltr'><strong>a</strong></span> <span class='ocrx_word' id='word_1_177' title='bbox 3145 910 3450 965; x_wconf 83' lang='lat' dir='ltr'>mortuisex</span> <span class='ocrx_word' id='word_1_178' title='bbox 3485 911 3670 966; x_wconf 86' lang='lat' dir='ltr'><strong>semine</strong></span> <span class='ocrx_word' id='word_1_179' title='bbox 3703 914 3780 966; x_wconf 85' lang='lat' dir='ltr'>Da-</span> 
     </span>
    </p>
   </div>
   <div class='ocr_carea' id='block_1_25' title="bbox 2253 993 3781 1070">
    <p class='ocr_par' dir='ltr' id='par_1_25' title="bbox 2253 993 3781 1070">
     <span class='ocr_line' id='line_1_25' title="bbox 2253 993 3781 1070; baseline -0.001 -14"><span class='ocrx_word' id='word_1_180' title='bbox 2253 1020 2282 1056; x_wconf 75' lang='grc' dir='ltr'>ι</span> <span class='ocrx_word' id='word_1_181' title='bbox 2309 1002 2400 1056; x_wconf 87' lang='lat' dir='ltr'>vid</span> <span class='ocrx_word' id='word_1_182' title='bbox 2425 1001 2730 1056; x_wconf 88' lang='lat' dir='ltr'>secundum</span> <span class='ocrx_word' id='word_1_183' title='bbox 2766 999 3132 1070; x_wconf 79' lang='lat' dir='ltr'>Evangelinni</span> <span class='ocrx_word' id='word_1_184' title='bbox 3183 1010 3388 1064; x_wconf 84' lang='lat' dir='ltr'>meum,</span> <span class='ocrx_word' id='word_1_185' title='bbox 3419 999 3473 1052; x_wconf 90' lang='lat' dir='ltr'>in</span> <span class='ocrx_word' id='word_1_186' title='bbox 3512 1015 3610 1070; x_wconf 88' lang='lat' dir='ltr'>quo</span> <span class='ocrx_word' id='word_1_187' title='bbox 3634 993 3781 1054; x_wconf 85' lang='lat' dir='ltr'>laboro</span> 
     </span>
    </p>
   </div>
   <div class='ocr_carea' id='block_1_26' title="bbox 2254 1087 3781 1162">
    <p class='ocr_par' dir='ltr' id='par_1_26' title="bbox 2254 1087 3781 1162">
     <span class='ocr_line' id='line_1_26' title="bbox 2254 1087 3781 1162; baseline -0.003 -16"><span class='ocrx_word' id='word_1_188' title='bbox 2254 1110 2281 1146; x_wconf 80' lang='grc' dir='ltr'>α</span> <span class='ocrx_word' id='word_1_189' title='bbox 2305 1095 2485 1162; x_wconf 84' lang='lat' dir='ltr'>usque</span> <span class='ocrx_word' id='word_1_190' title='bbox 2541 1090 2613 1143; x_wconf 87' lang='lat' dir='ltr'>ad</span> <span class='ocrx_word' id='word_1_191' title='bbox 2661 1089 2900 1154; x_wconf 88' lang='lat' dir='ltr'>vincula,</span> <span class='ocrx_word' id='word_1_192' title='bbox 2936 1087 3096 1158; x_wconf 67' lang='lat' dir='ltr'>quasi</span> <span class='ocrx_word' id='word_1_193' title='bbox 3154 1088 3299 1142; x_wconf 86' lang='lat' dir='ltr'>male</span> <span class='ocrx_word' id='word_1_194' title='bbox 3347 1103 3587 1158; x_wconf 86' lang='lat' dir='ltr'>operans.</span> <span class='ocrx_word' id='word_1_195' title='bbox 3618 1108 3640 1142; x_wconf 67' lang='grc' dir='ltr'><strong><em>ι</em></strong></span> <span class='ocrx_word' id='word_1_196' title='bbox 3669 1089 3781 1144; x_wconf 84' lang='lat' dir='ltr'><strong>Bene</strong></span> 
     </span>
    </p>
   </div>
   <div class='ocr_carea' id='block_1_27' title="bbox 2256 1177 3783 1248">
    <p class='ocr_par' dir='ltr' id='par_1_27' title="bbox 2256 1177 3783 1248">
     <span class='ocr_line' id='line_1_27' title="bbox 2256 1177 3783 1248; baseline -0.002 -14"><span class='ocrx_word' id='word_1_197' title='bbox 2256 1186 2447 1234; x_wconf 88' lang='lat' dir='ltr'>autem</span> <span class='ocrx_word' id='word_1_198' title='bbox 2471 1179 2629 1243; x_wconf 83' lang='lat' dir='ltr'>dixit,</span> <span class='ocrx_word' id='word_1_199' title='bbox 2663 1197 2685 1230; x_wconf 75' lang='grc' dir='ltr'>ι</span> <span class='ocrx_word' id='word_1_200' title='bbox 2717 1181 2785 1232; x_wconf 78' lang='lat' dir='ltr'>ex</span> <span class='ocrx_word' id='word_1_201' title='bbox 2827 1177 3059 1242; x_wconf 88' lang='lat' dir='ltr'>se&#39;mine,</span> <span class='ocrx_word' id='word_1_202' title='bbox 3099 1195 3121 1227; x_wconf 77' lang='grc' dir='ltr'><strong>ι</strong></span> <span class='ocrx_word' id='word_1_203' title='bbox 3156 1183 3220 1231; x_wconf 86' lang='lat' dir='ltr'>ut</span> <span class='ocrx_word' id='word_1_204' title='bbox 3247 1177 3488 1247; x_wconf 79' lang='lat' dir='ltr'>corporis</span> <span class='ocrx_word' id='word_1_205' title='bbox 3525 1177 3678 1248; x_wconf 79' lang='lat' dir='ltr'>magis</span> <span class='ocrx_word' id='word_1_206' title='bbox 3717 1195 3783 1231; x_wconf 86' lang='lat' dir='ltr'>as-</span> 
     </span>
    </p>
   </div>
   <div class='ocr_carea' id='block_1_28' title="bbox 2256 1265 3784 1340">
    <p class='ocr_par' dir='ltr' id='par_1_28' title="bbox 2256 1265 3784 1340">
     <span class='ocr_line' id='line_1_28' title="bbox 2256 1265 3784 1340; baseline -0.003 -16"><span class='ocrx_word' id='word_1_207' title='bbox 2256 1268 2634 1340; x_wconf 85' lang='lat' dir='ltr'>sumptionem</span> <span class='ocrx_word' id='word_1_208' title='bbox 2654 1267 2861 1321; x_wconf 81' lang='lat' dir='ltr'>factam</span> <span class='ocrx_word' id='word_1_209' title='bbox 2888 1265 3220 1320; x_wconf 82' lang='lat' dir='ltr'>insinuaret.</span> <span class='ocrx_word' id='word_1_210' title='bbox 3244 1265 3356 1319; x_wconf 84' lang='lat' dir='ltr'>Nec</span> <span class='ocrx_word' id='word_1_211' title='bbox 3385 1266 3563 1319; x_wconf 83' lang='lat' dir='ltr'>autem</span> <span class='ocrx_word' id='word_1_212' title='bbox 3588 1265 3784 1320; x_wconf 80' lang='lat' dir='ltr'>absolute</span> 
     </span>
    </p>
   </div>
   <div class='ocr_carea' id='block_1_29' title="bbox 2257 1353 3783 1429">
    <p class='ocr_par' dir='ltr' id='par_1_29' title="bbox 2257 1353 3783 1429">
     <span class='ocr_line' id='line_1_29' title="bbox 2257 1353 3783 1429; baseline -0.003 -17"><span class='ocrx_word' id='word_1_213' title='bbox 2257 1359 2366 1412; x_wconf 88' lang='lat' dir='ltr'>ista</span> <span class='ocrx_word' id='word_1_214' title='bbox 2394 1357 2600 1429; x_wconf 88' lang='lat' dir='ltr'>posuit,</span> <span class='ocrx_word' id='word_1_215' title='bbox 2635 1357 2732 1410; x_wconf 90' lang='lat' dir='ltr'>sed</span> <span class='ocrx_word' id='word_1_216' title='bbox 2763 1355 3096 1416; x_wconf 87' lang='lat' dir='ltr'>necessario,</span> <span class='ocrx_word' id='word_1_217' title='bbox 3121 1371 3188 1408; x_wconf 88' lang='lat' dir='ltr'>eo</span> <span class='ocrx_word' id='word_1_218' title='bbox 3218 1354 3304 1408; x_wconf 89' lang='lat' dir='ltr'>vel</span> <span class='ocrx_word' id='word_1_219' title='bbox 3316 1353 3542 1407; x_wconf 83' lang='lat' dir='ltr'>maxime</span> <span class='ocrx_word' id='word_1_220' title='bbox 3569 1360 3783 1424; x_wconf 77' lang='lat' dir='ltr'>tempore,</span> 
     </span>
    </p>
   </div>
   <div class='ocr_carea' id='block_1_30' title="bbox 2259 1442 3784 1513">
    <p class='ocr_par' dir='ltr' id='par_1_30' title="bbox 2259 1442 3784 1513">
     <span class='ocr_line' id='line_1_30' title="bbox 2259 1442 3784 1513; baseline -0.004 -12"><span class='ocrx_word' id='word_1_221' title='bbox 2259 1447 2366 1500; x_wconf 82' lang='lat' dir='ltr'>ista</span> <span class='ocrx_word' id='word_1_222' title='bbox 2421 1447 2623 1500; x_wconf 86' lang='lat' dir='ltr'>docere</span> <span class='ocrx_word' id='word_1_223' title='bbox 2671 1443 3046 1498; x_wconf 80' lang='lat' dir='ltr'>adnitebatur.</span> <span class='ocrx_word' id='word_1_224' title='bbox 3095 1443 3244 1496; x_wconf 87' lang='lat' dir='ltr'>Nam</span> <span class='ocrx_word' id='word_1_225' title='bbox 3282 1442 3488 1504; x_wconf 73' lang='lat' dir='ltr'>Simon;</span> <span class='ocrx_word' id='word_1_226' title='bbox 3527 1449 3579 1496; x_wconf 91' lang='lat' dir='ltr'>et</span> <span class='ocrx_word' id='word_1_227' title='bbox 3621 1443 3699 1513; x_wconf 87' lang='lat' dir='ltr'><strong>qui</strong></span> <span class='ocrx_word' id='word_1_228' title='bbox 3740 1460 3784 1495; x_wconf 76' lang='lat' dir='ltr'>ex</span> 
     </span>
    </p>
   </div>
   <div class='ocr_carea' id='block_1_31' title="bbox 2259 1530 3784 1606">
    <p class='ocr_par' dir='ltr' id='par_1_31' title="bbox 2259 1530 3784 1606">
     <span class='ocr_line' id='line_1_31' title="bbox 2259 1530 3784 1606; baseline -0.005 -15"><span class='ocrx_word' id='word_1_229' title='bbox 2259 1537 2382 1606; x_wconf 86' lang='lat' dir='ltr'><strong>ejus</strong></span> <span class='ocrx_word' id='word_1_230' title='bbox 2425 1539 2559 1590; x_wconf 85' lang='lat' dir='ltr'>sunt</span> <span class='ocrx_word' id='word_1_231' title='bbox 2583 1534 2781 1589; x_wconf 67' lang='lat' dir='ltr'>haeresi</span> <span class='ocrx_word' id='word_1_232' title='bbox 2815 1548 3010 1586; x_wconf 85' lang='lat' dir='ltr'>omnes</span> <span class='ocrx_word' id='word_1_233' title='bbox 3047 1537 3183 1586; x_wconf 90' lang='lat' dir='ltr'>tunc</span> <span class='ocrx_word' id='word_1_234' title='bbox 3213 1531 3594 1584; x_wconf 86' lang='lat' dir='ltr'>inchoaverant</span> <span class='ocrx_word' id='word_1_235' title='bbox 3630 1530 3784 1592; x_wconf 83' lang='lat' dir='ltr'><strong>dicere,</strong></span> 
     </span>
    </p>
   </div>
   <div class='ocr_carea' id='block_1_32' title="bbox 2259 1619 3784 1695">
    <p class='ocr_par' dir='ltr' id='par_1_32' title="bbox 2259 1619 3784 1695">
     <span class='ocr_line' id='line_1_32' title="bbox 2259 1619 3784 1695; baseline -0.005 -16"><span class='ocrx_word' id='word_1_236' title='bbox 2259 1625 2524 1695; x_wconf 87' lang='lat' dir='ltr'>quoniam</span> <span class='ocrx_word' id='word_1_237' title='bbox 2543 1623 2800 1678; x_wconf 84' lang='lat' dir='ltr'>Christus</span> <span class='ocrx_word' id='word_1_238' title='bbox 2827 1638 2940 1674; x_wconf 90' lang='lat' dir='ltr'>non</span> <span class='ocrx_word' id='word_1_239' title='bbox 2953 1621 3062 1675; x_wconf 85' lang='lat' dir='ltr'>fuit</span> <span class='ocrx_word' id='word_1_240' title='bbox 3088 1621 3147 1674; x_wconf 93' lang='lat' dir='ltr'>in</span> <span class='ocrx_word' id='word_1_241' title='bbox 3167 1636 3353 1686; x_wconf 88' lang='lat' dir='ltr'>carne,</span> <span class='ocrx_word' id='word_1_242' title='bbox 3372 1619 3466 1674; x_wconf 88' lang='lat' dir='ltr'>sed</span> <span class='ocrx_word' id='word_1_243' title='bbox 3489 1620 3545 1674; x_wconf 89' lang='lat' dir='ltr'>iu</span> <span class='ocrx_word' id='word_1_244' title='bbox 3585 1620 3784 1690; x_wconf 69' lang='lat' dir='ltr'>phantas</span> 
     </span>
    </p>
   </div>
   <div class='ocr_carea' id='block_1_33' title="bbox 579 1699 3784 1784">
    <p class='ocr_par' dir='ltr' id='par_1_33' title="bbox 579 1699 3784 1784">
     <span class='ocr_line' id='line_1_33' title="bbox 579 1699 3784 1784; baseline -0.002 -16"><span class='ocrx_word' id='word_1_245' title='bbox 579 1715 819 1780; x_wconf 88' lang='lat' dir='ltr'>interna,</span> <span class='ocrx_word' id='word_1_246' title='bbox 843 1729 966 1784; x_wconf 62' lang='lat' dir='ltr'><strong>qua;</strong></span> <span class='ocrx_word' id='word_1_247' title='bbox 980 1713 1178 1767; x_wconf 90' lang='lat' dir='ltr'>docere</span> <span class='ocrx_word' id='word_1_248' title='bbox 1193 1713 1334 1766; x_wconf 89' lang='lat' dir='ltr'>alios</span> <span class='ocrx_word' id='word_1_249' title='bbox 1344 1712 1674 1778; x_wconf 88' lang='lat' dir='ltr'>debuerant,</span> <span class='ocrx_word' id='word_1_250' title='bbox 1700 1713 1979 1783; x_wconf 87' lang='lat' dir='ltr'>ignorant.</span> <span class='ocrx_word' id='word_1_251' title='bbox 2019 1712 2180 1767; x_wconf 86' lang='lat' dir='ltr'>Unde</span> <span class='ocrx_word' id='word_1_252' title='bbox 2195 1699 2243 1758; x_wconf 82' lang='grc' dir='ltr'>Β</span> <span class='ocrx_word' id='word_1_253' title='bbox 2262 1719 2412 1767; x_wconf 89' lang='lat' dir='ltr'>mate</span> <span class='ocrx_word' id='word_1_254' title='bbox 2448 1713 2690 1783; x_wconf 87' lang='lat' dir='ltr'>quodam</span> <span class='ocrx_word' id='word_1_255' title='bbox 2720 1711 3001 1782; x_wconf 81' lang='lat' dir='ltr'>apparuit,</span> <span class='ocrx_word' id='word_1_256' title='bbox 3034 1710 3116 1762; x_wconf 86' lang='lat' dir='ltr'>ita</span> <span class='ocrx_word' id='word_1_257' title='bbox 3141 1715 3208 1764; x_wconf 89' lang='lat' dir='ltr'>ut</span> <span class='ocrx_word' id='word_1_258' title='bbox 3237 1721 3339 1763; x_wconf 85' lang='lat' dir='ltr'>nec</span> <span class='ocrx_word' id='word_1_259' title='bbox 3367 1708 3672 1762; x_wconf 82' lang='lat' dir='ltr'>resurrectio</span> <span class='ocrx_word' id='word_1_260' title='bbox 3695 1724 3784 1760; x_wconf 79' lang='lat' dir='ltr'>vera</span> 
     </span>
    </p>
   </div>
   <div class='ocr_carea' id='block_1_34' title="bbox 580 1801 2181 1874">
    <p class='ocr_par' dir='ltr' id='par_1_34' title="bbox 580 1801 2181 1874">
     <span class='ocr_line' id='line_1_34' title="bbox 580 1801 2181 1874; baseline -0.001 -18"><span class='ocrx_word' id='word_1_261' title='bbox 580 1802 958 1873; x_wconf 89' lang='lat' dir='ltr'>subjectorum</span> <span class='ocrx_word' id='word_1_262' title='bbox 977 1818 1197 1873; x_wconf 88' lang='lat' dir='ltr'>quoque</span> <span class='ocrx_word' id='word_1_263' title='bbox 1213 1801 1586 1874; x_wconf 88' lang='lat' dir='ltr'>proculdubio</span> <span class='ocrx_word' id='word_1_264' title='bbox 1602 1801 1718 1855; x_wconf 88' lang='lat' dir='ltr'>vita</span> <span class='ocrx_word' id='word_1_265' title='bbox 1743 1802 2028 1872; x_wconf 88' lang='lat' dir='ltr'>torpescit,</span> <span class='ocrx_word' id='word_1_266' title='bbox 2048 1801 2181 1872; x_wconf 89' lang='lat' dir='ltr'><strong>quia</strong></span> 
     </span>
    </p>
   </div>
   <div class='ocr_carea' id='block_1_35' title="bbox 580 1890 2174 1962">
    <p class='ocr_par' dir='ltr' id='par_1_35' title="bbox 580 1890 2174 1962">
     <span class='ocr_line' id='line_1_35' title="bbox 580 1890 2174 1962; baseline -0.001 -16"><span class='ocrx_word' id='word_1_267' title='bbox 580 1909 708 1946; x_wconf 90' lang='lat' dir='ltr'>cum</span> <span class='ocrx_word' id='word_1_268' title='bbox 733 1892 1002 1962; x_wconf 75' lang='lat' dir='ltr'>proficere</span> <span class='ocrx_word' id='word_1_269' title='bbox 1029 1890 1360 1961; x_wconf 86' lang='lat' dir='ltr'>spiritaliter</span> <span class='ocrx_word' id='word_1_270' title='bbox 1391 1890 1608 1962; x_wconf 88' lang='lat' dir='ltr'>appetit</span> <span class='ocrx_word' id='word_1_271' title='bbox 1653 1890 1714 1943; x_wconf 88' lang='lat' dir='ltr'>in</span> <span class='ocrx_word' id='word_1_272' title='bbox 1750 1891 2002 1962; x_wconf 81' lang='lat' dir='ltr'>exemplo</span> <span class='ocrx_word' id='word_1_273' title='bbox 2031 1890 2174 1960; x_wconf 86' lang='lat' dir='ltr'><strong>ejus,</strong></span> 
     </span>
    </p>
   </div>
   <div class='ocr_carea' id='block_1_36' title="bbox 581 1979 2178 2051">
    <p class='ocr_par' dir='ltr' id='par_1_36' title="bbox 581 1979 2178 2051">
     <span class='ocr_line' id='line_1_36' title="bbox 581 1979 2178 2051; baseline -0.002 -16"><span class='ocrx_word' id='word_1_274' title='bbox 581 1981 674 2051; x_wconf 85' lang='lat' dir='ltr'><strong>qui</strong></span> <span class='ocrx_word' id='word_1_275' title='bbox 731 1980 840 2036; x_wconf 90' lang='lat' dir='ltr'>sibi</span> <span class='ocrx_word' id='word_1_276' title='bbox 880 1980 1143 2051; x_wconf 68' lang='lat' dir='ltr'>praelatus</span> <span class='ocrx_word' id='word_1_277' title='bbox 1189 1985 1291 2042; x_wconf 92' lang='lat' dir='ltr'>est,</span> <span class='ocrx_word' id='word_1_278' title='bbox 1327 1980 1487 2050; x_wconf 87' lang='lat' dir='ltr'>quasi</span> <span class='ocrx_word' id='word_1_279' title='bbox 1519 1979 1578 2033; x_wconf 90' lang='lat' dir='ltr'>in</span> <span class='ocrx_word' id='word_1_280' title='bbox 1633 1979 1918 2033; x_wconf 89' lang='lat' dir='ltr'>obstaculo</span> <span class='ocrx_word' id='word_1_281' title='bbox 1947 1979 2178 2032; x_wconf 73' lang='lat' dir='ltr'>offendit</span> 
     </span>
    </p>
   </div>
   <div class='ocr_carea' id='block_1_37' title="bbox 581 2067 2179 2140">
    <p class='ocr_par' dir='ltr' id='par_1_37' title="bbox 581 2067 2179 2140">
     <span class='ocr_line' id='line_1_37' title="bbox 581 2067 2179 2140; baseline -0.001 -17"><span class='ocrx_word' id='word_1_282' title='bbox 581 2069 800 2124; x_wconf 86' lang='lat' dir='ltr'>itineris</span> <span class='ocrx_word' id='word_1_283' title='bbox 849 2069 1180 2140; x_wconf 87' lang='lat' dir='ltr'>:languente</span> <span class='ocrx_word' id='word_1_284' title='bbox 1211 2068 1360 2122; x_wconf 90' lang='lat' dir='ltr'>enim</span> <span class='ocrx_word' id='word_1_285' title='bbox 1388 2068 1588 2139; x_wconf 87' lang='lat' dir='ltr'>capite,</span> <span class='ocrx_word' id='word_1_286' title='bbox 1613 2067 1897 2122; x_wconf 77' lang='lat' dir='ltr'>incassum</span> <span class='ocrx_word' id='word_1_287' title='bbox 1924 2068 2179 2122; x_wconf 90' lang='lat' dir='ltr'>membra</span> 
     </span>
    </p>
   </div>
   <div class='ocr_carea' id='block_1_38' title="bbox 582 2157 2180 2229">
    <p class='ocr_par' dir='ltr' id='par_1_38' title="bbox 582 2157 2180 2229">
     <span class='ocr_line' id='line_1_38' title="bbox 582 2157 2180 2229; baseline 0.001 -19"><span class='ocrx_word' id='word_1_288' title='bbox 582 2158 788 2229; x_wconf 80' lang='lat' dir='ltr'>vigent,</span> <span class='ocrx_word' id='word_1_289' title='bbox 825 2164 882 2212; x_wconf 90' lang='lat' dir='ltr'>et</span> <span class='ocrx_word' id='word_1_290' title='bbox 907 2157 964 2210; x_wconf 90' lang='lat' dir='ltr'>in</span> <span class='ocrx_word' id='word_1_291' title='bbox 992 2157 1373 2228; x_wconf 82' lang='lat' dir='ltr'>exploratione</span> <span class='ocrx_word' id='word_1_292' title='bbox 1392 2157 1636 2211; x_wconf 74' lang='lat' dir='ltr'>hestium</span> <span class='ocrx_word' id='word_1_293' title='bbox 1671 2157 1884 2211; x_wconf 86' lang='lat' dir='ltr'>frustra</span> <span class='ocrx_word' id='word_1_294' title='bbox 1903 2157 2180 2211; x_wconf 86' lang='lat' dir='ltr'>exercitus</span> 
     </span>
    </p>
   </div>
   <div class='ocr_carea' id='block_1_39' title="bbox 580 2245 2176 2317">
    <p class='ocr_par' dir='ltr' id='par_1_39' title="bbox 580 2245 2176 2317">
     <span class='ocr_line' id='line_1_39' title="bbox 580 2245 2176 2317; baseline 0.001 -19"><span class='ocrx_word' id='word_1_295' title='bbox 580 2247 846 2302; x_wconf 79' lang='lat' dir='ltr'>velociter</span> <span class='ocrx_word' id='word_1_296' title='bbox 886 2246 1157 2317; x_wconf 87' lang='lat' dir='ltr'>sequitur,</span> <span class='ocrx_word' id='word_1_297' title='bbox 1181 2245 1228 2300; x_wconf 89' lang='lat' dir='ltr'><strong>si</strong></span> <span class='ocrx_word' id='word_1_298' title='bbox 1257 2245 1328 2300; x_wconf 89' lang='lat' dir='ltr'>ab</span> <span class='ocrx_word' id='word_1_299' title='bbox 1360 2245 1478 2317; x_wconf 90' lang='lat' dir='ltr'>ipso</span> <span class='ocrx_word' id='word_1_300' title='bbox 1525 2245 1664 2300; x_wconf 87' lang='lat' dir='ltr'>duce</span> <span class='ocrx_word' id='word_1_301' title='bbox 1692 2245 1909 2300; x_wconf 87' lang='lat' dir='ltr'>itineris</span> <span class='ocrx_word' id='word_1_302' title='bbox 1936 2246 2176 2314; x_wconf 81' lang='lat' dir='ltr'>erratur,</span> 
     </span>
    </p>
   </div>
   <div class='ocr_carea' id='block_1_40' title="bbox 581 2334 2178 2402">
    <p class='ocr_par' dir='ltr' id='par_1_40' title="bbox 581 2334 2178 2402">
     <span class='ocr_line' id='line_1_40' title="bbox 581 2334 2178 2402; baseline -0.001 -12"><span class='ocrx_word' id='word_1_303' title='bbox 581 2336 736 2390; x_wconf 88' lang='lat' dir='ltr'>nulla</span> <span class='ocrx_word' id='word_1_304' title='bbox 782 2335 1136 2390; x_wconf 74' lang='lat' dir='ltr'>subditorum</span> <span class='ocrx_word' id='word_1_305' title='bbox 1165 2341 1382 2390; x_wconf 88' lang='lat' dir='ltr'>mentes</span> <span class='ocrx_word' id='word_1_306' title='bbox 1427 2334 1739 2388; x_wconf 83' lang='lat' dir='ltr'>exhortatio</span> <span class='ocrx_word' id='word_1_307' title='bbox 1779 2334 2048 2402; x_wconf 72' lang='lat' dir='ltr'>sublevat,</span> <span class='ocrx_word' id='word_1_308' title='bbox 2082 2347 2178 2388; x_wconf 87' lang='lat' dir='ltr'>eo-</span> 
     </span>
    </p>
   </div>
   <div class='ocr_carea' id='block_1_41' title="bbox 584 2423 2180 2496">
    <p class='ocr_par' dir='ltr' id='par_1_41' title="bbox 584 2423 2180 2496">
     <span class='ocr_line' id='line_1_41' title="bbox 584 2423 2180 2496; baseline 0 -18"><span class='ocrx_word' id='word_1_309' title='bbox 584 2442 821 2495; x_wconf 88' lang='lat' dir='ltr'>rumque</span> <span class='ocrx_word' id='word_1_310' title='bbox 843 2425 1035 2496; x_wconf 82' lang='lat' dir='ltr'>culpas</span> <span class='ocrx_word' id='word_1_311' title='bbox 1076 2424 1382 2495; x_wconf 81' lang='lat' dir='ltr'>increpatio</span> <span class='ocrx_word' id='word_1_312' title='bbox 1415 2424 1571 2478; x_wconf 90' lang='lat' dir='ltr'>nulla</span> <span class='ocrx_word' id='word_1_313' title='bbox 1599 2423 1854 2494; x_wconf 75' lang='lat' dir='ltr'>castigat,</span> <span class='ocrx_word' id='word_1_314' title='bbox 1887 2424 2019 2494; x_wconf 86' lang='lat' dir='ltr'><strong>quia</strong></span> <span class='ocrx_word' id='word_1_315' title='bbox 2045 2425 2180 2478; x_wconf 89' lang='lat' dir='ltr'>dum</span> 
     </span>
    </p>
   </div>
   <div class='ocr_carea' id='block_1_42' title="bbox 581 2512 2183 2584">
    <p class='ocr_par' dir='ltr' id='par_1_42' title="bbox 581 2512 2183 2584">
     <span class='ocr_line' id='line_1_42' title="bbox 581 2512 2183 2584; baseline -0.001 -16"><span class='ocrx_word' id='word_1_316' title='bbox 581 2531 683 2584; x_wconf 91' lang='lat' dir='ltr'>per</span> <span class='ocrx_word' id='word_1_317' title='bbox 705 2514 1022 2568; x_wconf 86' lang='lat' dir='ltr'>animarum</span> <span class='ocrx_word' id='word_1_318' title='bbox 1043 2514 1338 2584; x_wconf 64' lang='lat' dir='ltr'>praesulem</span> <span class='ocrx_word' id='word_1_319' title='bbox 1366 2513 1575 2566; x_wconf 90' lang='lat' dir='ltr'>terreni</span> <span class='ocrx_word' id='word_1_320' title='bbox 1613 2519 1903 2566; x_wconf 83' lang='lat' dir='ltr'>exercetur</span> <span class='ocrx_word' id='word_1_321' title='bbox 1937 2512 2183 2566; x_wconf 81' lang='lat' dir='ltr'>officium</span> 
     </span>
    </p>
   </div>
   <div class='ocr_carea' id='block_1_43' title="bbox 576 2601 2187 2672">
    <p class='ocr_par' dir='ltr' id='par_1_43' title="bbox 576 2601 2187 2672">
     <span class='ocr_line' id='line_1_43' title="bbox 576 2601 2187 2672; baseline 0 -17"><span class='ocrx_word' id='word_1_322' title='bbox 576 2602 801 2672; x_wconf 83' lang='lat' dir='ltr'>judicis,</span> <span class='ocrx_word' id='word_1_323' title='bbox 845 2619 880 2656; x_wconf 84' lang='lat' dir='ltr'>a</span> <span class='ocrx_word' id='word_1_324' title='bbox 906 2601 1094 2672; x_wconf 79' lang='lat' dir='ltr'>gregis</span> <span class='ocrx_word' id='word_1_325' title='bbox 1133 2601 1387 2656; x_wconf 87' lang='lat' dir='ltr'>custodia</span> <span class='ocrx_word' id='word_1_326' title='bbox 1425 2607 1584 2656; x_wconf 85' lang='lat' dir='ltr'>vacat</span> <span class='ocrx_word' id='word_1_327' title='bbox 1627 2618 1764 2656; x_wconf 88' lang='lat' dir='ltr'>cura</span> <span class='ocrx_word' id='word_1_328' title='bbox 1809 2602 2067 2672; x_wconf 85' lang='lat' dir='ltr'>pastoris,</span> <span class='ocrx_word' id='word_1_329' title='bbox 2129 2608 2187 2656; x_wconf 90' lang='lat' dir='ltr'>et</span> 
     </span>
    </p>
   </div>
   <div class='ocr_carea' id='block_1_44' title="bbox 585 2689 2182 2761">
    <p class='ocr_par' dir='ltr' id='par_1_44' title="bbox 585 2689 2182 2761">
     <span class='ocr_line' id='line_1_44' title="bbox 585 2689 2182 2761; baseline 0 -17"><span class='ocrx_word' id='word_1_330' title='bbox 585 2689 821 2761; x_wconf 83' lang='lat' dir='ltr'>subjecti</span> <span class='ocrx_word' id='word_1_331' title='bbox 867 2689 1120 2744; x_wconf 85' lang='lat' dir='ltr'>veritatis</span> <span class='ocrx_word' id='word_1_332' title='bbox 1171 2691 1362 2744; x_wconf 88' lang='lat' dir='ltr'>lumen</span> <span class='ocrx_word' id='word_1_333' title='bbox 1417 2690 1836 2761; x_wconf 88' lang='lat' dir='ltr'>apprehendere</span> <span class='ocrx_word' id='word_1_334' title='bbox 1877 2697 2182 2760; x_wconf 89' lang='lat' dir='ltr'>nequeunt,</span> 
     </span>
    </p>
   </div>
   <div class='ocr_carea' id='block_1_45' title="bbox 585 2779 2182 2850">
    <p class='ocr_par' dir='ltr' id='par_1_45' title="bbox 585 2779 2182 2850">
     <span class='ocr_line' id='line_1_45' title="bbox 585 2779 2182 2850; baseline -0.001 -17"><span class='ocrx_word' id='word_1_335' title='bbox 585 2779 716 2850; x_wconf 87' lang='lat' dir='ltr'><strong>quia</strong></span> <span class='ocrx_word' id='word_1_336' title='bbox 745 2779 878 2832; x_wconf 90' lang='lat' dir='ltr'><strong>dum</strong></span> <span class='ocrx_word' id='word_1_337' title='bbox 910 2784 1198 2850; x_wconf 88' lang='lat' dir='ltr'>pastorum</span> <span class='ocrx_word' id='word_1_338' title='bbox 1223 2795 1421 2833; x_wconf 89' lang='lat' dir='ltr'>sensus</span> <span class='ocrx_word' id='word_1_339' title='bbox 1433 2785 1658 2832; x_wconf 88' lang='lat' dir='ltr'>terrena</span> <span class='ocrx_word' id='word_1_340' title='bbox 1673 2779 1859 2832; x_wconf 87' lang='lat' dir='ltr'>studia</span> <span class='ocrx_word' id='word_1_341' title='bbox 1885 2785 2182 2850; x_wconf 86' lang='lat' dir='ltr'>occupant,</span> 
     </span>
    </p>
   </div>
   <div class='ocr_carea' id='block_1_46' title="bbox 585 2867 2188 2938">
    <p class='ocr_par' dir='ltr' id='par_1_46' title="bbox 585 2867 2188 2938">
     <span class='ocr_line' id='line_1_46' title="bbox 585 2867 2188 2938; baseline 0.001 -20"><span class='ocrx_word' id='word_1_342' title='bbox 585 2873 748 2922; x_wconf 87' lang='lat' dir='ltr'>vento</span> <span class='ocrx_word' id='word_1_343' title='bbox 774 2867 1104 2924; x_wconf 84' lang='lat' dir='ltr'>tentationis</span> <span class='ocrx_word' id='word_1_344' title='bbox 1137 2867 1412 2938; x_wconf 87' lang='lat' dir='ltr'>impulsus</span> <span class='ocrx_word' id='word_1_345' title='bbox 1469 2867 1722 2922; x_wconf 52' lang='lat' dir='ltr'>Ecclesiae</span> <span class='ocrx_word' id='word_1_346' title='bbox 1761 2868 1946 2921; x_wconf 90' lang='lat' dir='ltr'>oculos</span> <span class='ocrx_word' id='word_1_347' title='bbox 2005 2869 2188 2938; x_wconf 88' lang='lat' dir='ltr'>pulvis</span> 
     </span>
    </p>
   </div>
   <div class='ocr_carea' id='block_1_47' title="bbox 581 2956 2187 3028">
    <p class='ocr_par' dir='ltr' id='par_1_47' title="bbox 581 2956 2187 3028">
     <span class='ocr_line' id='line_1_47' title="bbox 581 2956 2187 3028; baseline -0.001 -17"><span class='ocrx_word' id='word_1_348' title='bbox 581 2962 767 3011; x_wconf 61' lang='lat' dir='ltr'>caecat.</span> <span class='ocrx_word' id='word_1_349' title='bbox 802 2957 924 3020; x_wconf 88' lang='lat' dir='ltr'>Quo</span> <span class='ocrx_word' id='word_1_350' title='bbox 953 2962 1150 3010; x_wconf 88' lang='lat' dir='ltr'>contra</span> <span class='ocrx_word' id='word_1_351' title='bbox 1176 2962 1327 3010; x_wconf 89' lang='lat' dir='ltr'>recte</span> <span class='ocrx_word' id='word_1_352' title='bbox 1344 2956 1578 3010; x_wconf 85' lang='lat' dir='ltr'>humani</span> <span class='ocrx_word' id='word_1_353' title='bbox 1592 2956 1814 3026; x_wconf 88' lang='lat' dir='ltr'>generis</span> <span class='ocrx_word' id='word_1_354' title='bbox 1844 2956 2187 3028; x_wconf 87' lang='lat' dir='ltr'>Redemptor</span> 
     </span>
    </p>
   </div>
   <div class='ocr_carea' id='block_1_48' title="bbox 2259 1797 3784 1870">
    <p class='ocr_par' dir='ltr' id='par_1_48' title="bbox 2259 1797 3784 1870">
     <span class='ocr_line' id='line_1_48' title="bbox 2259 1797 3784 1870; baseline -0.005 -14"><span class='ocrx_word' id='word_1_355' title='bbox 2259 1803 2407 1856; x_wconf 83' lang='lat' dir='ltr'>facta</span> <span class='ocrx_word' id='word_1_356' title='bbox 2432 1818 2553 1855; x_wconf 87' lang='lat' dir='ltr'>esse</span> <span class='ocrx_word' id='word_1_357' title='bbox 2576 1800 2974 1870; x_wconf 87' lang='lat' dir='ltr'>susciperetur,</span> <span class='ocrx_word' id='word_1_358' title='bbox 3024 1799 3157 1869; x_wconf 88' lang='lat' dir='ltr'><strong>quia</strong></span> <span class='ocrx_word' id='word_1_359' title='bbox 3195 1799 3347 1852; x_wconf 85' lang='lat' dir='ltr'>enim</span> <span class='ocrx_word' id='word_1_360' title='bbox 3365 1797 3483 1851; x_wconf 84' lang='lat' dir='ltr'>ﬁeri</span> <span class='ocrx_word' id='word_1_361' title='bbox 3513 1798 3716 1868; x_wconf 75' lang='lat' dir='ltr'>poterat,</span> <span class='ocrx_word' id='word_1_362' title='bbox 3747 1802 3784 1849; x_wconf 74' lang='lat' dir='ltr'>ut</span> 
     </span>
    </p>
   </div>
   <div class='ocr_carea' id='block_1_49' title="bbox 2259 1885 3784 1952">
    <p class='ocr_par' dir='ltr' id='par_1_49' title="bbox 2259 1885 3784 1952">
     <span class='ocr_line' id='line_1_49' title="bbox 2259 1885 3784 1952; baseline -0.005 -9"><span class='ocrx_word' id='word_1_363' title='bbox 2259 1908 2394 1946; x_wconf 83' lang='lat' dir='ltr'>vera</span> <span class='ocrx_word' id='word_1_364' title='bbox 2448 1891 2774 1944; x_wconf 83' lang='lat' dir='ltr'><strong>crederetur</strong></span> <span class='ocrx_word' id='word_1_365' title='bbox 2828 1887 3189 1952; x_wconf 88' lang='lat' dir='ltr'>resurrectio,</span> <span class='ocrx_word' id='word_1_366' title='bbox 3231 1887 3278 1940; x_wconf 90' lang='lat' dir='ltr'>si</span> <span class='ocrx_word' id='word_1_367' title='bbox 3316 1894 3441 1940; x_wconf 78' lang='lat' dir='ltr'>caro</span> <span class='ocrx_word' id='word_1_368' title='bbox 3465 1900 3586 1939; x_wconf 88' lang='lat' dir='ltr'>vera</span> <span class='ocrx_word' id='word_1_369' title='bbox 3624 1885 3784 1937; x_wconf 73' lang='lat' dir='ltr'>ratione</span> 
     </span>
    </p>
   </div>
   <div class='ocr_carea' id='block_1_50' title="bbox 2259 1975 3784 2048">
    <p class='ocr_par' dir='ltr' id='par_1_50' title="bbox 2259 1975 3784 2048">
     <span class='ocr_line' id='line_1_50' title="bbox 2259 1975 3784 2048; baseline -0.006 -14"><span class='ocrx_word' id='word_1_370' title='bbox 2259 1980 2458 2034; x_wconf 83' lang='lat' dir='ltr'>fuisset</span> <span class='ocrx_word' id='word_1_371' title='bbox 2484 1985 2731 2048; x_wconf 87' lang='lat' dir='ltr'>sumpta.</span> <span class='ocrx_word' id='word_1_372' title='bbox 2769 1979 2885 2031; x_wconf 85' lang='lat' dir='ltr'>Hoc</span> <span class='ocrx_word' id='word_1_373' title='bbox 2927 1991 3062 2046; x_wconf 84' lang='lat' dir='ltr'>ergo</span> <span class='ocrx_word' id='word_1_374' title='bbox 3102 1975 3252 2030; x_wconf 87' lang='lat' dir='ltr'>idem</span> <span class='ocrx_word' id='word_1_375' title='bbox 3280 1975 3414 2030; x_wconf 91' lang='lat' dir='ltr'>dicit</span> <span class='ocrx_word' id='word_1_376' title='bbox 3440 2013 3454 2041; x_wconf 94' lang='lat'><strong>,</strong></span> <span class='ocrx_word' id='word_1_377' title='bbox 3481 1985 3670 2028; x_wconf 86' lang='lat' dir='ltr'>memor</span> <span class='ocrx_word' id='word_1_378' title='bbox 3706 1978 3784 2026; x_wconf 70' lang='lat' dir='ltr'>esu</span> 
     </span>
    </p>
   </div>
   <div class='ocr_carea' id='block_1_51' title="bbox 2261 2063 3784 2139">
    <p class='ocr_par' dir='ltr' id='par_1_51' title="bbox 2261 2063 3784 2139">
     <span class='ocr_line' id='line_1_51' title="bbox 2261 2063 3784 2139; baseline -0.005 -17"><span class='ocrx_word' id='word_1_379' title='bbox 2261 2069 2480 2133; x_wconf 88' lang='lat' dir='ltr'>docere,</span> <span class='ocrx_word' id='word_1_380' title='bbox 2501 2085 2602 2139; x_wconf 87' lang='lat' dir='ltr'>pro</span> <span class='ocrx_word' id='word_1_381' title='bbox 2627 2067 2832 2121; x_wconf 87' lang='lat' dir='ltr'>virium</span> <span class='ocrx_word' id='word_1_382' title='bbox 2853 2066 3084 2120; x_wconf 86' lang='lat' dir='ltr'>tuarum</span> <span class='ocrx_word' id='word_1_383' title='bbox 3095 2063 3482 2136; x_wconf 86' lang='lat' dir='ltr'>possibilitate,</span> <span class='ocrx_word' id='word_1_384' title='bbox 3507 2063 3732 2134; x_wconf 85' lang='lat' dir='ltr'>quoniam</span> <span class='ocrx_word' id='word_1_385' title='bbox 3747 2078 3784 2114; x_wconf 73' lang='lat' dir='ltr'>ei</span> 
     </span>
    </p>
   </div>
   <div class='ocr_carea' id='block_1_52' title="bbox 2262 2151 3784 2218">
    <p class='ocr_par' dir='ltr' id='par_1_52' title="bbox 2262 2151 3784 2218">
     <span class='ocr_line' id='line_1_52' title="bbox 2262 2151 3784 2218; baseline -0.006 -7"><span class='ocrx_word' id='word_1_386' title='bbox 2262 2157 2474 2212; x_wconf 89' lang='lat' dir='ltr'>semine</span> <span class='ocrx_word' id='word_1_387' title='bbox 2503 2162 2670 2210; x_wconf 89' lang='lat' dir='ltr'>natus</span> <span class='ocrx_word' id='word_1_388' title='bbox 2691 2162 2777 2209; x_wconf 90' lang='lat' dir='ltr'>est</span> <span class='ocrx_word' id='word_1_389' title='bbox 2805 2155 2980 2209; x_wconf 76' lang='lat' dir='ltr'>David</span> <span class='ocrx_word' id='word_1_390' title='bbox 3011 2155 3178 2208; x_wconf 78' lang='lat' dir='ltr'>Jesus</span> <span class='ocrx_word' id='word_1_391' title='bbox 3207 2153 3478 2218; x_wconf 84' lang='lat' dir='ltr'>Christus,</span> <span class='ocrx_word' id='word_1_392' title='bbox 3507 2151 3654 2206; x_wconf 86' lang='lat' dir='ltr'>homo</span> <span class='ocrx_word' id='word_1_393' title='bbox 3699 2165 3784 2202; x_wconf 70' lang='lat' dir='ltr'>rem</span> 
     </span>
    </p>
   </div>
   <div class='ocr_carea' id='block_1_53' title="bbox 2267 2238 3784 2313">
    <p class='ocr_par' dir='ltr' id='par_1_53' title="bbox 2267 2238 3784 2313">
     <span class='ocr_line' id='line_1_53' title="bbox 2267 2238 3784 2313; baseline -0.007 -13"><span class='ocrx_word' id='word_1_394' title='bbox 2267 2246 2484 2300; x_wconf 87' lang='lat' dir='ltr'>ratione</span> <span class='ocrx_word' id='word_1_395' title='bbox 2503 2245 2811 2300; x_wconf 85' lang='lat' dir='ltr'>secundum</span> <span class='ocrx_word' id='word_1_396' title='bbox 2839 2248 3104 2298; x_wconf 88' lang='lat' dir='ltr'>naturam</span> <span class='ocrx_word' id='word_1_397' title='bbox 3131 2243 3332 2310; x_wconf 86' lang='lat' dir='ltr'>factus,</span> <span class='ocrx_word' id='word_1_398' title='bbox 3355 2242 3450 2313; x_wconf 77' lang='lat' dir='ltr'>qui</span> <span class='ocrx_word' id='word_1_399' title='bbox 3476 2247 3532 2294; x_wconf 89' lang='lat' dir='ltr'>et</span> <span class='ocrx_word' id='word_1_400' title='bbox 3553 2238 3784 2294; x_wconf 80' lang='lat' dir='ltr'>resurrein</span> 
     </span>
    </p>
   </div>
   <div class='ocr_carea' id='block_1_54' title="bbox 2267 2329 3784 2404">
    <p class='ocr_par' dir='ltr' id='par_1_54' title="bbox 2267 2329 3784 2404">
     <span class='ocr_line' id='line_1_54' title="bbox 2267 2329 3784 2404; baseline -0.005 -15"><span class='ocrx_word' id='word_1_401' title='bbox 2267 2354 2300 2389; x_wconf 90' lang='lat' dir='ltr'>a</span> <span class='ocrx_word' id='word_1_402' title='bbox 2327 2335 2586 2398; x_wconf 83' lang='lat' dir='ltr'>mortuis,</span> <span class='ocrx_word' id='word_1_403' title='bbox 2611 2334 2759 2404; x_wconf 88' lang='lat' dir='ltr'>quod</span> <span class='ocrx_word' id='word_1_404' title='bbox 2789 2332 3448 2387; x_wconf 75' lang='lat' dir='ltr'>etiamcunctisfuturum</span> <span class='ocrx_word' id='word_1_405' title='bbox 3476 2331 3588 2384; x_wconf 84' lang='lat' dir='ltr'>esse</span> <span class='ocrx_word' id='word_1_406' title='bbox 3607 2329 3784 2396; x_wconf 74' lang='lat' dir='ltr'>Evange</span> 
     </span>
    </p>
   </div>
   <div class='ocr_carea' id='block_1_55' title="bbox 2267 2417 3780 2492">
    <p class='ocr_par' dir='ltr' id='par_1_55' title="bbox 2267 2417 3780 2492">
     <span class='ocr_line' id='line_1_55' title="bbox 2267 2417 3780 2492; baseline -0.007 -14"><span class='ocrx_word' id='word_1_407' title='bbox 2267 2426 2404 2478; x_wconf 90' lang='lat' dir='ltr'><strong>lium</strong></span> <span class='ocrx_word' id='word_1_408' title='bbox 2435 2430 2694 2478; x_wconf 86' lang='lat' dir='ltr'>testatur.</span> <span class='ocrx_word' id='word_1_409' title='bbox 2729 2423 2846 2476; x_wconf 85' lang='lat' dir='ltr'>Hac</span> <span class='ocrx_word' id='word_1_410' title='bbox 2864 2422 2934 2476; x_wconf 91' lang='lat' dir='ltr'>de</span> <span class='ocrx_word' id='word_1_411' title='bbox 2953 2437 3127 2476; x_wconf 87' lang='lat' dir='ltr'>causa</span> <span class='ocrx_word' id='word_1_412' title='bbox 3144 2420 3437 2492; x_wconf 87' lang='lat' dir='ltr'>acquiesco</span> <span class='ocrx_word' id='word_1_413' title='bbox 3456 2420 3545 2473; x_wconf 86' lang='lat' dir='ltr'>illa</span> <span class='ocrx_word' id='word_1_414' title='bbox 3560 2417 3780 2472; x_wconf 78' lang='lat' dir='ltr'>sustinere</span> 
     </span>
    </p>
   </div>
   <div class='ocr_carea' id='block_1_56' title="bbox 2268 2507 3784 2585">
    <p class='ocr_par' dir='ltr' id='par_1_56' title="bbox 2268 2507 3784 2585">
     <span class='ocr_line' id='line_1_56' title="bbox 2268 2507 3784 2585; baseline -0.006 -18"><span class='ocrx_word' id='word_1_415' title='bbox 2268 2529 2391 2585; x_wconf 83' lang='lat' dir='ltr'>quae</span> <span class='ocrx_word' id='word_1_416' title='bbox 2417 2511 3194 2575; x_wconf 80' lang='lat' dir='ltr'>sustinentmalefactores,eo</span> <span class='ocrx_word' id='word_1_417' title='bbox 3215 2509 3364 2581; x_wconf 86' lang='lat' dir='ltr'>quod</span> <span class='ocrx_word' id='word_1_418' title='bbox 3378 2524 3624 2579; x_wconf 82' lang='lat' dir='ltr'>magmnu</span> <span class='ocrx_word' id='word_1_419' title='bbox 3633 2507 3784 2560; x_wconf 72' lang='lat' dir='ltr'>lucum</span> 
     </span>
    </p>
   </div>
   <div class='ocr_carea' id='block_1_57' title="bbox 2266 2594 3784 2672">
    <p class='ocr_par' dir='ltr' id='par_1_57' title="bbox 2266 2594 3784 2672">
     <span class='ocr_line' id='line_1_57' title="bbox 2266 2594 3784 2672; baseline -0.008 -16"><span class='ocrx_word' id='word_1_420' title='bbox 2266 2601 2380 2656; x_wconf 90' lang='lat' dir='ltr'>scio</span> <span class='ocrx_word' id='word_1_421' title='bbox 2407 2619 2471 2656; x_wconf 85' lang='lat' dir='ltr'>ex</span> <span class='ocrx_word' id='word_1_422' title='bbox 2495 2602 2600 2654; x_wconf 91' lang='lat' dir='ltr'>hoc</span> <span class='ocrx_word' id='word_1_423' title='bbox 2628 2615 2790 2672; x_wconf 85' lang='lat' dir='ltr'>posse</span> <span class='ocrx_word' id='word_1_424' title='bbox 2819 2599 3052 2670; x_wconf 88' lang='lat' dir='ltr'>acquiri.</span> <span class='ocrx_word' id='word_1_425' title='bbox 3088 2599 3158 2652; x_wconf 87' lang='lat' dir='ltr'>Et</span> <span class='ocrx_word' id='word_1_426' title='bbox 3185 2604 3255 2653; x_wconf 90' lang='lat' dir='ltr'>ut</span> <span class='ocrx_word' id='word_1_427' title='bbox 3304 2597 3552 2652; x_wconf 79' lang='lat' dir='ltr'>ostendat</span> <span class='ocrx_word' id='word_1_428' title='bbox 3593 2594 3784 2666; x_wconf 59' lang='lat' dir='ltr'>quoniam</span> 
     </span>
    </p>
   </div>
   <div class='ocr_carea' id='block_1_58' title="bbox 2267 2683 3784 2759">
    <p class='ocr_par' dir='ltr' id='par_1_58' title="bbox 2267 2683 3784 2759">
     <span class='ocr_line' id='line_1_58' title="bbox 2267 2683 3784 2759; baseline -0.009 -14"><span class='ocrx_word' id='word_1_429' title='bbox 2267 2705 2334 2745; x_wconf 80' lang='lat' dir='ltr'>ex</span> <span class='ocrx_word' id='word_1_430' title='bbox 2363 2691 2476 2744; x_wconf 90' lang='lat' dir='ltr'>illis</span> <span class='ocrx_word' id='word_1_431' title='bbox 2511 2689 2757 2744; x_wconf 88' lang='lat' dir='ltr'>tristitiis</span> <span class='ocrx_word' id='word_1_432' title='bbox 2805 2703 2931 2759; x_wconf 77' lang='lat' dir='ltr'>quae</span> <span class='ocrx_word' id='word_1_433' title='bbox 2960 2688 3011 2742; x_wconf 90' lang='lat' dir='ltr'><strong>ei</strong></span> <span class='ocrx_word' id='word_1_434' title='bbox 3039 2688 3336 2753; x_wconf 87' lang='lat' dir='ltr'>accedunt,</span> <span class='ocrx_word' id='word_1_435' title='bbox 3369 2685 3552 2758; x_wconf 77' lang='lat' dir='ltr'>pietati</span> <span class='ocrx_word' id='word_1_436' title='bbox 3579 2683 3708 2738; x_wconf 83' lang='lat' dir='ltr'>nulla</span> <span class='ocrx_word' id='word_1_437' title='bbox 3754 2695 3784 2732; x_wconf 64' lang='lat' dir='ltr'>ex</span> 
     </span>
    </p>
   </div>
   <div class='ocr_carea' id='block_1_59' title="bbox 2268 2771 3784 2851">
    <p class='ocr_par' dir='ltr' id='par_1_59' title="bbox 2268 2771 3784 2851">
     <span class='ocr_line' id='line_1_59' title="bbox 2268 2771 3784 2851; baseline -0.01 -16"><span class='ocrx_word' id='word_1_438' title='bbox 2268 2786 2428 2851; x_wconf 86' lang='lat' dir='ltr'>parte</span> <span class='ocrx_word' id='word_1_439' title='bbox 2455 2778 2643 2834; x_wconf 80' lang='lat' dir='ltr'>noceri</span> <span class='ocrx_word' id='word_1_440' title='bbox 2666 2783 2868 2849; x_wconf 86' lang='lat' dir='ltr'>potest,</span> <span class='ocrx_word' id='word_1_441' title='bbox 2899 2776 3095 2847; x_wconf 84' lang='lat' dir='ltr'>adjicit</span> <span class='ocrx_word' id='word_1_442' title='bbox 3129 2794 3140 2828; x_wconf 90' lang='lat'><strong>:</strong></span> <span class='ocrx_word' id='word_1_443' title='bbox 3183 2790 3206 2827; x_wconf 68' lang='grc' dir='ltr'><strong><em>ι</em></strong></span> <span class='ocrx_word' id='word_1_444' title='bbox 3244 2777 3353 2831; x_wconf 91' lang='lat' dir='ltr'>Sed</span> <span class='ocrx_word' id='word_1_445' title='bbox 3380 2774 3594 2830; x_wconf 84' lang='lat' dir='ltr'>verbum</span> <span class='ocrx_word' id='word_1_446' title='bbox 3615 2771 3698 2827; x_wconf 86' lang='lat' dir='ltr'>Dei</span> <span class='ocrx_word' id='word_1_447' title='bbox 3720 2786 3784 2822; x_wconf 83' lang='lat' dir='ltr'>n01</span> 
     </span>
    </p>
   </div>
   <div class='ocr_carea' id='block_1_60' title="bbox 2269 2861 3784 2938">
    <p class='ocr_par' dir='ltr' id='par_1_60' title="bbox 2269 2861 3784 2938">
     <span class='ocr_line' id='line_1_60' title="bbox 2269 2861 3784 2938; baseline -0.008 -16"><span class='ocrx_word' id='word_1_448' title='bbox 2269 2874 2356 2922; x_wconf 88' lang='lat' dir='ltr'>est</span> <span class='ocrx_word' id='word_1_449' title='bbox 2384 2868 2698 2938; x_wconf 76' lang='lat' dir='ltr'>alligatum.</span> <span class='ocrx_word' id='word_1_450' title='bbox 2727 2886 2748 2917; x_wconf 68' lang='grc' dir='ltr'><strong>ι</strong></span> <span class='ocrx_word' id='word_1_451' title='bbox 2775 2867 2892 2920; x_wconf 82' lang='lat' dir='ltr'>Hoc</span> <span class='ocrx_word' id='word_1_452' title='bbox 2915 2870 3003 2920; x_wconf 90' lang='lat' dir='ltr'>est</span> <span class='ocrx_word' id='word_1_453' title='bbox 3019 2865 3150 2920; x_wconf 90' lang='lat' dir='ltr'>licet</span> <span class='ocrx_word' id='word_1_454' title='bbox 3160 2877 3300 2936; x_wconf 83' lang='lat' dir='ltr'>ergo</span> <span class='ocrx_word' id='word_1_455' title='bbox 3313 2861 3784 2936; x_wconf 82' lang='lat' dir='ltr'>plurimasustinean</span> 
     </span>
    </p>
   </div>
   <div class='ocr_carea' id='block_1_61' title="bbox 2268 2947 3784 3024">
    <p class='ocr_par' dir='ltr' id='par_1_61' title="bbox 2268 2947 3784 3024">
     <span class='ocr_line' id='line_1_61' title="bbox 2268 2947 3784 3024; baseline -0.009 -13"><span class='ocrx_word' id='word_1_456' title='bbox 2268 2957 2437 3024; x_wconf 88' lang='lat' dir='ltr'>mala,</span> <span class='ocrx_word' id='word_1_457' title='bbox 2470 2957 2568 3011; x_wconf 89' lang='lat' dir='ltr'><strong>sed</strong></span> <span class='ocrx_word' id='word_1_458' title='bbox 2598 2955 2738 3010; x_wconf 82' lang='lat' dir='ltr'>nulli</span> <span class='ocrx_word' id='word_1_459' title='bbox 2768 2972 2834 3009; x_wconf 84' lang='lat' dir='ltr'><strong>ex</strong></span> <span class='ocrx_word' id='word_1_460' title='bbox 2852 2956 2958 3010; x_wconf 90' lang='lat' dir='ltr'>hoc</span> <span class='ocrx_word' id='word_1_461' title='bbox 2987 2954 3320 3009; x_wconf 81' lang='lat' dir='ltr'>adnascitur</span> <span class='ocrx_word' id='word_1_462' title='bbox 3352 2952 3604 3008; x_wconf 82' lang='lat' dir='ltr'>nocivitas</span> <span class='ocrx_word' id='word_1_463' title='bbox 3633 2947 3784 3003; x_wconf 78' lang='lat' dir='ltr'>veritat</span> 
     </span>
    </p>
   </div>
   <div class='ocr_carea' id='block_1_62' title="bbox 581 3015 3784 3118">
    <p class='ocr_par' dir='ltr' id='par_1_62' title="bbox 581 3015 3784 3118">
     <span class='ocr_line' id='line_1_62' title="bbox 581 3015 3784 3118; baseline -0.002 -19"><span class='ocrx_word' id='word_1_464' title='bbox 581 3061 708 3100; x_wconf 89' lang='lat' dir='ltr'>cum</span> <span class='ocrx_word' id='word_1_465' title='bbox 773 3059 874 3099; x_wconf 85' lang='lat' dir='ltr'>nos</span> <span class='ocrx_word' id='word_1_466' title='bbox 915 3062 952 3099; x_wconf 91' lang='lat' dir='ltr'><strong>a</strong></span> <span class='ocrx_word' id='word_1_467' title='bbox 993 3045 1200 3099; x_wconf 86' lang='lat' dir='ltr'>ventris</span> <span class='ocrx_word' id='word_1_468' title='bbox 1251 3045 1553 3099; x_wconf 79' lang='lat' dir='ltr'>voracitate</span> <span class='ocrx_word' id='word_1_469' title='bbox 1601 3051 1996 3116; x_wconf 87' lang='lat' dir='ltr'>compesceret,</span> <span class='ocrx_word' id='word_1_470' title='bbox 2058 3044 2178 3099; x_wconf 86' lang='lat' dir='ltr'><strong>ait:</strong></span> <span class='ocrx_word' id='word_1_471' title='bbox 2204 3015 2621 3118; x_wconf 77' lang='lat' dir='ltr'>CInegotiorum</span> <span class='ocrx_word' id='word_1_472' title='bbox 2653 3064 2664 3099; x_wconf 89' lang='lat'><strong>:</strong></span> <span class='ocrx_word' id='word_1_473' title='bbox 2700 3051 2894 3098; x_wconf 81' lang='lat' dir='ltr'>manet</span> <span class='ocrx_word' id='word_1_474' title='bbox 2923 3044 3074 3098; x_wconf 89' lang='lat' dir='ltr'>enim</span> <span class='ocrx_word' id='word_1_475' title='bbox 3099 3043 3202 3098; x_wconf 88' lang='lat' dir='ltr'>Dei</span> <span class='ocrx_word' id='word_1_476' title='bbox 3239 3041 3527 3114; x_wconf 86' lang='lat' dir='ltr'>promissio</span> <span class='ocrx_word' id='word_1_477' title='bbox 3551 3039 3743 3100; x_wconf 76' lang='lat' dir='ltr'>illibata,</span> <span class='ocrx_word' id='word_1_478' title='bbox 3766 3052 3784 3086; x_wconf 79' lang='grc' dir='ltr'>ε</span> 
     </span>
    </p>
   </div>
   <div class='ocr_carea' id='block_1_63' title="bbox 583 3133 2185 3204">
    <p class='ocr_par' dir='ltr' id='par_1_63' title="bbox 583 3133 2185 3204">
     <span class='ocr_line' id='line_1_63' title="bbox 583 3133 2185 3204; baseline 0.001 -16"><span class='ocrx_word' id='word_1_479' title='bbox 583 3152 610 3188; x_wconf 71' lang='grc' dir='ltr'><strong><em>α</em></strong></span> <span class='ocrx_word' id='word_1_480' title='bbox 641 3135 947 3199; x_wconf 81' lang='lat' dir='ltr'>Attendite,</span> <span class='ocrx_word' id='word_1_481' title='bbox 982 3140 1186 3188; x_wconf 81' lang='lat' dir='ltr'>utnon</span> <span class='ocrx_word' id='word_1_482' title='bbox 1213 3139 1518 3204; x_wconf 83' lang='lat' dir='ltr'>graventur</span> <span class='ocrx_word' id='word_1_483' title='bbox 1536 3135 1705 3188; x_wconf 89' lang='lat' dir='ltr'>corda</span> <span class='ocrx_word' id='word_1_484' title='bbox 1738 3140 1923 3188; x_wconf 87' lang='lat' dir='ltr'>vestra</span> <span class='ocrx_word' id='word_1_485' title='bbox 1955 3133 2185 3204; x_wconf 85' lang='lat' dir='ltr'>crapula</span> 
     </span>
    </p>
   </div>
   <div class='ocr_carea' id='block_1_64' title="bbox 2264 3129 3784 3204">
    <p class='ocr_par' dir='ltr' id='par_1_64' title="bbox 2264 3129 3784 3204">
     <span class='ocr_line' id='line_1_64' title="bbox 2264 3129 3784 3204; baseline -0.009 -14"><span class='ocrx_word' id='word_1_486' title='bbox 2264 3135 2576 3190; x_wconf 86' lang='lat' dir='ltr'>innumeris</span> <span class='ocrx_word' id='word_1_487' title='bbox 2590 3149 2695 3204; x_wconf 88' lang='lat' dir='ltr'>ego</span> <span class='ocrx_word' id='word_1_488' title='bbox 2707 3133 2900 3188; x_wconf 83' lang='lat' dir='ltr'>videar</span> <span class='ocrx_word' id='word_1_489' title='bbox 2909 3132 3110 3204; x_wconf 81' lang='lat' dir='ltr'>subjici</span> <span class='ocrx_word' id='word_1_490' title='bbox 3123 3133 3440 3187; x_wconf 88' lang='lat' dir='ltr'>tormentis.</span> <span class='ocrx_word' id='word_1_491' title='bbox 3455 3129 3784 3198; x_wconf 71' lang='lat' dir='ltr'>Consequente</span> 
     </span>
    </p>
   </div>
   <div class='ocr_carea' id='block_1_65' title="bbox 580 3215 3784 3295">
    <p class='ocr_par' dir='ltr' id='par_1_65' title="bbox 580 3215 3784 3295">
     <span class='ocr_line' id='line_1_65' title="bbox 580 3215 3784 3295; baseline -0.004 -19"><span class='ocrx_word' id='word_1_492' title='bbox 580 3230 639 3278; x_wconf 89' lang='lat' dir='ltr'>et</span> <span class='ocrx_word' id='word_1_493' title='bbox 667 3223 938 3278; x_wconf 87' lang='lat' dir='ltr'>ebrietate</span> <span class='ocrx_word' id='word_1_494' title='bbox 970 3225 1117 3290; x_wconf 82' lang='lat' dir='ltr'>(Luc.</span> <span class='ocrx_word' id='word_1_495' title='bbox 1143 3227 1280 3282; x_wconf 71' lang='lat' dir='ltr'>xxx‘.</span> <span class='ocrx_word' id='word_1_496' title='bbox 1309 3242 1338 3276; x_wconf 72' lang='grc' dir='ltr'><strong><em>ν</em></strong></span> <span class='ocrx_word' id='word_1_497' title='bbox 1373 3223 1526 3277; x_wconf 93' lang='lat' dir='ltr'>Illico</span> <span class='ocrx_word' id='word_1_498' title='bbox 1555 3223 1813 3294; x_wconf 80' lang='lat' dir='ltr'>adjunxit</span> <span class='ocrx_word' id='word_1_499' title='bbox 1839 3223 2015 3277; x_wconf 87' lang='lat' dir='ltr'>autin</span> <span class='ocrx_word' id='word_1_500' title='bbox 2034 3223 2182 3278; x_wconf 89' lang='lat' dir='ltr'>curis</span> <span class='ocrx_word' id='word_1_501' title='bbox 2259 3241 2394 3279; x_wconf 70' lang='lat' dir='ltr'>vero</span> <span class='ocrx_word' id='word_1_502' title='bbox 2410 3221 3150 3295; x_wconf 86' lang='lat' dir='ltr'>praecedentibusadjungit:</span> <span class='ocrx_word' id='word_1_503' title='bbox 3188 3241 3214 3273; x_wconf 74' lang='grc' dir='ltr'>ι</span> <span class='ocrx_word' id='word_1_504' title='bbox 3248 3221 3379 3276; x_wconf 86' lang='lat' dir='ltr'>Ideo</span> <span class='ocrx_word' id='word_1_505' title='bbox 3407 3220 3586 3275; x_wconf 84' lang='lat' dir='ltr'>omnia</span> <span class='ocrx_word' id='word_1_506' title='bbox 3608 3215 3784 3270; x_wconf 58' lang='lat' dir='ltr'>sustinet</span> 
     </span>
    </p>
   </div>
   <div class='ocr_carea' id='block_1_66' title="bbox 579 3310 3784 3386">
    <p class='ocr_par' dir='ltr' id='par_1_66' title="bbox 579 3310 3784 3386">
     <span class='ocr_line' id='line_1_66' title="bbox 579 3310 3784 3386; baseline -0.002 -18"><span class='ocrx_word' id='word_1_507' title='bbox 579 3314 748 3384; x_wconf 87' lang='lat' dir='ltr'>hujus</span> <span class='ocrx_word' id='word_1_508' title='bbox 779 3312 975 3367; x_wconf 88' lang='lat' dir='ltr'>mundi</span> <span class='ocrx_word' id='word_1_509' title='bbox 987 3312 1130 3379; x_wconf 65' lang='lat' dir='ltr'>vitae,</span> <span class='ocrx_word' id='word_1_510' title='bbox 1155 3311 1250 3366; x_wconf 91' lang='lat' dir='ltr'>ubi</span> <span class='ocrx_word' id='word_1_511' title='bbox 1280 3329 1544 3383; x_wconf 87' lang='lat' dir='ltr'>pavorem</span> <span class='ocrx_word' id='word_1_512' title='bbox 1573 3327 1795 3383; x_wconf 90' lang='lat' dir='ltr'>quoque</span> <span class='ocrx_word' id='word_1_513' title='bbox 1819 3312 2075 3384; x_wconf 82' lang='lat' dir='ltr'>protinus</span> <span class='ocrx_word' id='word_1_514' title='bbox 2093 3313 2183 3367; x_wconf 90' lang='lat' dir='ltr'>in-</span> <span class='ocrx_word' id='word_1_515' title='bbox 2267 3329 2295 3367; x_wconf 71' lang='grc' dir='ltr'>ι</span> <span class='ocrx_word' id='word_1_516' title='bbox 2329 3313 2560 3386; x_wconf 87' lang='lat' dir='ltr'>propter</span> <span class='ocrx_word' id='word_1_517' title='bbox 2589 3313 2815 3376; x_wconf 75' lang='lat' dir='ltr'>eleCtos,</span> <span class='ocrx_word' id='word_1_518' title='bbox 2832 3310 3014 3382; x_wconf 88' lang='lat' dir='ltr'>utipsi</span> <span class='ocrx_word' id='word_1_519' title='bbox 3035 3310 3280 3365; x_wconf 75' lang='lat' dir='ltr'>salutem</span> <span class='ocrx_word' id='word_1_520' title='bbox 3293 3313 3693 3380; x_wconf 83' lang='lat' dir='ltr'>consequantur,</span> <span class='ocrx_word' id='word_1_521' title='bbox 3711 3317 3784 3372; x_wconf 73' lang='lat' dir='ltr'>qua</span> 
     </span>
    </p>
   </div>
   <div class='ocr_carea' id='block_1_67' title="bbox 581 3394 3784 3472">
    <p class='ocr_par' dir='ltr' id='par_1_67' title="bbox 581 3394 3784 3472">
     <span class='ocr_line' id='line_1_67' title="bbox 581 3394 3784 3472; baseline -0.004 -16"><span class='ocrx_word' id='word_1_522' title='bbox 581 3408 734 3464; x_wconf 84' lang='lat' dir='ltr'>tente</span> <span class='ocrx_word' id='word_1_523' title='bbox 753 3400 1044 3472; x_wconf 87' lang='lat' dir='ltr'>adjiciens,</span> <span class='ocrx_word' id='word_1_524' title='bbox 1063 3422 1085 3453; x_wconf 79' lang='grc' dir='ltr'>ι</span> <span class='ocrx_word' id='word_1_525' title='bbox 1121 3418 1192 3456; x_wconf 90' lang='lat' dir='ltr'>ne</span> <span class='ocrx_word' id='word_1_526' title='bbox 1211 3401 1354 3456; x_wconf 82' lang='lat' dir='ltr'>forte</span> <span class='ocrx_word' id='word_1_527' title='bbox 1371 3401 1729 3472; x_wconf 84' lang='lat' dir='ltr'>superveniat</span> <span class='ocrx_word' id='word_1_528' title='bbox 1756 3402 2052 3472; x_wconf 88' lang='lat' dir='ltr'>repentina</span> <span class='ocrx_word' id='word_1_529' title='bbox 2064 3403 2184 3456; x_wconf 80' lang='lat' dir='ltr'>dies</span> <span class='ocrx_word' id='word_1_530' title='bbox 2269 3421 2295 3454; x_wconf 70' lang='grc' dir='ltr'>ι</span> <span class='ocrx_word' id='word_1_531' title='bbox 2327 3409 2414 3457; x_wconf 88' lang='lat' dir='ltr'>est</span> <span class='ocrx_word' id='word_1_532' title='bbox 2433 3403 2490 3456; x_wconf 93' lang='lat' dir='ltr'>in</span> <span class='ocrx_word' id='word_1_533' title='bbox 2521 3401 2746 3458; x_wconf 86' lang='lat' dir='ltr'>Christo</span> <span class='ocrx_word' id='word_1_534' title='bbox 2773 3401 2906 3454; x_wconf 71' lang='lat' dir='ltr'>Iesu</span> <span class='ocrx_word' id='word_1_535' title='bbox 2937 3416 3066 3454; x_wconf 89' lang='lat' dir='ltr'>cum</span> <span class='ocrx_word' id='word_1_536' title='bbox 3095 3394 3280 3470; x_wconf 83' lang='lat' dir='ltr'>gloria</span> <span class='ocrx_word' id='word_1_537' title='bbox 3307 3399 3528 3454; x_wconf 55' lang='lat' dir='ltr'>caelesti,</span> <span class='ocrx_word' id='word_1_538' title='bbox 3556 3416 3576 3447; x_wconf 77' lang='grc' dir='ltr'><strong>ι</strong></span> <span class='ocrx_word' id='word_1_539' title='bbox 3620 3396 3784 3462; x_wconf 74' lang='lat' dir='ltr'>Propter</span> 
     </span>
    </p>
   </div>
   <div class='ocr_carea' id='block_1_68' title="bbox 579 3489 2184 3561">
    <p class='ocr_par' dir='ltr' id='par_1_68' title="bbox 579 3489 2184 3561">
     <span class='ocr_line' id='line_1_68' title="bbox 579 3489 2184 3561; baseline 0 -17"><span class='ocrx_word' id='word_1_540' title='bbox 579 3490 694 3557; x_wconf 86' lang='lat' dir='ltr'>illa,</span> <span class='ocrx_word' id='word_1_541' title='bbox 724 3509 749 3542; x_wconf 69' lang='grc' dir='ltr'><strong><em>ι</em></strong></span> <span class='ocrx_word' id='word_1_542' title='bbox 780 3491 940 3560; x_wconf 78' lang='lat' dir='ltr'>cujlis</span> <span class='ocrx_word' id='word_1_543' title='bbox 971 3491 1241 3545; x_wconf 85' lang='lat' dir='ltr'>adventus</span> <span class='ocrx_word' id='word_1_544' title='bbox 1281 3491 1453 3544; x_wconf 88' lang='lat' dir='ltr'>etiam</span> <span class='ocrx_word' id='word_1_545' title='bbox 1503 3489 1834 3561; x_wconf 83' lang='lat' dir='ltr'>qualitatem</span> <span class='ocrx_word' id='word_1_546' title='bbox 1887 3491 2184 3544; x_wconf 86' lang='lat' dir='ltr'>denuntiat</span> 
     </span>
    </p>
   </div>
   <div class='ocr_carea' id='block_1_69' title="bbox 581 3580 2187 3651">
    <p class='ocr_par' dir='ltr' id='par_1_69' title="bbox 581 3580 2187 3651">
     <span class='ocr_line' id='line_1_69' title="bbox 581 3580 2187 3651; baseline 0 -17"><span class='ocrx_word' id='word_1_547' title='bbox 581 3581 808 3634; x_wconf 87' lang='lat' dir='ltr'>dicens:</span> <span class='ocrx_word' id='word_1_548' title='bbox 848 3600 870 3631; x_wconf 78' lang='grc' dir='ltr'>ι</span> <span class='ocrx_word' id='word_1_549' title='bbox 946 3580 1237 3650; x_wconf 86' lang='lat' dir='ltr'><strong>Tanquam</strong></span> <span class='ocrx_word' id='word_1_550' title='bbox 1286 3580 1521 3650; x_wconf 86' lang='lat' dir='ltr'>laqueus</span> <span class='ocrx_word' id='word_1_551' title='bbox 1549 3580 1700 3633; x_wconf 90' lang='lat' dir='ltr'>enim</span> <span class='ocrx_word' id='word_1_552' title='bbox 1745 3580 2102 3651; x_wconf 85' lang='lat' dir='ltr'>superveniet</span> <span class='ocrx_word' id='word_1_553' title='bbox 2127 3580 2187 3634; x_wconf 88' lang='lat' dir='ltr'>in</span> 
     </span>
    </p>
   </div>
   <div class='ocr_carea' id='block_1_70' title="bbox 583 3668 2186 3740">
    <p class='ocr_par' dir='ltr' id='par_1_70' title="bbox 583 3668 2186 3740">
     <span class='ocr_line' id='line_1_70' title="bbox 583 3668 2186 3740; baseline -0.002 -16"><span class='ocrx_word' id='word_1_554' title='bbox 583 3683 776 3724; x_wconf 91' lang='lat' dir='ltr'>omnes</span> <span class='ocrx_word' id='word_1_555' title='bbox 797 3669 894 3740; x_wconf 91' lang='lat' dir='ltr'>qui</span> <span class='ocrx_word' id='word_1_556' title='bbox 918 3669 1116 3723; x_wconf 90' lang='lat' dir='ltr'>sedent</span> <span class='ocrx_word' id='word_1_557' title='bbox 1136 3685 1308 3740; x_wconf 90' lang='lat' dir='ltr'>super</span> <span class='ocrx_word' id='word_1_558' title='bbox 1329 3669 1526 3723; x_wconf 89' lang='lat' dir='ltr'>faciem</span> <span class='ocrx_word' id='word_1_559' title='bbox 1555 3668 1704 3723; x_wconf 88' lang='lat' dir='ltr'>orbis</span> <span class='ocrx_word' id='word_1_560' title='bbox 1723 3674 1887 3724; x_wconf 67' lang='lat' dir='ltr'>terra:</span> <span class='ocrx_word' id='word_1_561' title='bbox 1918 3671 2125 3737; x_wconf 50' lang='lat' dir='ltr'>(Ibid).</span> <span class='ocrx_word' id='word_1_562' title='bbox 2163 3690 2186 3716; x_wconf 74' lang='grc' dir='ltr'><strong>ο</strong></span> 
     </span>
    </p>
   </div>
   <div class='ocr_carea' id='block_1_71' title="bbox 2265 3483 3784 3562">
    <p class='ocr_par' dir='ltr' id='par_1_71' title="bbox 2265 3483 3784 3562">
     <span class='ocr_line' id='line_1_71' title="bbox 2265 3483 3784 3562; baseline -0.01 -16"><span class='ocrx_word' id='word_1_563' title='bbox 2265 3509 2361 3547; x_wconf 92' lang='lat' dir='ltr'>eos</span> <span class='ocrx_word' id='word_1_564' title='bbox 2391 3491 2486 3562; x_wconf 82' lang='lat' dir='ltr'>qui</span> <span class='ocrx_word' id='word_1_565' title='bbox 2512 3490 2584 3544; x_wconf 87' lang='lat' dir='ltr'>ad</span> <span class='ocrx_word' id='word_1_566' title='bbox 2615 3491 2719 3544; x_wconf 87' lang='lat' dir='ltr'>hoc</span> <span class='ocrx_word' id='word_1_567' title='bbox 2749 3495 2881 3544; x_wconf 86' lang='lat' dir='ltr'>sunt</span> <span class='ocrx_word' id='word_1_568' title='bbox 2915 3487 3076 3543; x_wconf 83' lang='lat' dir='ltr'>electi</span> <span class='ocrx_word' id='word_1_569' title='bbox 3103 3490 3159 3542; x_wconf 84' lang='lat' dir='ltr'>et</span> <span class='ocrx_word' id='word_1_570' title='bbox 3189 3487 3470 3560; x_wconf 81' lang='lat' dir='ltr'>segregati</span> <span class='ocrx_word' id='word_1_571' title='bbox 3519 3483 3684 3540; x_wconf 81' lang='lat' dir='ltr'>omnia</span> <span class='ocrx_word' id='word_1_572' title='bbox 3717 3484 3784 3550; x_wconf 81' lang='lat' dir='ltr'>put</span> 
     </span>
    </p>
   </div>
   <div class='ocr_carea' id='block_1_72' title="bbox 2270 3574 3783 3650">
    <p class='ocr_par' dir='ltr' id='par_1_72' title="bbox 2270 3574 3783 3650">
     <span class='ocr_line' id='line_1_72' title="bbox 2270 3574 3783 3650; baseline -0.009 -14"><span class='ocrx_word' id='word_1_573' title='bbox 2270 3581 2542 3644; x_wconf 82' lang='lat' dir='ltr'>sustineo,</span> <span class='ocrx_word' id='word_1_574' title='bbox 2573 3579 2654 3633; x_wconf 89' lang='lat' dir='ltr'>ita</span> <span class='ocrx_word' id='word_1_575' title='bbox 2673 3579 2737 3633; x_wconf 90' lang='lat' dir='ltr'>ut</span> <span class='ocrx_word' id='word_1_576' title='bbox 2763 3595 2865 3650; x_wconf 90' lang='lat' dir='ltr'>per</span> <span class='ocrx_word' id='word_1_577' title='bbox 2907 3577 3198 3632; x_wconf 85' lang='lat' dir='ltr'>Christum</span> <span class='ocrx_word' id='word_1_578' title='bbox 3221 3579 3462 3633; x_wconf 80' lang='lat' dir='ltr'>salutem</span> <span class='ocrx_word' id='word_1_579' title='bbox 3501 3574 3783 3643; x_wconf 76' lang='lat' dir='ltr'>assequth</span> 
     </span>
    </p>
   </div>
   <div class='ocr_carea' id='block_1_73' title="bbox 2273 3661 3784 3742">
    <p class='ocr_par' dir='ltr' id='par_1_73' title="bbox 2273 3661 3784 3742">
     <span class='ocr_line' id='line_1_73' title="bbox 2273 3661 3784 3742; baseline -0.011 -18"><span class='ocrx_word' id='word_1_580' title='bbox 2273 3670 2332 3724; x_wconf 89' lang='lat' dir='ltr'>in</span> <span class='ocrx_word' id='word_1_581' title='bbox 2357 3670 2630 3742; x_wconf 86' lang='lat' dir='ltr'>perpetua</span> <span class='ocrx_word' id='word_1_582' title='bbox 2659 3667 2843 3738; x_wconf 88' lang='lat' dir='ltr'>gloria</span> <span class='ocrx_word' id='word_1_583' title='bbox 2868 3667 3156 3737; x_wconf 80' lang='lat' dir='ltr'>degentes,</span> <span class='ocrx_word' id='word_1_584' title='bbox 3219 3673 3277 3720; x_wconf 89' lang='lat' dir='ltr'>et</span> <span class='ocrx_word' id='word_1_585' title='bbox 3320 3667 3390 3720; x_wconf 81' lang='lat' dir='ltr'><strong>ad</strong></span> <span class='ocrx_word' id='word_1_586' title='bbox 3433 3661 3784 3720; x_wconf 71' lang='lat' dir='ltr'>exhortationem</span> 
     </span>
    </p>
   </div>
   <div class='ocr_carea' id='block_1_74' title="bbox 585 3755 3065 3829">
    <p class='ocr_par' dir='ltr' id='par_1_74' title="bbox 585 3755 3065 3829">
     <span class='ocr_line' id='line_1_74' title="bbox 585 3755 3065 3829; baseline -0.002 -16"><span class='ocrx_word' id='word_1_587' title='bbox 585 3758 727 3813; x_wconf 85' lang='lat' dir='ltr'>Hinc</span> <span class='ocrx_word' id='word_1_588' title='bbox 756 3757 966 3812; x_wconf 86' lang='lat' dir='ltr'>iterum</span> <span class='ocrx_word' id='word_1_589' title='bbox 999 3757 1139 3812; x_wconf 90' lang='lat' dir='ltr'>dicit</span> <span class='ocrx_word' id='word_1_590' title='bbox 1166 3777 1176 3810; x_wconf 96' lang='lat'>:</span> <span class='ocrx_word' id='word_1_591' title='bbox 1219 3778 1244 3808; x_wconf 69' lang='grc' dir='ltr'><strong><em>α</em></strong></span> <span class='ocrx_word' id='word_1_592' title='bbox 1286 3759 1465 3812; x_wconf 87' lang='lat' dir='ltr'>Nemo</span> <span class='ocrx_word' id='word_1_593' title='bbox 1495 3763 1679 3829; x_wconf 88' lang='lat' dir='ltr'>potest</span> <span class='ocrx_word' id='word_1_594' title='bbox 1706 3757 1924 3812; x_wconf 88' lang='lat' dir='ltr'>duobus</span> <span class='ocrx_word' id='word_1_595' title='bbox 1953 3756 2194 3812; x_wconf 89' lang='lat' dir='ltr'>dominis</span> <span class='ocrx_word' id='word_1_596' title='bbox 2275 3757 2555 3813; x_wconf 87' lang='lat' dir='ltr'>Timothei</span> <span class='ocrx_word' id='word_1_597' title='bbox 2585 3757 2796 3823; x_wconf 85' lang='lat' dir='ltr'>dicens,</span> <span class='ocrx_word' id='word_1_598' title='bbox 2829 3755 3024 3826; x_wconf 86' lang='lat' dir='ltr'>adjicit</span> <span class='ocrx_word' id='word_1_599' title='bbox 3053 3775 3065 3809; x_wconf 89' lang='lat'>:</span> 
     </span>
    </p>
   </div>
   <div class='ocr_carea' id='block_1_75' title="bbox 582 3845 2186 3916">
    <p class='ocr_par' dir='ltr' id='par_1_75' title="bbox 582 3845 2186 3916">
     <span class='ocr_line' id='line_1_75' title="bbox 582 3845 2186 3916; baseline -0.001 -15"><span class='ocrx_word' id='word_1_600' title='bbox 582 3847 791 3902; x_wconf 86' lang='lat' dir='ltr'>servire</span> <span class='ocrx_word' id='word_1_601' title='bbox 822 3849 1034 3916; x_wconf 75' lang='lat' dir='ltr'>(Matth.</span> <span class='ocrx_word' id='word_1_602' title='bbox 1065 3850 1158 3915; x_wconf 71' lang='grc' dir='ltr'>γι).</span> <span class='ocrx_word' id='word_1_603' title='bbox 1195 3865 1221 3898; x_wconf 81' lang='grc'>»</span> <span class='ocrx_word' id='word_1_604' title='bbox 1252 3847 1395 3900; x_wconf 88' lang='lat' dir='ltr'>Hinc</span> <span class='ocrx_word' id='word_1_605' title='bbox 1407 3847 1614 3904; x_wconf 87' lang='lat' dir='ltr'>Paulus</span> <span class='ocrx_word' id='word_1_606' title='bbox 1636 3863 1670 3900; x_wconf 90' lang='lat' dir='ltr'>a</span> <span class='ocrx_word' id='word_1_607' title='bbox 1701 3846 1895 3900; x_wconf 88' lang='lat' dir='ltr'>mundi</span> <span class='ocrx_word' id='word_1_608' title='bbox 1908 3845 2186 3900; x_wconf 86' lang='lat' dir='ltr'>consortio</span> 
     </span>
    </p>
   </div>
   <div class='ocr_carea' id='block_1_76' title="bbox 583 3934 2185 4006">
    <p class='ocr_par' dir='ltr' id='par_1_76' title="bbox 583 3934 2185 4006">
     <span class='ocr_line' id='line_1_76' title="bbox 583 3934 2185 4006; baseline -0.001 -17"><span class='ocrx_word' id='word_1_609' title='bbox 583 3936 946 3989; x_wconf 85' lang='lat' dir='ltr'>contestando</span> <span class='ocrx_word' id='word_1_610' title='bbox 975 3949 1040 3988; x_wconf 86' lang='lat' dir='ltr'><strong>ac</strong></span> <span class='ocrx_word' id='word_1_611' title='bbox 1069 3935 1254 4004; x_wconf 89' lang='lat' dir='ltr'>potius</span> <span class='ocrx_word' id='word_1_612' title='bbox 1285 3936 1662 3989; x_wconf 86' lang='lat' dir='ltr'>conveniendo</span> <span class='ocrx_word' id='word_1_613' title='bbox 1709 3935 2001 4006; x_wconf 89' lang='lat' dir='ltr'>suspendit</span> <span class='ocrx_word' id='word_1_614' title='bbox 2053 3934 2185 3988; x_wconf 90' lang='lat' dir='ltr'>reli-</span> 
     </span>
    </p>
   </div>
   <div class='ocr_carea' id='block_1_77' title="bbox 580 4022 2185 4094">
    <p class='ocr_par' dir='ltr' id='par_1_77' title="bbox 580 4022 2185 4094">
     <span class='ocr_line' id='line_1_77' title="bbox 580 4022 2185 4094; baseline 0 -17"><span class='ocrx_word' id='word_1_615' title='bbox 580 4024 868 4094; x_wconf 88' lang='lat' dir='ltr'>giosorum</span> <span class='ocrx_word' id='word_1_616' title='bbox 901 4029 1138 4088; x_wconf 88' lang='lat' dir='ltr'>mentes,</span> <span class='ocrx_word' id='word_1_617' title='bbox 1199 4023 1390 4077; x_wconf 91' lang='lat' dir='ltr'>dicens</span> <span class='ocrx_word' id='word_1_618' title='bbox 1423 4042 1434 4076; x_wconf 92' lang='lat'><strong>:</strong></span> <span class='ocrx_word' id='word_1_619' title='bbox 1472 4043 1493 4073; x_wconf 77' lang='grc' dir='ltr'>ι</span> <span class='ocrx_word' id='word_1_620' title='bbox 1529 4025 1708 4078; x_wconf 79' lang='lat' dir='ltr'>Nemo</span> <span class='ocrx_word' id='word_1_621' title='bbox 1768 4022 2014 4078; x_wconf 88' lang='lat' dir='ltr'>militans</span> <span class='ocrx_word' id='word_1_622' title='bbox 2068 4024 2185 4077; x_wconf 88' lang='lat' dir='ltr'>Deo</span> 
     </span>
    </p>
   </div>
   <div class='ocr_carea' id='block_1_78' title="bbox 583 4111 2184 4183">
    <p class='ocr_par' dir='ltr' id='par_1_78' title="bbox 583 4111 2184 4183">
     <span class='ocr_line' id='line_1_78' title="bbox 583 4111 2184 4183; baseline 0.001 -19"><span class='ocrx_word' id='word_1_623' title='bbox 583 4111 836 4182; x_wconf 87' lang='lat' dir='ltr'>implicat</span> <span class='ocrx_word' id='word_1_624' title='bbox 861 4127 920 4166; x_wconf 89' lang='lat' dir='ltr'><strong>se</strong></span> <span class='ocrx_word' id='word_1_625' title='bbox 947 4111 1189 4180; x_wconf 82' lang='lat' dir='ltr'>negotiis</span> <span class='ocrx_word' id='word_1_626' title='bbox 1243 4111 1620 4179; x_wconf 68' lang='lat' dir='ltr'>saecularibus,</span> <span class='ocrx_word' id='word_1_627' title='bbox 1656 4117 1720 4166; x_wconf 90' lang='lat' dir='ltr'>ut</span> <span class='ocrx_word' id='word_1_628' title='bbox 1744 4113 1796 4166; x_wconf 91' lang='lat' dir='ltr'><strong>ei</strong></span> <span class='ocrx_word' id='word_1_629' title='bbox 1835 4112 2054 4183; x_wconf 85' lang='lat' dir='ltr'>placeat</span> <span class='ocrx_word' id='word_1_630' title='bbox 2095 4113 2184 4166; x_wconf 89' lang='lat' dir='ltr'>cui</span> 
     </span>
    </p>
   </div>
   <div class='ocr_carea' id='block_1_79' title="bbox 551 4199 2186 4270">
    <p class='ocr_par' dir='ltr' id='par_1_79' title="bbox 551 4199 2186 4270">
     <span class='ocr_line' id='line_1_79' title="bbox 551 4199 2186 4270; baseline 0 -16"><span class='ocrx_word' id='word_1_631' title='bbox 551 4208 556 4212; x_wconf 84' lang='lat'>&#39;</span> <span class='ocrx_word' id='word_1_632' title='bbox 585 4215 646 4254; x_wconf 88' lang='lat' dir='ltr'>se</span> <span class='ocrx_word' id='word_1_633' title='bbox 673 4199 944 4270; x_wconf 88' lang='lat' dir='ltr'>probavit.</span> <span class='ocrx_word' id='word_1_634' title='bbox 984 4219 1008 4251; x_wconf 70' lang='grc' dir='ltr'><strong>ι</strong></span> <span class='ocrx_word' id='word_1_635' title='bbox 1042 4200 1185 4254; x_wconf 89' lang='lat' dir='ltr'>Hinc</span> <span class='ocrx_word' id='word_1_636' title='bbox 1229 4201 1486 4254; x_wconf 65' lang='lat' dir='ltr'>Ecclesiae</span> <span class='ocrx_word' id='word_1_637' title='bbox 1526 4201 1836 4254; x_wconf 84' lang='lat' dir='ltr'>rectoribus</span> <span class='ocrx_word' id='word_1_638' title='bbox 1867 4206 1925 4254; x_wconf 90' lang='lat' dir='ltr'>et</span> <span class='ocrx_word' id='word_1_639' title='bbox 1953 4200 2186 4256; x_wconf 82' lang='lat' dir='ltr'>vacandi</span> 
     </span>
    </p>
   </div>
   <div class='ocr_carea' id='block_1_80' title="bbox 2346 3843 3780 3911">
    <p class='ocr_par' dir='ltr' id='par_1_80' title="bbox 2346 3843 3780 3911">
     <span class='ocr_line' id='line_1_80' title="bbox 2346 3843 3780 3911; baseline -0.01 -12"><span class='ocrx_word' id='word_1_640' title='bbox 2346 3867 2368 3899; x_wconf 73' lang='grc' dir='ltr'>ι</span> <span class='ocrx_word' id='word_1_641' title='bbox 2403 3846 2609 3901; x_wconf 78' lang='lat' dir='ltr'>Fidelis</span> <span class='ocrx_word' id='word_1_642' title='bbox 2625 3859 2830 3911; x_wconf 89' lang='lat' dir='ltr'>sermo,</span> <span class='ocrx_word' id='word_1_643' title='bbox 2863 3861 2996 3899; x_wconf 87' lang='lat' dir='ltr'>nam</span> <span class='ocrx_word' id='word_1_644' title='bbox 3021 3845 3068 3898; x_wconf 91' lang='lat' dir='ltr'>si</span> <span class='ocrx_word' id='word_1_645' title='bbox 3091 3845 3428 3900; x_wconf 75' lang='lat' dir='ltr'>commortui</span> <span class='ocrx_word' id='word_1_646' title='bbox 3443 3843 3780 3906; x_wconf 83' lang='lat' dir='ltr'>sumus,etcon</span> 
     </span>
    </p>
   </div>
   <div class='ocr_carea' id='block_1_81' title="bbox 2267 3928 3784 4005">
    <p class='ocr_par' dir='ltr' id='par_1_81' title="bbox 2267 3928 3784 4005">
     <span class='ocr_line' id='line_1_81' title="bbox 2267 3928 3784 4005; baseline -0.009 -15"><span class='ocrx_word' id='word_1_647' title='bbox 2267 3938 2533 3996; x_wconf 86' lang='lat' dir='ltr'>vivemus,</span> <span class='ocrx_word' id='word_1_648' title='bbox 2566 3935 2614 3989; x_wconf 87' lang='lat' dir='ltr'>si</span> <span class='ocrx_word' id='word_1_649' title='bbox 2645 3933 2989 3988; x_wconf 84' lang='lat' dir='ltr'>sustinemus</span> <span class='ocrx_word' id='word_1_650' title='bbox 3003 3933 3550 4005; x_wconf 83' lang='lat' dir='ltr'>etconregnabimus.</span> <span class='ocrx_word' id='word_1_651' title='bbox 3579 3947 3604 3982; x_wconf 66' lang='grc' dir='ltr'><strong><em>ι</em></strong></span> <span class='ocrx_word' id='word_1_652' title='bbox 3631 3928 3784 3982; x_wconf 80' lang='lat' dir='ltr'>Nones</span> 
     </span>
    </p>
   </div>
   <div class='ocr_carea' id='block_1_82' title="bbox 2267 4009 3783 4095">
    <p class='ocr_par' dir='ltr' id='par_1_82' title="bbox 2267 4009 3783 4095">
     <span class='ocr_line' id='line_1_82' title="bbox 2267 4009 3783 4095; baseline -0.012 -14"><span class='ocrx_word' id='word_1_653' title='bbox 2267 4026 2520 4090; x_wconf 88' lang='lat' dir='ltr'>dubium,</span> <span class='ocrx_word' id='word_1_654' title='bbox 2554 4023 2755 4095; x_wconf 80' lang='lat' dir='ltr'>inquit,</span> <span class='ocrx_word' id='word_1_655' title='bbox 2781 4024 2883 4077; x_wconf 82' lang='lat' dir='ltr'>hoc</span> <span class='ocrx_word' id='word_1_656' title='bbox 2907 4039 3028 4089; x_wconf 87' lang='lat' dir='ltr'>nos,</span> <span class='ocrx_word' id='word_1_657' title='bbox 3061 4024 3158 4093; x_wconf 88' lang='lat' dir='ltr'><strong>qui</strong></span> <span class='ocrx_word' id='word_1_658' title='bbox 3187 4021 3647 4078; x_wconf 82' lang='lat' dir='ltr'>communicamus</span> <span class='ocrx_word' id='word_1_659' title='bbox 3665 4009 3783 4068; x_wconf 87' lang='lat' dir='ltr'>inilli</span> 
     </span>
    </p>
   </div>
   <div class='ocr_carea' id='block_1_83' title="bbox 2267 4105 3784 4187">
    <p class='ocr_par' dir='ltr' id='par_1_83' title="bbox 2267 4105 3784 4187">
     <span class='ocr_line' id='line_1_83' title="bbox 2267 4105 3784 4187; baseline -0.007 -19"><span class='ocrx_word' id='word_1_660' title='bbox 2267 4131 2392 4187; x_wconf 69' lang='lat' dir='ltr'>quae</span> <span class='ocrx_word' id='word_1_661' title='bbox 2419 4113 2701 4168; x_wconf 82' lang='lat' dir='ltr'>deteriora</span> <span class='ocrx_word' id='word_1_662' title='bbox 2726 4118 2878 4176; x_wconf 87' lang='lat' dir='ltr'>sunt,</span> <span class='ocrx_word' id='word_1_663' title='bbox 2905 4113 3222 4166; x_wconf 86' lang='lat' dir='ltr'>necessario</span> <span class='ocrx_word' id='word_1_664' title='bbox 3254 4105 3744 4166; x_wconf 74' lang='lat' dir='ltr'>communicabimUS</span> <span class='ocrx_word' id='word_1_665' title='bbox 3765 4114 3784 4150; x_wconf 73' lang='grc' dir='ltr'>θ</span> 
     </span>
    </p>
   </div>
   <div class='ocr_carea' id='block_1_84' title="bbox 2267 4197 3784 4272">
    <p class='ocr_par' dir='ltr' id='par_1_84' title="bbox 2267 4197 3784 4272">
     <span class='ocr_line' id='line_1_84' title="bbox 2267 4197 3784 4272; baseline -0.008 -14"><span class='ocrx_word' id='word_1_666' title='bbox 2267 4211 2323 4258; x_wconf 90' lang='lat' dir='ltr'>et</span> <span class='ocrx_word' id='word_1_667' title='bbox 2353 4205 2412 4258; x_wconf 87' lang='lat' dir='ltr'><strong>in</strong></span> <span class='ocrx_word' id='word_1_668' title='bbox 2427 4203 2539 4256; x_wconf 88' lang='lat' dir='ltr'>illis</span> <span class='ocrx_word' id='word_1_669' title='bbox 2578 4219 2700 4272; x_wconf 66' lang='lat' dir='ltr'>quae</span> <span class='ocrx_word' id='word_1_670' title='bbox 2724 4201 2958 4254; x_wconf 86' lang='lat' dir='ltr'>meliora</span> <span class='ocrx_word' id='word_1_671' title='bbox 2981 4206 3116 4254; x_wconf 91' lang='lat' dir='ltr'>sunt</span> <span class='ocrx_word' id='word_1_672' title='bbox 3135 4220 3148 4266; x_wconf 92' lang='lat'><strong>;</strong></span> <span class='ocrx_word' id='word_1_673' title='bbox 3167 4209 3224 4255; x_wconf 91' lang='lat' dir='ltr'>et</span> <span class='ocrx_word' id='word_1_674' title='bbox 3245 4201 3543 4256; x_wconf 85' lang='lat' dir='ltr'>ostendens</span> <span class='ocrx_word' id='word_1_675' title='bbox 3559 4197 3690 4251; x_wconf 80' lang='lat' dir='ltr'>lucra</span> <span class='ocrx_word' id='word_1_676' title='bbox 3713 4203 3784 4260; x_wconf 67' lang='lat' dir='ltr'>qui!</span> 
     </span>
    </p>
   </div>
   <div class='ocr_carea' id='block_1_85' title="bbox 585 4276 3783 4363">
    <p class='ocr_par' dir='ltr' id='par_1_85' title="bbox 585 4276 3783 4363">
     <span class='ocr_line' id='line_1_85' title="bbox 585 4276 3783 4363; baseline -0.001 -19"><span class='ocrx_word' id='word_1_677' title='bbox 585 4289 773 4344; x_wconf 87' lang='lat' dir='ltr'>studia</span> <span class='ocrx_word' id='word_1_678' title='bbox 800 4287 1069 4360; x_wconf 69' lang='lat' dir='ltr'>prmeipit,</span> <span class='ocrx_word' id='word_1_679' title='bbox 1117 4294 1176 4342; x_wconf 89' lang='lat' dir='ltr'>et</span> <span class='ocrx_word' id='word_1_680' title='bbox 1197 4289 1522 4344; x_wconf 85' lang='lat' dir='ltr'>consolandi</span> <span class='ocrx_word' id='word_1_681' title='bbox 1553 4289 1803 4344; x_wconf 83' lang='lat' dir='ltr'>remedia</span> <span class='ocrx_word' id='word_1_682' title='bbox 1827 4289 2075 4344; x_wconf 87' lang='lat' dir='ltr'>ostendit</span> <span class='ocrx_word' id='word_1_683' title='bbox 2101 4290 2187 4344; x_wconf 92' lang='lat' dir='ltr'>di-</span> <span class='ocrx_word' id='word_1_684' title='bbox 2202 4333 2253 4363; x_wconf 70' lang='grc' dir='ltr'><strong><em>π</em></strong></span> <span class='ocrx_word' id='word_1_685' title='bbox 2270 4309 2337 4346; x_wconf 87' lang='lat' dir='ltr'>ex</span> <span class='ocrx_word' id='word_1_686' title='bbox 2367 4291 2752 4363; x_wconf 84' lang='lat' dir='ltr'>compassione</span> <span class='ocrx_word' id='word_1_687' title='bbox 2767 4291 2952 4344; x_wconf 88' lang='lat' dir='ltr'>solent</span> <span class='ocrx_word' id='word_1_688' title='bbox 2977 4289 3212 4360; x_wconf 86' lang='lat' dir='ltr'><strong>acquiri,</strong></span> <span class='ocrx_word' id='word_1_689' title='bbox 3255 4290 3394 4344; x_wconf 88' lang='lat' dir='ltr'>dicit</span> <span class='ocrx_word' id='word_1_690' title='bbox 3419 4289 3580 4344; x_wconf 86' lang='lat' dir='ltr'>etiam</span> <span class='ocrx_word' id='word_1_691' title='bbox 3597 4279 3710 4338; x_wconf 71' lang='lat' dir='ltr'>illud</span> <span class='ocrx_word' id='word_1_692' title='bbox 3733 4276 3783 4329; x_wconf 71' lang='lat' dir='ltr'>de</span> 
     </span>
    </p>
   </div>
   <div class='ocr_carea' id='block_1_86' title="bbox 584 4371 3784 4452">
    <p class='ocr_par' dir='ltr' id='par_1_86' title="bbox 584 4371 3784 4452">
     <span class='ocr_line' id='line_1_86' title="bbox 584 4371 3784 4452; baseline -0.003 -18"><span class='ocrx_word' id='word_1_693' title='bbox 584 4395 715 4434; x_wconf 90' lang='lat' dir='ltr'>cens</span> <span class='ocrx_word' id='word_1_694' title='bbox 757 4397 768 4431; x_wconf 90' lang='lat'><strong>:</strong></span> <span class='ocrx_word' id='word_1_695' title='bbox 803 4397 825 4428; x_wconf 74' lang='grc' dir='ltr'>ι</span> <span class='ocrx_word' id='word_1_696' title='bbox 855 4377 1157 4434; x_wconf 80' lang='lat' dir='ltr'>Saecularia</span> <span class='ocrx_word' id='word_1_697' title='bbox 1183 4377 1357 4448; x_wconf 89' lang='lat' dir='ltr'>igitur</span> <span class='ocrx_word' id='word_1_698' title='bbox 1380 4379 1609 4449; x_wconf 88' lang='lat' dir='ltr'>negotia</span> <span class='ocrx_word' id='word_1_699' title='bbox 1636 4378 1683 4432; x_wconf 90' lang='lat' dir='ltr'>si</span> <span class='ocrx_word' id='word_1_700' title='bbox 1703 4378 2034 4445; x_wconf 86' lang='lat' dir='ltr'>habueritis,</span> <span class='ocrx_word' id='word_1_701' title='bbox 2052 4393 2186 4434; x_wconf 88' lang='lat' dir='ltr'>con-</span> <span class='ocrx_word' id='word_1_702' title='bbox 2203 4371 2252 4394; x_wconf 70' lang='grc' dir='ltr'><strong><em>υ</em></strong></span> <span class='ocrx_word' id='word_1_703' title='bbox 2268 4382 2623 4446; x_wconf 85' lang='lat' dir='ltr'>trimentum,</span> <span class='ocrx_word' id='word_1_704' title='bbox 2640 4379 2792 4450; x_wconf 86' lang='lat' dir='ltr'>quod</span> <span class='ocrx_word' id='word_1_705' title='bbox 2819 4379 2932 4434; x_wconf 87' lang='lat' dir='ltr'>illis</span> <span class='ocrx_word' id='word_1_706' title='bbox 2959 4380 3104 4434; x_wconf 84' lang='lat' dir='ltr'>solet</span> <span class='ocrx_word' id='word_1_707' title='bbox 3150 4380 3392 4444; x_wconf 80' lang='lat' dir='ltr'>evenire&quot;,</span> <span class='ocrx_word' id='word_1_708' title='bbox 3409 4377 3498 4452; x_wconf 86' lang='lat' dir='ltr'>qui</span> <span class='ocrx_word' id='word_1_709' title='bbox 3517 4377 3573 4430; x_wconf 87' lang='lat' dir='ltr'>in</span> <span class='ocrx_word' id='word_1_710' title='bbox 3597 4371 3690 4426; x_wconf 79' lang='lat' dir='ltr'>fide</span> <span class='ocrx_word' id='word_1_711' title='bbox 3711 4379 3784 4452; x_wconf 50' lang='grc' dir='ltr'>μέιῇ</span> 
     </span>
    </p>
   </div>
   <div class='ocr_carea' id='block_1_87' title="bbox 585 4449 3784 4540">
    <p class='ocr_par' dir='ltr' id='par_1_87' title="bbox 585 4449 3784 4540">
     <span class='ocr_line' id='line_1_87' title="bbox 585 4449 3784 4540; baseline -0.002 -18"><span class='ocrx_word' id='word_1_712' title='bbox 585 4467 928 4540; x_wconf 86' lang='lat' dir='ltr'>temptibiles</span> <span class='ocrx_word' id='word_1_713' title='bbox 953 4467 1051 4538; x_wconf 88' lang='lat' dir='ltr'><strong>qui</strong></span> <span class='ocrx_word' id='word_1_714' title='bbox 1071 4473 1205 4522; x_wconf 92' lang='lat' dir='ltr'>sunt</span> <span class='ocrx_word' id='word_1_715' title='bbox 1221 4468 1280 4522; x_wconf 90' lang='lat' dir='ltr'>in</span> <span class='ocrx_word' id='word_1_716' title='bbox 1308 4467 1552 4523; x_wconf 84' lang='lat' dir='ltr'>Ecclesia</span> <span class='ocrx_word' id='word_1_717' title='bbox 1598 4467 1726 4522; x_wconf 90' lang='lat' dir='ltr'>illos</span> <span class='ocrx_word' id='word_1_718' title='bbox 1767 4467 2092 4524; x_wconf 87' lang='lat' dir='ltr'>constituite</span> <span class='ocrx_word' id='word_1_719' title='bbox 2117 4469 2188 4523; x_wconf 88' lang='lat' dir='ltr'>ad</span> <span class='ocrx_word' id='word_1_720' title='bbox 2267 4470 2468 4525; x_wconf 86' lang='lat' dir='ltr'>sistere</span> <span class='ocrx_word' id='word_1_721' title='bbox 2507 4449 2830 4522; x_wconf 82' lang='lat' dir='ltr'>noluerunt.</span> <span class='ocrx_word' id='word_1_722' title='bbox 2868 4486 2892 4519; x_wconf 83' lang='grc'><strong><em>‹</em></strong></span> <span class='ocrx_word' id='word_1_723' title='bbox 2925 4467 2985 4522; x_wconf 92' lang='lat' dir='ltr'>Si</span> <span class='ocrx_word' id='word_1_724' title='bbox 3003 4467 3416 4538; x_wconf 84' lang='lat' dir='ltr'>negaverimus,</span> <span class='ocrx_word' id='word_1_725' title='bbox 3434 4449 3496 4520; x_wconf 77' lang='lat' dir='ltr'>et</span> <span class='ocrx_word' id='word_1_726' title='bbox 3534 4462 3619 4518; x_wconf 90' lang='lat' dir='ltr'>ille</span> <span class='ocrx_word' id='word_1_727' title='bbox 3631 4449 3784 4525; x_wconf 65' lang='lat' dir='ltr'>negabi</span> 
     </span>
    </p>
   </div>
   <div class='ocr_carea' id='block_1_88' title="bbox 581 4554 3784 4629">
    <p class='ocr_par' dir='ltr' id='par_1_88' title="bbox 581 4554 3784 4629">
     <span class='ocr_line' id='line_1_88' title="bbox 581 4554 3784 4629; baseline -0.002 -17"><span class='ocrx_word' id='word_1_728' title='bbox 581 4557 951 4627; x_wconf 86' lang='lat' dir='ltr'>judicandum</span> <span class='ocrx_word' id='word_1_729' title='bbox 977 4559 1032 4628; x_wconf 93' lang='grc'>(1</span> <span class='ocrx_word' id='word_1_730' title='bbox 1081 4559 1202 4614; x_wconf 77' lang='lat' dir='ltr'>Cor.</span> <span class='ocrx_word' id='word_1_731' title='bbox 1245 4562 1340 4627; x_wconf 77' lang='lat' dir='ltr'>vi),</span> <span class='ocrx_word' id='word_1_732' title='bbox 1379 4576 1402 4608; x_wconf 76' lang='grc' dir='ltr'><strong><em>ι</em></strong></span> <span class='ocrx_word' id='word_1_733' title='bbox 1435 4563 1500 4611; x_wconf 91' lang='lat' dir='ltr'>ut</span> <span class='ocrx_word' id='word_1_734' title='bbox 1525 4557 1632 4629; x_wconf 85' lang='lat' dir='ltr'>ipsi</span> <span class='ocrx_word' id='word_1_735' title='bbox 1655 4557 1915 4612; x_wconf 89' lang='lat' dir='ltr'>videlicet</span> <span class='ocrx_word' id='word_1_736' title='bbox 1960 4557 2188 4629; x_wconf 80' lang='lat' dir='ltr'>dispen-</span> <span class='ocrx_word' id='word_1_737' title='bbox 2275 4579 2299 4611; x_wconf 77' lang='grc' dir='ltr'>ι</span> <span class='ocrx_word' id='word_1_738' title='bbox 2337 4575 2460 4614; x_wconf 90' lang='lat' dir='ltr'>nos.</span> <span class='ocrx_word' id='word_1_739' title='bbox 2497 4575 2526 4612; x_wconf 70' lang='grc' dir='ltr'><strong>ι</strong></span> <span class='ocrx_word' id='word_1_740' title='bbox 2571 4557 2786 4613; x_wconf 86' lang='lat' dir='ltr'>Deinde</span> <span class='ocrx_word' id='word_1_741' title='bbox 2843 4573 2916 4611; x_wconf 92' lang='lat' dir='ltr'>ne</span> <span class='ocrx_word' id='word_1_742' title='bbox 2958 4557 3263 4623; x_wconf 82' lang='lat' dir='ltr'>videretur,</span> <span class='ocrx_word' id='word_1_743' title='bbox 3305 4554 3602 4612; x_wconf 84' lang='lat' dir='ltr'>secundum</span> <span class='ocrx_word' id='word_1_744' title='bbox 3638 4555 3784 4616; x_wconf 61' lang='lat' dir='ltr'>aqua!</span> 
     </span>
    </p>
   </div>
   <div class='ocr_carea' id='block_1_89' title="bbox 585 4630 3774 4720">
    <p class='ocr_par' dir='ltr' id='par_1_89' title="bbox 585 4630 3774 4720">
     <span class='ocr_line' id='line_1_89' title="bbox 585 4630 3774 4720; baseline -0.001 -22"><span class='ocrx_word' id='word_1_745' title='bbox 585 4645 834 4700; x_wconf 89' lang='lat' dir='ltr'>tionibus</span> <span class='ocrx_word' id='word_1_746' title='bbox 862 4647 1103 4702; x_wconf 86' lang='lat' dir='ltr'>terrenis</span> <span class='ocrx_word' id='word_1_747' title='bbox 1143 4647 1470 4713; x_wconf 80' lang='lat' dir='ltr'>inserviant,</span> <span class='ocrx_word' id='word_1_748' title='bbox 1504 4664 1644 4718; x_wconf 77' lang='lat' dir='ltr'>quos</span> <span class='ocrx_word' id='word_1_749' title='bbox 1673 4647 1822 4701; x_wconf 89' lang='lat' dir='ltr'>dona</span> <span class='ocrx_word' id='word_1_750' title='bbox 1874 4646 2193 4719; x_wconf 85' lang='lat' dir='ltr'>spiritualia</span> <span class='ocrx_word' id='word_1_751' title='bbox 2273 4650 2512 4720; x_wconf 83' lang='lat' dir='ltr'>partem,</span> <span class='ocrx_word' id='word_1_752' title='bbox 2548 4652 2607 4701; x_wconf 89' lang='lat' dir='ltr'>et</span> <span class='ocrx_word' id='word_1_753' title='bbox 2642 4645 2771 4718; x_wconf 88' lang='lat' dir='ltr'>ipsi,</span> <span class='ocrx_word' id='word_1_754' title='bbox 2802 4645 2963 4701; x_wconf 89' lang='lat' dir='ltr'>nobis</span> <span class='ocrx_word' id='word_1_755' title='bbox 3001 4645 3362 4717; x_wconf 81' lang='lat' dir='ltr'>negantibus,</span> <span class='ocrx_word' id='word_1_756' title='bbox 3393 4641 3590 4706; x_wconf 88' lang='lat' dir='ltr'>noceri,</span> <span class='ocrx_word' id='word_1_757' title='bbox 3618 4630 3774 4720; x_wconf 57' lang='lat' dir='ltr'>adjici&quot;</span> 
     </span>
    </p>
   </div>
   <div class='ocr_carea' id='block_1_90' title="bbox 588 4735 2192 4808">
    <p class='ocr_par' dir='ltr' id='par_1_90' title="bbox 588 4735 2192 4808">
     <span class='ocr_line' id='line_1_90' title="bbox 588 4735 2192 4808; baseline 0.002 -22"><span class='ocrx_word' id='word_1_758' title='bbox 588 4749 702 4787; x_wconf 88' lang='lat' dir='ltr'>non</span> <span class='ocrx_word' id='word_1_759' title='bbox 733 4740 1025 4801; x_wconf 81' lang='lat' dir='ltr'>exornant,</span> <span class='ocrx_word' id='word_1_760' title='bbox 1062 4751 1126 4790; x_wconf 82' lang='lat' dir='ltr'>ac</span> <span class='ocrx_word' id='word_1_761' title='bbox 1174 4737 1222 4790; x_wconf 91' lang='lat' dir='ltr'><strong>si</strong></span> <span class='ocrx_word' id='word_1_762' title='bbox 1275 4735 1524 4808; x_wconf 83' lang='lat' dir='ltr'>apertius</span> <span class='ocrx_word' id='word_1_763' title='bbox 1553 4736 1721 4802; x_wconf 87' lang='lat' dir='ltr'><strong>dicat,</strong></span> <span class='ocrx_word' id='word_1_764' title='bbox 1756 4735 1852 4807; x_wconf 77' lang='lat' dir='ltr'><strong>qui</strong></span> <span class='ocrx_word' id='word_1_765' title='bbox 1896 4741 2192 4808; x_wconf 81' lang='lat' dir='ltr'>penetrare</span> 
     </span>
    </p>
   </div>
   <div class='ocr_carea' id='block_1_91' title="bbox 590 4821 2191 4898">
    <p class='ocr_par' dir='ltr' id='par_1_91' title="bbox 590 4821 2191 4898">
     <span class='ocr_line' id='line_1_91' title="bbox 590 4821 2191 4898; baseline 0.003 -23"><span class='ocrx_word' id='word_1_766' title='bbox 590 4821 795 4876; x_wconf 86' lang='lat' dir='ltr'>intima</span> <span class='ocrx_word' id='word_1_767' title='bbox 829 4829 1136 4893; x_wconf 88' lang='lat' dir='ltr'>nequeunt,</span> <span class='ocrx_word' id='word_1_768' title='bbox 1181 4825 1382 4880; x_wconf 79' lang='lat' dir='ltr'>saltem</span> <span class='ocrx_word' id='word_1_769' title='bbox 1397 4825 1726 4880; x_wconf 76' lang='lat' dir='ltr'>necessaria</span> <span class='ocrx_word' id='word_1_770' title='bbox 1776 4824 1910 4880; x_wconf 84' lang='lat' dir='ltr'>foris</span> <span class='ocrx_word' id='word_1_771' title='bbox 1952 4842 2191 4898; x_wconf 84' lang='lat' dir='ltr'>aperan-</span> 
     </span>
    </p>
   </div>
   <div class='ocr_carea' id='block_1_92' title="bbox 590 4917 702 4966">
    <p class='ocr_par' dir='ltr' id='par_1_92' title="bbox 590 4917 702 4966">
     <span class='ocr_line' id='line_1_92' title="bbox 590 4917 702 4966; baseline -0.027 0"><span class='ocrx_word' id='word_1_772' title='bbox 590 4917 702 4966; x_wconf 85' lang='lat' dir='ltr'>tur.</span> 
     </span>
    </p>
   </div>
   <div class='ocr_carea' id='block_1_93' title="bbox 669 4999 2193 5074">
    <p class='ocr_par' dir='ltr' id='par_1_93' title="bbox 669 4999 2193 5074">
     <span class='ocr_line' id='line_1_93' title="bbox 669 4999 2193 5074; baseline 0.004 -21"><span class='ocrx_word' id='word_1_773' title='bbox 669 5020 692 5052; x_wconf 76' lang='grc' dir='ltr'>ι</span> <span class='ocrx_word' id='word_1_774' title='bbox 725 4999 1094 5054; x_wconf 85' lang='lat' dir='ltr'>Laborantem</span> <span class='ocrx_word' id='word_1_775' title='bbox 1112 5003 1416 5072; x_wconf 83' lang='lat' dir='ltr'>agricolam</span> <span class='ocrx_word' id='word_1_776' title='bbox 1431 5008 1652 5074; x_wconf 85' lang='lat' dir='ltr'>oportet</span> <span class='ocrx_word' id='word_1_777' title='bbox 1659 5003 1904 5074; x_wconf 90' lang='lat' dir='ltr'>primum</span> <span class='ocrx_word' id='word_1_778' title='bbox 1917 5004 1986 5058; x_wconf 91' lang='lat' dir='ltr'>de</span> <span class='ocrx_word' id='word_1_779' title='bbox 2003 5004 2193 5058; x_wconf 89' lang='lat' dir='ltr'>fructi-</span> 
     </span>
    </p>
   </div>
   <div class='ocr_carea' id='block_1_94' title="bbox 597 5087 2190 5162">
    <p class='ocr_par' dir='ltr' id='par_1_94' title="bbox 597 5087 2190 5162">
     <span class='ocr_line' id='line_1_94' title="bbox 597 5087 2190 5162; baseline 0.002 -18"><span class='ocrx_word' id='word_1_780' title='bbox 597 5107 624 5144; x_wconf 82' lang='grc'><strong>«</strong></span> <span class='ocrx_word' id='word_1_781' title='bbox 643 5088 758 5144; x_wconf 76' lang='lat' dir='ltr'>bus</span> <span class='ocrx_word' id='word_1_782' title='bbox 783 5089 1034 5160; x_wconf 87' lang='lat' dir='ltr'>accipere</span> <span class='ocrx_word' id='word_1_783' title='bbox 1064 5107 1074 5142; x_wconf 93' lang='lat'><strong>:</strong></span> <span class='ocrx_word' id='word_1_784' title='bbox 1101 5089 1352 5161; x_wconf 88' lang='lat' dir='ltr'>intellige</span> <span class='ocrx_word' id='word_1_785' title='bbox 1382 5092 1638 5162; x_wconf 67' lang='lat' dir='ltr'>quaedico</span> <span class='ocrx_word' id='word_1_786' title='bbox 1661 5111 1672 5144; x_wconf 89' lang='lat'>:</span> <span class='ocrx_word' id='word_1_787' title='bbox 1697 5087 1854 5148; x_wconf 80' lang='lat' dir='ltr'>dabit</span> <span class='ocrx_word' id='word_1_788' title='bbox 1871 5092 2023 5146; x_wconf 89' lang='lat' dir='ltr'>enim</span> <span class='ocrx_word' id='word_1_789' title='bbox 2077 5093 2190 5147; x_wconf 89' lang='lat' dir='ltr'>Do-</span> 
     </span>
    </p>
   </div>
   <div class='ocr_carea' id='block_1_95' title="bbox 598 5178 2194 5254">
    <p class='ocr_par' dir='ltr' id='par_1_95' title="bbox 598 5178 2194 5254">
     <span class='ocr_line' id='line_1_95' title="bbox 598 5178 2194 5254; baseline 0.004 -24"><span class='ocrx_word' id='word_1_790' title='bbox 598 5197 622 5230; x_wconf 71' lang='grc' dir='ltr'>ε</span> <span class='ocrx_word' id='word_1_791' title='bbox 659 5178 845 5233; x_wconf 90' lang='lat' dir='ltr'>minus</span> <span class='ocrx_word' id='word_1_792' title='bbox 872 5178 1046 5234; x_wconf 85' lang='lat' dir='ltr'>tibiin</span> <span class='ocrx_word' id='word_1_793' title='bbox 1074 5178 1332 5234; x_wconf 81' lang='lat' dir='ltr'>omnibus</span> <span class='ocrx_word' id='word_1_794' title='bbox 1353 5180 1717 5236; x_wconf 89' lang='lat' dir='ltr'>intellectum.</span> <span class='ocrx_word' id='word_1_795' title='bbox 1753 5199 1776 5232; x_wconf 73' lang='grc' dir='ltr'><strong><em>ι</em></strong></span> <span class='ocrx_word' id='word_1_796' title='bbox 1797 5184 1854 5254; x_wconf 82' lang='grc' dir='ltr'>(Α</span> <span class='ocrx_word' id='word_1_797' title='bbox 1865 5184 2030 5250; x_wconf 83' lang='lat' dir='ltr'>mbr.)</span> <span class='ocrx_word' id='word_1_798' title='bbox 2062 5182 2194 5236; x_wconf 85' lang='lat' dir='ltr'>Vult</span> 
     </span>
    </p>
   </div>
   <div class='ocr_carea' id='block_1_96' title="bbox 547 5268 2193 5338">
    <p class='ocr_par' dir='ltr' id='par_1_96' title="bbox 547 5268 2193 5338">
     <span class='ocr_line' id='line_1_96' title="bbox 547 5268 2193 5338; baseline 0.002 -18"><span class='ocrx_word' id='word_1_799' title='bbox 547 5313 555 5320; x_wconf 94' lang='lat'>.</span> <span class='ocrx_word' id='word_1_800' title='bbox 595 5272 782 5321; x_wconf 88' lang='lat' dir='ltr'>autem</span> <span class='ocrx_word' id='word_1_801' title='bbox 829 5268 1015 5323; x_wconf 83' lang='lat' dir='ltr'>dicere</span> <span class='ocrx_word' id='word_1_802' title='bbox 1065 5287 1076 5321; x_wconf 94' lang='lat'>:</span> <span class='ocrx_word' id='word_1_803' title='bbox 1141 5284 1264 5338; x_wconf 63' lang='lat' dir='ltr'>quae</span> <span class='ocrx_word' id='word_1_804' title='bbox 1305 5269 1376 5322; x_wconf 89' lang='lat' dir='ltr'>ad</span> <span class='ocrx_word' id='word_1_805' title='bbox 1442 5283 1608 5324; x_wconf 89' lang='lat' dir='ltr'>usum</span> <span class='ocrx_word' id='word_1_806' title='bbox 1663 5273 1827 5325; x_wconf 86' lang='lat' dir='ltr'>tuum</span> <span class='ocrx_word' id='word_1_807' title='bbox 1879 5270 2193 5325; x_wconf 87' lang='lat' dir='ltr'>necessario</span> 
     </span>
    </p>
   </div>
   <div class='ocr_carea' id='block_1_97' title="bbox 559 5355 2188 5430">
    <p class='ocr_par' dir='ltr' id='par_1_97' title="bbox 559 5355 2188 5430">
     <span class='ocr_line' id='line_1_97' title="bbox 559 5355 2188 5430; baseline 0.004 -23"><span class='ocrx_word' id='word_1_808' title='bbox 559 5355 898 5425; x_wconf 42' lang='lat' dir='ltr'>.pertinent,</span> <span class='ocrx_word' id='word_1_809' title='bbox 955 5357 1256 5411; x_wconf 86' lang='lat' dir='ltr'>indiscrete</span> <span class='ocrx_word' id='word_1_810' title='bbox 1295 5373 1593 5428; x_wconf 88' lang='lat' dir='ltr'>assequere</span> <span class='ocrx_word' id='word_1_811' title='bbox 1650 5377 1686 5412; x_wconf 89' lang='lat' dir='ltr'><strong>a</strong></span> <span class='ocrx_word' id='word_1_812' title='bbox 1751 5358 2010 5414; x_wconf 84' lang='lat' dir='ltr'>ﬁdelibus</span> <span class='ocrx_word' id='word_1_813' title='bbox 2093 5359 2188 5430; x_wconf 91' lang='lat' dir='ltr'>qui</span> 
     </span>
    </p>
   </div>
   <div class='ocr_carea' id='block_1_98' title="bbox 547 5445 2189 5520">
    <p class='ocr_par' dir='ltr' id='par_1_98' title="bbox 547 5445 2189 5520">
     <span class='ocr_line' id='line_1_98' title="bbox 547 5445 2189 5520; baseline 0.002 -21"><span class='ocrx_word' id='word_1_814' title='bbox 547 5489 570 5499; x_wconf 61' lang='grc' dir='ltr'>μ</span> <span class='ocrx_word' id='word_1_815' title='bbox 596 5448 866 5514; x_wconf 58' lang='lat' dir='ltr'>praestant</span> <span class='ocrx_word' id='word_1_816' title='bbox 909 5445 1032 5501; x_wconf 84' lang='lat' dir='ltr'>tibi.</span> <span class='ocrx_word' id='word_1_817' title='bbox 1103 5445 1292 5502; x_wconf 76' lang='lat' dir='ltr'>Suasit</span> <span class='ocrx_word' id='word_1_818' title='bbox 1343 5463 1474 5502; x_wconf 87' lang='lat' dir='ltr'>vero</span> <span class='ocrx_word' id='word_1_819' title='bbox 1525 5449 1577 5502; x_wconf 90' lang='lat' dir='ltr'>ei</span> <span class='ocrx_word' id='word_1_820' title='bbox 1625 5448 1750 5520; x_wconf 83' lang='lat' dir='ltr'>ipso</span> <span class='ocrx_word' id='word_1_821' title='bbox 1794 5448 2046 5520; x_wconf 72' lang='lat' dir='ltr'>exemplo</span> <span class='ocrx_word' id='word_1_822' title='bbox 2103 5449 2189 5502; x_wconf 90' lang='lat' dir='ltr'>vel</span> 
     </span>
    </p>
   </div>
   <div class='ocr_carea' id='block_1_99' title="bbox 545 5531 2192 5610">
    <p class='ocr_par' dir='ltr' id='par_1_99' title="bbox 545 5531 2192 5610">
     <span class='ocr_line' id='line_1_99' title="bbox 545 5531 2192 5610; baseline 0 -18"><span class='ocrx_word' id='word_1_823' title='bbox 545 5531 2038 5610; x_wconf 66' lang='lat' dir='ltr'>-maxime:sicutenimagx&#39;icohquitismipsetu</span> <span class='ocrx_word' id='word_1_824' title='bbox 2090 5539 2192 5593; x_wconf 88' lang='lat' dir='ltr'>tua</span> 
     </span>
    </p>
   </div>
   <div class='ocr_carea' id='block_1_100' title="bbox 2277 4719 3784 4800">
    <p class='ocr_par' dir='ltr' id='par_1_100' title="bbox 2277 4719 3784 4800">
     <span class='ocr_line' id='line_1_100' title="bbox 2277 4719 3784 4800; baseline -0.003 -10"><span class='ocrx_word' id='word_1_825' title='bbox 2277 4719 2300 4790; x_wconf 57' lang='grc' dir='ltr'>ἆ</span> <span class='ocrx_word' id='word_1_826' title='bbox 2335 4737 2394 4793; x_wconf 90' lang='lat' dir='ltr'>Si</span> <span class='ocrx_word' id='word_1_827' title='bbox 2431 4738 2544 4792; x_wconf 77' lang='lat' dir='ltr'>non</span> <span class='ocrx_word' id='word_1_828' title='bbox 2569 4735 2872 4798; x_wconf 79' lang='lat' dir='ltr'>credimus,</span> <span class='ocrx_word' id='word_1_829' title='bbox 2908 4735 3004 4789; x_wconf 82' lang='lat' dir='ltr'>ille</span> <span class='ocrx_word' id='word_1_830' title='bbox 3031 4735 3214 4790; x_wconf 85' lang='lat' dir='ltr'>ﬁdelis</span> <span class='ocrx_word' id='word_1_831' title='bbox 3253 4739 3463 4799; x_wconf 85' lang='lat' dir='ltr'>manet,</span> <span class='ocrx_word' id='word_1_832' title='bbox 3495 4737 3679 4800; x_wconf 77' lang='lat' dir='ltr'>negare</span> <span class='ocrx_word' id='word_1_833' title='bbox 3699 4719 3784 4786; x_wconf 68' lang='lat' dir='ltr'>seiF</span> 
     </span>
    </p>
   </div>
   <div class='ocr_carea' id='block_1_101' title="bbox 2277 4816 3784 4897">
    <p class='ocr_par' dir='ltr' id='par_1_101' title="bbox 2277 4816 3784 4897">
     <span class='ocr_line' id='line_1_101' title="bbox 2277 4816 3784 4897; baseline -0.01 -15"><span class='ocrx_word' id='word_1_834' title='bbox 2277 4843 2448 4882; x_wconf 72' lang='lat' dir='ltr'>«sum</span> <span class='ocrx_word' id='word_1_835' title='bbox 2474 4843 2588 4880; x_wconf 91' lang='lat' dir='ltr'>non</span> <span class='ocrx_word' id='word_1_836' title='bbox 2617 4827 2820 4897; x_wconf 83' lang='lat' dir='ltr'>potest.</span> <span class='ocrx_word' id='word_1_837' title='bbox 2853 4844 2876 4877; x_wconf 73' lang='grc' dir='ltr'><strong><em>ι</em></strong></span> <span class='ocrx_word' id='word_1_838' title='bbox 2909 4825 3055 4878; x_wconf 82' lang='lat' dir='ltr'>Nam</span> <span class='ocrx_word' id='word_1_839' title='bbox 3093 4824 3190 4878; x_wconf 82' lang='lat' dir='ltr'>illa</span> <span class='ocrx_word' id='word_1_840' title='bbox 3219 4841 3342 4895; x_wconf 73' lang='lat' dir='ltr'>quae</span> <span class='ocrx_word' id='word_1_841' title='bbox 3372 4841 3408 4878; x_wconf 91' lang='lat' dir='ltr'>a</span> <span class='ocrx_word' id='word_1_842' title='bbox 3433 4819 3584 4876; x_wconf 85' lang='lat' dir='ltr'>nobis</span> <span class='ocrx_word' id='word_1_843' title='bbox 3608 4816 3784 4869; x_wconf 55' lang='lat' dir='ltr'>incon“</span> 
     </span>
    </p>
   </div>
   <div class='ocr_carea' id='block_1_102' title="bbox 2273 4899 3784 4982">
    <p class='ocr_par' dir='ltr' id='par_1_102' title="bbox 2273 4899 3784 4982">
     <span class='ocr_line' id='line_1_102' title="bbox 2273 4899 3784 4982; baseline 0 -12"><span class='ocrx_word' id='word_1_844' title='bbox 2273 4916 2496 4970; x_wconf 86' lang='lat' dir='ltr'>nienter</span> <span class='ocrx_word' id='word_1_845' title='bbox 2512 4916 2659 4970; x_wconf 84' lang='lat' dir='ltr'>ﬁunt</span> <span class='ocrx_word' id='word_1_846' title='bbox 2685 4913 2845 4968; x_wconf 84' lang='lat' dir='ltr'>nobis</span> <span class='ocrx_word' id='word_1_847' title='bbox 2876 4920 3098 4982; x_wconf 83' lang='lat' dir='ltr'>nocent,</span> <span class='ocrx_word' id='word_1_848' title='bbox 3133 4913 3214 4968; x_wconf 89' lang='lat' dir='ltr'>illi</span> <span class='ocrx_word' id='word_1_849' title='bbox 3241 4929 3369 4968; x_wconf 87' lang='lat' dir='ltr'>vero</span> <span class='ocrx_word' id='word_1_850' title='bbox 3414 4909 3563 4967; x_wconf 65' lang='lat' dir='ltr'>nulla</span> <span class='ocrx_word' id='word_1_851' title='bbox 3603 4920 3660 4958; x_wconf 64' lang='grc' dir='ltr'>εἰ</span> <span class='ocrx_word' id='word_1_852' title='bbox 3688 4899 3784 4970; x_wconf 58' lang='lat' dir='ltr'>Pa”</span> 
     </span>
    </p>
   </div>
   <div class='ocr_carea' id='block_1_103' title="bbox 2273 4985 3784 5079">
    <p class='ocr_par' dir='ltr' id='par_1_103' title="bbox 2273 4985 3784 5079">
     <span class='ocr_line' id='line_1_103' title="bbox 2273 4985 3784 5079; baseline -0.011 -19"><span class='ocrx_word' id='word_1_853' title='bbox 2273 5010 2508 5060; x_wconf 86' lang='lat' dir='ltr'>nocetur</span> <span class='ocrx_word' id='word_1_854' title='bbox 2531 5023 2544 5058; x_wconf 91' lang='lat'><strong>:</strong></span> <span class='ocrx_word' id='word_1_855' title='bbox 2567 5009 2762 5058; x_wconf 79' lang='lat' dir='ltr'>manet</span> <span class='ocrx_word' id='word_1_856' title='bbox 2781 5003 2992 5058; x_wconf 88' lang='lat' dir='ltr'>etenim</span> <span class='ocrx_word' id='word_1_857' title='bbox 3020 5003 3078 5057; x_wconf 92' lang='lat' dir='ltr'>in</span> <span class='ocrx_word' id='word_1_858' title='bbox 3099 5019 3204 5058; x_wconf 87' lang='lat' dir='ltr'>sua</span> <span class='ocrx_word' id='word_1_859' title='bbox 3244 5002 3424 5074; x_wconf 81' lang='lat' dir='ltr'>gloria</span> <span class='ocrx_word' id='word_1_860' title='bbox 3449 4995 3647 5054; x_wconf 65' lang='lat' dir='ltr'>stabilis</span> <span class='ocrx_word' id='word_1_861' title='bbox 3670 5005 3723 5079; x_wconf 64' lang='lat' dir='ltr'>ac</span> <span class='ocrx_word' id='word_1_862' title='bbox 3741 4985 3784 5079; x_wconf 52' lang='lat' dir='ltr'>ﬁt</span> 
     </span>
    </p>
   </div>
   <div class='ocr_carea' id='block_1_104' title="bbox 2273 5077 3784 5164">
    <p class='ocr_par' dir='ltr' id='par_1_104' title="bbox 2273 5077 3784 5164">
     <span class='ocr_line' id='line_1_104' title="bbox 2273 5077 3784 5164; baseline -0.002 -16"><span class='ocrx_word' id='word_1_863' title='bbox 2273 5110 2420 5161; x_wconf 84' lang='lat' dir='ltr'>mus,</span> <span class='ocrx_word' id='word_1_864' title='bbox 2453 5109 2555 5147; x_wconf 89' lang='lat' dir='ltr'>nec</span> <span class='ocrx_word' id='word_1_865' title='bbox 2583 5092 2753 5147; x_wconf 80' lang='lat' dir='ltr'>etiam</span> <span class='ocrx_word' id='word_1_866' title='bbox 2790 5098 3028 5164; x_wconf 77' lang='lat' dir='ltr'>possunt</span> <span class='ocrx_word' id='word_1_867' title='bbox 3053 5092 3166 5146; x_wconf 83' lang='lat' dir='ltr'>ista</span> <span class='ocrx_word' id='word_1_868' title='bbox 3219 5090 3434 5162; x_wconf 80' lang='lat' dir='ltr'>negari,-</span> <span class='ocrx_word' id='word_1_869' title='bbox 3475 5103 3590 5160; x_wconf 56' lang='grc' dir='ltr'>(με</span> <span class='ocrx_word' id='word_1_870' title='bbox 3612 5083 3663 5136; x_wconf 87' lang='lat' dir='ltr'>in</span> <span class='ocrx_word' id='word_1_871' title='bbox 3709 5077 3784 5145; x_wconf 63' lang='lat' dir='ltr'>il’si</span> 
     </span>
    </p>
   </div>
   <div class='ocr_carea' id='block_1_105' title="bbox 2273 5167 3784 5256">
    <p class='ocr_par' dir='ltr' id='par_1_105' title="bbox 2273 5167 3784 5256">
     <span class='ocr_line' id='line_1_105' title="bbox 2273 5167 3784 5256; baseline -0.019 -17"><span class='ocrx_word' id='word_1_872' title='bbox 2273 5183 2691 5254; x_wconf 79' lang='lat' dir='ltr'>perspiciuntur</span> <span class='ocrx_word' id='word_1_873' title='bbox 2705 5181 2966 5252; x_wconf 82' lang='lat' dir='ltr'>negotiis.</span> <span class='ocrx_word' id='word_1_874' title='bbox 3006 5201 3028 5232; x_wconf 73' lang='grc' dir='ltr'><strong>ε</strong></span> <span class='ocrx_word' id='word_1_875' title='bbox 3063 5181 3196 5236; x_wconf 59' lang='lat' dir='ltr'><strong>Haec</strong></span> <span class='ocrx_word' id='word_1_876' title='bbox 3212 5187 3521 5242; x_wconf 57' lang='lat' dir='ltr'>Commune,</span> <span class='ocrx_word' id='word_1_877' title='bbox 3563 5167 3784 5256; x_wconf 61' lang='lat' dir='ltr'>testiﬁcati</span> 
     </span>
    </p>
   </div>
   <div class='ocr_carea' id='block_1_106' title="bbox 2273 5256 3784 5333">
    <p class='ocr_par' dir='ltr' id='par_1_106' title="bbox 2273 5256 3784 5333">
     <span class='ocr_line' id='line_1_106' title="bbox 2273 5256 3784 5333; baseline -0.014 -6"><span class='ocrx_word' id='word_1_878' title='bbox 2273 5287 2466 5326; x_wconf 89' lang='lat' dir='ltr'>coram</span> <span class='ocrx_word' id='word_1_879' title='bbox 2491 5271 2753 5325; x_wconf 90' lang='lat' dir='ltr'>Domino.</span> <span class='ocrx_word' id='word_1_880' title='bbox 2784 5290 2807 5322; x_wconf 70' lang='lat' dir='ltr'><strong>n</strong></span> <span class='ocrx_word' id='word_1_881' title='bbox 2828 5271 2980 5325; x_wconf 86' lang='lat' dir='ltr'>Bene</span> <span class='ocrx_word' id='word_1_882' title='bbox 2997 5270 3138 5324; x_wconf 75' lang='lat' dir='ltr'>dixit</span> <span class='ocrx_word' id='word_1_883' title='bbox 3169 5289 3192 5322; x_wconf 83' lang='grc'><strong>«</strong></span> <span class='ocrx_word' id='word_1_884' title='bbox 3215 5269 3530 5333; x_wconf 84' lang='lat' dir='ltr'>testiﬁcans,</span> <span class='ocrx_word' id='word_1_885' title='bbox 3567 5283 3586 5314; x_wconf 80' lang='grc' dir='ltr'><strong><em>ι</em></strong></span> <span class='ocrx_word' id='word_1_886' title='bbox 3625 5265 3678 5314; x_wconf 85' lang='lat' dir='ltr'>ut</span> <span class='ocrx_word' id='word_1_887' title='bbox 3693 5256 3738 5308; x_wconf 89' lang='lat' dir='ltr'>in</span> <span class='ocrx_word' id='word_1_888' title='bbox 3757 5257 3784 5300; x_wconf 80' lang='lat' dir='ltr'>tl</span> 
     </span>
    </p>
   </div>
   <div class='ocr_carea' id='block_1_107' title="bbox 2271 5349 3784 5430">
    <p class='ocr_par' dir='ltr' id='par_1_107' title="bbox 2271 5349 3784 5430">
     <span class='ocr_line' id='line_1_107' title="bbox 2271 5349 3784 5430; baseline -0.013 -15"><span class='ocrx_word' id='word_1_889' title='bbox 2271 5377 2490 5415; x_wconf 87' lang='lat' dir='ltr'>morem</span> <span class='ocrx_word' id='word_1_890' title='bbox 2517 5377 2648 5415; x_wconf 89' lang='lat' dir='ltr'>eum</span> <span class='ocrx_word' id='word_1_891' title='bbox 2676 5360 2933 5430; x_wconf 82' lang='lat' dir='ltr'>redigat:</span> <span class='ocrx_word' id='word_1_892' title='bbox 2971 5374 3000 5412; x_wconf 78' lang='grc'>«</span> <span class='ocrx_word' id='word_1_893' title='bbox 3044 5359 3172 5414; x_wconf 86' lang='lat' dir='ltr'>Noli</span> <span class='ocrx_word' id='word_1_894' title='bbox 3196 5358 3377 5414; x_wconf 80' lang='lat' dir='ltr'>verbis</span> <span class='ocrx_word' id='word_1_895' title='bbox 3413 5349 3728 5411; x_wconf 77' lang='lat' dir='ltr'>contendere,</span> <span class='ocrx_word' id='word_1_896' title='bbox 3752 5354 3784 5390; x_wconf 68' lang='lat' dir='ltr'>al</span> 
     </span>
    </p>
   </div>
   <div class='ocr_carea' id='block_1_108' title="bbox 2277 5441 3784 5504">
    <p class='ocr_par' dir='ltr' id='par_1_108' title="bbox 2277 5441 3784 5504">
     <span class='ocr_line' id='line_1_108' title="bbox 2277 5441 3784 5504; baseline -0.011 1"><span class='ocrx_word' id='word_1_897' title='bbox 2277 5467 2301 5501; x_wconf 74' lang='grc' dir='ltr'>σ</span> <span class='ocrx_word' id='word_1_898' title='bbox 2323 5449 2566 5504; x_wconf 77' lang='lat' dir='ltr'>nihilum</span> <span class='ocrx_word' id='word_1_899' title='bbox 2591 5449 2742 5503; x_wconf 84' lang='lat' dir='ltr'>enim</span> <span class='ocrx_word' id='word_1_900' title='bbox 2780 5448 2920 5503; x_wconf 87' lang='lat' dir='ltr'>utile</span> <span class='ocrx_word' id='word_1_901' title='bbox 2957 5447 3171 5504; x_wconf 82' lang='lat' dir='ltr'>estnisi</span> <span class='ocrx_word' id='word_1_902' title='bbox 3207 5449 3279 5503; x_wconf 74' lang='lat' dir='ltr'>ad</span> <span class='ocrx_word' id='word_1_903' title='bbox 3319 5443 3702 5502; x_wconf 77' lang='lat' dir='ltr'>ubversionem</span> <span class='ocrx_word' id='word_1_904' title='bbox 3733 5441 3784 5482; x_wconf 77' lang='lat' dir='ltr'>au</span> 
     </span>
    </p>
   </div>
   <div class='ocr_carea' id='block_1_109' title="bbox 2277 5517 3784 5610">
    <p class='ocr_par' dir='ltr' id='par_1_109' title="bbox 2277 5517 3784 5610">
     <span class='ocr_line' id='line_1_109' title="bbox 2277 5517 3784 5610; baseline -0.003 -19"><span class='ocrx_word' id='word_1_905' title='bbox 2277 5555 2301 5591; x_wconf 81' lang='grc' dir='ltr'>ι</span> <span class='ocrx_word' id='word_1_906' title='bbox 2636 5557 2661 5590; x_wconf 79' lang='grc' dir='ltr'>ι</span> <span class='ocrx_word' id='word_1_907' title='bbox 2673 5538 3009 5606; x_wconf 46' lang='lat' dir='ltr'>Wand;</span> <span class='ocrx_word' id='word_1_908' title='bbox 3021 5537 3426 5610; x_wconf 50' lang='lat' dir='ltr'>inquitgutista</span> <span class='ocrx_word' id='word_1_909' title='bbox 3439 5531 3714 5591; x_wconf 57' lang='lat' dir='ltr'>tecm.&quot;</span> <span class='ocrx_word' id='word_1_910' title='bbox 3727 5517 3784 5572; x_wconf 66' lang='lat' dir='ltr'>De</span> 
     </span>
    </p>
   </div>
  </div>
