3866 6158
167 258 249 329 645
508 256 1081 325 ENARRATIONUM
1118 256 1196 324 1N
1232 255 1386 323 Epp.
1429 254 1645 323 PAULI
1680 255 1820 322 LIB.
1860 254 2062 324 XXIIi.
2108 299 2172 309 —
2212 254 2291 324 1N
2329 256 2551 324 EPIST.
2596 258 2649 325 Π
2685 260 2782 326 Av
2820 272 2978 328 TIM.
3287 262 3390 330 646

163 396 252 448 illis
276 406 559 465 proponens
598 390 874 462 judicium
910 411 921 445 :
956 392 1070 446 noli
1112 397 1304 446 autem
1353 390 1698 445 contentioni
1718 389 1775 449 Α
1792 392 1924 463 quid
1952 395 2066 447 tale
2096 382 2243 465 apud
2274 412 2375 449 nos
2407 396 2771 461 existimaret,
2809 384 3003 466 adjicit
3036 415 3046 449 :
3088 406 3110 447 ά
3147 397 3207 452 Si
3238 399 3389 453 enim

163 484 362 543 studere,
390 499 449 535 ex
487 481 839 535 contentione
872 481 1021 534 enim
1047 482 1187 535 nihil
1215 482 1554 538 adnascitur.
1590 479 1700 533 nisi
1788 500 1812 533 ι
1847 482 1971 551 quis
1997 485 2353 538 mundaverit
2374 502 2432 538 se
2452 483 2521 539 ab
2547 486 2653 547 his,
2671 492 2794 539 erat
2822 503 2917 539 vas
2948 487 3005 539 in
3021 487 3232 540 honore
3262 503 3392 541 san-

165 573 281 643 quod
302 571 456 641 aliqui
486 571 773 623 mendacia
802 572 1137 624 conﬁrmare
1162 571 1415 641 cupiunt,
1440 571 1509 623 ad
1531 570 1702 640 pluri-
1789 590 1813 619 «
1846 571 2173 631 ctiﬁcatum.
2191 579 2247 626 et
2267 574 2543 643 optimum
2558 573 2816 633 Domino,
2843 575 2910 628 ad
2936 592 3100 628 omne
3129 590 3267 646 opus
3286 575 3388 630 bo-

165 678 338 714 morum
366 659 790 713 subversionem.
1788 678 1815 709 «
1846 676 1979 713 num
2003 667 2398 731 praeparatum.
2423 684 2447 712 »
2468 662 2576 716 Sed
2597 663 2743 733 quod
2768 663 2879 715 illic
2896 664 3133 717 materia
3153 670 3388 718 natura-

221 771 237 799 ι
258 748 474 802 Sollicite
494 764 628 801 cura
648 749 890 819 teipsum
912 747 1256 818 probabilem
1269 744 1528 802 exhibere
1550 750 1693 801 Deo:
1784 748 1871 811 lis,
1907 750 2040 803 facit
2068 750 2158 803 hic
2189 750 2484 805 arbitrium
2514 770 2525 803 :
2564 752 2658 822 qui
2688 753 2837 805 enim
2867 770 2925 805 se
2956 770 2988 805 a
3017 753 3388 807 deterioribus

165 857 186 889 ε
210 837 485 908 operarium
511 837 958 891 inconfusibilem
995 856 1006 890 :
1039 843 1188 891 recte
1217 842 1555 891 tractantem
1586 853 1702 889 ver-
1785 840 2179 907 segregaverit,
2205 847 2289 893 est
2318 858 2412 893 vas
2438 840 2576 894 utile
2600 860 2612 905 ς
2642 841 2744 894 hoc
2775 847 2963 895 autem
2995 842 3053 895 in
3082 849 3273 896 nostro
3304 847 3389 897 est

166 946 183 975 η
207 926 314 979 bum
338 926 597 987 veritatis,
619 928 847 996 profana
876 931 1063 979 autem
1095 932 1151 980 et
1170 927 1521 996 inaniloquia
1547 926 1699 979 devi-
1784 928 2031 997 positum
2064 928 2296 982 arbitrio
2333 936 2389 983 et
2421 934 2716 1000 potestate,
2744 935 2801 984 et
2826 932 3073 985 ostendit
3098 931 3234 985 illud
3267 945 3389 985 esse

162 1023 220 1069 ta.
248 1036 265 1065 ι
294 1016 521 1068 Cautela:
559 1016 885 1085 dogmatum
925 1015 1171 1081 intende,
1205 1022 1262 1069 et
1290 1032 1355 1068 ea
1386 1026 1509 1085 qliaa
1558 1016 1703 1067 veri-
1787 1017 2077 1087 propositi,
2113 1018 2318 1072 iterum
2348 1019 2515 1072 vertit
2556 1035 2614 1072 se
2656 1020 2724 1072 ad
2773 1020 2893 1089 ejus
2924 1020 3385 1088 exhortationem,

159 1103 261 1157 tatis
283 1112 397 1156 sunt
435 1120 745 1167 commune,
782 1110 933 1158 recto
980 1105 1148 1158 edoce
1188 1105 1465 1169 instituto,
1497 1111 1553 1157 et
1592 1120 1703 1157 non
1786 1105 1952 1175 paulo
1984 1107 2169 1159 minus
2198 1108 2341 1160 hanc
2369 1107 2579 1161 habens
2610 1108 2978 1162 intentionem
3010 1127 3112 1180 per
3163 1126 3389 1163 omnem

160 1193 309 1263 pigeas
334 1192 569 1246 laborem
600 1202 703 1264 pro
724 1194 809 1247 his
831 1193 1038 1247 subire.
1071 1194 1217 1247 Nam
1256 1194 1703 1247 adversariorum
1786 1194 1930 1247 hanc
1957 1192 2281 1265 epistolam;
2316 1196 2463 1249 unde
2494 1201 2551 1249 et
2581 1197 2798 1266 inquit:
2835 1216 2859 1249 «
2893 1198 3171 1253 Juvenilia
3199 1202 3389 1252 autem

161 1283 385 1335 novitates
414 1298 630 1345 vocum,
648 1300 770 1352 quze
790 1282 941 1336 omni
970 1282 1331 1336 immunditia
1358 1284 1523 1353 plena
1551 1287 1700 1348 sunt,
1792 1302 1817 1333 «
1849 1283 2125 1337 desideria
2155 1285 2301 1354 fuge.
2340 1303 2365 1336 υ
2399 1286 2635 1339 Omnem
2656 1286 3079 1340 delectationem
3103 1293 3159 1341 et
3189 1295 3391 1341 vanam

160 1375 203 1423 et
223 1371 277 1423 ad
303 1372 600 1424 novitatem
629 1373 933 1424 multorum
964 1376 1095 1425 sunt
1123 1372 1453 1441 excogitata,
1476 1372 1700 1441 repelle.
1788 1373 2150 1443 voluptatem,
2186 1390 2307 1443 quae
2336 1374 2437 1427 tibi
2468 1391 2579 1427 non
2612 1376 2886 1439 convenit,
2921 1376 3085 1445 longe
3116 1394 3149 1430 a
3174 1381 3232 1430 te
3256 1376 3390 1431 faci-

165 1481 181 1506 σ
209 1460 407 1512 Multum
439 1461 591 1513 enim
618 1461 917 1531 proﬁciunt
944 1461 1013 1513 ad
1043 1461 1412 1531 impietatem,
1439 1466 1495 1513 et
1522 1477 1706 1514 sermo
1792 1466 1868 1525 to,
1901 1461 2102 1531 quibus
2129 1463 2215 1515 vel
2256 1464 2494 1516 maxime
2519 1464 2687 1516 rebus
2726 1464 2847 1534 capi
2877 1465 3164 1518 consuevit
3185 1467 3388 1535 juven-

166 1570 183 1597 ρ
211 1565 372 1601 eorum
393 1554 452 1602 ut
470 1565 678 1603 cancer
704 1550 896 1620 serpit,
930 1566 994 1603 ex
1028 1549 1229 1619 quibus
1259 1551 1709 1619 est'Hymenteus
1791 1556 1882 1603 tus
1917 1570 1926 1603 :
1965 1568 1989 1601 «
2026 1551 2250 1604 Sectare
2298 1568 2427 1605 vero
2478 1552 2777 1621 justitiam,
2816 1554 3001 1616 ﬁdem,
3035 1554 3386 1621 charitatem,

164 1656 180 1687 ι
204 1642 248 1691 et
272 1637 512 1692 Philetus
542 1639 637 1709 qui
670 1655 703 1692 a
728 1640 962 1692 veritate
990 1639 1315 1692 exciderunt
1343 1639 1591 1692 dicentes
1621 1656 1710 1691 re-
1777 1655 1818 1686 να
1854 1655 2047 1709 pacem
2077 1656 2203 1693 cum
2234 1640 2319 1693 his
2350 1641 2443 1710 qui
2488 1640 2749 1694 invocant
2784 1640 3086 1695 Dominum
3132 1642 3202 1695 de
3230 1643 3395 1695 corde

159 1741 177 1773 ι
203 1727 578 1781 surrectionem
604 1729 723 1797 jam
757 1728 960 1781 tactam
990 1733 1047 1780 et
1074 1727 1405 1781 subvertunt
1446 1744 1709 1797 quorum-
1731 1711 1774 1768 Β
1797 1746 1822 1779 α
1858 1744 2018 1798 puro.
2054 1748 2081 1780 η
2112 1728 2473 1797 Diligentiam
2504 1730 2705 1783 adhibe
2742 1730 2996 1799 justitize,
3033 1735 3089 1785 et
3116 1746 3240 1785 eam
3272 1736 3394 1801 quae

156 1832 177 1867 ι
195 1814 297 1867 dam
327 1816 514 1868 ﬁdem.
540 1839 560 1863 η
579 1817 714 1869 Vult
733 1817 937 1875 dicere.
972 1816 1084 1870 noli
1116 1834 1318 1871 novum
1351 1817 1559 1887 aliquid
1591 1817 1708 1869 exi-
1792 1818 1849 1870 in
1878 1818 2057 1871 Deum
2083 1822 2168 1870 est
2194 1818 2381 1879 ﬁdem,
2407 1824 2464 1871 et
2498 1819 2849 1881 eharitatem,
2874 1825 2929 1873 et
2959 1836 3151 1890 pacem
3183 1828 3309 1873 cum
3336 1820 3397 1873 il-

154 1904 354 1967 stimare,
388 1912 445 1958 et
470 1902 786 1959 secundum
816 1907 1085 1976 pietatem
1135 1912 1456 1976 provectum
1496 1922 1591 1959 eos
1639 1906 1706 1958 ad

152 2007 349 2061 pmsens
372 1994 585 2047 habere
616 1996 937 2065 prospicias,
974 2013 1038 2048 eo
1072 1996 1215 2066 quod
1250 1996 1410 2049 multi
1460 2013 1554 2048 eos
1585 1995 1711 2048 sub-

151 2090 430 2150 sequantur.
456 2084 547 2135 Ad
588 2084 1015 2137 similitudinem
1045 2090 1231 2138 autem
1263 2084 1538 2154 passionis
1567 2084 1711 2137 sicut

150 2184 307 2222 cancer
347 2172 439 2241 qui
461 2172 612 2225 solet
633 2189 858 2243 serpere
888 2173 943 2226 in
972 2190 1224 2242 gregem,
1244 2174 1411 2227 etiam
1442 2174 1548 2244 ipsi
1562 2173 1715 2247 mul;

148 2260 448 2313 tosﬁdelium
461 2261 586 2315 suis
605 2262 957 2316 sermonibus
978 2263 1292 2316 inescantes
1323 2264 1613 2317 attrahant
1640 2262 1706 2315 ad

152 2346 469 2417 impietatem,
487 2351 641 2403 sicut
665 2351 1003 2422 Hymenaeus
1023 2358 1080 2404 et
1105 2352 1376 2417 Philetus,
1398 2352 1493 2422 qui
1525 2366 1710 2404 veram

147 2436 314 2491 Christi
334 2439 809 2493 resurrectionem
840 2440 1202 2510 abnegantes,
1223 2441 1389 2493 aliam
1412 2441 1713 2511 quamdam

149 2529 579 2582 resurrectionem
603 2530 904 2594 somniant,
923 2546 1095 2599 quam
1124 2535 1179 2583 et
1208 2530 1263 2582 in
1294 2530 1713 2583 succensionem

142 2622 356 2669 constare
384 2633 620 2670 necesse
645 2622 747 2671 est.
780 2619 847 2671 Et
874 2618 985 2671 ista
1025 2619 1095 2672 ad
1124 2619 1561 2671 consolationem
1593 2619 1714 2687 ejus

143 2703 309 2758 dixisse
335 2707 565 2760 videtur
587 2708 904 2776 Apostolus,
938 2724 1003 2761 eo
1049 2709 1193 2777 quod
1241 2707 1399 2761 valde
1430 2707 1718 2760 consuevit

146 2792 301 2847 tristes
330 2795 517 2849 facere
551 2812 666 2861 eos,
682 2797 777 2865 qui
800 2796 869 2849 ad
893 2797 1196 2850 utilitatem
1220 2797 1459 2850 aliorum
1497 2796 1715 2867 prospi-

143 2882 357 2936 ciendam
370 2890 509 2938 sunt
527 2885 847 2949 ordinati,si
862 2886 1133 2955 plurimos
1145 2886 1394 2939 ﬁdelium
1405 2885 1714 2939 viderintin

144 2969 348 3027 deterius
367 2974 789 3045 serpere.Unde
806 2979 862 3027 et
872 2975 1177 3045 persistens
1194 2976 1431 3028 suadere
1448 2976 1588 3041 ei,ut
1603 2990 1713 3027 non

143 3059 345 3115 afflictus
374 3063 575 3116 animo
607 3063 848 3128 deﬁciat,
884 3070 942 3117 et
970 3063 1039 3116 ob
1078 3064 1316 3117 aliorum
1359 3063 1630 3117 malitiam
1660 3064 1715 3116 in

142 3151 391 3218 stuporem
443 3156 721 3213 vertatur,
758 3152 949 3221 adjicit
982 3172 992 3204 :
1028 3170 1053 3203 «
1086 3153 1196 3207 Sed
1236 3154 1463 3205 ﬁrmum
1515 3152 1716 3205 funda.-

146 3252 163 3280 ἀ
192 3245 421 3293 mentum
446 3241 559 3294 Dei
597 3246 727 3306 stat,
748 3240 959 3294 habens
989 3241 1338 3311 signaculum
1354 3241 1477 3304 hoc,
1512 3258 1718 3310 cogno-

148 3340 168 3370 ε
190 3326 254 3379 vit
273 3327 549 3382 Dominus
588 3330 682 3399 qui
718 3337 849 3383 sunt
879 3332 1017 3399 ejus.
1053 3349 1075 3380 ι
1112 3331 1257 3395 Haec,
1290 3330 1494 3400 inquit,
1523 3335 1580 3383 te
1608 3330 1719 3383 duo

141 3417 487 3477 consolentur,
526 3419 776 3488 primum
803 3419 1329 3489 quidem,quoniam
1360 3419 1599 3472 aliorum
1631 3435 1719 3471 se-

143 3501 297 3557 ductio
329 3524 439 3560 non
492 3509 834 3561 exterminat
879 3525 1067 3561 rerum
1115 3508 1428 3573 veritatem,
1476 3508 1720 3561 secundo

143 3594 373 3659 quoniam
387 3613 527 3650 suos
541 3598 639 3665 qui
661 3597 777 3650 veri
792 3603 925 3651 sunt
954 3598 1075 3667 ejus
1108 3597 1241 3649 olim
1272 3597 1531 3665 cognovit
1548 3598 1715 3650 Deus.

146 3679 308 3751 Itaque
362 3702 459 3739 eos
517 3703 662 3757 quos
710 3703 857 3739 nunc
888 3686 1156 3757 perspicis
1187 3686 1394 3749 seduci,
1426 3686 1527 3739 hos
1572 3686 1722 3739 Deus

141 3770 252 3824 olim
276 3774 554 3844 reprobos
586 3791 705 3828 esse
742 3775 986 3839 sciebat;
1020 3774 1161 3828 nihil
1186 3792 1337 3844 ergo,
1373 3775 1452 3837 ﬁt,
1493 3791 1718 3839 novum,

143 3860 265 3913 utin
294 3868 592 3933 stuporem
622 3864 985 3929 vertaris,sed
1010 3864 1146 3916 illud
1178 3867 1260 3927 ﬁt,
1278 3863 1423 3932 quod
1456 3863 1587 3916 olim
1608 3864 1731 3917 ﬁeri

142 3946 325 4004 sciebat
352 3952 546 4017 Deus;
584 3968 712 4005 nam
764 3955 923 4023 cujus
960 3954 1039 4006 rei
1090 3967 1281 4006 curam
1330 3952 1534 4005 habere
1564 3951 1731 4005 debe-

149 4051 250 4089 mus
280 4040 536 4095 instituit
581 4042 769 4094 dicens
803 4061 813 4093 :
852 4062 875 4089 u'
912 4042 980 4095 Et
1043 4041 1255 4095 disceat
1304 4039 1373 4094 ab
1432 4040 1731 4110 iniquitate

149 4138 171 4175 α
194 4130 363 4182 omnis
390 4131 489 4201 qui
518 4130 994 4184 nominatnomen
1014 4130 1259 4184 Domini.
1286 4151 1306 4179 ιν
1324 4128 1731 4199 Uthujusmodi

150 4212 376 4272 homines
390 4219 698 4273 discedant
709 4219 779 4272 ab
790 4220 941 4273 omni
955 4220 1263 4290 impietate.
1282 4219 1349 4272 Et
1360 4218 1491 4288 quia
1504 4219 1605 4271 hoc
1617 4234 1734 4271 mo-

147 4301 205 4355 do
215 4308 451 4376 Optimos
478 4308 784 4378 magistros
809 4308 1019 4361 sciebat
1033 4307 1192 4361 valde
1204 4308 1272 4361 de
1284 4307 1369 4359 his
1388 4306 1583 4376 afﬂigi.
1602 4323 1735 4376 qua-

146 4391 201 4445 lis
215 4400 329 4448 erat
349 4402 408 4450 et
430 4397 643 4450 beatus
656 4397 1002 4463 Timotheus,
1022 4413 1085 4449 ea
1116 4396 1350 4461 ratione,
1368 4396 1501 4465 quia
1529 4395 1735 4450 multos

147 4495 199 4533 ex
225 4484 335 4537 suis
363 4487 607 4540 videbat
636 4486 693 4539 in
717 4486 965 4540 deterius
998 4485 1334 4556 prorupisse,
1354 4486 1457 4538 hac
1481 4485 1548 4538 de
1569 4501 1738 4539 causa

145 4571 327 4641 adjecit
341 4582 400 4629 et
413 4572 595 4629 aliam
614 4577 663 4629 ei
692 4576 1148 4641 consolationem,
1167 4580 1231 4628 ut
1265 4573 1370 4627 ait:
1393 4592 1417 4626 α
1437 4575 1501 4627 In
1534 4590 1739 4644 magna

149 4674 170 4707 ε
188 4659 343 4715 domo
368 4682 483 4717 non
506 4670 640 4718 sunt
660 4664 779 4719 sola
794 4682 921 4719 vasa
943 4680 1117 4718 aurea
1144 4668 1199 4717 et
1234 4668 1518 4733 argentea,
1543 4664 1639 4716 sed
1676 4669 1734 4716 et

149 4768 167 4791 ε
195 4750 370 4820 lignea
400 4758 463 4808 et
490 4754 707 4819 ﬁctilia,
741 4759 797 4808 et
825 4754 1079 4825 quaedam
1121 4752 1345 4823 quidem
1390 4757 1523 4806 sunt
1550 4752 1609 4805 in
1630 4751 1731 4805 ho—

150 4856 169 4915 έ
196 4855 403 4905 norem,
423 4842 543 4896 alia
572 4858 702 4896 vero
722 4844 779 4897 in
800 4842 1219 4897 contumeliam.
1247 4862 1271 4893 »
1289 4842 1509 4911 Magna,
1525 4840 1729 4911 inquit,

146 4924 323 4985 domus
340 4938 430 4985 est
452 4932 702 4986 Ecclesia
723 4946 787 4986 ex
827 4932 1019 4987 multis
1041 4931 1349 4985 consistens
1377 4930 1693 4984 hominibus
1718 4950 1729 4995 ;

150 5033 353 5074 necesse
382 5028 475 5075 est
502 5038 637 5091 ergo
658 5037 769 5075 non
790 5038 983 5075 omnes
1012 5020 1089 5074 ibi
1120 5037 1241 5074 esse
1266 5036 1471 5089 zequos.
1504 5021 1649 5072 Nam
1679 5024 1736 5073 et

148 5104 194 5159 in
218 5125 425 5180 magna
456 5110 629 5163 domo
659 5126 769 5163 non
796 5118 1031 5181 pessunt
1056 5110 1244 5163 omnia
1260 5124 1391 5161 vasa
1417 5108 1621 5161 similia
1652 5124 1737 5162 re-

150 5198 318 5265 periri,
351 5200 494 5253 licet
524 5199 597 5252 sit
625 5200 822 5253 domus
848 5199 1005 5253 valde
1035 5214 1258 5269 magna,
1273 5196 1369 5251 sed
1401 5198 1547 5250 inter
1567 5213 1739 5251 aurea

148 5290 194 5338 et
216 5295 493 5357 argentea
522 5302 649 5341 vasa
680 5288 1091 5358 perspiciuntur
1120 5294 1177 5341 et
1200 5286 1404 5356 lignea,
1438 5291 1494 5339 et
1526 5286 1735 5353 ﬁctilia,

149 5382 195 5424 et
218 5376 326 5429 alia
354 5376 593 5446 quidem
633 5376 809 5430 multa
840 5377 1009 5446 digna
1037 5380 1169 5429 sunt
1196 5376 1426 5439 honore,
1471 5374 1583 5427 alia
1608 5390 1738 5427 vero

148 5472 265 5518 sunt
289 5465 764 5535 contemptibilia,
795 5470 849 5519 et
896 5465 965 5519 ad
1009 5471 1225 5519 certum
1256 5480 1420 5519 usum
1450 5463 1689 5517 discreta
1723 5480 1733 5514 :

146 5549 339 5609 deinde
367 5554 518 5625 quia
540 5554 811 5610 naturalis
858 5560 982 5610 erat
1030 5558 1288 5610 vasorum
1329 5552 1546 5621 divisio,
1576 5552 1642 5605 ut
1670 5568 1741 5605 ne

1794 1907 1861 1959 lis
1891 1906 1985 1976 qui
2011 1906 2135 1959 vita:
2164 1907 2461 1961 virtutibus
2489 1908 2734 1961 student.
2753 1908 2976 1977 Optime
2997 1909 3066 1962 de
3082 1909 3169 1962 his
3182 1909 3391 1974 dicens,

1794 1995 2012 2059 suadet,
2031 1996 2163 2049 utin
2188 1995 2390 2065 quibus
2420 1996 2629 2049 diceret
2656 2000 2713 2049 et
2738 1996 3000 2066 possibile
3029 2001 3178 2051 esset
3196 2014 3392 2068 pacem

1794 2100 2015 2138 servare
2063 2084 2369 2138 adnitatur.
2399 2102 2424 2137 (ε
2449 2085 2663 2138 Stultas
2692 2091 2880 2139 autem
2911 2090 2968 2138 et
2998 2086 3118 2139 sine
3149 2085 3397 2155 discipli-

1796 2191 1823 2226 ‹‹
1850 2191 1922 2227 na
1949 2174 2284 2244 qumstiones
2315 2174 2711 2237 devita,sciens
2727 2175 2859 2245 quia
2885 2180 3162 2244 generant
3190 2175 3335 2227 lites.
3365 2184 3391 2226 δ

1796 2262 2008 2316 Stultas
2038 2268 2095 2316 et
2124 2263 2373 2316 indoctas
2401 2263 2613 2317 vocavit
2644 2263 2978 2333 quaestiones
3009 2278 3133 2333 qua:
3180 2279 3293 2316 non
3322 2261 3392 2315 ob

1795 2352 2039 2422 aliquam
2069 2352 2211 2405 ﬁunt
2240 2351 2560 2404 utilitatem.
2594 2350 3057 2422 Declina,inquit,
3075 2351 3144 2405 ab
3175 2352 3283 2405 illis
3298 2351 3393 2421 qui

1796 2439 2046 2493 absolute
2081 2440 2210 2493 solis
2236 2440 2635 2509 quiestionibus
2665 2457 2890 2511 operam
2924 2457 3083 2494 suam
3103 2440 3397 2511 splendere

1795 2528 2044 2599 cupiunt.
2078 2529 2229 2582 Rixae
2277 2534 2465 2582 autem
2500 2545 2564 2582 ex
2594 2529 2679 2582 his
2723 2530 3123 2593 adnascuntur,
3157 2544 3397 2599 quorum

1797 2634 1897 2670 nec
1927 2622 2077 2670 recta
2108 2624 2193 2671 est
2223 2617 2460 2671 intentio
2486 2637 2496 2683 ;
2544 2623 2595 2671 et
2641 2618 2773 2687 quia
2813 2635 2902 2671 res
2932 2619 3039 2672 ista
3068 2634 3169 2671 nec
3198 2632 3397 2671 conve-

1798 2707 1934 2768 niat,
1968 2724 2071 2760 nec
2117 2708 2312 2760 deceat
2357 2718 2486 2759 eum
2531 2706 2795 2759 ostendit.
2832 2725 2857 2757 «
2910 2708 3161 2773 Servum,
3194 2707 3396 2777 inquit,

1803 2815 1828 2847 «
1864 2796 2087 2849 Domini
2118 2812 2229 2848 non
2259 2800 2481 2866 oportet
2503 2795 2745 2865 litigare.
2786 2816 2808 2845 »
2842 2795 3054 2849 Deinde
3079 2801 3135 2849 et
3167 2795 3394 2849 modum

1797 2884 1877 2937 illi
1910 2900 2188 2954 exponens
2222 2884 2500 2954 quomodo
2541 2883 2741 2937 debeat
2786 2883 3053 2938 doctrinae
3082 2884 3395 2947 intendere,

1798 2974 1878 3026 ait
1909 2991 1919 3025 :
1950 2994 1974 3023 «
2011 2973 2119 3027 Sed
2150 2973 2463 3026 modestum
2483 2990 2602 3026 esse
2632 2974 2702 3027 ad
2729 2990 2944 3037 omnes,
2964 2972 3403 3035 docibilem,non

1802 3080 1827 3111 «
1861 3062 2186 3131 litigiosum,
2217 3078 2341 3114 cum
2375 3061 2647 3115 modestia
2681 3053 2972 3115 docentem
3004 3078 3097 3116 eos
3124 3062 3219 3132 qui
3242 3062 3404 3115 resis-

1805 3171 1829 3201 «
1860 3154 1990 3205 tunt
2010 3150 2248 3204 veritati.
2276 3170 2301 3203 »
2336 3151 2406 3204 Et
2432 3150 2733 3205 utilitatem
2763 3151 2940 3221 ipsius
2968 3151 3047 3204 rei
3069 3151 3399 3218 ostendens;

1802 3242 1858 3293 et
1887 3244 2096 3310 quanto
2126 3239 2325 3293 melius
2354 3239 2430 3292 sit
2456 3239 2534 3292 sic
2561 3240 2760 3293 docere
2790 3240 3132 3298 resistentes,
3167 3238 3360 3309 adjicit
3388 3257 3399 3292 :

1807 3348 1830 3379 «
1863 3329 1947 3382 Ne
1976 3328 2198 3398 quando
2223 3328 2317 3381 det
2347 3328 2427 3381 eis
2454 3328 2604 3381 Deus
2631 3328 3020 3398 pcenitentiam
3058 3329 3128 3381 ad
3159 3328 3402 3398 agnitio-

1807 3435 1832 3468 «
1864 3433 1993 3470 nem
2021 3417 2290 3482 veritatis,
2325 3421 2381 3469 et
2427 3416 2760 3487 resipiscant
2787 3432 2822 3469 a
2852 3416 3059 3470 diaboli
3101 3417 3335 3487 laqueis,
3372 3430 3406 3470 a

1808 3525 1831 3557 ί
1858 3523 1967 3576 quo
1997 3506 2197 3576 captivi
2226 3510 2494 3559 tenentur
2521 3505 2591 3558 ab
2616 3521 2680 3559 eo
2710 3506 2768 3558 in
2792 3507 2912 3575 ejus
2934 3505 3241 3558 voluntate.
3280 3524 3304 3555 »
3328 3505 3406 3557 Ex

1804 3595 2161 3649 contentione
2190 3601 2377 3648 autem
2426 3593 2634 3664 placari
2678 3593 3011 3648 adversariis
3062 3580 3408 3663 impossibile

1805 3689 1908 3745 est,
1941 3683 2195 3737 doctrina
2223 3699 2351 3735 vero
2380 3681 2813 3735 mansuetudine
2854 3681 3089 3752 probata
3126 3697 3273 3752 saepe
3301 3682 3408 3735 scit

1804 3774 2057 3835 suadere,
2077 3778 2134 3825 et
2154 3771 2419 3825 duritiam
2443 3770 2615 3824 animi
2639 3770 2874 3824 mollire.
2901 3771 3185 3840 Praeparat
3214 3770 3406 3837 etiam,

1812 3862 1878 3912 ut
1906 3863 1961 3910 et
1990 3857 2059 3910 ad
2088 3856 2378 3909 veritatem
2408 3855 2719 3925 perspicere
2751 3853 2982 3925 possint,
3008 3854 3356 3907 discedentes
3376 3870 3410 3906 a

1814 3941 2268 4013 praesumptione,
2302 3956 2335 3992 a
2364 3954 2475 4009 qua
2515 3945 2571 3992 et
2619 3938 2926 4009 anticipati,
2961 3937 3119 4008 quasi
3167 3937 3409 4008 quodam

1815 4027 2013 4096 laqueo
2034 4024 2306 4077 diabolico
2326 4022 2611 4077 constricti
2626 4028 2908 4085 tenentur,
2926 4026 3274 4093 protractum
3292 4021 3412 4092 qui-

1758 4122 1761 4125 ‘
1814 4113 1941 4165 dem
1956 4110 2011 4163 in
2030 4109 2714 4173 deterius,correctionem
2727 4125 2857 4161 vero
2887 4107 2945 4161 in
2975 4107 3176 4161 melius
3197 4107 3410 4160 nullam

1814 4196 2061 4248 volentes
2087 4193 2387 4264 suscipere.
2413 4192 2624 4247 Deinde
2653 4197 2707 4245 et
2736 4192 3053 4246 futurorum
3088 4191 3145 4244 in
3175 4190 3412 4244 novissi-

1816 4279 1923 4331 mis
1944 4277 2290 4347 temporibus
2319 4275 2592 4331 memoria
2616 4276 2938 4329 consolatur
2964 4274 3191 4328 beatum
3220 4273 3411 4327 Timo-

1749 4345 1797 4402 D
1816 4363 2028 4425 theum,
2049 4345 2112 4414 ut
2140 4377 2251 4415 non
2267 4360 2455 4413 animo
2477 4358 2700 4412 deﬁciat
2721 4375 2822 4428 pro
2845 4357 3188 4428 pravissimis
3202 4361 3415 4426 tempo-

1816 4448 1973 4502 ribus
1995 4452 2051 4500 et
2081 4444 2421 4509 hominibus,
2440 4444 2587 4497 sicut
2596 4442 2853 4512 sequitur
2871 4441 2929 4494 in
2942 4440 3194 4510 subjecto
3206 4439 3407 4509 capite.

2434 4532 2667 4586 CAPUT
2695 4531 2794 4584 III.
3330 4592 3331 4595 η

1820 4611 2045 4675 Propter
2093 4609 2367 4674 falsorum
2416 4603 2843 4675 medicatorum
2893 4600 3413 4675 multiplicatione”:

1885 4672 2144 4731 hortatur
2172 4678 2486 4744 Apostolum
2513 4675 2586 4726 ad
2610 4672 3049 4741 prada’candmn,
3078 4672 3413 4739 penita-mue

1885 4751 1957 4803 ad
1989 4748 2325 4801 Timotheum
2362 4747 2592 4797 monitio
2625 4746 2687 4796 de
2714 4744 2997 4809 ﬁrmitate.

1889 4854 1914 4887 «
1947 4836 2064 4889 Hoc
2092 4839 2281 4887 autem
2310 4847 2578 4901 cognosce
2599 4829 2863 4900 quoniam
2883 4828 2939 4882 in
2968 4829 3413 4884 novissimisdie—

1819 4943 1844 4977 (ι
1875 4924 1978 4977 bus
2011 4923 2300 4976 instabunt
2337 4927 2595 4990 tempora
2643 4918 2986 4989 periculosa;
3016 4918 3255 4985 (Ambr.)
3290 4933 3416 4971 con-

1816 5014 1997 5068 suevit
2038 5028 2284 5081 namque
2330 5010 2672 5063 deteriorum
2704 5008 2978 5062 memoria
3004 5008 3291 5062 consolare
3321 5021 3416 5059 eos

1819 5104 1913 5174 qui
1936 5104 1994 5156 in
2025 5101 2276 5154 moribus
2292 5100 2455 5154 malis
2476 5104 2633 5165 sunt;
2667 5104 2724 5152 et
2753 5115 2876 5168 quae
2909 5098 3023 5151 sint
3044 5104 3298 5166 tempora
3315 5110 3415 5164 pe-

1820 5193 2060 5246 riculosa
2090 5190 2408 5254 ostendens,
2426 5187 2637 5258 adjicit.
2657 5206 2681 5238 (‹
2704 5189 2898 5251 Erunt,
2933 5186 3134 5255 inquit,
3162 5183 3417 5236 homines

1822 5282 2032 5351 seipsos
2061 5284 2333 5333 amantes.
2360 5298 2381 5328 »
2399 5277 2603 5330 Omnia
2636 5277 2703 5329 ad
2729 5288 2887 5329 suam
2907 5274 3173 5328 facientes
3201 5272 3417 5326 utilita-

1821 5373 1936 5425 tem
1965 5370 2051 5423 vel
2080 5384 2180 5440 pro
2201 5367 2525 5421 defectione.
2545 5385 2569 5417 «
2591 5364 2789 5435 Cupidi
2818 5363 3245 5433 pecuniarum.»
3276 5362 3420 5425 Quia

1822 5466 1878 5513 et
1905 5459 2153 5513 studium
2179 5472 2344 5511 omne
2365 5455 2685 5526 expendunt
2706 5453 2764 5505 in
2786 5451 3112 5521 colligendis
3139 5450 3411 5522 pecuniis.

1826 5560 1855 5602 cr
1878 5548 2039 5603 Elati.
2059 5546 2509 5618 tQuijactantse
2540 5541 2864 5598 iﬁahsbere
2895 5550 3019 5613 quas
3044 5548 3159 5599 non
3185 5538 3419 5596 habuit.
