3866 6158
523 285 627 341 647

1115 283 1178 338 Β.
1220 281 1492 338 RABANI
1530 278 1763 337 MAURI
1798 280 2136 336 ARCHIEP.
2176 280 2500 337 MOGUNT.
2542 280 2842 337 OPERUM
2877 279 3060 336 PARS
3095 281 3189 336 III.

3615 287 3696 344 648

529 428 554 462 ι
588 407 844 481 Superbi.
871 425 896 459 ι
911 407 1019 472 Qui
1039 423 1249 479 magna
1261 405 1492 478 sapiunt
1506 423 1606 478 pro
1633 405 1766 474 illis,
1799 421 1922 478 qua;
1950 405 2124 460 habe-
2139 409 2324 470 Atum
2353 405 2657 475 distantes;
2681 411 2739 462 et
2747 405 2880 478 quia
2900 406 3040 461 tales
3054 412 3211 461 erunt
3234 405 3308 462 illi
3333 407 3418 480 qui
3436 413 3554 464 tunc
3569 418 3700 467 erunt

527 517 587 554 re
615 498 890 552 videntur.
915 516 940 547 ι
957 496 1299 568 Blasphemi.
1323 515 1347 548 ι
1367 494 1729 566 Derogationi
1759 495 2049 550 studentes
2068 499 2126 550 et

525 604 748 643 omnem
763 602 956 641 curam
968 601 1104 656 erga
1112 585 1534 657 derogationem
1547 583 1836 639 habentes.
1859 602 1886 638 α
1910 585 2123 639 Paren-

523 676 673 731 tibus
701 692 816 730 non
842 674 1186 729 obedientes.
1225 694 1251 728 ››
1285 673 1524 729 Evidens
1563 679 1650 728 est
1691 674 1839 745 quod
1879 673 2075 744 adjicit
2105 691 2118 726 :

526 782 554 820 ι
585 765 818 836 Ingrati.
854 783 878 815 ι
913 764 998 818 Ad
1028 780 1142 830 eos,
1177 763 1273 834 qui
1311 763 1453 818 bene
1485 761 1592 817 sibi
1636 762 1861 830 faciant,
1901 779 2034 816 nam
2064 762 2124 816 in

521 859 683 926 parte
713 869 1013 926 pravorum
1043 853 1204 924 ponit
1231 853 1402 906 etiam
1437 869 1533 906 eos
1571 851 1666 922 qui
1694 851 1963 906 beneﬁcio
1987 856 2126 906 sunt

520 943 814 1010 sublevati,
832 943 878 997 si
903 959 1018 996 non
1031 941 1244 1012 gratias
1256 947 1429 1011 agant
1453 940 1564 994 illis
1587 940 1684 1012 qui
1713 939 1983 994 beneﬁcia
1999 957 2127 994 con-

521 1033 776 1087 tulerunt
803 1049 832 1084 ‹
865 1031 1114 1097 Scelesti,
1153 1050 1176 1082 ι
1211 1030 1336 1084 illos
1366 1029 1504 1084 dicit
1522 1029 1618 1100 qui
1642 1029 1878 1100 justitiaa
1904 1029 2124 1084 nullum

519 1120 792 1177 adhibent
818 1110 1190 1191 diligentiam.
1229 1137 1256 1172 ι
1277 1117 1408 1173 Sine
1439 1119 1659 1184 affectu,
1690 1117 1857 1172 aillos
1876 1117 2013 1172 dicit
2025 1117 2123 1190 qui

518 1211 736 1266 nullam
792 1225 926 1280 erga
964 1224 1306 1280 quemquam
1359 1208 1620 1262 allectum
1677 1207 1872 1278 volunt
1917 1206 2124 1262 habere

519 1305 740 1372 sponte.
763 1316 790 1351 α
825 1298 1250 1354 Criminatores.
1272 1315 1301 1350 in
1332 1297 1440 1361 Qui
1467 1297 1706 1351 istorum
1725 1295 1980 1350 verbaad
1997 1297 2126 1351 illos

518 1395 578 1443 et
597 1388 838 1442 aliorum
866 1387 938 1442 ad
968 1387 1106 1441 istos
1148 1386 1419 1452 referunt,
1432 1391 1498 1440 ut
1524 1385 1652 1440 illos
1681 1385 1828 1439 inter
1847 1401 1942 1439 eos
1970 1401 2125 1439 com-

517 1481 799 1532 moveant.
834 1497 857 1528 ι
894 1475 1332 1541 Incontinentes,
1369 1493 1392 1526 ι
1421 1475 1548 1528 illos
1578 1474 1732 1540 dicit,
1765 1475 1862 1546 qui
1904 1459 1971 1528 in.
1994 1491 2125 1546 pas-

517 1565 769 1621 sionibus
794 1564 1132 1619 inﬁrmiores
1160 1569 1310 1619 sunt.
1329 1582 1356 1617 α
1375 1563 1647 1623 Immites.
1671 1583 1696 1615 »
1717 1569 1775 1618 et
1809 1563 1934 1618 illos
1964 1568 2126 1635 putat

519 1655 617 1726 qui
647 1655 858 1709 nullius
884 1653 1017 1708 boni
1035 1652 1387 1723 diligentiam
1407 1649 1604 1707 volunt
1629 1651 1856 1706 habere.
1876 1671 1899 1702 ι
1921 1653 2128 1722 ‘Ingra-

2205 496 2275 550 de
2305 495 2509 567 quibus
2529 495 2581 551 ei
2602 513 2814 550 sermo:
2842 515 2864 545 ‹
2891 495 2963 550 Et
2982 495 3101 560 hos,
3133 493 3320 566 inquit,
3355 497 3531 565 devita,
3559 516 3612 553 ex
3632 499 3700 554 his

2208 602 2236 637 α
2267 590 2457 639 autem
2489 589 2624 639 sunt
2661 583 2757 655 qui
2784 589 3084 656 penetrant
3105 584 3287 639 domos
3309 591 3362 640 et
3391 585 3601 656 captivas
3628 587 3703 642 du-

2209 692 2233 724 «
2263 678 2399 728 cunt
2418 673 2796 740 mulierculas,
2816 679 3076 728 oneratas
3101 673 3344 744 peccatis,
3358 690 3468 745 quae
3480 674 3706 731 ducuntur

2209 780 2240 814 α
2267 762 2438 816 variis
2465 761 2760 817 desideriis
2785 778 3007 834 semper
3027 762 3362 816 discenteset
3386 779 3631 834 nunquam
3653 765 3706 820 ad

2210 869 2234 902 ι
2268 851 2562 906 scientiam
2589 849 2842 906 veritatis
2868 851 3262 922 pervenientes.
3298 870 3323 905 ι»
3349 842 3523 922 Itaque
3546 851 3707 906 talibus

2207 939 2556 996 exstantibus
2583 939 2713 1008 illis,
2729 939 2825 1012 qui
2846 940 2906 994 in
2925 939 3232 994 novissimis
3245 945 3398 994 erunt
3412 938 3596 1006 diebus,
3610 957 3710 1012 quo-

2205 1045 2333 1084 rum
2361 1029 2420 1083 in
2446 1029 2688 1100 aenigma
2732 1029 2828 1082 isti
2870 1033 3021 1095 sunt,
3053 1028 3321 1083 declinare
3353 1027 3418 1082 ab
3452 1029 3522 1082 eis
3554 1044 3635 1100 pro
3655 1029 3711 1083 vi-

2205 1117 2354 1173 rium
2371 1123 2602 1173 tuarum
2620 1117 2990 1189 possibilitate
3009 1117 3266 1180 accelera,
3283 1116 3374 1188 qui
3389 1133 3482 1172 sua
3497 1117 3712 1188 pravitate

2204 1205 2266 1261 in
2292 1207 2487 1262 domos
2515 1223 2640 1262 sese
2687 1207 2928 1261 aliorum
2975 1206 3326 1278 immergunt,
3358 1211 3418 1261 ut
3449 1205 3712 1260 seducentes

2205 1295 2424 1367 aliquas
2450 1296 2510 1350 in
2525 1295 2772 1350 deterius
2790 1296 3100 1363 attrahant,
3119 1311 3228 1350 non
3248 1295 3365 1349 illas
3383 1295 3612 1350 mulieres
3623 1310 3716 1366 qua

2204 1401 2333 1438 vere
2362 1391 2493 1440 sunt
2514 1385 2638 1456 piae,
2671 1391 2729 1439 et
2755 1383 2968 1451 fideles,
2999 1385 3104 1440 hoc
3131 1384 3276 1438 enim
3299 1383 3413 1438 ﬁeri
3439 1381 3715 1454 impossibile

2206 1479 2312 1539 est,
2342 1475 2440 1528 sed
2471 1474 2596 1528 illas
2625 1489 2748 1544 quae
2767 1474 3118 1528 aestimantur
3140 1490 3258 1528 esse
3286 1478 3472 1527 nostra:
3500 1490 3511 1524 :
3542 1471 3716 1542 repleta

2205 1568 2341 1618 sunt
2366 1579 2494 1617 vero
2525 1563 2677 1617 omni
2705 1562 2998 1634 pravitate,
3023 1568 3083 1618 et
3099 1579 3135 1616 a
3153 1561 3306 1617 nobis
3319 1561 3524 1633 quidem
3547 1575 3718 1631 semper

2206 1650 2430 1706 discunt
2455 1651 2571 1717 illa,
2621 1669 2747 1722 qua:
2794 1668 2962 1723 agere
2996 1650 3340 1723 oportebant,
3363 1651 3599 1721 juvamen
3619 1664 3718 1702 vero

518 1744 584 1810 ti,
620 1761 646 1796 ι
681 1743 776 1815 qui
805 1759 918 1797 non
937 1741 1179 1795 libenter
1199 1741 1476 1796 bonorum
1505 1741 1692 1796 studia
1721 1746 2121 1812 exsequuntur.
2139 1755 2188 1815 Β
2206 1741 2426 1795 nullum
2460 1757 2526 1794 ex
2555 1740 2812 1796 doctrina
2839 1747 3034 1795 nostra
3051 1740 3323 1812 recipiunt
3348 1744 3554 1811 propter
3587 1735 3722 1809 pravi-

520 1850 548 1886 α
578 1831 919 1887 Proditores.
959 1851 988 1884 ι
1043 1831 1118 1886 Ut
1163 1829 1312 1884 dicat
1356 1829 1686 1884 amicorum.
1723 1847 1752 1880 α
1780 1829 2052 1896 Protervi,
2088 1848 2114 1881 ι

517 1921 700 1993 parati
729 1921 801 1975 ad
846 1920 1080 1974 malum.
1115 1937 1144 1973 ι
1175 1918 1382 1982 Inﬂati,
1416 1937 1444 1972 ι
1477 1917 1744 1990 quoniam
1791 1934 2002 1989 magna
2028 1935 2122 1973 sa-

515 2010 680 2082 piunt
706 2009 768 2064 in
805 2009 913 2076 his,
945 2025 1070 2080 quae
1112 2007 1218 2062 sibi
1248 2007 1481 2062 minime
1513 2007 1738 2062 adsunt.
1787 2007 1887 2062 Est
1929 2012 2119 2062 autem

515 2099 834 2154 differentia
863 2098 1014 2152 inter
1025 2099 1238 2152 elatum
1278 2105 1336 2151 et
1353 2097 1634 2162 inflatum,
1649 2096 1917 2167 quoniam
1956 2096 2124 2150 inﬂa-

516 2195 609 2244 tus
637 2188 707 2242 ab
727 2187 962 2242 arbitrio
991 2186 1340 2257 designatur,
1359 2185 1544 2240 elatus
1569 2200 1700 2239 vero
1732 2183 1902 2256 quiin
1917 2201 2126 2239 sermo-

516 2276 680 2332 nibus
701 2292 760 2331 se
783 2276 1000 2346 jactare
1028 2273 1334 2329 consuevit.
1371 2290 1396 2324 ι
1427 2273 1724 2327 Amatores
1771 2272 2124 2343 voluptatum

522 2382 552 2419 ι
583 2364 783 2436 magis,
817 2379 987 2434 quam
1012 2362 1134 2417 Dei.
1158 2380 1186 2414 ι
1219 2361 1327 2426 Qui
1354 2361 1668 2432 voluptates
1684 2359 1880 2432 pietati
1905 2361 2124 2432 praeba-

523 2453 807 2508 norandas
827 2467 948 2506 esse
969 2450 1309 2506 existimant.
1330 2449 1460 2504 Haec
1479 2454 1671 2504 autem
1699 2465 1813 2504 non
1831 2449 1900 2503 de
1919 2448 2124 2503 exteris

519 2541 677 2607 dicit,
714 2540 814 2595 sed
847 2541 917 2594 de
961 2537 1282 2593 domesticis
1312 2537 1588 2605 Ecclesiae,
1621 2537 1718 2608 qui
1746 2538 1886 2591 tales
1935 2542 2119 2592 erunt.

521 2631 667 2684 Nam
697 2635 754 2683 et
781 2629 852 2682 ab
879 2627 1042 2682 initio
1073 2644 1257 2681 sermo
1285 2625 1378 2680 ille
1423 2626 1494 2680 de
1541 2625 1750 2680 talibus
1777 2625 1901 2692 fuit,
1937 2626 2032 2698 qui
2063 2626 2123 2682 in

519 2717 770 2773 deterius
797 2717 982 2771 solent
1004 2732 1250 2788 serpere,
1267 2732 1333 2768 ex
1363 2715 1462 2770 illo
1481 2715 1600 2769 loco
1630 2732 1741 2786 quo
1761 2715 1936 2770 dixit:
1965 2733 1994 2769 ι
2013 2717 2126 2771 Me-

524 2825 554 2860 α
588 2823 712 2861 mor
739 2811 858 2861 esto
887 2806 914 2860 J
921 2822 1081 2860 esum
1123 2803 1412 2859 Christum
1455 2804 1826 2858 resurrexisse
1854 2821 1920 2860 ex
1969 2821 2122 2860 mor-

525 2913 555 2950 e
585 2896 719 2962 tuis,
747 2915 770 2946 ι
791 2895 853 2949 in
881 2892 1266 2948 exhortatione
1293 2907 1362 2947 ea
1389 2909 1501 2963 qua
1527 2893 1825 2947 consilium
1855 2893 1996 2948 dans
2015 2893 2124 2965 ipsi

521 2985 836 3052 Timotheo,
870 2981 1218 3038 adversarios
1259 2997 1500 3052 arguere
1549 2986 1636 3036 est
1661 2982 1910 3049 adnisus,
1942 2983 2038 3053 qui
2067 2988 2125 3038 et

2203 1834 2382 1883 tatem
2409 1829 2682 1901 propositi
2713 1835 2772 1883 et
2788 1829 2988 1884 arbitri
3015 1829 3123 1896 sui,
3155 1827 3286 1901 quia
3313 1828 3410 1882 hac
3431 1827 3510 1882 vel
3533 1825 3721 1880 maxime

2204 1917 2274 1972 de
2303 1935 2472 1973 causa
2501 1918 2802 1973 intendunt
2819 1919 2962 1990 illis,
2983 1935 3048 1972 eo
3079 1917 3226 1990 quod
3253 1915 3413 1984 verba
3447 1931 3615 1971 eorum
3635 1913 3722 1968 suis

2203 2005 2549 2078 perspiciunt
2613 1988 2966 2063 concurrere‘
3013 1988 3320 2061 desideriis.
3365 2005 3578 2060 Terrens
3626 2017 3724 2056 vero

2205 2112 2337 2150 eum
2365 2095 2640 2150 memoria
2666 2096 3007 2162 futurorum,
3039 2095 3357 2151 consolatur
3381 2093 3536 2149 etiam
3569 2109 3623 2146 ex
3644 2089 3725 2144 illis

2205 2201 2330 2256 quae
2356 2191 2524 2239 antea
2547 2186 2670 2256 jam
2695 2185 2844 2240 facta
2868 2185 3115 2240 fuerunt.
3145 2203 3173 2238 οι
3199 2178 3726 2249 Quemadmodum,in—

2213 2292 2237 2326 ε
2271 2274 2413 2346 quit,
2445 2275 2674 2328 Jamnes
2704 2280 2761 2329 et
2804 2273 3085 2329 Mambres
3133 2273 3456 2328 restiterunt
3478 2268 3648 2342 Moysi,
3671 2266 3729 2321 sic

2207 2380 2236 2416 α
2267 2368 2325 2416 et
2353 2361 2410 2416 hi
2438 2361 2710 2417 resistunt
2735 2363 2975 2428 veritati,
3011 2362 3268 2418 homines
3297 2357 3527 2431 corrupti
3566 2361 3726 2420 mente,

2210 2469 2238 2505 ι
2267 2450 2492 2522 reprobi
2517 2468 2654 2522 erga
2681 2452 2869 2506 ﬁdem.
2903 2471 2927 2505 ι
2952 2453 3169 2507 Memor
3195 2458 3331 2518 esto,
3365 2447 3547 2520 inquit,
3569 2459 3730 2517 eaque

2205 2541 2511 2594 secundum
2539 2541 2790 2613 Moysem
2816 2541 2954 2595 olim
2974 2540 3125 2595 facta
3155 2541 3396 2606 fuerunt,
3425 2537 3506 2594 cui
3545 2530 3730 2590 maleﬁci

2205 2629 2310 2683 viri
2340 2629 2690 2684 restiterunt.
2722 2631 2919 2701 Itaque
2958 2631 3117 2686 nulla
3155 2627 3510 2684 demiratione
3549 2623 3731 2694 dignum

2205 2724 2310 2786 est,
2341 2718 2388 2772 si
2412 2724 2471 2774 et
2498 2735 2647 2773 nunc
2675 2719 2933 2774 homines
2961 2718 3213 2790 corrupti
3241 2721 3424 2772 mente
3447 2711 3640 2769 veritati
3665 2726 3730 2763 re-

2205 2807 2425 2874 sistant,
2459 2813 2516 2862 et
2543 2807 2677 2879 quia
2723 2807 2967 2880 quadam
3021 2808 3242 2862 ratione
3295 2807 3354 2860 hi
3381 2804 3472 2877 qui
3510 2797 3731 2874 ejusmodi

2203 2901 2355 2963 sunt,
2388 2896 2630 2950 maxime
2668 2897 2728 2950 in
2754 2896 3030 2968 principio
3059 2897 3232 2951 ﬁdem
3266 2893 3574 2950 simulantes
3595 2890 3731 2944 latere

2203 2985 2398 3039 multis
2415 2984 2694 3052 videntur,
2711 2985 2806 3056 qui
2824 2986 2910 3039 vel
2922 2986 3117 3058 quales
3138 2986 3268 3040 sint.
3288 3005 3311 3036 ι
3331 2982 3434 3040 Sed
3443 2996 3546 3037 non
3559 2992 3732 3051 promo-

522 3075 730 3128 multos
749 3090 816 3128 ex
834 3072 946 3126 illis
966 3071 1062 3143 qui
1077 3070 1334 3127 Ecclesiae
1355 3076 1489 3125 sunt
1499 3069 1821 3125 subvertere
1835 3071 2115 3139 nituntur,
2141 3071 2186 3132 C
2205 3091 2233 3126 α
2261 3072 2486 3138 vebunt,
2520 3073 2723 3145 inquit,
2752 3073 3013 3146 amplius,
3046 3072 3372 3146 insipientia
3395 3075 3566 3126 autem
3582 3079 3732 3122 eorum

521 3179 622 3235 pro
634 3162 838 3234 quibus
847 3178 978 3216 eum
994 3160 1133 3215 etad
1155 3159 1386 3231 plenum
1411 3159 1732 3214 consolatur
1759 3167 1824 3214 ut
1842 3177 1956 3215 non
1981 3178 2116 3231 gra-

519 3251 660 3305 viter
681 3250 843 3304 valde
867 3249 1030 3315 ferat,
1046 3249 1144 3303 sed
1162 3247 1422 3302 intendat
1439 3247 1666 3318 quidem
1687 3264 1788 3302 suo
1825 3248 2000 3319 o'peri,
2034 3265 2118 3304 se-

516 3346 717 3410 greget
741 3355 872 3393 vero
899 3355 959 3393 se
979 3338 1050 3391 ad
1069 3337 1298 3408 plenum
1319 3353 1354 3389 a
1382 3336 1568 3407 pravis
1597 3336 1937 3391 hominibus.
1956 3337 2116 3392 Unde

519 3433 578 3484 et
613 3444 762 3483 nunc
789 3426 951 3499 quasi
978 3425 1075 3498 qui
1091 3425 1160 3480 de
1176 3424 1383 3479 talibus
1403 3424 1569 3492 dicat,
1585 3441 1708 3496 quae
1737 3431 1870 3480 sunt
1887 3426 2115 3497 quidem

518 3517 820 3589 aliquando
849 3516 910 3570 in
937 3513 1250 3570 novissimis
1278 3512 1476 3568 diebus
1511 3513 1598 3568 vel
1622 3514 1986 3584 temporibus,
2019 3515 2115 3586 qui

517 3606 622 3661 sub
654 3605 838 3678 specie
865 3603 1302 3660 domesticorum
1329 3603 1510 3657 acturi
1552 3607 1685 3657 sunt
1725 3603 1824 3657 illa
1850 3620 1973 3674 quae
2001 3619 2114 3659 non

520 3701 743 3768 oportet
771 3693 912 3749 ﬁeri.
933 3693 1136 3762 (Greg.)
1183 3693 1262 3746 Ex
1288 3691 1395 3746 hoc
1420 3691 1586 3745 corde
1613 3691 1719 3745 hoc
1743 3691 1996 3762 gignitur
2018 3707 2115 3746 su-

517 3784 840 3856 perborum,
854 3782 951 3854 qui
970 3781 1079 3838 nisi
1093 3781 1272 3836 Deum
1281 3797 1346 3835 su
1351 3779 1654 3852 perbiendo
1672 3785 2113 3849 contemnerent,

418 3933 427 3938 _
520 3889 877 3946 nequaquam
896 3876 984 3926 tot
1005 3869 1220 3925 lubrica
1239 3869 1578 3923 lasciviendo
1599 3874 1980 3940 penetrarent,
1995 3869 2115 3940 qui-

515 3963 620 4018 bus
646 3961 918 4016 nimirum
947 3959 1135 4014 herbis
1164 3957 1476 4012 Bebemoth
1510 3957 1774 4029 pascitur,
1809 3959 1906 4030 qui
1943 3959 2003 4014 in
2033 3958 2113 4014 eis

515 4067 741 4124 poenam
751 4055 972 4105 εἰει-ηερ
1003 4047 1202 4102 mortis
1230 4046 1483 4101 esuriens
1512 4063 1707 4101 eorum
1727 4047 1962 4118 perditis
1989 4064 2112 4102 mo-

513 4139 670 4194 ribus
690 4138 948 4203 satiatur,
962 4133 1188 4208 superbi
1204 4134 1356 4189 enim
1374 4134 1544 4205 hujus
1561 4135 1751 4190 saeculi
1771 4142 1830 4190 et
1858 4136 1906 4190 si
1937 4153 2112 4208 quan-

513 4229 586 4284 do
616 4233 837 4282 eterna
861 4223 1294 4296 dispensationis
1312 4222 1508 4278 ordine
1526 4224 1814 4295 praepediti
1834 4225 1906 4280 ad
1922 4226 2110 4297 exple-

513 4317 669 4373 tione
697 4330 998 4388 pravorum
1025 4329 1260 4385 operum
1275 4317 1515 4380 cessant,
1529 4329 1702 4384 prava
1719 4319 1910 4369 tamen
1936 4314 1998 4368 in
2025 4331 2112 4370 co-

2200 3179 2230 3216 ι
2259 3161 2558 3219 manifesta
2575 3161 2854 3229 erit,sicut
2868 3169 2926 3218 et
2943 3163 3172 3218 illorum
3183 3163 3307 3218 fuit.
3333 3181 3362 3214 ι
3377 3162 3494 3215 Non
3519 3157 3734 3230 poterunt

2197 3250 2382 3304 denuo
2392 3268 2452 3306 se
2463 3251 2743 3306 occultare
2761 3252 3082 3323 quicunque
3101 3257 3240 3307 sunt
3251 3251 3352 3306 illi.
3364 3247 3653 3305 Manifestos
3663 3257 3734 3296 all-

2197 3342 2312 3394 tem
2331 3339 2497 3395 faciet
2523 3358 2618 3396 eos
2647 3346 2870 3412 tempus
2893 3341 3056 3396 sicuti
3077 3347 3139 3396 et
3165 3341 3388 3396 illorum
3415 3331 3732 3408 insipientiam

2187 3422 2555 3484 manifestam
2575 3429 2722 3496 fecit,
2739 3435 2796 3484 et
2807 3435 3062 3504 tempore
3071 3428 3451 3501 subsequenti.
3464 3427 3610 3488 Nam,
3621 3417 3733 3492 quod

2193 3515 2545 3588 interrogant
2599 3518 2848 3590 quidam,
2897 3519 3048 3574 unde
3107 3519 3297 3591 potuit
3340 3517 3527 3572 beatus
3572 3507 3733 3566 Paulus

2196 3622 2532 3676 cognoscere
2560 3607 2792 3662 nomina
2819 3607 3066 3675 illorum,
3097 3608 3196 3680 qui
3235 3606 3552 3662 restiterunt
3577 3594 3733 3669 Moysi,

2197 3695 2390 3750 multae
2415 3695 2668 3750 stultitiae
2691 3696 2924 3768 dignum
2955 3703 3059 3752 est.
3079 3697 3403 3752 Ridiculum
3421 3690 3610 3748 etenim
3631 3688 3731 3741 est:

2197 3783 2446 3856 Moysem
2461 3785 2709 3856 quidem,
2724 3790 2885 3840 tanta
2899 3790 3031 3840 ante
3043 3802 3106 3840 se
3118 3786 3271 3840 facta
3279 3785 3524 3839 videatur
3547 3774 3738 3845 edixisse

2194 3871 2310 3940 illa,
2327 3889 2450 3944 quae
2480 3874 2674 3928 multis
2701 3879 2866 3929 erant
2887 3874 3123 3939 incerta,
3157 3871 3456 3930 memorari
3474 3869 3624 3926 etiam
3645 3870 3737 3917 ωι-

2192 3966 2382 4016 torum
2405 3979 2545 4034 quos
2573 3979 2740 4017 nemo
2763 3969 2901 4018 tunc
2927 3963 3070 4018 scire
3101 3969 3330 4034 poterat
3359 3981 3371 4016 :
3401 3959 3618 4016 Paulum
3638 3965 3736 4006 vero

2193 4049 2461 4105 demirari
2475 4051 2524 4106 si
2541 4051 2782 4106 duorum
2797 4052 3091 4108 hominum
3112 4052 3371 4118 nominat
3399 4049 3491 4122 qui
3517 4049 3631 4102 ante
3651 4040 3737 4094 fue-

2191 4145 2340 4207 rant,
2355 4140 2594 4195 valuerit
2619 4140 2824 4195 dicere.
2843 4141 2990 4195 Nam
3010 4147 3068 4195 et
3095 4141 3407 4196 secundum
3433 4131 3737 4192 traditionem

2191 4228 2556 4299 antiquorum
2571 4227 2682 4284 ista
2693 4228 2854 4284 illum
2869 4229 3013 4284 scire
3029 4229 3175 4285 nihil
3203 4229 3332 4285 novi
3347 4227 3468 4283 fuit.
3489 4221 3616 4282 Illud
3638 4231 3736 4272 vero

2190 4321 2389 4371 notatu
2420 4316 2656 4388 dignum
2679 4323 2785 4383 est,
2807 4319 2958 4390 quod
2981 4318 3207 4374 videtur
3234 4319 3384 4390 apud
3415 4315 3605 4370 multas
3627 4319 3738 4380 que-

514 4405 788 4480 gitatione
807 4402 1200 4474 multiplicant,
1225 4401 1392 4456 modo
1420 4405 1484 4455 ut
1509 4417 1569 4456 se
1595 4402 1938 4473 potentiores
1956 4391 2176 4458 caete-1)
2193 4404 2434 4460 stionem
2480 4423 2724 4473 movere,
2775 4407 3255 4478 quemadmodum
3300 4407 3360 4462 in
3411 4395 3738 4477 superioribus

511 4496 592 4551 ris
620 4494 786 4551 rebus
813 4498 872 4548 et
897 4489 1204 4546 honoribus
1221 4489 1540 4557 ostendant,
1571 4491 1738 4546 modo
1767 4497 1832 4546 ut
1856 4492 2113 4547 eamdem

513 4601 676 4640 suam
703 4583 1013 4656 potentiam
1032 4581 1091 4635 in
1115 4579 1303 4634 studio
1317 4578 1512 4635 alienae
1531 4579 1774 4634 laesionis
1794 4585 2108 4648 exerceant,

513 4673 680 4728 modo
704 4678 771 4726 ut
797 4669 1026 4726 lubricis
1053 4667 1298 4723 motibus
1325 4668 1481 4723 ducti
1526 4685 1628 4740 per
1669 4667 1818 4723 facta
1863 4686 1923 4724 se
1967 4669 2114 4724 levia

511 4761 934 4833 voluptatesque
963 4758 1288 4825 dissolvant,
1332 4756 1429 4828 qui
1457 4757 1592 4812 dum
1636 4757 1804 4812 rebus
1846 4757 2112 4814 divinitus

511 4848 754 4921 acceptis
773 4863 1128 4918 nequaquam
1157 4852 1330 4913 recta,
1359 4845 1456 4901 sed
1485 4863 1656 4917 prava
1693 4863 1918 4918 semper
1944 4863 2112 4918 agere

515 4937 784 5010 cogitant,
817 4936 952 5008 quid
996 4935 1150 4990 aliud
1176 4935 1390 4990 faciunt
1418 4934 1528 4990 nisi
1552 4935 1669 4990 suis
1695 4942 1891 4990 contra
1915 4936 2110 4991 Domi-

511 5045 650 5085 num
667 5026 830 5084 donis
853 5030 1107 5097 pugnant
1143 5042 1154 5078 :
1208 5025 1340 5096 quia
1366 5023 1544 5095 igitur
1581 5024 1886 5079 Bebemoth
1915 5025 2022 5080 iste
2050 5024 2110 5080 in

513 5117 883 5190 superborum
910 5113 1192 5169 mentibus
1213 5129 1318 5168 sua
1343 5128 1568 5186 semper
1591 5129 1694 5184 per
1717 5113 1999 5168 desideria
2026 5131 2112 5169 re-

514 5205 814 5280 cognoscit,
837 5203 996 5276 quasi
1027 5201 1231 5258 herbas
1263 5202 1320 5256 in
1348 5201 1632 5258 montibus
1659 5202 1889 5270 invenit,
1904 5202 2109 5274 quibus

511 5295 784 5352 refectum
811 5310 928 5350 suae
955 5291 1185 5347 malitiae
1203 5295 1457 5347 ventrem
1487 5291 1687 5346 tendit.
1707 5291 1867 5347 Unde
1896 5291 2109 5363 optime

512 5383 706 5454 adjicit
735 5402 746 5436 :
781 5402 805 5434 ι
838 5381 1120 5436 Habentes
1146 5380 1384 5434 formam
1413 5380 1656 5452 pietatis,
1697 5381 1963 5436 virtutem
2006 5398 2109 5436 au-

515 5491 543 5526 α
576 5477 693 5526 tem
711 5472 834 5543 ejus
857 5470 1220 5541 abnegantes.
1250 5468 1528 5540 1(Ambr.)
1553 5469 1622 5524 Et
1631 5469 1962 5525 simulantes
1981 5470 2107 5542 qui-

487 5561 643 5618 .dem
667 5577 729 5617 se
750 5565 946 5616 tenere
973 5558 1262 5632 pietatem,
1294 5574 1330 5612 a
1364 5558 1591 5629 negotio
1634 5574 1764 5614 vero
1807 5558 1928 5632 ipso
1958 5559 2105 5615 mul-

2193 4492 2415 4561 dixerit,
2476 4511 2504 4547 α
2555 4495 2799 4550 multum
2842 4496 3159 4568 proﬁciant,
3196 4520 3219 4546 ιι
3247 4497 3354 4551 hoc
3405 4509 3528 4549 vero
3570 4489 3621 4543 in
3644 4485 3736 4540 1000

2193 4581 2352 4649 dixit,
2388 4600 2416 4636 α
2445 4583 2545 4638 sed
2572 4600 2688 4638 non
2722 4585 3017 4656 proﬁcient
3058 4585 3325 4658 amplius.
3360 4604 3388 4639 »
3418 4581 3555 4639 Dicit
3586 4579 3739 4632 autem

2191 4669 2303 4725 ista
2329 4687 2442 4726 non
2469 4675 2779 4728 secundum
2825 4691 3028 4728 vanam
3056 4691 3187 4729 eam
3217 4674 3460 4746 denique
3489 4668 3738 4724 rationem,

2191 4758 2306 4814 illic
2325 4759 2476 4815 enim
2521 4760 2676 4829 dicit,
2727 4762 3038 4834 proﬁcient,
3071 4763 3142 4818 de
3173 4763 3286 4818 illis
3331 4762 3533 4828 dicens,
3563 4753 3646 4828 qui
3671 4765 3741 4804 se-

2193 4855 2464 4920 quuntur,
2482 4855 2540 4905 et
2561 4851 2711 4922 quod
2731 4868 3022 4923 nunquam
3041 4853 3294 4924 poterint
3320 4852 3549 4907 deﬁcere
3571 4844 3639 4908 hi,
3666 4834 3739 4910 qui

2191 4938 2499 4994 secundum
2527 4939 2680 4994 dicta
2707 4956 2903 4995 eorum
2930 4940 3166 4996 faciunt.
3201 4941 3415 5013 Adjicit
3433 4935 3668 5006 denique,
3682 4925 3744 4982 di-

2191 5042 2322 5081 cens
2353 5046 2366 5081 :
2403 5047 2426 5079 ι
2453 5033 2513 5082 et
2539 5045 2725 5084 sermo
2781 5046 2978 5084 eorum
3028 5036 3094 5084 ut
3147 5046 3352 5086 cancer
3388 5025 3586 5098 serpit:
3613 5038 3636 5072 ι
3660 5017 3741 5070 hoc

2189 5131 2320 5171 vero
2348 5115 2409 5170 in
2437 5116 2557 5172 loco
2584 5117 2734 5190 apud
2760 5134 2856 5174 eos
2885 5118 2982 5191 qui
3026 5119 3338 5191 depravare
3384 5112 3649 5172 sufﬁciunt
3667 5119 3741 5158 π’

2189 5203 2436 5272 ritatem,
2454 5205 2594 5260 dixit
2619 5222 2733 5261 non
2774 5207 3046 5278 proiicere
3085 5224 3200 5275 eos,
3233 5207 3370 5280 quia
3412 5206 3472 5260 in
3511 5191 3742 5276 ΡτίηοίΡίο

2189 5292 2512 5366 frequenter
2541 5295 2706 5350 multi
2743 5295 3003 5350 homines
3031 5313 3104 5351 ne
3157 5296 3272 5352 illis
3303 5294 3622 5353 nescientes,
3648 5295 3744 5356 890‘

2191 5381 2335 5438 ciem
2351 5399 2548 5438 eorum
2559 5400 2626 5438 ac
2635 5385 2861 5438 schema
2869 5385 3050 5440 solum
3065 5391 3398 5457 agnoscunt,
3430 5399 3523 5454 qm
3532 5384 3744 5445 ιθωΡοτθ

2189 5472 2437 5526 currenti
2468 5473 2780 5527 necessario
2799 5473 3128 5544 dogmatum
3140 5490 3343 5528 eorum
3369 5465 3742 5528 subversionellI

2185 5567 2583 5634 cognoscentes
2624 5561 2832 5618 habere
2878 5562 2937 5618 in
2987 5563 3075 5618 his
3127 5567 3434 5636 poterunt;
3463 5555 3602 5631 quod
3634 5561 3742 5618 οτεο
