3866 6158
237 256 324 310 649
596 251 1171 308 ENARRATIONUM
1207 253 1285 308 IN
1324 253 1478 307 EPP.
1519 253 1734 308 PAULI
1773 253 1909 308 LIB.
1950 254 2144 308 XXIV.
2191 285 2254 294 —
2297 255 2374 308 IN
2413 255 2636 310 EPIST.
2679 257 2730 310 II
2767 257 2864 311 AD
2905 258 3054 312 TIM.
3366 262 3470 318 650

235 380 373 442 dixit,
390 396 412 428 ι
439 393 543 431 non
554 377 862 447 proﬁcient,
882 396 907 429 ››
914 377 1226 443 secundum
1239 376 1378 431 illud
1390 377 1704 448 dixit,quod
1715 395 1799 431 er-
1810 383 1858 437 Α
1877 377 2182 431 sacerdotis
2194 377 2441 448 pertinet
2459 378 2812 451 disciplinam
2821 379 3229 452 interrogatum
3246 401 3472 458 respon-

234 483 504 522 roreorum
523 467 696 520 latere
717 466 892 536 possit
906 467 978 520 ad
993 473 1234 536 tempus,
1271 466 1417 520 unde
1450 472 1508 519 et
1539 467 1747 537 adjecit
1779 485 1789 519 :
1875 466 2008 520 dere
2037 466 2105 520 de
2135 467 2275 536 lege,
2311 466 2407 538 qui
2435 467 2483 520 si
2514 467 2893 538 ignorantiam
2921 470 2980 523 in
3009 471 3224 526 caeteris
3239 472 3473 544 diligen-

237 581 258 608 ε
284 554 592 626 lnsipientia
613 555 764 609 enim
785 572 978 609 eorum
1007 555 1305 608 manifesta
1318 555 1443 609 erit.
1477 575 1502 606 »
1535 557 1644 609 Per
1670 572 1793 609 om-
1873 560 2008 620 tem,
2042 555 2100 609 in
2129 555 2434 626 Scripturis
2465 557 2673 611 sanctis
2710 557 3028 613 obtenderit
3066 561 3465 631 negligentem,

234 645 312 698 nia
329 661 452 714 ergo
465 643 573 696 ista
591 645 909 698 consolatus
919 649 1006 696 est
1017 644 1375 698 Timotheum
1383 649 1452 706 _ut
1474 661 1545 698 ne
1556 643 1794 699 nimium
1874 643 2084 698 frustra
2100 645 2280 714 jactat
2305 645 2658 716 dignitatem,
2690 647 2852 716 cujus
2879 665 3052 718 opera
3089 665 3202 703 non
3224 650 3466 706 exhibet.

233 729 548 803 aﬂligeretur
575 749 678 803 pro
705 733 815 786 illis
843 733 940 802 qui
970 733 1025 786 in
1071 733 1320 786 deterius
1367 738 1603 804 serpunt
1634 751 1644 785 :
1678 733 1795 787 suis
1877 733 1994 786 Hoc
2021 739 2124 799 est,
2161 734 2310 803 quod
2341 735 2625 804 apostolus
2645 735 2852 789 Paulus
2870 736 3065 791 scribit
3085 738 3155 790 ad
3173 738 3382 806 Titum,
3409 745 3475 794 ut

234 840 340 876 vero
367 821 609 875 consiliis
637 821 838 876 incitat
855 839 984 877 eum
1006 821 1196 876 dicens
1231 841 1242 875 :

293 933 314 961 ε
342 912 418 965 Tu
447 917 638 964 autem
667 916 955 966 assecutus
973 927 1032 964 es
1053 928 1236 965 meam
1256 910 1590 976 doctrinam,
1605 928 1794 965 meum

1877 828 2076 891 potens
2097 821 2172 876 sit
2192 827 2250 876 et
2270 822 2714 878 contradicentes
2735 825 3039 879 revincere.
3087 826 3157 881 Et
3183 827 3254 881 ad
3282 827 3472 883 Timo-

1876 911 2072 964 theum
2102 929 2113 963 :
2151 930 2176 962 «
2212 911 2486 974 Quoniam
2520 911 2590 964 ab
2604 912 2842 967 infantia
2855 931 3043 968 sacras
3064 915 3282 970 litteras
3301 917 3470 984 nosti,

235 1021 254 1050 ει
279 999 606 1066 institutum,
651 999 1019 1070 propositum,
1055 1000 1243 1064 ﬁdem,
1283 999 1791 1068 longanimitatem,
1881 1017 1907 1050 α
1941 1015 2064 1070 quae
2092 1005 2148 1053 te
2178 1005 2413 1070 possunt
2433 1000 2712 1054 instruere
2731 1001 2803 1055 ad
2819 1003 3078 1066 salutem,
3105 1023 3129 1056 ι
3153 1010 3218 1058 ut
3243 1022 3474 1077 peccan-

231 1110 254 1141 ι
280 1090 617 1154 charitatem,
651 1089 936 1160 pietatem,
963 1089 1315 1160 patientiam,
1357 1089 1789 1159 persecutiones,
1875 1093 1962 1142 tes
1987 1104 2177 1142 coram
2207 1087 2469 1142 omnibus
2485 1095 2706 1159 arguat.
2759 1090 2828 1144 Et
2863 1092 2996 1162 quia
3021 1092 3180 1160 dixit,
3227 1112 3253 1145 «
3285 1111 3472 1150 sacras

231 1198 248 1229 a
275 1177 1300 1249 passiones.uSemper,inquit,mecum
1313 1195 1668 1232 commorans
1699 1178 1796 1231 ho-
1884 1195 1910 1227 «
1942 1176 2159 1231 litteras
2187 1193 2310 1248 quae
2322 1181 2377 1231 te
2396 1183 2633 1249 possunt
2650 1178 2949 1245 instruere,
2975 1202 2998 1229 ι
3023 1181 3263 1252 adjecit:
3291 1201 3318 1235 α
3341 1184 3474 1239 Om-

229 1285 332 1322 nun
345 1267 786 1338 experimentum
798 1267 1079 1338 accepisti,
1103 1267 1327 1333 docens,
1361 1267 1550 1338 qualia
1571 1266 1797 1338 quidem
1884 1283 1913 1316 ι(
1941 1265 2028 1319 nis
2049 1265 2614 1336 Scripturadivinitus
2624 1267 2900 1338 inspirata
2914 1268 3069 1323 utilis
3090 1276 3176 1324 est
3188 1271 3261 1326 ad
3270 1272 3472 1328 doctri-

227 1356 465 1428 ipsealics
489 1357 695 1410 docere
723 1372 1139 1422 consueveram,
1172 1356 1647 1427 quemadmodum
1666 1373 1797 1409 vero
1884 1373 1909 1404 «
1943 1370 2095 1416 nam,
2129 1355 2200 1408 ad
2228 1355 2606 1424 argutionem,
2631 1357 2702 1410 ad
2724 1357 3146 1424 correctionem,
3179 1360 3250 1414 ad
3279 1361 3471 1416 erudi-

227 1446 482 1516 meipsum
498 1445 887 1509 instituebam,
918 1446 1004 1498 vel
1017 1445 1256 1516 quiailla
1269 1462 1369 1516 per
1396 1445 1646 1515 singulos
1675 1444 1794 1498 dies
1881 1462 1905 1494 ‹
1941 1443 2175 1508 tionem,
2211 1461 2333 1514 quae
2375 1450 2462 1498 est
2484 1444 2726 1514 justitia,
2771 1450 2836 1499 ut
2872 1445 3150 1516 perfectus
3187 1447 3262 1502 sit
3303 1449 3472 1504 homo

225 1550 364 1603 agere
381 1533 756 1604 properabam
769 1549 905 1602 erga
922 1533 1109 1596 ﬁdem,
1134 1533 1608 1603 quemadmodum
1638 1533 1697 1586 in
1729 1549 1797 1586 ea
1881 1550 1907 1582 «
1940 1532 2061 1598 Dei,
2095 1533 2166 1586 ad
2187 1549 2352 1586 omne
2372 1549 2512 1603 opus
2531 1532 2742 1588 bonum
2756 1539 3007 1604 paratus.
3031 1535 3304 1605 »(Ανηὺν.)
3321 1538 3472 1592 Talis

225 1623 324 1676 sine
337 1623 446 1676 ulla
463 1621 838 1694 persistebam
860 1622 1094 1686 malitia,
1124 1628 1179 1674 et
1207 1621 1443 1692 diligens
1472 1627 1701 1675 cunctos
1739 1627 1797 1675 et
1877 1627 1981 1684 est,
2001 1621 2202 1693 inquit,
2218 1622 2400 1675 omnis
2434 1622 2741 1693 Scriptura,
2775 1639 2898 1694 quae
2929 1640 2964 1677 a
2989 1623 3178 1678 divino
3205 1630 3294 1680 est
3340 1625 3475 1682 data

223 1711 494 1778 sustinens,
531 1717 592 1765 et
619 1711 767 1782 quod
795 1727 922 1764 cum
954 1711 1134 1764 multa
1145 1709 1513 1764 oblectatione
1532 1727 1794 1782 persecu-
1814 1703 1860 1764 B
1879 1710 2112 1780 Spiritu,
2147 1715 2212 1764 ut
2237 1710 2518 1765 sufﬁciens
2548 1711 2623 1766 sit
2651 1711 2842 1766 omnia
2870 1711 3189 1783 prospicere
3215 1713 3468 1782 utilitati,

223 1799 375 1853 tiones
402 1800 550 1865 illas,
578 1817 718 1870 quas
754 1799 895 1853 mihi
933 1798 1236 1852 adversarii
1259 1799 1589 1862 inferebant,
1622 1799 1794 1854 susti-

221 1890 430 1942 nuerim.
446 1890 585 1943 Haec
604 1906 737 1960 ergo
758 1889 1002 1954 imitare,
1020 1893 1078 1942 et
1096 1888 1349 1958 ergaista
1359 1888 1791 1943 sollicitudinem

220 1978 454 2048 expende,
487 1978 705 2032 nullius
735 1977 1008 2031 momenti
1055 1977 1405 2030 adversarios
1446 1994 1567 2032 esse
1599 1977 1790 2032 existi-

222 2083 372 2120 mans.
395 2066 614 2120 Deinde
634 2066 769 2120 dicit
789 2071 847 2120 et
864 2067 1151 2137 passiones
1168 2065 1319 2137 ipsas
1343 2066 1415 2122 ad
1447 2066 1791 2120 exhortatio-

219 2171 328 2207 nem
344 2155 654 2208 Timothei:
677 2173 703 2206 «
727 2155 928 2218 Qualia
936 2154 1074 2208 mihi
1093 2161 1226 2208 sunt
1238 2153 1385 2208 facta
1403 2155 1461 2208 in
1475 2154 1788 2222 Antiochia,

222 2263 244 2293 ι
262 2243 310 2296 in
321 2243 526 2309 Iconia,
542 2243 600 2296 in
615 2243 1051 2315 Lystris,quales
1063 2243 1481 2314 persecutiones
1491 2243 1752 2298 sustinui.
1767 2263 1788 2295 ι)

220 2332 275 2385 Et
301 2333 438 2402 quod
497 2332 684 2403 magis
732 2338 954 2404 poterat
1000 2349 1130 2386 eum
1179 2332 1611 2403 animiquiorem
1661 2349 1796 2402 erga

220 2422 475 2490 passiones
489 2421 821 2475 tolerandos
841 2421 1043 2486 facere,
1057 2421 1263 2491 adjecit
1284 2440 1295 2474 :
1324 2439 1351 2470 α
1365 2421 1433 2476 Et
1443 2437 1508 2474 ex
1539 2421 1798 2475 omnibus

223 2527 242 2558 ι
262 2526 342 2563 me
359 2509 622 2563 liberavit
633 2509 925 2563 Dominus.
957 2531 981 2562 ι)
1006 2511 1132 2564 Non
1152 2509 1398 2579 ignoras,
1417 2509 1798 2580 inquit,etiam

217 2597 266 2651 in
290 2597 514 2652 diversis
545 2597 714 2652 rebus
743 2599 846 2652 Dei
875 2615 1010 2669 erga
1045 2615 1148 2652 nos
1175 2597 1469 2670 probatam
1501 2598 1796 2670 providen-

216 2685 350 2748 tiam,
370 2704 404 2740 a
417 2703 536 2757 qua
557 2702 672 2740 non
692 2685 862 2740 debes
884 2686 1190 2752 discedere,
1223 2686 1270 2740 si
1289 2691 1480 2740 tamen
1505 2686 1565 2740 in
1584 2687 1702 2741 haec
1719 2687 1798 2757 ip—

217 2789 270 2826 sa
291 2775 502 2845 patiens
541 2775 841 2846 persistere
897 2775 1158 2828 volueris.
1199 2792 1226 2827 α
1252 2775 1321 2828 Et
1349 2791 1546 2828 omnes
1575 2775 1670 2846 qui
1709 2792 1799 2829 vo-

221 2879 244 2914 ι
269 2863 381 2917 lunt
407 2864 498 2934 pie
543 2863 729 2918 vivere
759 2864 814 2917 in
838 2861 1062 2918 Christo
1081 2865 1110 2918 J
1116 2880 1234 2928 esu,
1257 2864 1674 2934 persecutiones
1694 2881 1796 2934 pa-

218 2969 237 3001 ι
265 2951 495 3006 tientur:
528 2952 666 3006 mali
697 2958 889 3006 autem
921 2952 1177 3006 homines
1206 2957 1264 3006 et
1291 2952 1615 3006 seductores
1633 2953 1799 3024 proﬁ-

1875 1798 1990 1853 sive
2011 1799 2209 1854 docere
2229 1799 2528 1854 conveniat
2545 1801 2614 1854 de
2653 1801 2762 1854 illis
2792 1817 2915 1872 qua:
2943 1802 3035 1872 agi
3067 1801 3326 1870 debeant,
3359 1803 3475 1858 sive

1875 1893 2170 1958 peccantes
2218 1887 2459 1942 debeant
2505 1889 2687 1958 argui,
2718 1889 2832 1942 sive
2852 1889 3254 1960 paenitentibus
3273 1891 3476 1946 debeat

1873 1976 2068 2030 inferri
2117 1976 2306 2047 aliqua
2350 1977 2638 2041 correctio,
2671 1977 2784 2031 sive
2823 1977 3046 2032 erudire
3090 1985 3350 2050 oporteat
3383 1981 3474 2048 de

1874 2064 1984 2118 illis
2013 2082 2134 2136 quae
2163 2071 2400 2136 possunt
2429 2065 2707 2120 adducere
2734 2065 2992 2120 homines
3031 2067 3102 2121 ad
3139 2068 3423 2138 justitiam
3456 2087 3468 2122 :

1873 2153 1955 2208 ita
1983 2160 2046 2208 ut
2062 2154 2382 2225 quicunque
2403 2171 2462 2208 se
2481 2154 2597 2208 Deo
2612 2153 2852 2208 voluerit
2865 2155 3075 2219 dicare,
3099 2173 3201 2227 per
3221 2156 3472 2228 Scriptu-

1875 2258 2068 2296 rarum
2097 2243 2400 2297 utilitatem
2431 2259 2532 2313 per
2559 2243 2748 2297 omnia
2789 2243 2967 2314 possit
3001 2261 3124 2298 esse
3170 2235 3467 2316 perfectus.

1877 2331 1948 2384 Et
1960 2337 2256 2402 postquam
2273 2331 2342 2384 de
2361 2331 2623 2386 omnibus
2641 2337 2728 2386 cst
2742 2348 2874 2386 eum
2894 2333 3240 2398 exhortatus,
3253 2333 3476 2388 terribi-

1879 2419 1992 2472 lem
2021 2419 2250 2490 cupiens
2283 2436 2445 2474 suam
2471 2420 2653 2474 facere
2683 2421 3150 2486 exhortationem,
3191 2421 3388 2491 adjicit
3414 2421 3472 2476 in

1879 2509 2136 2579 sequenti
2164 2509 2362 2579 capite.

2481 2650 2715 2704 CAPUT
2771 2651 2864 2704 IV.

1878 2776 2134 2828 Przdicit
2145 2773 2431 2843 Apostolus
2457 2791 2509 2826 τη
2519 2776 2979 2842 uttiplicatwnem
3008 2778 3289 2830 malorum
3313 2778 3476 2831 audi-

1953 2850 2156 2908 torum,
2189 2861 2316 2898 cum
2349 2847 2772 2899 denuntiatione
2807 2847 2899 2898 sui
2934 2849 3224 2913 martyrii.
3259 2847 3476 2917 Erpetit

1957 2917 2223 2969 Timothei
2233 2918 2531 2970 adventum
2575 2921 2626 2969 et
2651 2918 2858 2969 amicos
2876 2919 3102 2986 salutat.

216 3058 237 3091 ε
260 3041 462 3095 cientin
477 3041 1033 3106 deterius,errantes,
1051 3041 1178 3094 etin
1189 3056 1436 3095 errorem
1449 3040 1790 3095 mittentes.»
1817 3019 1860 3080 CI
1956 3058 1982 3092 ι
2013 3039 2304 3094 Testiﬁcor
2331 3056 2464 3110 ergo
2493 3055 2596 3109 ego
2627 3039 2684 3094 in
2713 3045 3014 3110 conspectu
3035 3040 3157 3106 Dei,
3175 3045 3234 3096 et
3251 3042 3477 3097 Domini

217 3129 400 3183 lterum
427 3131 540 3184 hoc
571 3130 631 3184 in
661 3130 802 3194 loco,
825 3131 1116 3200 proﬁcere,
1151 3129 1291 3183 dixit
1325 3130 1394 3184 de
1435 3129 1547 3183 illis
1578 3129 1674 3200 qui
1711 3147 1795 3183 se-

214 3216 491 3281 ducuntur,
520 3235 590 3272 eo
610 3218 762 3288 quod
793 3235 1085 3288 nunquam
1104 3217 1342 3272 deﬁcere
1367 3218 1585 3289 possint
1604 3219 1798 3289 hujus-

215 3306 342 3359 modi
355 3308 639 3362 homines.
663 3308 809 3361 Nam
836 3306 969 3360 etin
992 3313 1232 3377 utroque
1262 3307 1582 3378 quicunque
1613 3307 1797 3362 volue-

214 3393 277 3447 rit
294 3395 453 3451 rebus
475 3395 622 3468 ipsis
646 3395 985 3461 examinare,
1017 3395 1262 3450 inveniet
1276 3412 1377 3466 per
1397 3401 1796 3466 omnetempus

217 3484 338 3548 ﬁeri,
368 3502 433 3539 eo
461 3485 620 3557 quod
645 3489 703 3538 et
731 3483 913 3537 omnis
942 3483 1172 3537 haeresis
1211 3483 1491 3554 imprimis
1517 3499 1796 3554 apparens

216 3572 385 3627 multis
415 3576 479 3628 ﬁt
513 3574 576 3626 in
603 3572 1312 3643 suspectionem,arguitur
1349 3588 1479 3626 vero
1518 3577 1790 3643 tempore,

215 3676 269 3713 eo
293 3662 434 3731 quod
481 3662 545 3716 in
592 3661 926 3715 adventione
957 3661 1083 3715 novi
1112 3661 1391 3731 dogmatis
1421 3677 1534 3714 non
1561 3667 1798 3731 possunt

212 3747 376 3803 minus
403 3749 648 3804 inveniri
676 3750 772 3820 qui
802 3749 1162 3804 seducantur.
1191 3768 1216 3802 ε
1255 3750 1339 3804 Tu
1371 3766 1500 3802 vero
1527 3766 1795 3820 permane

217 3857 236 3884 α
265 3838 314 3891 in
343 3839 429 3893 his
455 3856 586 3910 qum
615 3838 862 3892 didicisti
895 3844 952 3892 et
979 3837 1282 3892 credidisti.
1315 3855 1344 3890 ››
1370 3839 1438 3892 Et
1457 3838 1700 3892 suadens
1725 3838 1796 3892 il-

213 3925 313 3980 lum
336 3933 532 3982 tenere
567 3944 630 3982 ac
656 3943 1007 3998 permanere,
1035 3927 1239 3997 adjecit
1276 3944 1288 3980 :
1324 3947 1346 3978 ι
1383 3926 1576 3981 Sciens
1613 3945 1647 3981 a
1685 3944 1794 3998 quo

212 4014 471 4071 didiceris.
509 4036 537 4069 ››
574 4016 868 4070 Sufﬁciens
889 4021 1080 4070 autem
1097 4021 1183 4070 est
1201 4015 1273 4069 ad
1292 4015 1671 4070 hortationem
1688 4017 1796 4070 dis-

215 4103 508 4174 cipulorum
541 4105 800 4176 magistri
831 4105 1097 4176 dignitas.
1129 4104 1342 4159 Deinde
1369 4111 1427 4158 et
1447 4104 1601 4159 aliud
1620 4105 1756 4159 dicit
1781 4123 1792 4157 :

217 4212 236 4242 ε
267 4193 328 4246 Et
345 4212 478 4264 quia
507 4213 542 4249 a
571 4195 813 4265 pueritia
844 4211 1032 4248 sacras
1061 4193 1277 4248 litteras
1305 4193 1570 4248 didicisti.
1599 4215 1620 4245 ι
1654 4195 1798 4249 Nam

215 4287 264 4333 et
287 4281 384 4334 hoc
411 4283 701 4338 sufﬁciens
718 4293 842 4336 erat
871 4282 1154 4336 exhortari
1183 4299 1332 4337 eum.
1357 4281 1581 4337 Rubore
1609 4288 1798 4336 autem

1881 3148 1904 3180 ι
1940 3130 2116 3184 nostri
2144 3130 2278 3184 Jesu
2309 3128 2540 3191 Christi.
2571 3129 2666 3200 qui
2700 3128 3055 3198 judicaturus
3082 3135 3168 3183 est
3209 3129 3363 3185 vivos
3410 3147 3477 3186 ac

1883 3238 1905 3268 ι
1941 3223 2212 3284 mortuos,
2245 3218 2552 3272 secundum
2572 3217 2970 3272 revelationem
2982 3234 3143 3272 suam
3166 3224 3224 3272 et
3235 3235 3476 3290 regnum

1881 3325 1910 3358 ‹‹
1940 3323 2123 3360 suum.
2152 3324 2178 3358 »
2215 3306 2422 3375 (Am.b.)
2447 3307 2565 3360 Hoc
2584 3313 2688 3373 est,
2711 3311 2847 3360 tunc
2867 3323 3061 3360 omnes
3084 3312 3173 3362 est
3187 3308 3476 3378 judicatu-

1879 3410 1974 3448 rus
1994 3395 2217 3466 quando
2229 3395 2554 3465 apparuerit
2566 3395 2876 3449 secundum
2886 3412 3049 3450 suam
3065 3395 3400 3466 dignitatem
3416 3397 3475 3452 in

1878 3499 1991 3553 qua
2019 3483 2290 3538 consistit.
2327 3501 2354 3536 α
2383 3483 2634 3538 Praedica
2660 3482 2910 3550 verbum,
2944 3483 3094 3538 insta
3137 3490 3469 3556 opportune,

1883 3591 1906 3622 ι
1941 3571 2280 3643 importune.
2318 3589 2344 3622 ι
2377 3571 2502 3625 Non
2532 3571 2637 3625 hoc
2664 3571 2820 3638 dicit,
2844 3579 2910 3625 ut
2937 3572 3257 3643 importune
3277 3572 3470 3639 instet,

1877 3676 2008 3713 nam
2026 3659 2865 3731 inopportunum,quodcunque
2879 3665 2965 3713 est
2974 3659 3294 3726 illud,nulla
3305 3660 3477 3716 ratio-

1877 3765 1949 3802 ne
1959 3749 2052 3819 agi
2065 3747 2351 3816 debet,sed
2367 3748 2503 3802 dicit
2513 3747 2731 3802 nullum
2742 3754 2968 3820 tempus
2977 3747 3262 3820 relinquas
3273 3749 3476 3803 doctri-

1878 3854 1984 3902 nae,
2025 3854 2190 3892 omne
2244 3843 2467 3908 tempus
2525 3842 2903 3907 opportunum
2948 3835 3052 3890 tibi
3097 3836 3168 3890 ad
3217 3837 3323 3891 hoc
3352 3853 3474 3892 esse

1877 3926 2180 3981 existimes.
2209 3927 2328 3980 Hoc
2355 3925 2581 3996 quidem
2605 3925 2675 3978 de
2705 3925 2816 3978 illis
2841 3923 2976 3978 dicit
3021 3923 3117 3996 qui
3146 3924 3348 3979 instrui
3374 3925 3474 3980 de-

1877 4015 2013 4070 bent
2042 4035 2053 4069 :
2090 4015 2356 4086 quoniam
2379 4019 2570 4068 autem
2597 4014 2782 4068 evenit
2809 4013 3026 4085 aliquos
3053 4012 3280 4068 desidiae
3307 4029 3478 4068 causa

1878 4121 1991 4159 non
2023 4120 2352 4176 permanere
2382 4103 2442 4157 in
2469 4103 2727 4158 doctrina
2761 4107 2827 4177 εςα
2853 4103 3061 4175 Argue,
3095 4102 3192 4169 ait,
3227 4101 3472 4175 increpa,

1883 4214 1906 4245 ι
1943 4193 2188 4248 obsecra.
2229 4212 2252 4244 ι
2283 4195 2470 4263 Argue
2499 4210 2595 4247 eos
2625 4193 2720 4264 qui
2747 4192 3054 4263 persistunt
3067 4192 3127 4246 in
3139 4197 3388 4263 peccato,
3412 4198 3479 4246 ut
3512 4200 3524 4210 '

1879 4283 2192 4353 intelligere
2229 4281 2444 4353 possint
2476 4297 2643 4336 suum
2663 4287 2947 4352 peccatum
2974 4299 2986 4347 ;
3018 4301 3040 4330 οι
3060 4280 3330 4350 increpa»
3352 4296 3476 4334 sen-

212 4367 424 4438 dignum
456 4371 698 4434 videtur,
737 4377 800 4424 ut
827 4371 874 4424 is
900 4371 996 4442 qui
1019 4388 1052 4424 a
1076 4370 1322 4442 pueritia
1340 4370 1399 4425 in
1425 4371 1585 4426 bonis
1616 4360 1862 4425 fueratD
1879 4371 2132 4436 tientem,
2167 4371 2370 4442 inquit,
2402 4387 2568 4424 suum
2597 4375 2904 4440 peccatum,
2934 4374 2992 4422 et
3016 4367 3119 4422 sub
3147 4368 3476 4423 deﬁnitione

217 4460 499 4525 enutritus,
529 4459 592 4514 in
619 4460 819 4513 ultimo
851 4465 976 4530 post
994 4459 1146 4529 longi
1175 4461 1447 4531 temporis
1476 4459 1798 4514 meditatio-

215 4563 330 4600 nem
355 4549 592 4618 indigna
617 4548 853 4619 incipiat
877 4565 1064 4618 agere.
1103 4549 1248 4602 Nam
1293 4555 1349 4602 et
1379 4548 1560 4618 ipsam
1589 4548 1798 4602 doctri-

215 4650 332 4688 nam
355 4637 663 4691 admodum
685 4636 981 4690 sublimem
1003 4637 1268 4703 ostendit,
1297 4637 1431 4690 dum
1454 4637 1591 4690 dicit
1609 4654 1798 4691 sacras

217 4721 415 4779 litteras
433 4726 655 4779 divinas
674 4743 796 4780 esse
817 4726 1152 4797 Scripturas,
1178 4725 1379 4796 quibus
1405 4726 1559 4780 omni
1579 4726 1797 4780 ratione

216 4813 348 4866 credi
369 4814 650 4868 convenit.
683 4814 844 4869 Unde
873 4820 930 4868 et
958 4815 1228 4884 qualitate
1267 4814 1447 4886 ipsam
1486 4815 1796 4870 doctrinam

215 4903 514 4964 cumnlans,
546 4903 741 4972 adjicit
774 4921 784 4955 :
818 4922 843 4954 (ι
876 4903 1010 4967 Quae
1036 4909 1092 4957 te
1141 4909 1377 4975 possunt
1413 4903 1688 4961 instruere
1728 4903 1798 4958 ad

219 5008 239 5038 ι
269 4991 524 5058 salutem,
560 5009 660 5062 per
689 4992 856 5045 ﬁdem
887 4993 1019 5046 Jesu
1051 4992 1280 5046 Christi.
1309 5013 1334 5045 »
1368 4994 1514 5047 Nam
1535 5000 1593 5047 et
1619 5000 1800 5047 osten-

217 5075 337 5132 dens
366 5080 749 5134 necessarium
779 5097 901 5134 esse
929 5088 994 5134 ut
1023 5087 1251 5135 maneat
1278 5082 1336 5135 in
1355 5082 1613 5138 doctrina
1627 5082 1800 5153 pieta-

215 5165 296 5222 tis.
323 5184 438 5222 una
461 5169 692 5238 quidem
724 5187 790 5222 ex
817 5186 1004 5235 causa,
1028 5186 1093 5223 ex
1107 5171 1499 5240 magnitudine
1531 5171 1792 5225 doctoris.

216 5252 391 5310 Altera
419 5274 551 5310 vero
582 5257 717 5328 quia
750 5264 804 5312 et
825 5257 1118 5329 apueritia
1139 5258 1236 5313 illa
1255 5259 1532 5324 didicerit,
1565 5266 1622 5314 et
1651 5259 1796 5331 quod

217 5341 325 5410 ipsa
341 5345 596 5400 doctrina
614 5347 691 5400 sit
709 5347 918 5413 divina,
951 5353 1009 5402 et
1037 5347 1186 5418 quod
1217 5365 1422 5417 magna
1451 5348 1629 5418 possit
1665 5365 1800 5418 prte-

217 5435 350 5486 stare
381 5433 492 5486 illis
522 5434 614 5505 qui
645 5435 869 5489 Christo
901 5436 1131 5490 credere
1157 5437 1435 5491 voluerint
1464 5437 1598 5491 dum
1645 5437 1800 5490 illam

218 5519 458 5575 salutem'
476 5539 596 5594 quae
619 5539 688 5578 ex
713 5524 828 5579 ﬁde
855 5529 942 5579 est
973 5530 1372 5597 assequuntur.
1404 5526 1682 5595 (llieron.)
1715 5525 1801 5580 Ad

443 5621 706 5687 PATIOL.
743 5624 899 5687 CXII

1881 4459 2193 4525 constitue;
2229 4478 2250 4509 ι
2286 4458 2533 4524 obsecra,
2569 4476 2596 4510 ι
2620 4457 2792 4511 reduc
2823 4456 3029 4510 iterum
3059 4455 3130 4510 ad
3175 4455 3476 4527 antiquum

1881 4553 2090 4602 statum
2122 4553 2247 4617 post
2274 4545 2682 4617 paenitentiam.
2713 4546 2783 4600 Et
2810 4545 3038 4598 modum
3075 4561 3185 4615 quo
3218 4546 3326 4600 hoc
3353 4545 3476 4600 ﬁeri

1880 4635 2172 4690 conveniat
2189 4635 2351 4688 docet
2383 4652 2394 4686 :
2423 4652 2451 4684 ι(
2474 4634 2533 4687 in
2564 4633 2717 4687 omni
2745 4632 3018 4704 patientia
3043 4639 3102 4687 et
3130 4633 3406 4688 doctrina.
3444 4651 3474 4688 ι

1881 4725 2073 4794 Neque
2085 4724 2155 4778 ad
2171 4722 2546 4792 argutionem,
2565 4738 2748 4792 neque
2775 4721 2846 4774 ad
2861 4721 3322 4793 increpationem,
3345 4723 3476 4777 nul-

1877 4815 1934 4866 la
1976 4813 2203 4866 omittas
2249 4811 2318 4864 de
2372 4809 2482 4863 illis
2531 4826 2654 4880 quae
2685 4809 2776 4879 agi
2808 4809 3180 4877 conveniunt;
3241 4817 3298 4865 et
3335 4828 3476 4882 quo-

1881 4903 2034 4957 niam
2064 4899 2355 4955 eveniebat
2382 4899 2602 4969 aliquos
2632 4898 2748 4952 haec
2776 4915 2890 4952 non
2915 4899 3215 4969 suscipere,
3249 4905 3478 4970 propter

1882 5008 2102 5046 morum
2117 5006 2346 5044 suorum
2365 4987 2718 5060 pravitatem,
2751 4986 2957 5040 iterum
2986 4987 3242 5040 meminit
3269 4987 3339 5040 de
3366 4987 3478 5041 illis

1881 5079 2219 5134 hominibus.
2250 5097 2276 5131 ((
2310 5077 2448 5142 Erit,
2489 5075 2692 5147 inquit,
2728 5081 2954 5146 tempus
2985 5091 3110 5128 cum
3152 5090 3348 5128 sanam
3375 5075 3478 5130 do-

1885 5191 1908 5221 ‹
1944 5169 2152 5224 trinam
2172 5184 2284 5222 non
2305 5165 2625 5231 admittent,
2651 5164 2749 5218 sed
2762 5163 3070 5219 secundum
3086 5179 3187 5216 sua
3197 5162 3479 5218 desideria

1882 5277 1909 5310 α
1949 5258 2052 5312 sibi
2077 5257 2213 5330 ipsis
2237 5255 2647 5313 coacervabunt
2673 5253 2780 5308 sibi
2811 5251 3129 5322 magistros,
3162 5251 3478 5322 prurientes

1887 5367 1908 5398 ι
1941 5346 2189 5412 auribus,
2223 5352 2280 5399 et
2313 5362 2348 5398 a
2375 5345 2607 5398 veritate
2633 5342 2864 5414 quidem
2892 5340 3146 5396 auditum
3203 5348 3476 5403 avertent,

1887 5455 1914 5486 «ι
1943 5436 2013 5489 ad
2056 5435 2270 5489 fabulas
2313 5438 2504 5486 autem
2547 5436 2963 5486 convertentur.
3001 5449 3023 5479 ι
3058 5429 3296 5484 Fabulas
3340 5431 3481 5486 dixit

1885 5525 1981 5579 illa
2005 5523 2172 5578 verba
2201 5540 2322 5577 esse
2359 5538 2483 5594 quae
2509 5520 2792 5576 contraria
2821 5526 2954 5576 sunt
2971 5519 3184 5592 pietati.
3217 5520 3481 5574 Necessa-

3153 5620 3226 5678 21
