3866 6158
417 246 513 301 651

930 288 938 292 .
1007 243 1069 296 Β.
1105 241 1376 295 RABANI
1413 238 1646 295 MAURI
1682 235 2019 292 ARCHIEP.
2060 235 2386 291 MOGUNT.
2429 231 2728 290 OPERUM
2765 231 2950 287 PARS
2988 225 3086 286 ῙἸῘ.

3526 235 3612 293 652

413 370 501 424 ria
528 387 656 425 vero
681 371 730 424 ei
763 368 870 422 fuit
889 367 948 420 in
966 366 1226 437 praesenti
1244 364 1470 434 negotio
1485 365 1689 416 horum
1712 361 2004 415 memoria.
2025 362 2077 421 Α
2099 381 2120 412 α
2155 360 2397 415 introibo
2429 361 2500 414 ad
2521 359 2702 425 illum,
2717 363 2772 411 et
2800 354 3030 410 cmnabo
3053 369 3176 407 cum
3199 354 3304 419 illo,
3324 361 3373 409 et
3395 356 3500 426 ipse
3522 373 3617 412 me.

416 459 719 528 Postquam
755 455 902 508 enim
931 454 1256 508 exhortatus
1277 457 1361 506 est
1383 468 1512 505 eum
1541 467 1799 521 arguere,
1827 449 2009 502 incre-

419 563 572 618 pare,
611 553 668 598 et
692 545 1000 607 obsecrare,
1037 559 1107 596 ne
1136 542 1323 596 animo
1354 541 1618 594 deﬁceret
1651 540 1790 610 ipse,
1824 539 1872 592 si
1896 539 2011 591 huic

415 634 712 688 facientem
724 633 956 686 minime
975 632 1148 685 velint
1167 630 1340 701 aliqui
1357 629 1667 694 intendere,
1685 629 1743 682 in
1763 628 2010 682 deterius

416 727 866 793 prorumpentes,
916 721 1042 775 ideo
1094 719 1344 774 insinuat
1397 719 1544 789 quod
1594 719 1794 772 horum
1835 717 2011 770 multo

417 808 722 864 deteriores
741 815 908 865 erunt
925 809 982 863 hi
1014 809 1109 880 qui
1138 809 1197 862 in
1224 807 1436 862 ultimis
1458 811 1624 860 erunt
1643 805 2009 876 temporibus,

417 901 693 970 majorem
704 899 820 954 suis
849 897 1170 953 doctoribus
1185 897 1544 968 providentes
1567 895 1834 950 laborem.
1855 893 2014 948 Unde

421 991 476 1043 et
495 988 704 1059 adjecit
735 1007 746 1042 :

496 1096 519 1128 ε
547 1077 634 1132 Tu
663 1082 855 1131 autem
879 1075 1095 1130 sobrius
1116 1081 1254 1138 esto,
1281 1074 1340 1128 in
1355 1071 1614 1128 omnibus
1625 1071 1840 1138 labora,
1873 1087 2014 1142 opus

422 1179 453 1218 ι(
481 1164 568 1220 fac
595 1165 979 1236 Evangelistae,
1012 1163 1392 1217 ministerium
1422 1169 1586 1216 tuum
1614 1161 1803 1230 imple.
1843 1179 1864 1210 ι
1901 1161 2016 1214 Hoc

420 1260 524 1320 est,
558 1253 604 1308 si
624 1269 735 1308 non
763 1253 1103 1324 adjuventur
1121 1251 1312 1322 aliqui,
1341 1257 1404 1305 tu
1429 1251 1526 1303 illa
1555 1267 1677 1320 qua:
1709 1254 1768 1303 te
1795 1256 2017 1320 oportet

423 1357 610 1412 agere,
641 1359 764 1414 age,
793 1347 850 1396 et
876 1357 1004 1396 cum
1018 1341 1171 1394 omni
1189 1357 1292 1410 age
1311 1338 1707 1404 sollicitudine,
1731 1339 2016 1392 sustinens

419 1447 522 1503 pro
547 1430 846 1502 Evangelio
871 1429 1141 1495 laborem,
1175 1434 1232 1483 et
1259 1427 1398 1482 illud
1427 1427 1574 1499 quod
1604 1427 1674 1480 ad
1697 1433 1752 1480 te
1773 1427 2018 1497 pertinet

419 1519 586 1573 facito
619 1539 630 1572 :
665 1532 766 1590 pro
795 1520 899 1572 hoc
924 1517 1076 1572 enim
1107 1523 1162 1570 et
1189 1517 1468 1571 rationem
1501 1515 1700 1580 reddit,
1751 1531 1864 1568 non
1914 1531 2014 1585 pro

421 1607 662 1661 aliorum
689 1606 941 1660 arbitrio.
977 1607 1126 1661 Bene
1157 1609 1348 1659 autem
1375 1603 1518 1658 dixit
1560 1625 1581 1655 ι
1640 1603 2015 1657 ministerium

427 1713 455 1749 α
474 1701 639 1750 tuum
665 1695 856 1767 imple,
895 1715 916 1745 ι
949 1696 1054 1749 hoc
1075 1700 1162 1749 est
1187 1693 1548 1748 commissum
1575 1692 1680 1746 tibi
1708 1709 1849 1763 opus
1885 1692 2016 1746 dili-

421 1789 622 1854 genter
646 1784 834 1856 imple,
868 1790 1090 1838 maturo
1121 1788 1414 1838 contentus
1445 1797 1613 1853 Opere
1641 1786 1758 1848 tuo,
1801 1781 1933 1834 licet
1967 1781 2018 1835 si

423 1871 539 1939 illa,
559 1889 682 1943 quae
703 1873 1105 1944 discipulorum
1134 1877 1285 1939 sunt,
1319 1871 1551 1924 minime
1569 1886 1901 1928 concurrere
1931 1871 2014 1924 vi-

423 1963 681 2016 deantur.
691 1963 759 2016 Et
767 1962 900 2035 quia
908 1962 1240 2016 testiﬁcatus
1252 1966 1338 2015 est
1347 1961 1418 2014 de
1430 1959 1534 2026 his,
1543 1965 1670 2031 post
1681 1959 2018 2013 exhortatio-

423 2065 554 2103 nem
569 2051 864 2104 ostendere
885 2050 1058 2122 cupit,
1079 2050 1226 2122 quod
1247 2056 1474 2121 tempus
1488 2053 1866 2120 opportunum
1881 2047 1956 2101 sit
1966 2047 2016 2102 ei

423 2154 459 2192 a
487 2139 912 2206 contestatione.
936 2139 1096 2194 Unde
1109 2145 1166 2193 et
1184 2139 1345 2192 dicit:
1373 2157 1395 2190 ι
1428 2138 1542 2208 Ego
1573 2137 1721 2191 enim
1742 2138 1862 2206 jam
1881 2136 2018 2190 deli-

423 2244 450 2280 α
484 2227 604 2295 bor,
621 2235 677 2283 et
703 2235 928 2300 tempus
951 2244 1090 2283 meae
1120 2227 1475 2282 resolutionis
1491 2226 1683 2280 instat.
1718 2244 1746 2278 ι›
1778 2226 2016 2296 PrOpin-

421 2331 566 2388 quus
583 2317 724 2371 mihi
744 2324 832 2372 est
848 2318 1029 2372 exitus
1046 2317 1172 2372 vitae
1191 2316 1482 2388 praesentis
1503 2321 1561 2370 et
1578 2316 1698 2385 jam
1728 2315 1878 2369 ultra
1905 2331 2020 2368 non

420 2405 638 2460 habebo
666 2412 888 2477 tempus
908 2421 1262 2460 commonere
1290 2409 1348 2458 te
1375 2405 1444 2458 de
1473 2405 1562 2458 his
1594 2421 1717 2476 quae
1748 2403 1870 2458 ﬁeri
1891 2420 2018 2457 con-

422 2494 668 2548 veniant.
695 2495 854 2548 Unde
869 2501 928 2548 et
946 2495 1089 2547 hanc
1115 2493 1218 2547 feci
1247 2495 1318 2547 ad
1345 2501 1404 2546 te
1434 2492 1899 2559 exhortationem,
1913 2492 2017 2546 sub

421 2587 567 2635 teste
584 2583 720 2636 Deo.
749 2583 872 2636 Non
899 2581 1153 2638 absolute
1175 2581 1334 2646 dixit,
1365 2581 1598 2648 delibor,
1631 2583 1727 2634 sed
1759 2581 1892 2651 quia
1916 2598 2017 2651 pro

423 2670 630 2726 Christi
641 2671 984 2724 confessione
997 2677 1236 2724 mortem
1247 2676 1370 2722 erat
1379 2669 1682 2733 subiturus,
1693 2669 2018 2723 libationem

424 2757 601 2826 dixit;
633 2775 766 2812 nam
792 2759 988 2812 libatio
1011 2759 1123 2812 vini
1153 2758 1360 2812 dicitur
1388 2758 1606 2824 eli‘usio,
1669 2775 1790 2829 quae
1848 2759 1911 2811 ﬁt
1957 2758 2015 2812 in

424 2845 598 2900 divini
629 2846 859 2902 honoris
891 2847 1224 2919 expiatione.
1263 2866 1285 2899 ι
1322 2847 1540 2900 Bonum
1581 2853 1864 2902 certamen
1893 2864 2016 2900 cer-

425 2955 448 2986 ι
481 2936 614 3002 tavi,
647 2933 1300 3003 cursum’consummavi,
1335 2937 1503 2989 ﬁdem
1539 2937 1770 2990 servavi.
1805 2955 1831 2987 ιι
1887 2937 2014 2990 Non

421 3023 694 3094 plaudens
725 3025 836 3078 ista
863 3024 1016 3091 dicit,
1048 3025 1145 3079 sed
1170 3025 1242 3078 ad
1271 3025 1715 3078 exhortationem
1746 3023 1882 3078 dicit
1914 3025 2010 3078 Ti-

419 3113 631 3166 mothei
664 3131 676 3166 :
709 3114 816 3168 hoc
843 3119 946 3181 est,
961 3113 1270 3168 secundum
1288 3119 1510 3184 tempus
1532 3113 1680 3184 quod
1697 3113 1756 3166 in
1772 3113 1876 3166 hac
1898 3112 2015 3166 vita

420 3200 716 3267 habebam,
749 3202 940 3261 omnia
969 3219 1092 3274 quae
1131 3202 1201 3256 ad
1231 3219 1322 3256 me
1348 3202 1632 3274 pertinere
1680 3201 2014 3256 videbantur

418 3289 740 3362 implebam.
777 3292 968 3360 (Casa)
997 3293 1067 3346 Et
1109 3292 1242 3362 quia
1269 3309 1330 3345 se
1358 3297 1590 3346 noverat
1617 3296 1744 3361 post
1782 3291 2012 3344 odorem

417 3383 837 3450 unguentorum
863 3379 1074 3435 Christi
1101 3380 1330 3452 praepeti
1355 3379 1704 3434 conscientiae
1721 3379 2012 3433 devotione

419 3467 842 3540 infatig‘abiliter
871 3468 1202 3536 cucurrisse,
1239 3474 1296 3523 et
1323 3467 1588 3540 spiritalis
1613 3467 1806 3540 agonis
1831 3474 2012 3522 certa-

416 3571 545 3610 men
570 3556 754 3612 carnis
782 3558 1146 3628 castigatione
1174 3557 1388 3622 vicisse,
1424 3574 1552 3611 cum
1576 3555 1779 3611 ﬁducia
1803 3557 1972 3611 infert
1995 3575 2006 3609 :

419 3662 448 3697 α
479 3645 558 3699 De
582 3651 784 3700 caetero
812 3647 1059 3718 reposita
1087 3651 1172 3700 est
1191 3645 1329 3700 mihi
1349 3661 1556 3700 corona
1563 3645 1816 3715 justitiae,
1843 3635 2012 3716 quam

421 3753 444 3785 α
477 3735 676 3788 reddet
701 3735 838 3788 mihi
876 3735 1147 3790 Dominus
1177 3735 1235 3788 in
1264 3734 1362 3788 illa
1399 3734 1488 3788 die
1521 3736 1708 3804 justus
1752 3724 1943 3804 judex'.
1985 3753 2009 3786 ι

418 3823 620 3894 (Greg.)
652 3823 796 3887 Quia
817 3824 967 3877 enim
987 3829 1184 3878 contra
1205 3824 1351 3877 maia
1371 3822 1724 3878 transeuntia
1742 3823 1811 3876 de
1828 3823 2012 3877 fructu

415 3915 742 3978 certaverat,
773 3910 844 3966 de
871 3911 1151 3966 mansuris
1189 3911 1458 3965 nimirum
1495 3912 1716 3982 gaudiis
1757 3912 1876 3966 sine
1905 3911 2012 3966 du-

417 3999 625 4054 bietate
651 3998 1043 4072 praesumebat.
1083 4000 1278 4069 (.4mb.)
1311 3999 1462 4055 Bene
1487 3999 1720 4072 justiﬁes
1749 4017 2013 4055 coronam

416 4087 633 4163 vocavit
653 4087 828 4154 illam,
859 4103 984 4158 qua:
994 4087 1730 4159 contemplationelaborum
1753 4089 1938 4155 datur,
1955 4095 2012 4144 et

413 4175 634 4246 justum
658 4175 907 4246 judicem
927 4175 1254 4242 nominavit,
1270 4177 1342 4230 ad
1379 4177 1862 4232 conﬁrmationem
1886 4179 2013 4233 illo-

416 4279 546 4318 rum
575 4281 698 4336 quae
723 4263 807 4319 illi
835 4266 1074 4320 aderunt
1099 4282 1202 4336 pro
1228 4264 1436 4333 labore,
1473 4270 1529 4320 et
1551 4267 1851 4321 ostendens
1877 4283 2011 4339 quo-

415 4353 570 4408 niam
597 4369 712 4409 non
741 4353 922 4409 solum
941 4354 1060 4426 ipse
1088 4353 1298 4408 luctam
1311 4355 1408 4426 huj
1418 4356 1636 4410 usmodi
1653 4361 2004 4427 assequatur,

2098 470 2120 500 α
2153 467 2300 516 cum,
2341 451 2518 524 (Apoc.
2545 453 2644 513 ιιι).
2683 469 2705 496 ο
2739 445 2950 516 [Amb.]
2981 445 3170 514 Itaque
3195 445 3506 514 propositum
3528 453 3614 512 est,

2092 539 2292 610 inquit,
2326 545 2383 592 et
2411 538 2510 592 tibi
2541 553 2760 591 coronae
2781 533 3090 606 praemium,
3121 532 3166 586 si
3189 538 3392 586 tantum
3416 533 3620 588 valueris

2093 628 2366 682 laborare.
2402 627 2672 682 Miraculo
2704 641 2834 678 vero
2861 623 3093 692 dignum
3119 626 3200 674 est
3226 621 3362 691 quod
3387 637 3486 676 non
3508 622 3623 675 dixit

2093 717 2202 770 illis
2241 717 2336 788 qui
2361 716 2774 780 laboraverunt,
2805 717 2906 766 aut
2931 710 3079 783 passi
3103 715 3245 776 sunt,
3279 711 3368 764 sed
3411 710 3494 780 qui
3517 710 3622 764 dili-

2092 812 2236 876 gunt
2261 806 2563 859 adventum
2588 805 2730 874 ejus,
2756 819 2821 855 eo
2837 801 2985 872 quod
3006 799 3361 854 certaminum
3384 804 3438 850 et
3452 799 3624 868 passio-

2095 911 2232 949 num
2258 901 2482 965 tempus
2510 909 2622 947 non
2645 907 2868 963 semper
2883 895 2986 956 est,
3015 887 3292 942 charitatis
3305 902 3424 941 vero
3441 893 3626 958 tempus

2095 989 2198 1049 est,
2235 983 2280 1037 si
2313 1000 2380 1038 ea
2407 983 2578 1038 etiam
2607 982 2664 1036 in
2685 987 2939 1052 tempore
2968 978 3119 1049 pacis
3154 981 3312 1048 prout
3335 981 3532 1046 oportet
3553 993 3627 1030 sa-

2095 1075 2278 1127 lutare
2289 1073 2414 1144 quis
2424 1067 2892 1142 deproperaverit,
2901 1069 3113 1123 nullam
3122 1066 3363 1122 fraudem
3373 1077 3630 1135 assequens

2096 1162 2142 1216 si
2197 1165 2420 1232 tempus
2449 1160 2823 1215 certaminum
2871 1157 3101 1212 minime
3130 1155 3376 1211 adfuerit.
3407 1155 3465 1208 In
3508 1153 3630 1208 hisce

2095 1250 2260 1304 dictis
2287 1265 2456 1303 suum
2507 1264 2902 1304 consummatis
2930 1246 3219 1300 consilium
3242 1241 3634 1297 exhortationem

2098 1355 2200 1393 sua
2237 1339 2342 1394 sub
2393 1337 2792 1392 testiﬁcatione
2834 1335 3170 1390 concludens
3198 1331 3464 1394 doctrinae,
3495 1345 3660 1401 quam-

2098 1429 2168 1482 ad
2197 1443 2327 1482 eum
2355 1427 2550 1482 fecisse
2577 1426 2815 1492 videtur,
2851 1423 3043 1479 scribit
3057 1423 3206 1478 ultra
3226 1421 3388 1474 dehis
3407 1419 3566 1483 rebus,
3582 1419 3637 1471 de

2099 1516 2300 1588 quibus
2324 1515 2566 1570 scribere
2599 1532 2728 1570 eum
2757 1515 2901 1568 ratio
2922 1512 3194 1584 exigebat,
3221 1515 3283 1564 ut
3292 1514 3414 1581 pote
3430 1508 3640 1562 adsuum

2098 1606 2452 1677 discipulum,
2487 1610 2545 1658 et
2574 1605 2814 1659 maxime
2841 1602 2947 1656 sibi
2978 1601 3240 1656 dilectum
3272 1615 3331 1651 ε<ι
3361 1596 3563 1652 Festina
3584 1595 3641 1648 ad

2105 1715 2128 1746 ι
2163 1711 2253 1748 me
2273 1695 2462 1749 venire
2490 1694 2620 1747 cito.
2659 1713 2684 1745 ι
2718 1693 2787 1747 Et
2816 1707 3042 1745 causam
3090 1689 3359 1760 explicans
3411 1699 3512 1756 qua
3553 1684 3640 1737 cito

2098 1799 2227 1838 eum
2253 1785 2324 1838 ad
2353 1801 2412 1838 se
2442 1781 2631 1837 venire
2679 1783 2930 1852 jusserat
2959 1799 2970 1832 :
3011 1799 3034 1831 ι
3069 1781 3290 1842 Demas,
3338 1775 3522 1846 inquit,
3570 1788 3642 1825 me

2103 1893 2124 1923 ε
2157 1872 2458 1944 dereliquit
2488 1872 2726 1942 diligens
2767 1885 3011 1942 praesens
3041 1867 3322 1931 saeculum,
3349 1869 3406 1918 et
3447 1861 3567 1916 abiit
3598 1860 3644 1912 in

2101 1979 2128 2013 «
2156 1961 2628 2016 Thessalonicam.
2666 1979 2688 2010 ι
2720 1961 2838 2014 Hoc
2855 1964 2960 2025 est,
2985 1958 3044 2012 in
3064 1957 3310 2011 deterius
3355 1949 3643 2010 versus‘est»

2096 2054 2281 2104 totum
2302 2065 2362 2103 se
2381 2049 2621 2120 negotiis
2642 2047 2936 2120 praesentis
2955 2047 3083 2101 vite
3099 2043 3382 2116 implicans
3397 2059 3407 2092 :
3423 2041 3516 2093 hoc
3525 2037 3648 2092 enim

2098 2137 2233 2192 dicit
2261 2139 2550 2210 praesentis
2567 2137 2754 2192 saeculi
2781 2135 3228 2190 delectationem.
3258 2150 3284 2185 α
3332 2131 3573 2184 Crescens
3601 2125 3649 2178 in

2105 2247 2127 2278 α
2159 2227 2472 2304 Galatiam;
2513 2247 2534 2277 ι
2577 2226 2860 2280 Galatiam
2889 2225 3046 2289 dixit,
3077 2238 3246 2295 quam
3274 2235 3414 2274 nunc
3441 2216 3653 2272 nomina-

2099 2332 2226 2370 mus
2241 2303 2468 2380 Gallias,
2494 2316 2573 2370 sic
2601 2315 2772 2370 etiam
2792 2314 3010 2385 antiqui
3028 2327 3224 2367 omnes
3253 2311 3372 2364 loca
3397 2305 3485 2360 illa
3500 2303 3651 2359 nomi-

2098 2403 2328 2468 nabant,
2357 2405 2503 2459 sicut
2529 2419 2925 2474 recognoscere
2953 2401 3078 2473 quis
3100 2400 3306 2472 poterit
3332 2401 3388 2452 et
3412 2413 3474 2450 ex
3492 2391 3654 2448 multis

2099 2494 2244 2559 aliis,
2282 2498 2339 2548 et
2369 2511 2433 2548 ex
2458 2493 2698 2547 historia
2717 2492 2968 2555 Iudaica,
2984 2507 3155 2562 quam
3167 2487 3436 2558 Josephus
3451 2481 3655 2550 descrip-

2099 2583 2236 2636 sisse
2265 2583 2502 2636 videtur.
2527 2583 2670 2636 Nam
2690 2587 2747 2635 et
2760 2582 2818 2635 hi
2842 2581 2936 2652 qui
2947 2595 3098 2634 nunc
3110 2578 3373 2633 dicuntur
3385 2575 3578 2628 Galate
3592 2569 3658 2622 ita

2099 2675 2513 2742 nuncupantur,
2547 2671 2694 2742 quod
2723 2687 2789 2724 ex
2815 2669 2924 2724 illis
2953 2667 3211 2740 partibus
3241 2667 3312 2720 ad
3331 2665 3437 2718 ista
3457 2663 3652 2716 locave-

2099 2760 2246 2814 nisse
2276 2761 2635 2831 antiquorum
2667 2760 2918 2813 insinuat
2947 2757 3220 2812 narratio.
3256 2773 3283 2809 «
3307 2754 3462 2809 Titus
3478 2750 3533 2804 in
3547 2747 3656 2803 Delo

2098 2849 2350 2902 matiam.
2386 2869 2414 2903 ιι
2456 2849 2571 2903 Hos
2609 2865 2724 2902 non
2761 2846 3191 2901 similitudinem
3233 2841 3538 2898 discessisse
3559 2853 3588 2890 α
3611 2851 3658 2888 se

2098 2944 2444 2992 memoratus
2473 2943 2574 3002 est,
2609 2943 2708 2991 aut
2733 2937 2792 2990 in
2817 2937 3065 2990 deterius
3091 2951 3304 2999 versus,
3329 2931 3422 2986 sed
3443 2930 3538 2983 hac
3563 2925 3662 2980 sola

2098 3027 2333 3092 ratione,
2353 3027 2500 3102 quod
2523 3043 2634 3080 non
2647 3025 2760 3079 sint
2770 3030 3095 3096 praesentes.
3125 3043 3148 3076 ‹
3175 3025 3350 3077 Lucas
3371 3023 3452 3074 est
3472 3027 3658 3071 mecum

2099 3135 2122 3168 α
2156 3115 2327 3170 solus.
2360 3116 2613 3169 Marcum
2641 3129 2935 3168 assumens
2962 3113 3150 3166 adhuc
3171 3117 3378 3166 tecum.
3414 3125 3441 3160 ι
3471 3106 3535 3160 Et
3557 3116 3661 3174 que

2094 3203 2167 3257 sit
2191 3203 2433 3264 ratio,ut
2448 3203 2668 3258 Marcus
2697 3202 2902 3267 veniat,
2941 3221 2962 3252 ι
2998 3205 3086 3255 est
3113 3199 3274 3264 mihi,
3307 3195 3500 3268 inquit,
3529 3190 3662 3246 utilis

2093 3293 2152 3346 in
2176 3291 2510 3346 ministerio.
2549 3310 2574 3344 ιο
2609 3291 2972 3362 Opportunus
2986 3290 3130 3343 mihi
3159 3294 3266 3352 est,
3298 3303 3364 3340 eo
3387 3283 3530 3356 quod
3551 3293 3662 3334 cum

2094 3397 2318 3436 summa
2329 3379 2705 3435 sollicitudine
2723 3380 2984 3434 universa
3003 3379 3319 3450 adimplere
3339 3373 3660 3446 deproperat.

2099 3491 2121 3521 α
2137 3470 2442 3542 Tychicum
2473 3469 2601 3524 misi
2615 3469 2916 3540 Ephesum.
2931 3459 3178 3521 )Deinde
3190 3462 3504 3538 praecepitei
3518 3458 3664 3514 etiam

2093 3559 2190 3612 illa
2217 3559 2462 3630 exsequi,
2499 3575 2620 3630 quae
2653 3562 2912 3628 oporteat
2946 3571 3077 3610 eum
3121 3557 3310 3610 facere
3339 3551 3660 3608 servientem.

2098 3668 2120 3698 «
2157 3647 2448 3713 Penulam,
2500 3663 2670 3718 quam
2718 3645 2921 3716 reliqui
2967 3645 3207 3699 Troada;
3251 3642 3400 3714 apud
3429 3640 3662 3708 Carpam.

2099 3757 2121 3788 α
2150 3736 2378 3790 veniens
2407 3736 2544 3789 all’er
2581 3741 2640 3790 et
2667 3734 2904 3800 codices,
2942 3733 3190 3788 maxime
3220 3737 3412 3787 autem
3439 3734 3494 3782 et
3521 3739 3668 3780 mem—

2099 3845 2121 3876 ι
2143 3825 2364 3880 branas.
2387 3845 2410 3875 ι
2438 3825 2638 3879 Latina
2654 3823 2850 3893 lingua
2861 3821 3151 3877 volumina
3163 3821 3307 3876 dixit
3322 3819 3666 3875 mémbranas,

2094 3915 2400 3970 secundum
2434 3913 2588 3967 illam
2620 3911 3084 3966 consuetudinem
3114 3927 3231 3986 qua
3279 3909 3468 3964 Romae
3501 3907 3670 3974 loque-

2095 4003 2318 4070 bantur,
2370 4001 2670 4056 indiscrete
2711 4017 2846 4054 usus
2906 4005 2993 4054 est
3029 4000 3139 4055 hoc
3180 4014 3462 4062 sermone,
3493 4009 3552 4047 ex
3577 4003 3673 4061 qua

2092 4091 2230 4146 urbe
2259 4093 2429 4146 etiam
2461 4090 2767 4162 Epistolam
2797 4091 2940 4143 hanc
2965 4088 3265 4160 scripsisse
3294 4087 3446 4141 visus
3491 4087 3588 4137 est.
3615 4079 3670 4133 1n

2095 4179 2486 4246 voluminibus,
2519 4178 2767 4249 antiquis
2781 4176 3131 4249 temporibus
3159 4171 3672 4231 habebantconsue-

2092 4269 2349 4323 tudinem
2367 4268 2582 4322 divinas
2601 4267 2842 4322 scribere
2863 4266 3207 4337 Scripturas,
3243 4263 3412 4320 sicuti
3432 4268 3489 4316 et
3517 4269 3674 4328 usque

2091 4354 2423 4428 ad'praesens
2451 4356 2628 4411 Judaei
2649 4356 2828 4410 multa
2854 4354 2914 4408 in
2942 4354 3333 4408 voluminibus
3362 4351 3564 4422 scripta
3595 4347 3676 4399 ha.

415 4441 511 4496 sed
543 4449 602 4498 et
625 4459 819 4498 omnes
841 4443 936 4516 qui
961 4443 1032 4497 ad
1049 4444 1172 4514 ejus
1191 4443 1620 4498 sollicitudinem
1635 4445 1888 4499 laborare
1907 4463 2008 4516 pro
2092 4447 2224 4500 bere
2243 4445 2528 4512 videntur;
2552 4444 2724 4498 libros
2743 4448 2934 4498 autem
2961 4443 3104 4496 dixit
3113 4443 3434 4497 secundum
3456 4447 3677 4528 comma:

414 4530 713 4603 Evangelio
741 4533 1040 4598 voluerint,
1071 4533 1220 4587 unde
1249 4538 1306 4587 et
1342 4533 1476 4588 dicit
1525 4552 1536 4587 :
1573 4553 1595 4584 α
1645 4534 1771 4588 Νοη
1825 4535 2011 4588 solum
2093 4552 2223 4588 nem
2253 4551 2439 4600 usum,
2481 4551 2546 4588 eo
2577 4533 2724 4604 quod
2753 4533 2812 4586 in
2831 4531 2944 4586 alia
2972 4531 3158 4603 specie
3183 4537 3353 4586 erant
3369 4529 3515 4584 libri.
3540 4525 3675 4578 Risui

417 4637 442 4670 ε
475 4625 667 4674 autem
694 4621 852 4688 mihi,
895 4621 994 4676 sed
1022 4627 1080 4676 et
1106 4621 1366 4676 omnibus
1391 4622 1486 4694 qui
1515 4621 1758 4692 diligunt
1797 4623 2007 4678 adven-
2091 4641 2222 4678 vero
2249 4623 2481 4694 dignum
2513 4627 2600 4676 est
2625 4621 2696 4676 de
2722 4621 2848 4686 illis,
2885 4620 2979 4691 qui
3007 4621 3113 4674 hoc
3155 4619 3216 4674 in
3269 4619 3391 4673 loco
3439 4612 3678 4688 penulam

416 4725 445 4760 α
469 4713 597 4762 tum
638 4709 779 4778 ejus.
813 4727 840 4762 ξ)
871 4710 1066 4781 (Casa)
1125 4711 1432 4782 Participes
1481 4727 1583 4765 nos
1633 4728 1850 4766 coronae
1893 4729 2008 4766 suae

414 4794 475 4849 in
494 4795 644 4851 diem
668 4795 864 4867 judicii
881 4795 999 4852 fore
1014 4799 1402 4870 pronuntians,
1427 4799 1473 4854 si
1491 4800 1788 4870 diligentes
1799 4801 2008 4855 adven-

419 4887 541 4939 tum
569 4882 795 4952 Christi,
823 4902 934 4940 non
947 4887 1108 4941 illum
1131 4893 1355 4943 tantum
1377 4887 1473 4958 qui
1493 4889 1664 4942 etiam
1691 4889 2010 4944 nolentibus

419 4975 727 5044 apparebit,
754 4975 850 5029 sed
875 4974 1046 5030 etiam
1068 4977 1233 5044 hunc,
1263 4977 1358 5047 qui
1379 4978 1627 5048 quotidie
1647 4979 1710 5032 iit
1726 4977 1782 5032 in
1804 4979 2011 5032 sanctis

419 5062 733 5130 animabus,
763 5063 1052 5118 victoriam
1083 5065 1422 5130 certaminis,
1464 5066 1830 5137 castigatione
1885 5083 2010 5122 cor-

417 5151 568 5221 poris
595 5151 968 5223 acquiramus.
997 5153 1076 5206 De
1090 5170 1200 5226 quo
1223 5154 1466 5208 adventu
1479 5154 1818 5209 Dominusin
1835 5156 2010 5210 Evan-

426 5237 594 5306 gelio:
633 5260 654 5291 σ
680 5240 813 5310 Ego,
829 5241 1028 5311 inquit,
1044 5247 1101 5295 et
1126 5241 1295 5296 Pater
1317 5259 1476 5298 meus
1499 5243 1782 5298 veniemus
1795 5245 1865 5297 ad
1881 5261 2011 5298 eum

421 5347 443 5377 ι
477 5332 535 5381 et
561 5329 910 5384 mansionem
937 5331 1086 5401 apud
1115 5347 1244 5385 eum
1275 5331 1540 5386 faciemus
1565 5335 1748 5402 (Joan.
1781 5337 1894 5404 xxv)
1919 5352 1932 5399 ;
1977 5353 2004 5386 ι)

415 5423 474 5468 et
496 5415 705 5470 iterum
736 5435 747 5470 :
785 5438 808 5469 ι
847 5419 983 5473 Ecce
1009 5436 1114 5489 ego
1146 5426 1233 5474 sto
1271 5421 1341 5474 ad
1392 5420 1599 5475 ostium
1629 5427 1686 5475 et
1713 5421 1874 5492 pulso
1907 5441 1920 5488 ;
1962 5422 2010 5475 si

417 5520 446 5557 ι
479 5503 603 5575 quis
630 5505 872 5561 audierit
903 5525 1096 5564 vocem
1121 5519 1326 5575 meam,
1360 5515 1417 5564 et
1446 5511 1732 5580 aperuerit
1749 5512 2005 5581 januam,

2091 4713 2422 4782 Apostolum
2442 4728 2555 4768 non
2571 4711 2966 4764 indumentum
2983 4709 3342 4779 significasse
3355 4705 3681 4762 existimave-

2091 4807 2242 4867 runt,
2277 4803 2375 4856 sed
2401 4800 2642 4872 speciem
2665 4799 2967 4870 quamdam
2986 4797 3116 4852 libri
3139 4817 3152 4866 ;
3177 4799 3280 4869 qui
3311 4813 3426 4851 non
3452 4788 3678 4848 intende-

2091 4895 2226 4944 runt
2255 4890 2351 4944 illa
2376 4907 2498 4961 quae
2528 4888 2948 4959 subsequuntur
2977 4906 2991 4942 :
3023 4888 3384 4958 superﬂuum
3407 4883 3552 4939 enim
3571 4879 3680 4932 erat

2091 4979 2298 5046 dicere,
2331 4985 2388 5034 et
2418 4979 2605 5044 libros,
2631 4978 2678 5032 si
2703 4983 2895 5032 tamen
2915 4982 2972 5030 et
2991 4976 3130 5030 illud
3151 4975 3288 5030 libri
3319 4974 3531 5046 species
3551 4971 3675 5024 erat.

2093 5069 2242 5138 quod
2266 5073 2488 5140 poterat
2515 5067 2686 5122 etiam
2716 5083 2845 5120 cum
2871 5065 3086 5120 caeteris
3115 5062 3449 5136 signiﬁcari.

2168 5177 2190 5208 α
2220 5157 2534 5211 Alexander
2563 5155 2795 5211 aerarius
2830 5155 3010 5208 multa
3038 5154 3190 5208 mala
3241 5153 3388 5206 mihi
3432 5143 3676 5203 ostendit.

2096 5263 2122 5298 α
2153 5245 2373 5300 Reddet
2407 5245 2489 5298 illi
2520 5245 2796 5299 Dominus
2825 5244 3133 5298 secundum
3155 5257 3336 5313 opera
3351 5241 3495 5312 ejus.
3518 5236 3681 5300 Quem

2097 5352 2127 5386 (ι
2155 5343 2212 5387 et
2235 5339 2297 5388 tu
2323 5334 2536 5400 devita;
2567 5334 2726 5388 valde
2755 5333 2906 5386 enim
2937 5331 3145 5386 restitit
3176 5331 3369 5384 verbis
3401 5325 3617 5399 nostris.
3654 5337 3678 5370 ι

2093 5423 2210 5476 Hoc
2241 5423 2429 5493 posuit
2445 5423 2516 5476 ad
2536 5422 2848 5478 custodiam
2877 5426 2935 5476 et
2952 5420 3233 5476 cautelam
3249 5413 3552 5479 Timothei,
3581 5421 3681 5464 non

2091 5511 2164 5566 ad
2182 5513 2594 5568 accusationem
2609 5511 2911 5568 Alexandri
2927 5529 2939 5579 ;
3111 5508 3266 5565 enim
3280 5503 3600 5580 pertinebat
3613 5495 3677 5552 ad
