3868 6138
271 255 351 315 653
694 252 1267 313 ΕΝΑΒΒΑΤΙΟΝΠΜ
1303 253 1382 307 ΙΝ
1420 253 1573 307 ΕΡΡ.
1616 252 1829 307 PAULI

1928 253 2003 306 [Β.
2047 253 2213 307 XXV.
2265 283 2329 294 -
2368 255 2445 312 IN
2484 254 2705 313 EPIST.
2748 254 2842 313 AD
2880 254 3015 309 TIT.
3387 261 3488 316 654

269 393 372 431 eum
390 376 449 429 de
480 376 836 444 hoc,propter
848 374 996 444 quod
1013 373 1201 443 posuit
1219 374 1391 427 etiam
1407 373 1560 427 illam
1574 390 1817 443 poenam,
1839 377 1889 433 Α
1907 392 1931 426 ι(
1968 391 2095 429 vum
2128 391 2216 431 me
2246 375 2410 437 faciet
2438 376 2495 430 in
2523 394 2758 447 regnum
2775 394 2940 437 suum
2963 370 3496 450 cteleste,cuigloria

268 483 368 537 qua
393 464 437 517 ei
452 462 714 517 manebat
741 481 776 516 a
804 464 938 525 Deo.
969 480 1068 532 pro
1118 462 1320 531 quibus
1378 463 1515 519 talia
1562 462 1818 527 faciebat,
1908 482 1932 514 (ί
1967 463 2024 518 in
2072 465 2276 517 saecula
2325 466 2674 530 surculorum,
2733 484 2918 522 amen.
2956 486 2982 519 »
3026 469 3149 527 Non
3183 471 3331 531 ultra
3358 472 3500 530 dixit

160 594 169 603 .
268 571 359 611 non
382 540 742 608 maledicebat
752 552 805 605 ei
823 552 969 606 sicut
989 551 1219 620 quidam
1241 550 1823 617 existimaverunt,sed
1906 552 2161 607 liberavit
2187 570 2277 615 me
2293 552 2362 607 ab
2376 555 2823 624 eo:pra1dixerat
2840 562 3029 616 autem
3046 557 3104 617 in
3117 559 3500 628 superioribus

269 648 319 697 ut
339 642 644 696 hortaretur
666 641 1023 703 Timotheum
1055 641 1232 701 multa
1254 640 1324 693 ab
1353 656 1419 695 eo
1448 640 1824 703 sustinentem
1907 641 2173 711 quoniam
2202 658 2314 704 non
2336 648 2461 712 post
2477 644 2721 701 multum
2742 645 3011 714 temporis
3031 651 3153 705 erat
3164 646 3502 713 interﬁcien-

267 731 389 785 mala
412 730 688 799 patienter
716 730 1014 791 sustinere.
1050 730 1167 782 Hac
1190 746 1321 798 ergo
1350 730 1419 787 de
1452 745 1622 783 causa
1642 745 1829 787 neces-
1910 730 2033 793 dus,
2062 730 2208 798 quod
2241 736 2299 783 et
2324 746 2520 800 passus
2558 738 2660 796 est,
2694 733 2920 803 capitali
2940 750 2975 793 ἢ
2995 735 3219 795 Nerone
3247 736 3502 797 addictus

266 820 388 875 sario
414 825 757 873 memoratus
813 827 899 871 est
936 818 1137 883 virum,
1174 818 1500 888 prmexpiens
1536 818 1828 881 Timotheo
1909 818 2223 882 sententiae,
2257 835 2323 871 eo
2360 826 2611 895 tenipore
2655 837 2766 891 quo
2814 823 3061 883 secunda
3108 822 3223 881 vice
3266 825 3505 886 Romam

265 914 315 963 ut
339 924 429 979 pro
449 907 651 967 virium
699 924 933 971 suarum
968 906 1336 977 possibilitate
1374 907 1658 969 declinare
1707 908 1829 976 ejus
1911 913 2248 969 accesserat:
2266 908 2363 961 sed
2385 908 2525 971 dixit
2556 908 2667 969 «ab
2686 909 2840 969 omni
2871 928 3042 980 opem
3070 912 3218 973 malo
3249 912 3510 974 liberavit

266 996 462 1053 insidias
491 996 845 1067 deproperat.
872 997 998 1051 Non
1027 996 1287 1051 convenit
1308 1012 1436 1053 vero
1466 995 1657 1053 mirari
1684 995 1732 1049 si
1758 995 1830 1059 ab
1912 1012 2058 1061 me,»
2076 996 2276 1057 hocest
2293 996 2362 1057 ab
2374 998 2527 1053 omni
2540 999 3510 1069 pressurapraesentisvitzeliberavit

262 1085 431 1140 aerario
452 1090 615 1145 tanta
632 1092 767 1149 tunc
797 1084 1007 1141 ﬁebant
1024 1084 1457 1155 indisciplinate,
1479 1084 1613 1156 quia
1634 1090 1691 1138 et
1719 1085 1832 1143 vul—
1914 1100 2023 1151 me,
2040 1085 2099 1139 in
2117 1101 2284 1148 suum
2303 1102 2392 1149 me
2426 1087 2646 1151 salvans
2673 1101 2930 1156 regnum.
2965 1089 3114 1158 quod
3149 1096 3207 1149 et
3227 1098 3504 1162 exspecto.

260 1191 400 1249 gares
428 1174 684 1237 homines
716 1173 1083 1243 insurgebant
1108 1174 1374 1231 adversus
1407 1190 1501 1227 eos
1528 1174 1623 1243 qui
1651 1174 1831 1245 pieta-
1914 1174 2049 1228 Post
2076 1174 2179 1228 hoc
2209 1175 2474 1244 praecepit
2501 1176 2553 1237 ei
2581 1195 2633 1227 :«
2651 1176 3077 1247 Saluta,inquit,
3096 1178 3430 1247 Priscillam,
3451 1188 3510 1237 et

259 1271 356 1317 tem
373 1262 771 1335 praedicabant,
799 1264 999 1332 vulgus
1031 1267 1221 1325 autem
1243 1263 1326 1317 vel
1366 1263 1606 1325 maxime
1637 1280 1832 1325 omnes
1919 1282 1943 1313 «
1968 1262 2246 1332 Aquilam,
2272 1269 2329 1317 et
2347 1263 2944 1333 Onesiphoridomum.
2974 1266 3231 1327 »Indicat
3255 1269 3428 1330 etiam
3459 1270 3514 1329 ei

262 1368 590 1411 commovere
632 1351 924 1415 videbatur
958 1350 1280 1407 seditiones.
1334 1372 1357 1401 α
1393 1352 1457 1407 In
1501 1352 1683 1421 prima
1709 1369 1834 1405 mea
1916 1356 1973 1404 et
1992 1351 2062 1417 de
2076 1350 2220 1418 aliis,
2241 1352 2326 1411 ait
2347 1351 2498 1415 enim
2532 1370 2542 1404 :
2592 1370 2617 1404 α
2649 1352 2882 1415 Erastus
2898 1355 3172 1418 remansit
3187 1356 3506 1419 Corinthi.»

263 1466 281 1488 ρ
310 1439 627 1494 defensione
657 1456 822 1493 nemo
846 1440 984 1495 mihi
1003 1439 1201 1505 astitit,
1217 1440 1315 1494 sed
1343 1457 1537 1497 omnes
1551 1457 1641 1495 me
1669 1441 1834 1495 dere—
1919 1439 2231 1509 Designans
2289 1440 2554 1510 quoniam
2596 1441 2828 1505 Erastus
2869 1442 3123 1507 Corinthi
3152 1447 3509 1507 remanserit.

265 1529 619 1600 «liquerunt:
652 1545 763 1591 non
784 1528 893 1591 illis
927 1529 1255 1598 unputetur.
1292 1548 1317 1583 »
1344 1530 1409 1583 In
1433 1529 1616 1599 prima
1642 1529 1837 1583 defert-'-
1924 1529 2351 1599 «Trophymum
2382 1535 2570 1593 autem
2618 1530 2819 1600 reliqui
2852 1531 3002 1601 apud
3041 1532 3313 1602 Myletum
3353 1535 3514 1597 infm-

259 1619 395 1672 sione
440 1618 602 1685 dicit,
645 1618 868 1688 quando
915 1618 972 1678 in
1018 1617 1215 1688 primis
1251 1618 1453 1679 ductus
1486 1619 1719 1683 Romam
1753 1625 1841 1671 est
1925 1635 1947 1667 (ι
1974 1635 2146 1672 muni.
2186 1640 2211 1673 ν
2236 1619 2619 1688 Trophymum
2644 1636 2773 1681 vero
2804 1621 2952 1689 quod
2982 1620 3103 1692 ipse
3136 1622 3517 1685 inﬁrmantgm

261 1708 452 1765 vinctus
484 1724 558 1767 ex
587 1707 799 1770 Iudaea,
833 1707 1056 1776 quando
1076 1712 1134 1761 et
1153 1707 1587 1777 appellationem
1611 1707 1836 1761 fecerat.
1858 1693 1904 1763 Β
1924 1706 2216 1776 reliquerit
2252 1708 2445 1777 Myleti
2490 1707 2817 1773 insinuavit,
2850 1709 3055 1778 quibus
3084 1711 3298 1780 adjicit.
3334 1733 3359 1769 ι
3383 1713 3519 1771 Fas,-

258 1796 601 1853 Beneautem
621 1796 1193 1866 precatusest,utillis
1213 1788 1843 1867 nonimputeturpecca-
1927 1796 2108 1859 «tina
2142 1802 2273 1851 ante
2322 1796 2563 1853 hiemem
2613 1796 2821 1860 venire.
2883 1816 2909 1849 ››
2978 1798 3190 1861 Deinde
3238 1800 3520 1871 signiﬁcat

259 1892 362 1938 tum
379 1886 503 1953 hoc,
533 1902 602 1938 eo
621 1884 767 1955 quod
785 1885 1133 1955 perspexerit
1162 1885 1301 1938 alios
1328 1884 1400 1941 ob
1429 1885 1836 1949 inﬁrmitatem,
1922 1884 2169 1941 scribens
2189 1884 2241 1947 ei
2269 1885 2535 1953 quoniam
2550 1892 2607 1938 et
2632 1886 2835 1949 fratres
2852 1887 3103 1949 salutant
3117 1906 3265 1955 eum,
3289 1890 3479 1950 dicens
3505 1908 3516 1943 :

253 1974 375 2027 alios
402 1973 470 2026 ob
528 1973 1069 2035 imminentem,sibi
1119 1974 1510 2037 necessitatem
1559 1975 1679 2031 loco
1720 1990 1840 2028 ces-

250 2062 374 2115 sisse
400 2082 410 2114 :
452 2086 477 2113 ιι
514 2063 791 2119 Dominus
811 2068 1001 2125 autem
1030 2062 1211 2117 astitit
1228 2062 1386 2128 mihi,
1426 2068 1483 2116 et
1510 2062 1843 2119 confortavit

254 2176 274 2199 u
294 2168 395 2216 me,
431 2158 496 2207 ut
540 2168 642 2221 per
666 2168 753 2204 me
786 2150 1107 2221 praedicatio
1139 2151 1489 2222 impleretur,
1530 2158 1588 2209 et
1609 2151 1843 2213 audiant

251 2260 273 2293 ιι
303 2256 494 2294 omnes
524 2244 728 2309 gentes
754 2246 816 2295 et
851 2240 1121 2304 liberatus
1169 2258 1293 2295 sum
1325 2258 1390 2294 ex
1447 2257 1544 2295 ore
1580 2240 1777 2303 leonis.
1812 2259 1837 2291 »

248 2328 480 2383 Leonem
506 2329 619 2382 hoc
663 2328 721 2383 in
778 2329 895 2382 loco
946 2330 1225 2391 Neronem
1258 2346 1449 2399 regem
1474 2346 1576 2400 per
1601 2329 1843 2398 aenigma

246 2424 409 2475 vocat.
458 2418 605 2473 Vult
633 2417 786 2481 enim
832 2418 1038 2484 dicere,
1084 2418 1352 2487 quoniam
1398 2426 1689 2481 assecutus
1716 2435 1841 2473 sum

248 2506 338 2559 Dei
352 2506 666 2576 judicium,
682 2524 716 2559 a
732 2522 846 2576 quo
864 2513 920 2560 et
949 2506 1296 2571 confortatus
1321 2508 1392 2561 de
1424 2507 1534 2571 illis
1554 2524 1677 2578 quae
1706 2524 1843 2577 erga

244 2611 326 2649 me
355 2596 599 2653 fuerunt
635 2594 1001 2661 satisfaciens,
1033 2596 1242 2658 dimitti
1269 2597 1461 2666 jussus
1491 2614 1636 2662 sum,
1670 2597 1751 2661 ita
1781 2602 1844 2650 ut

243 2701 463 2738 cursum
510 2701 707 2743 meum
762 2700 1108 2754 peragerem,
1143 2691 1201 2747 et
1226 2685 1418 2747 multis
1447 2686 1674 2755 pietatis
1702 2685 1842 2749 insi-

238 2790 468 2829 nuarem
505 2774 799 2843 dogmata,
833 2773 984 2843 quod
1005 2773 1177 2827 etiam
1192 2780 1251 2828 et
1281 2774 1475 2829 fecisse
1505 2775 1714 2831 videor.
1743 2775 1844 2833 «Et

240 2884 263 2910 u
292 2862 561 2923 libemvit
589 2879 679 2919 me
708 2861 981 2919 Dominus
1004 2861 1076 2915 ab
1106 2862 1261 2925 omni
1281 2880 1449 2933 opere
1479 2864 1719 2929 malo,et
1730 2863 1842 2925 sal-

1928 1996 1953 2023 u
1986 1974 2311 2035 Salutantte
2334 1973 2596 2037 Eubolus,
2621 1980 2679 2027 et
2696 1975 2947 2038 Prudens
2964 1976 3516 2047 [Pudens].etLinus,

1928 2080 1949 2111 (‹
1987 2069 2043 2115 et
2086 2062 2338 2121 Claudia.
2390 2069 2447 2115 et
2473 2063 2680 2127 fratres
2720 2080 2937 2125 omnes.
2975 2084 3000 2127 ξ)
3033 2065 3279 2132 Fratres,
3311 2067 3516 2137 inquit,

1924 2167 2118 2203 omnes
2141 2168 2151 2202 :
2171 2167 2265 2203 eos
2283 2151 2419 2204 dicit
2435 2151 2529 2222 qui
2557 2151 2751 2225 utique
2765 2169 2830 2206 eo
2855 2158 3107 2224 tempore
3118 2154 3307 2209 Romae
3334 2163 3513 2222 erant,

1925 2245 1982 2292 et
2010 2237 2133 2292 illos
2165 2239 2391 2308 quidem
2408 2256 2546 2309 quos
2566 2240 2957 2311 aifectujustos
2973 2240 3078 2294 sibi
3102 2259 3224 2296 esse
3259 2244 3522 2299 cernebat

1924 2327 2258 2380 nominatim
2291 2326 2529 2383 credidit
2547 2329 2961 2396 memorandos,
2995 2341 3224 2387 caeteros
3246 2348 3376 2386 vero
3406 2336 3520 2387 tra-

1922 2421 2039 2469 tres
2064 2415 2123 2469 in
2154 2414 2438 2470 communi
2459 2416 2795 2471 salutatione
2835 2416 3278 2490 comprehendit,
3323 2426 3380 2475 et
3403 2421 3520 2497 pri-

1924 2520 2081 2559 mum
2115 2505 2339 2575 quidem
2364 2522 2465 2574 pro
2494 2505 2614 2575 ipso
2644 2506 2937 2561 Timotheo
2965 2523 3132 2565 orans
3151 2507 3289 2570 dicit
3313 2527 3323 2561 :
3361 2529 3386 2567 ς(
3417 2511 3525 2564 Do-

1928 2612 1953 2645 ί(
1986 2593 2172 2647 minus
2200 2595 2363 2648 Jesus
2384 2594 2640 2648 Christus
2664 2612 2792 2649 cum
2822 2595 3021 2666 spiritu
3048 2603 3166 2650 tuo.
3206 2618 3230 2647 »
3258 2598 3394 2654 Post
3414 2599 3519 2652 hoc

1925 2699 2055 2736 vero
2085 2689 2353 2736 consueto
2387 2684 2499 2737 fine
2528 2684 2739 2737 claudit
2769 2684 3074 2754 Epistolam
3107 2703 3118 2737 :
3158 2704 3183 2736 «
3216 2685 3415 2740 Gratia
3432 2704 3524 2741 vo-

1930 2791 1953 2824 ι
1980 2771 2213 2839 hiscum,
2273 2789 2458 2831 amen.
2493 2791 2521 2829 ι
2580 2774 2645 2835 In
2703 2773 2816 2829 fine
2863 2780 3131 2836 consueta
3184 2776 3522 2836 salutatione

1927 2861 2099 2923 etiam
2125 2861 2373 2931 seipsum
2403 2861 2513 2925 illis
2528 2862 2748 2923 censuit
2764 2864 3305 2925 connumerandum.

232 3000 3493 3029 ww

571 3135 1106 3273 LIBER
1219 3025 2246 3269 VICESIMUS
2322 3088 3191 3295 QUlNTUS.

880 3424 1440 3502 EXPOSITIO
1491 3424 1610 3499 IN
1658 3364 2262 3504 nPisroLAM
2311 3428 2463 3503 AD
2510 3428 2880 3505 TITUM.

777 3672 1302 3728 ARGUMENTUM.

290 3763 519 3822 Beatus
550 3762 855 3831 Apostolus
874 3762 1099 3816 Cretam
1130 3760 1399 3815 accedens
1428 3760 1652 3829 pietatis
1672 3759 1843 3815 ratio-

223 3867 352 3909 nem
388 3851 512 3909 illis
543 3849 641 3920 qui
670 3850 783 3905 illic
808 3849 1140 3906 habitabant
1159 3848 1427 3904 tradidit:
1461 3848 1597 3917 quia
1623 3865 1752 3903 vero
1770 3849 1841 3902 ad

220 3939 361 3998 alias
392 3938 729 4012 provincias
780 3939 1023 3996 transire
1077 3956 1208 3993 eum
1249 3938 1373 4008 ipsa
1416 3937 1641 4007 pietatis
1696 3937 1841 3992 ratio

221 4028 633 4097 compellebat,
646 4034 713 4085 ut
724 4028 1010 4093 universos
1025 4045 1127 4098 per
1145 4028 1369 4083 diversa
1379 4027 1502 4080 loco
1524 4026 1841 4081 habitantes

220 4117 456 4185 pietatis
485 4117 805 4176 instrueret
847 4117 1143 4182 rationem,
1186 4116 1411 4173 beatum
1439 4116 1628 4171 Titum
1662 4116 1840 4170 Creta:

218 4206 483 4277 reliquit,
520 4206 693 4261 sicuti
746 4212 805 4262 et
851 4206 1209 4261 Timotheum
1250 4205 1474 4275 Ephesi,
1510 4220 1840 4274 praeponens

217 4311 349 4355 etim
381 4295 509 4351 illis
556 4294 811 4351 ecclesiis
853 4311 978 4364 quae
1012 4295 1128 4357 illic
1160 4300 1338 4349 erant.
1370 4293 1576 4349 Scribit
1608 4309 1742 4363 ergo
1771 4293 1841 4346 ad

217 4398 371 4441 eum.
386 4390 465 4436 ut
473 4382 880 4451 compendiose
891 4382 1092 4447 dicam,
1109 4383 1184 4439 de
1196 4381 1552 4437 ordinatione
1563 4381 1837 4448 facienda,

212 4470 526 4530 instruens
538 4487 677 4527 eum
692 4472 1166 4541 quemadmodum
1185 4470 1479 4526 conveniat
1497 4470 1646 4540 ipsas
1658 4470 1840 4526 facere

212 4560 628 4621 ordinationes
642 4578 656 4623 ;
670 4560 839 4618 simul
857 4566 912 4614 et
931 4561 1017 4616 de-
1030 4560 1249 4617 caateris
1270 4558 1531 4615 omnibus
1542 4559 1841 4615 consilium

212 4648 447 4712 tribuit.
466 4653 535 4707 et
550 4649 762 4706 docens
779 4649 1015 4719 qualiter
1034 4650 1107 4705 de
1132 4648 1369 4719 singulis
1390 4665 1561 4718 agere
1587 4654 1843 4718 oporteat

209 4755 368 4800 eum.
390 4739 764 4799 Memoratur
782 4743 984 4797 verost
995 4754 1193 4795 earum
1221 4738 1316 4808 qui
1335 4755 1401 4793 ex
1418 4737 1841 4795 circumcisione

212 4834 407 4892 erant,
644 4832 702 4881 et
728 4826 789 4885 in
816 4827 1068 4897 Epistula
1097 4833 1445 4883 memoratus
1470 4834 1557 4881 est
1580 4842 1751 4895 quam
1770 4826 1841 4880 ad

208 4916 606 4975 Timotheum
662 4915 940 4985 imprimis
982 4915 1303 4985 scripserat,
1340 4916 1700 4971 vehementer
1751 4915 1842 4971 in-

1857 3671 1901 3729 C
1926 3670 2174 3739 Epistula
2191 3685 2360 3739 quam
2388 3669 2461 3725 ad
2479 3669 2668 3731 Titum
2695 3668 2995 3735 direxerat,
3031 3671 3421 3740 compendiose
3448 3673 3518 3727 de

1924 3757 2183 3813 omnibus
2214 3757 2363 3813 visus
2380 3764 2469 3811 est
2486 3757 2809 3827 explicasse.
2839 3759 3096 3829 Epistolre
3137 3759 3400 3829 equidem
3422 3776 3516 3814 ar-

1924 3852 2255 3915 gumentum
2278 3846 2338 3900 in
2368 3846 2455 3901 his
2484 3845 2757 3901 consistit.
2776 3848 2891 3916 Ego
2906 3864 3036 3901 vero
3065 3848 3517 3918 praedicationem

1924 3936 1994 3991 de
2021 3935 2260 4005 singulis
2308 3934 2585 4003 arripiens
2629 3935 3023 4005 compendiose
3080 3954 3205 3991 eam
3241 3938 3517 4008 explicem

1923 4024 2150 4083 adnitar
2171 4043 2181 4077 ε
2199 4023 2372 4080 moris
2388 4023 2666 4093 siquidem
2694 4025 2874 4080 nostri
2912 4032 3015 4091 est,
3035 4030 3101 4081 ut
3119 4043 3230 4080 non
3264 4026 3517 4087 absolute

1923 4115 2319 4184 prolongemus
2329 4113 2711 4170 narrationem
2729 4114 2953 4184 quando
2968 4114 3517 4170 suﬁicientersemms

1926 4203 2172 4260 veritatis
2200 4203 2259 4260 in
2289 4202 2478 4274 paucis
2498 4203 2705 4273 poterit
2730 4202 3015 4273 explicari.

2332 4292 2549 4348 ALIUD
2577 4292 2933 4347 ARGUMEN
2936 4292 3108 4347 TUM.

2490 4382 2573 4438 Ex
2590 4383 2949 4447 Hieronymo.

1997 4470 2151 4527 Licet
2168 4486 2281 4527 non
2319 4470 2431 4525 sint
2459 4469 2615 4541 digni
2644 4469 2774 4531 fide,
2808 4469 2903 4539 qui
2929 4468 3100 4523 ﬁdem
3132 4468 3376 4549 primum
3389 4467 3515 4523 irri-

1924 4564 2042 4617 tam
2077 4560 2344 4622 fecerunt,
2395 4557 2735 4613 Marcionem
2789 4558 2991 4627 loquor
3020 4562 3077 4610 et
3105 4556 3424 4623 Basilidem,
3458 4565 3517 4612 et

1922 4663 2119 4705 omnes
2158 4647 2447 4703 haereticos
2477 4646 2573 4716 qui
2604 4647 2780 4700 Vetus
2810 4644 3026 4700 laniant
3069 4646 3509 4714 Testamentum,

1922 4742 2114 4793 tamen
2140 4752 2235 4789 eos
2246 4735 2439 4805 aliqua
2450 4751 2518 4789 ex
2529 4741 2689 4805 parte
2699 4735 2995 4799 ferremus,
3008 4734 3056 4788 si
3073 4736 3272 4792 saltem
3288 4736 3346 4791 in
3360 4737 3515 4791 Novo

1923 4824 2487 4881 continerentmanus
2508 4841 2660 4887 suas,
2682 4829 2740 4878 et
2775 4838 2889 4878 non
2916 4824 3428 4885 auderentﬂhristi,
3452 4832 3516 4879 ut

1924 4913 2030 4983 ipsi
2038 4914 2320 4983 iactitant,
2346 4912 2474 4968 boni
2515 4912 2614 4968 Dei
2638 4912 2764 4968 Filii
2786 4913 2869 4969 vel
2888 4913 3262 4982 evangelista
3285 4911 3509 4979 violare,

211 5012 457 5061 struens
493 5021 648 5069 eum,
673 5010 736 5061 ut.
761 5021 833 5061 ne
864 5004 998 5074 quid
1024 5004 1221 5074 pietati
1246 5004 1591 5060 contrarium
1611 5004 1843 5073 autipse
1859 4992 1907 5049 D
1927 5003 2008 5055 vel
2040 5003 2339 5072 apostolos.
2374 5003 2535 5057 Nunc
2562 5001 2713 5057 enim
2746 5018 2874 5057 cum
2903 5001 3337 5071 Evangeliaejus
3353 5002 3516 5056 dissi-

206 5094 480 5155 doceret,
524 5097 625 5147 aut
659 5092 801 5150 alios
854 5099 1145 5162 pateretur
1182 5092 1463 5146 docentes.
1505 5092 1759 5161 Denique
1787 5099 1845 5145 et

212 5184 473 5239 [mutam
511 5181 941 5239 similitudinem
970 5182 1087 5239 huic
1103 5181 1353 5253 Epistola
1368 5182 1436 5237 ad
1459 5182 1613 5237 illam
1628 5181 1845 5234 videtur

208 5269 437 5329 habere
476 5269 812 5338 Epistolam.
846 5271 990 5325 Nam
1016 5276 1074 5325 et
1099 5286 1215 5328 una
1244 5286 1415 5329 causa
1440 5275 1581 5334 erat,
1606 5286 1705 5339 pro
1735 5284 1847 5339 qua

207 5366 267 5413 et
297 5361 379 5417 ad
414 5360 605 5415 istum
624 5365 686 5415 et.
713 5360 783 5413 ad
804 5359 962 5417 illum
991 5358 1287 5417 scribebat.
1321 5359 1555 5415 Dilferm
1580 5375 1711 5412 vero
1741 5357 1847 5413 sibi

204 5449 510 5521 Epistolae
536 5448 794 5509 videntur
821 5449 928 5505 hac
975 5449 1096 5505 sola
1141 5447 1382 5507 ratione.
1415 5464 1526 5517 qua
1553 5448 1846 5504 Timotheo

205 5539 395 5602 latins
446 5535 1430 5608 etmutinsdeomnibusscripsit;
1476 5537 1534 5594 in
1585 5537 1848 5601 hacvmn

1926 5091 2197 5162 paverint,
2218 5096 2280 5146 .et
2291 5091 2673 5160 apostolorum
2695 5091 2972 5161 Epistolas
2987 5107 3100 5145 non
3132 5090 3517 5159 apostolorum

1928 5180 2135 5236 Christi
2152 5179 2385 5237 fecerint
2407 5197 2546 5241 esse,
2587 5180 2688 5235 sed
2723 5179 2996 5251 proprias,
3038 5178 3212 5233 miror
3239 5180 3519 5249 quomodo

1927 5268 2033 5323 sibi
2051 5268 2495 5324 Christianorum
2516 5284 2722 5324 nomen
2748 5268 2999 5323 audeant
3033 5266 3335 5321 vindicare.
3359 5269 3521 5323 Nunc

1930 5374 2058 5411 vero
2069 5374 2193 5413 cum
2215 5356 2477 5413 haeretica
2489 5357 2822 5412 auctoritate
2834 5356 3203 5426 pronuntient
3217 5362 3275 5410 et
3292 5356 3483 5411 dicant
3506 5376 3517 5410 :

1929 5447 2033 5504 Illa
2050 5446 2299 5516 Epistola
2319 5444 2477 5503 Pauli
2501 5452 2604 5507 est,
2649 5446 2768 5501 hac
2796 5462 2908 5500 non
2941 5451 3061 5512 est;
3093 5463 3162 5502 ea
3188 5446 3519 5507 auctoritate

1931 5536 2110 5595 refelli
2136 5552 2197 5593 se
2217 5552 2318 5606 pro
2346 5535 2581 5593 veritate
2600 5535 2939 5606 intelligant,
2972 5552 3085 5606 qua
3108 5536 3218 5606 ipsi
3246 5551 3361 5591 non
3386 5548 3518 5588 oru-
