3868 6138
286 280 371 336 657
736 276 1312 335 ENARRATIONUM
1349 278 1428 332 IN
1464 276 1617 332 EPP.
1660 275 1874 330 PAULI
1912 274 2049 330 LIB.
2092 275 2343 330 XXV.—
2369 276 2448 330 IN
2487 276 2710 333 EPIST.
2750 277 2846 332 AD
2884 277 3023 333 TIT.
3419 278 3522 333 658

286 406 549 458 electorum
579 406 638 454 et
656 401 1033 471 cognitionem
1061 402 1371 467 veritatis,»
1389 400 1693 472 junxerit,«
1714 416 1837 470 quae
1855 402 1904 460 Α
1926 398 2076 453 Deus
2106 399 2276 452 Pater
2303 398 2593 471 sapientiae
2624 416 2738 455 sua:
2768 400 2998 456 verbum
3042 383 3230 468 suum,
3262 404 3320 455 et
3342 400 3522 472 ipsam

276 495 413 563 juxta
436 490 697 561 pietatem
725 496 828 544 est.
864 510 891 542 »
923 491 1267 545 Utrumnam
1295 492 1369 545 sit
1409 491 1597 561 aliqua
1633 489 1841 543 veritas
1925 487 2261 559 sapientiam
2304 504 2486 555 suam,
2529 494 2587 543 et
2628 489 2801 544 vitam
2857 506 3052 544 eorum
3107 490 3202 561 qui
3256 490 3521 544 credituri

284 598 384 651 quae
408 596 511 633 non
539 579 598 633 in
630 580 839 650 pietate
858 580 934 633 sit
961 579 1164 650 posita,
1184 585 1241 633 et
1264 596 1413 633 nunc
1441 579 1512 633 ad
1534 578 1843 632 distinctio-
1924 582 2104 642 erant,
2129 576 2339 630 mundo
2370 594 2492 632 esse
2528 583 2844 632 venturam.
2894 579 3210 648 Diligenter
3251 578 3525 634 attendite

282 686 387 723 nem
412 668 555 722 illius
594 667 871 722 inferatur
910 668 1157 739 cognitio
1214 668 1485 734 veritatis,
1533 684 1656 738 quae
1680 668 1841 736 juxta
1928 670 2139 720 textum
2168 670 2226 720 et
2243 665 2500 721 ordinem
2547 667 2823 733 lectionis,
2866 667 3134 739 quoniam
3160 668 3278 722 vita
3316 673 3528 722 aeterna

280 758 510 829 pietatem
543 762 631 810 est
650 757 673 810 ?
706 758 804 812 Est
832 759 998 829 plane
1019 758 1224 811 veritas
1254 775 1378 829 quae
1409 773 1523 811 non
1542 755 1712 810 habet
1728 756 1843 827 pie-
1925 770 2093 825 quam
2106 770 2220 808 non
2234 755 2474 809 mendax
2485 756 2635 811 Deus
2653 762 2784 810 ante
2797 756 3006 811 saecula
3020 761 3232 812 aeterna
3242 755 3523 828 promisit,

278 853 441 901 tatem.
473 846 531 899 Si
562 846 687 917 quis
714 847 1144 917 grammaticam
1166 852 1348 900 artem
1371 845 1698 910 noverit,vel
1727 844 1843 898 dia-
1924 859 2038 898 non
2060 842 2172 897 alia
2191 843 2266 897 sit
2284 842 2493 915 absque
2523 844 2690 899 verbo
2728 844 2851 899 Dei.
2891 863 2917 895 «
2950 845 3326 900 Manifestavit
3351 845 3523 913 enim,

277 935 497 988 lecticam
535 940 601 988 ut
638 935 913 989 rationem
942 942 1092 990 recte
1129 934 1395 1006 loquendi
1430 933 1653 999 habeat,
1686 938 1743 987 et
1760 932 1843 987 in-
1922 930 2126 1003 inquit,
2159 931 2508 1003 temporibus
2527 933 2647 987 suis
2675 932 2908 988 verbum
2931 950 3161 989 suum.»
3185 934 3332 1005 Ergo
3353 950 3524 1006 quam

274 1032 344 1076 ter
358 1023 484 1076 falsa
513 1028 573 1077 et
601 1040 735 1077 vera
776 1024 1065 1094 dijudicet.
1108 1023 1462 1078 Geometrica
1508 1039 1730 1094 quoque
1786 1027 1865 1077 et'
1923 1020 2261 1091 promiserat
2287 1021 2461 1075 vitam
2490 1027 2782 1085 aeternam,
2802 1023 2925 1097 ipsa
2943 1028 3031 1077 est
3056 1022 3307 1079 Verbum
3334 1039 3521 1090 suum,

271 1111 616 1179 arithmetica,
651 1117 709 1166 et
738 1112 955 1166 musica
981 1112 1193 1166 habent
1220 1113 1280 1166 in
1302 1128 1407 1166 sua
1434 1111 1671 1165 scientia
1693 1111 1840 1165 veri-
1925 1110 2074 1180 quod
2101 1110 2161 1163 in
2190 1110 2462 1181 principio
2484 1116 2609 1165 erat
2635 1111 2784 1182 apud
2814 1112 3067 1166 Patrem:
3096 1129 3123 1164 α
3139 1117 3198 1167 et
3224 1112 3375 1167 Deus
3404 1116 3529 1167 erat

270 1208 417 1255 tatem
450 1219 461 1253 :
494 1201 596 1255 sed
624 1217 737 1255 non
773 1207 860 1255 est
896 1201 1133 1255 scientia
1178 1201 1278 1254 illa
1319 1200 1562 1271 pietatis.
1598 1199 1843 1255 Scientia
1924 1197 2190 1265 Verbum,
2215 1204 2271 1253 et
2291 1198 2541 1254 Verbum
2569 1216 2699 1254 caro
2725 1199 2936 1255 factum
2962 1207 3051 1255 est
3077 1206 3136 1256 et
3164 1200 3440 1256 habitavit
3464 1201 3526 1256 in

270 1289 462 1360 pietatis
509 1295 597 1343 est
639 1306 867 1344 noscere
906 1291 1107 1360 legem,
1156 1289 1469 1359 intelligere
1516 1289 1838 1359 prophetas,
1924 1286 2085 1341 nobis
2117 1288 2297 1354 (Joan.
2333 1288 2387 1358 ι).
2423 1306 2449 1341 ››
2482 1288 2643 1352 Quod
2665 1294 2856 1343 autem
2882 1288 3129 1345 Verbum
3159 1289 3282 1356 Dei,
3315 1289 3421 1345 hoc
3439 1296 3526 1345 est

270 1378 542 1449 Evangelio
594 1378 823 1433 credere
842 1419 856 1445 ,
900 1379 1181 1450 apostolos
1252 1394 1364 1432 non
1434 1378 1714 1448 ignorare.
1773 1378 1844 1432 Et
1925 1375 2202 1443 Christus,
2233 1375 2351 1448 ipse
2383 1376 2458 1431 sit
2483 1377 2617 1445 vita,
2646 1377 2705 1433 in
2736 1378 2846 1432 alio
2876 1379 2997 1433 loco
3026 1383 3268 1434 testatur
3293 1379 3520 1433 dicens:

268 1485 292 1521 e
316 1467 586 1521 contrario
613 1468 776 1521 multi
791 1473 926 1522 sunt
946 1468 1043 1538 qui
1064 1467 1275 1521 habent
1294 1466 1519 1538 pietatis
1529 1483 1721 1521 veram
1746 1483 1841 1521 co-
1929 1482 1955 1516 «
1989 1465 2103 1535 Ego
2141 1481 2269 1520 sum
2296 1465 2411 1520 vita
2436 1467 2616 1534 (Joan.
2636 1476 2772 1536 XIV).
2792 1486 2818 1519 »
2842 1466 2975 1521 Vita
3010 1483 3140 1522 vero
3170 1484 3285 1523 non
3317 1466 3523 1536 brevis,

267 1556 576 1625 gnitionem,
602 1557 701 1610 sed
731 1574 843 1611 non
873 1557 1065 1611 statim
1093 1562 1150 1610 et
1176 1563 1506 1610 caeterarum
1526 1555 1754 1621 artium,
1785 1562 1842 1610 et
1922 1569 2035 1607 non
2062 1553 2345 1625 aliquibus
2374 1554 2798 1627 circumscripta
2824 1555 3193 1626 temporibus,
3218 1557 3316 1611 sed
3330 1572 3526 1628 perpe-

264 1661 430 1700 earum
448 1646 523 1699 de
546 1645 747 1716 quibus
776 1662 948 1717 supra
975 1645 1317 1699 mentionem
1356 1645 1605 1710 fecimus,
1642 1644 1902 1717 verita-h
1921 1647 2038 1710 tua,
2072 1643 2170 1697 sed
2191 1649 2403 1697 aeterna
2433 1663 2445 1696 :
2480 1660 2603 1714 quae
2632 1645 2994 1711 manifestata
3013 1650 3101 1700 est
3121 1645 3182 1699 in
3208 1644 3525 1700 novissimis

264 1743 377 1788 tem.
410 1703 750 1804 Haecigitur
776 1703 998 1801 veritas,
1031 1735 1192 1804 cujus
1215 1734 1460 1805 cognitio
1484 1703 1648 1804 juxta
1667 1703 1903 1804 pieta—B
1922 1703 2156 1797 saeculis,
2206 1748 2309 1803 per
2347 1703 2805 1803 praedicationem
2847 1750 2970 1805 quae
2997 1734 3213 1789 credita
3237 1738 3324 1788 est
3349 1734 3524 1795 Paulo

265 1829 358 1876 tem
385 1828 484 1889 est,
508 1823 573 1876 in
592 1840 691 1894 spe
718 1823 843 1877 vitae
870 1829 1091 1878 aeternae
1120 1824 1303 1894 posita
1334 1828 1452 1877 est:
1488 1822 1623 1893 quia
1649 1822 1840 1876 statim
1921 1819 2136 1874 doctori
2162 1820 2420 1891 gentium
2449 1828 2507 1876 et
2532 1822 2825 1893 magistro,
2876 1831 2942 1876 ut
2972 1822 3408 1878 annuntiaretur
3458 1823 3519 1877 in

262 1911 321 1975 ei,
341 1912 428 1982 qui
455 1929 521 1965 se
571 1913 909 1982 cognoverit,
943 1912 1238 1983 praemium
1276 1910 1477 1965 tribuit
1510 1911 1842 1965 immortali-
1921 1909 2151 1976 mundo,
2185 1915 2242 1963 et
2270 1909 2594 1964 hominibus
2637 1916 2773 1964 nota
2819 1911 2999 1976 ﬁeret,
3026 1912 3191 1981 juxta
3217 1911 3521 1982 imperium

261 2000 389 2053 tatis.
412 2000 645 2071 Absque
672 2002 885 2072 pietate
912 2017 1042 2055 vero
1062 2001 1266 2055 notitia
1310 2000 1564 2054 veritatis
1599 2000 1841 2054 delectat
1922 1998 2225 2052 Salvatoris
2244 1998 2467 2069 Dei,qui
2485 2014 2588 2053 nos
2608 1998 2790 2052 salvos
2811 2015 2932 2052 esse
2960 2000 3219 2067 voluit,id
3239 2000 3388 2071 quod
3408 1999 3524 2071 pol-

259 2089 317 2142 ad
341 2105 586 2160 praesens
606 2108 617 2142 :
634 2090 732 2143 sed
749 2089 1121 2144 aeternitatem
1142 2106 1254 2143 non
1268 2088 1439 2143 habet
1456 2088 1835 2160 praemiorum,
1918 2086 2105 2141 licitus
2124 2086 2310 2140 fuerat
2328 2086 2846 2158 implendo.Scribit
2863 2092 3055 2141 autem
3073 2088 3376 2159 Apostolus
3394 2088 3522 2143 Tito

258 2194 404 2247 quam
425 2177 693 2249 promisit
720 2196 831 2233 non
853 2178 1093 2233 mendax
1121 2179 1272 2232 Deus
1301 2184 1433 2232 ante
1463 2177 1666 2232 saecula
1681 2184 1840 2232 teter-
1884 2182 1887 2183 ⁷
1923 2192 1951 2229 ‹
1970 2175 2302 2230 charissima
2319 2175 2432 2229 ﬁlio
2457 2195 2483 2227 »
2507 2175 2656 2246 quod
2680 2175 2871 2229 Graece
2901 2174 3110 2229 dicitur
3127 2177 3332 2257 γνησίῳ
3350 2177 3522 2257 τέκνῳ

254 2283 329 2330 na,
359 2272 411 2320 et
432 2266 818 2321 manifestavit
845 2284 972 2322 eam
999 2266 1348 2338 temporibus
1380 2267 1496 2321 suis
1526 2267 1585 2321 in
1614 2266 1837 2321 Christo
1919 2270 1977 2328 et
1995 2265 2169 2319 latino
2185 2280 2441 2318 sermone
2468 2280 2583 2319 non
2599 2269 2787 2335 potest
2808 2264 3106 2335 explicari:
3131 2265 3347 2342 γνήσιος
3369 2264 3519 2318 enim

252 2356 381 2409 Jesu.
414 2357 524 2410 Cui
553 2362 744 2411 autem
774 2362 905 2411 ante
934 2356 1211 2428 promisit,
1245 2362 1303 2410 et
1330 2361 1527 2427 postea
1553 2356 1685 2410 fecit
1714 2373 1836 2410 esse
1915 2352 2021 2406 hoc
2048 2353 2232 2424 potius
2263 2358 2446 2419 sonat,
2479 2369 2607 2408 cum
2636 2353 2762 2424 quis
2790 2352 2990 2421 ﬁdelis,
3011 2358 3070 2407 et
3081 2351 3425 2424 proprius,et
3445 2359 3511 2406 ut

252 2446 610 2517 perspicuam,
642 2446 751 2500 nisi
786 2446 1077 2517 sapientiae
1115 2462 1231 2500 suae
1275 2462 1398 2516 quae
1444 2452 1568 2499 erat
1613 2462 1838 2516 semper
1918 2441 1999 2495 ita
2017 2442 2202 2496 dicam
2231 2442 2535 2512 legitimus,
2560 2443 2674 2496 sive
2702 2457 3028 2513 germanus,
3059 2441 3272 2513 absque
3296 2456 3519 2512 compa-

252 2550 362 2587 cum
390 2536 566 2589 Patre
591 2537 778 2603 (Prov.
812 2538 947 2606 VIII),
987 2552 1116 2589 cum
1160 2536 1447 2589 laetaretur
1483 2534 1617 2589 orbe
1659 2534 1836 2606 perfe-
1916 2530 2133 2585 ratione
2191 2531 2425 2585 alterius
2481 2531 2814 2602 appellatur.
2862 2532 2941 2586 Ex
2985 2547 3096 2602 quo
3153 2529 3519 2600 intelligimus

247 2630 339 2690 cto,
360 2632 413 2678 et
429 2624 716 2695 gauderet
732 2641 902 2695 super
934 2624 1065 2679 ﬁliis
1094 2623 1408 2690 hominum,
1438 2629 1496 2677 et
1512 2623 1837 2694 repromisit
1916 2619 2087 2675 fuisse
2118 2626 2177 2675 et
2201 2620 2261 2674 in
2293 2620 2423 2674 ﬁliis
2451 2620 2613 2675 Pauli
2642 2620 2946 2691 plurimam
2960 2618 3515 2690 diﬁ‘erentiam,quod

251 2730 333 2766 eos
361 2715 686 2785 quicunque
705 2714 764 2767 in
790 2714 887 2767 illa
912 2713 1180 2767 credituri
1201 2718 1405 2779 essent,
1421 2712 1710 2767 habituros
1740 2728 1834 2766 eos
1915 2708 2056 2763 alios
2112 2709 2345 2763 haberet
2398 2708 2665 2786 γνησίους,
2704 2709 2762 2763 id
2815 2713 2902 2763 est
2953 2708 3415 2780 germanissimos
3460 2714 3521 2763 et

248 2801 399 2856 vitam
413 2803 1037 2873 aeternam?Antequam
1055 2802 1206 2856 orbis
1213 2803 1430 2872 jaceret
1443 2801 1830 2867 fundamenta,
1915 2797 2021 2852 sibi
2050 2799 2380 2868 conjunctos
2406 2801 2463 2852 et
2489 2798 2558 2851 de
2578 2814 2711 2853 vero
2739 2798 3101 2853 matrimonio
3134 2814 3199 2852 ac
3239 2798 3310 2852 de
3340 2795 3519 2852 libera

243 2896 535 2962 antequam
558 2892 739 2945 maria
766 2891 1120 2957 diffunderet,
1146 2896 1366 2944 montes
1394 2895 1687 2956 statueret,
1722 2906 1834 2944 coe-
1915 2890 2239 2958 procreatos
2272 2905 2284 2940 :
2315 2887 2456 2941 alios
2475 2902 2605 2941 vero
2626 2887 2790 2957 quasi.
2808 2904 2875 2941 ex
2902 2887 3109 2942 ancilla
3145 2891 3203 2941 et
3239 2903 3307 2940 ex
3341 2886 3515 2957 Agar,

240 2978 341 3034 lum
370 2981 766 3052 suspenderet,
789 2985 1002 3034 terram
1020 2980 1241 3050 dejecta
1257 2980 1406 3034 mole
1425 2979 1832 3046 solidaret,haec
1857 3044 1892 3052 _
1914 2976 2008 3047 qui
2037 2992 2149 3030 non
2180 2981 2410 3047 possent
2447 2975 2839 3031 hereditatem
2869 2977 3121 3048 accipere
3159 2991 3291 3030 cum
3326 2973 3517 3030 libera!

240 3044 490 3138 promisit
514 3070 760 3133 Deus,in
790 3086 900 3140 quo
918 3044 1272 3123 mendacium
1301 3084 1415 3122 non
1445 3069 1682 3122 est.Non
1698 3044 1833 3138 quia
1850 3044 1895 3105 θ
1914 3044 2028 3118 filio
2049 3044 2207 3119 Isaac
2224 3064 2359 3133 (Gal.
2392 3066 2487 3133 tv).
2515 3064 2711 3119 Sermo
2733 3064 2939 3135 quippe
2960 3044 3020 3119 et
3037 3064 3316 3137 sapientia
3334 3068 3391 3117 et
3417 3064 3515 3118 do-

239 3159 400 3228 possit
427 3157 682 3223 mentiri,
719 3164 776 3210 et
804 3157 946 3212 nolit
972 3157 1031 3211 in
1077 3157 1339 3211 falsitatis
1373 3155 1541 3210 verba
1568 3172 1830 3227 prorum-
1913 3153 2111 3221 ctrina,
2145 3169 2256 3224 qua
2282 3152 2442 3207 Titus
2488 3153 2698 3208 Christi
2729 3153 2992 3208 ecclesias
3025 3152 3363 3220 instruebat,
3395 3151 3515 3208 efﬂ-

241 3263 376 3317 pere,
410 3248 515 3301 sed
549 3246 681 3318 quia
713 3247 807 3317 qui
835 3252 998 3317 pater
1030 3246 1105 3299 sit
1135 3246 1407 3312 veritatis,
1433 3245 1652 3299 nullum
1679 3245 1738 3299 in
1771 3262 1832 3300 se
1913 3242 2137 3297 ciebant
2164 3258 2293 3296 eum
2332 3241 2625 3313 pr0prium
2651 3241 2906 3313 Apostoli
2935 3242 3133 3308 filium,
3166 3248 3224 3297 et
3254 3241 3325 3296 ab
3353 3241 3509 3297 omni

237 3335 392 3390 habet
435 3336 819 3391 mendacium.
883 3336 1015 3389 Sed'
1048 3352 1151 3389 nec
1198 3336 1305 3389 hoc
1347 3334 1570 3388 silentio
1606 3340 1833 3405 praeter-
1914 3332 2154 3386 aliorum
2204 3331 2483 3385 consortio
2512 3336 2856 3402 separatum.
2890 3331 3197 3386 Videamus
3223 3335 3353 3403 post
3384 3330 3505 3385 haec

235 3426 473 3480 eundum
492 3425 889 3496 est,quomodo
909 3441 1023 3479 non
1047 3424 1286 3478 mendax
1298 3425 1604 3490 Deus,ante
1623 3430 1834 3478 aeterna
1915 3420 2063 3491 quod
2119 3420 2394 3490 sequitur,
2433 3438 2459 3471 ε(
2512 3420 2822 3473 secundum
2866 3426 3225 3488 communem
3252 3419 3443 3485 ﬁdem,
3478 3436 3506 3471 ν

234 3515 442 3578 saecula,
467 3520 743 3569 aeternam
772 3513 1135 3585 spoponderit
1159 3513 1350 3567 vitam.
1401 3512 1479 3566 Ex
1518 3528 1628 3583 quo
1670 3513 1833 3582 juxta
1915 3514 2240 3564 utrumnam
2270 3508 2522 3562 omnium
2553 3508 2649 3578 qui
2678 3508 2738 3562 in
2762 3508 2987 3563 Christo
3009 3506 3329 3573 credebant,
3361 3522 3511 3561 com-

230 3602 526 3657 historiam
560 3603 841 3657 Geneseos
866 3602 1044 3656 factus
1064 3608 1152 3656 est
1170 3602 1433 3667 mundus,
1467 3606 1526 3655 et
1553 3617 1654 3672 per
1681 3601 1826 3655 vices
1908 3614 2137 3652 munem
2156 3596 2360 3651 dixerit
2385 3596 2581 3650 ﬁdem:
2608 3612 2681 3649 an
2699 3612 3058 3650 communem
3091 3610 3255 3649 suam
3281 3599 3509 3651 tantum

232 3692 473 3746 noctium
506 3708 575 3745 ac
593 3692 898 3757 dierum,et
910 3691 1192 3746 mensium
1222 3691 1436 3761 pariter
1450 3695 1509 3744 et
1525 3706 1821 3754 annorum,
1907 3692 1966 3742 et
1990 3686 2141 3740 Titi?
2158 3685 2318 3750 Quod
2347 3683 2575 3755 quidem
2602 3684 2741 3738 mihi
2772 3684 2975 3738 melius
3020 3683 3243 3738 videtur
3267 3681 3508 3755 apostoli

228 3786 479 3853 tempora
508 3780 819 3834 constituta
856 3786 1006 3834 sunt.
1047 3782 1113 3835 In
1163 3780 1267 3834 hoc
1308 3778 1586 3833 curriculo
1616 3784 1674 3833 et
1701 3784 1827 3833 rota

229 3870 414 3924 mundi
441 3876 709 3941 tempora
745 3868 1012 3923 labuntur
1035 3874 1093 3922 et
1119 3867 1368 3934 veniunt,
1403 3873 1461 3921 et
1495 3872 1596 3921 aut
1636 3867 1829 3922 futura

226 3966 351 4013 sunt
400 3965 507 4013 aut
560 3958 808 4013 fuerunt.
834 3958 994 4012 Unde
1068 3957 1297 4029 quidam
1361 3956 1827 4028 philos0phorum

226 4062 332 4101 non
386 4053 598 4119 putant
644 4064 764 4101 esse
817 4052 1039 4117 tempus
1077 4063 1340 4117 presens,
1394 4046 1491 4099 sed
1548 4050 1648 4099 aut
1691 4061 1828 4115 prae-

226 4138 457 4192 teritum
479 4142 584 4191 aut
607 4137 896 4191 futurum:
942 4135 1075 4206 quia
1123 4151 1288 4189 omne
1319 4135 1467 4206 quod
1522 4133 1822 4204 loquimur,

225 4227 464 4295 agimus,
516 4225 850 4296 cogitamus,
884 4231 983 4279 aut
1046 4225 1181 4278 dum
1232 4225 1315 4290 ﬁt,
1348 4223 1614 4294 praeterit,
1647 4228 1748 4276 aut
1780 4222 1828 4275 si

224 4316 476 4369 nondum
514 4314 726 4368 factum
784 4319 887 4381 est,
930 4320 1336 4385 exspectamus.
1379 4314 1526 4366 Ante
1570 4311 1691 4365 bmc
1729 4310 1830 4381 igi-

225 4406 316 4456 tur
342 4404 550 4459 mundi
588 4408 864 4474 tempora,
896 4403 1270 4458 mternitatem
1312 4400 1613 4473 quamdam
1661 4416 1829 4454 saecu-

226 4491 408 4546 lorum
454 4493 631 4547 fuisse
676 4493 1017 4547 credendum
1053 4498 1157 4558 est,
1191 4490 1392 4563 quibus
1439 4506 1661 4560 semper
1699 4506 1828 4543 cum

225 4580 361 4635 Filio
394 4590 457 4637 et
483 4582 700 4653 Spiritu
730 4588 922 4636 sancto
952 4582 1124 4635 fuerit
1152 4582 1335 4646 Pater,
1351 4584 1409 4634 et
1429 4584 1496 4634 ut
1520 4579 1603 4633 ita
1621 4578 1824 4645 dicam,

227 4684 403 4724 unum
434 4677 661 4742 tempus
682 4671 782 4728 Dei
800 4675 888 4724 est
903 4670 1085 4725 omnis
1106 4669 1420 4724 aeternitas:
1441 4668 1555 4722 imo
1573 4668 1830 4721 innume-

224 4757 429 4813 rabilia
450 4765 710 4831 tempora
738 4765 889 4825 sunt,
909 4776 1036 4813 cum
1056 4758 1310 4813 inﬁnitus
1327 4757 1401 4811 sit
1427 4757 1546 4828 ipse
1574 4756 1670 4827 qui
1698 4762 1829 4810 ante

226 4852 489 4919 tempora
515 4865 682 4903 omne
720 4854 943 4919 tempus
979 4848 1212 4902 excedit.
1256 4847 1362 4902 Sex
1392 4846 1543 4900 mille
1588 4845 1829 4899 necdum

226 4938 407 4990 nostri
442 4937 592 4992 orbis
612 4938 921 5009 implentur
948 4936 1109 4991 anni:
1143 4941 1202 4990 et
1222 4941 1462 5007 quantas
1482 4935 1638 5006 prius
1664 4939 1828 4988 aeter-

228 5024 458 5093 nitates,
486 5032 699 5098 quanta
724 5033 999 5097 tempora,
1035 5032 1276 5098 quantas
1294 5025 1627 5079 saeculorum
1656 5022 1827 5092 origi-

225 5129 325 5167 nes
343 5115 522 5170 fuisse
553 5116 948 5170 arbitrandum
978 5121 1081 5181 est,
1115 5116 1174 5170 in
1203 5113 1407 5186 quibus
1438 5112 1642 5184 angeli,
1674 5111 1829 5166 thro-

227 5202 303 5261 ni.
319 5204 761 5273 dominationes,
782 5212 1105 5276 caeteraeque
1124 5204 1362 5258 virtutes
1377 5202 1673 5257 servierint
1689 5202 1822 5267 Deo,

228 5297 284 5345 et
307 5292 523 5363 absque
568 5302 890 5365 temporum
927 5293 1138 5348 vicibus
1180 5299 1349 5363 atque
1393 5291 1691 5356 mensuris,
1716 5291 1832 5344 Deo

224 5380 484 5447 jubente.
513 5383 901 5437 substiterint!
932 5384 1078 5437 Ante
1109 5382 1227 5436 haec
1255 5382 1447 5452 itaque
1469 5379 1659 5435 omnia
1683 5385 1830 5433 tem-

233 5485 391 5538 pora,
433 5487 549 5541 quae
568 5489 674 5525 nec
701 5488 885 5526 sermo
913 5471 1119 5542 eloqui,
1144 5487 1248 5525 nec
1276 5487 1438 5524 mens
1469 5468 1832 5540 comprehen-

232 5556 389 5623 dere,
426 5575 523 5614 nec
555 5561 821 5630 cogitatio
848 5560 1022 5616 tacita
1048 5560 1219 5615 audet
1247 5558 1545 5628 attingere,
1573 5556 1833 5629 promisit

1908 3774 2070 3829 Pauli
2086 3779 2145 3828 et
2160 3773 2271 3827 Titi
2292 3773 2461 3827 ﬁdem
2480 3771 2653 3828 fuisse
2672 3787 3049 3839 communem,
3064 3786 3233 3843 quam
3252 3770 3507 3825 omnium

1908 3862 2290 3929 credentium;
2321 3862 2380 3915 in
2409 3859 2612 3932 quibus
2640 3877 2742 3932 pro
2761 3865 3034 3915 varietate
3071 3858 3348 3914 mentium
3366 3858 3507 3914 ﬁdes

1909 3969 2132 4024 quoque
2155 3950 2470 4005 communis
2499 3967 2621 4005 esse
2639 3966 2753 4005 non
2781 3954 3020 4021 poterat,
3054 3948 3152 4003 sed
3173 3947 3505 4003 diversa.Ad

1909 4038 2501 4111 extremum,praefatio
2529 4038 2795 4110 Epistolas
2811 4044 2869 4093 et
2880 4037 3144 4093 salutatio
3164 4034 3507 4109 praefationis

1907 4128 2159 4200 Apostoli
2188 4128 2259 4182 ad
2276 4128 2467 4183 Titum
2498 4127 2599 4182 tali
2637 4127 2750 4181 ﬁne
2781 4125 3095 4198 completur
3119 4143 3131 4178 :
3168 4144 3191 4177 ι
3224 4122 3423 4179 Gratia
3451 4127 3510 4177 et

1909 4234 2017 4290 pax
2042 4233 2077 4271 a
2100 4218 2217 4290 Deo
2241 4217 2409 4271 Patre
2425 4221 2484 4270 et
2512 4216 2736 4271 Christo
2761 4216 2791 4270 J
2796 4231 2895 4270 esu
2926 4214 3213 4270 Salvatore
3238 4218 3452 4268 nostro.
3474 4232 3502 4265 »

1912 4307 2038 4362 Sive
2066 4306 2215 4378 quod
2244 4312 2302 4361 et
2323 4305 2509 4376 gratia
2528 4310 2587 4359 et
2599 4321 2706 4377 pax
2720 4308 2839 4359 tam
2859 4320 2895 4358 a
2909 4304 3026 4359 Deo
3046 4304 3214 4358 Patre
3231 4301 3309 4356 sit
3335 4317 3507 4372 quam

1909 4413 1945 4449 a
1974 4395 2196 4450 Christo
2225 4396 2255 4449 J
2260 4411 2378 4462 esu,
2401 4401 2459 4448 et
2484 4399 2788 4464 utrumque
2808 4392 2878 4446 ab
2898 4397 3139 4462 utroque
3162 4390 3359 4443 datum
3374 4405 3505 4460 pos-

1910 4484 1984 4539 sit
2012 4483 2248 4556 intelligi
2271 4501 2282 4536 :
2314 4483 2427 4537 sive
2441 4483 2591 4553 quod
2608 4481 2793 4552 gratia
2817 4480 2890 4535 ad
2923 4481 3170 4545 Patrem,
3201 4483 3260 4532 et
3285 4493 3394 4549 pax
3420 4494 3508 4531 re-

1908 4573 2203 4628 feraturad
2221 4571 2577 4627 Filium.Non
2586 4570 2798 4641 absque
2816 4567 3079 4639 scrupulo
3097 4566 3507 4621 transeundum

1910 4668 1997 4717 est
2010 4661 2160 4733 quod
2181 4659 2517 4732 quibusdam
2543 4658 2842 4730 Apostolus
2862 4656 3205 4728 imprecatus
3225 4659 3399 4722 est,ut
3426 4652 3507 4708 eis

1909 4751 2095 4822 gratia
2110 4756 2168 4805 et
2194 4767 2303 4822 pax
2324 4748 2863 4819 multiplicarentur:
2888 4762 3039 4800 nunc
3065 4761 3197 4800 vero
3217 4744 3290 4799 ad
3316 4744 3508 4798 Titum

1910 4856 2017 4912 pax
2046 4845 2105 4893 et
2127 4838 2313 4909 gratia
2340 4838 2460 4892 sine
2479 4835 2943 4908 multiplicatione
2984 4835 3101 4889 sint
3135 4834 3349 4906 positae.
3386 4832 3508 4887 Noe

1909 4928 1995 4984 vir
2029 4930 2220 5000 justus
2247 4933 2306 4982 et
2334 4943 2365 4981 e
2403 4927 2675 4995 naufrago
2717 4923 2851 4979 orbe
2894 4925 3046 4979 solus
3089 4927 3361 4989 servatus,
3394 4936 3509 4975 non

1910 5018 2118 5073 dicitur
2173 5018 2362 5088 plures
2416 5014 2649 5086 gratias,
2698 5014 2796 5068 sed
2842 5029 3016 5068 unam
3064 5011 3307 5083 gratiam
3351 5010 3507 5063 inve-

1910 5108 2062 5162 nisse
2091 5107 2151 5161 in
2180 5109 2479 5176 conspectu
2508 5103 2629 5158 Dei.
2648 5103 2719 5158 Et
2736 5104 2920 5158 Moses
2940 5101 3012 5156 ad
3040 5099 3365 5164 Dominum,
3399 5115 3427 5149 α
3458 5098 3508 5152 si

1912 5196 2119 5263 inveni,
2170 5193 2373 5265 inquit,
2429 5192 2673 5263 gratiam
2715 5191 2865 5265 apud
2923 5196 2999 5245 te.
3054 5208 3082 5241 r
3126 5185 3511 5243 Perfectorum

1916 5285 2120 5358 quippe
2152 5289 2238 5338 est
2263 5297 2435 5337 unam
2484 5280 2850 5351 margaritam
2878 5284 2936 5335 et
2970 5293 3148 5334 unum
3177 5275 3510 5331 thesaurum

1914 5372 2174 5429 omnibus
2199 5369 2524 5441 margaritis
2554 5374 2612 5423 et
2628 5369 2801 5423 totius
2828 5365 3158 5423 substantia:
3183 5380 3301 5420 suae
3321 5378 3509 5418 emere

1914 5461 2249 5519 commercio
2282 5480 2294 5515 :
2329 5457 2718 5530 incipientium
2745 5473 2878 5512 vero
2901 5462 2961 5511 et
2998 5455 3184 5511 adhuc
3213 5453 3273 5510 in
3308 5452 3511 5507 itinere

1914 5549 2461 5625 positorum,nedum
2479 5563 2653 5602 unam
2673 5553 2734 5602 et
2747 5547 2925 5603 solam
2946 5542 3275 5612 habere,sed
3295 5541 3506 5612 plures.
