3866 6158
373 273 475 328 659

869 317 872 320 .
956 273 1018 328 B.
1061 271 1332 334 RABANI
1372 269 1602 334 MAURI
1647 269 1964 334 ARCHIEP

2050 268 2350 333 [OGUN‘P
2395 265 2692 333 OPERUM
2729 267 2916 332 PARS
2951 267 3052 332 ῙῙῘ.

3489 279 3578 335 660

448 415 473 450 α
511 399 692 470 Hujus
719 399 797 452 rei
827 400 1011 469 gratia
1039 401 1240 470 reliqui
1272 406 1328 454 te
1357 403 1556 465 Crctm,
1595 425 1618 455 »
1650 410 1714 458 ut
1745 421 1812 458 ea
1841 399 2328 474 qumAmunionis
2358 385 2593 472 implere
2631 401 2894 456 cilicium.
2929 402 3046 456 Hoc
3070 417 3196 455 vero
3217 402 3428 472 implere
3443 408 3579 474 pote-

373 488 610 542 deerant
636 489 961 556 corrigeres.
985 486 1317 560 Apostoiicze
1343 492 1634 561 dignitatis
1661 498 1748 546 est
1777 494 1962 547 Eccle-

375 577 472 632 sia)
487 579 675 648 jacere
709 577 1157 641 fundamentum,
1193 581 1339 650 quod
1377 597 1543 634 nemo
1581 587 1762 652 potest
1799 598 1964 652 pone-

369 678 450 730 re,
483 666 592 718 nisi
643 666 1000 720 architectus.
1037 688 1060 717 (ι
1114 663 1564 724 Fundamentum
1614 676 1803 724 autem
1851 686 1962 726 non

368 759 456 808 est
485 755 638 812 aliud
668 761 874 824 prater
910 755 1198 811 Christum
1231 759 1440 812 Iesum.
1475 777 1502 809 »
1535 759 1643 823 Qui
1670 760 1962 814 inferiores

367 839 617 896 artiﬁces
646 841 796 912 sunt,
831 843 888 898 hi
917 841 1154 916 possunt
1199 848 1348 901 mdes
1393 855 1562 918 super
1597 850 1962 904 fundamenta

368 937 714 989 construere.
749 933 956 988 Paulus
989 935 1178 1005 itaque
1195 941 1261 989 ut
1279 937 1502 1008 sapiens
1521 937 1876 1000 architectus,
1905 925 1964 992 et

377 1021 484 1074 hoc
511 1021 666 1076 omni
693 1015 885 1093 iabpre
908 1025 1266 1092 contendens,
1301 1035 1374 1079 ne
1400 1027 1457 1079 in
1485 1027 1813 1098 praeparatis
1838 1029 1960 1097 glo-

367 1110 628 1176 riaretur,
645 1112 743 1166 sed
771 1113 866 1166 ubi
896 1113 1135 1168 necdum
1165 1111 1419 1169 Christus
1445 1115 1631 1170 fuerat
1658 1117 1961 1171 annuntia-
1991 1169 2004 1176 .

367 1205 480 1266 tus,
514 1196 810 1271 postquam
861 1202 1004 1256 dura
1035 1204 1387 1258 Cretensium
1438 1206 1507 1258 ad
1545 1205 1750 1259 Christi
1794 1207 1960 1260 fidem

367 1289 540 1342 corda
568 1286 866 1356 mollierat,
897 1297 953 1344 et
979 1297 1097 1345 tam
1131 1302 1390 1346 sermone
1419 1299 1589 1365 quam
1623 1294 1798 1364 signis
1828 1295 1961 1348 edo-

369 1383 609 1434 muerat.
634 1383 694 1432 et
708 1375 1006 1434 aduenerat
1027 1394 1121 1435 eos
1145 1389 1257 1436 non
1278 1383 1336 1435 in
1359 1383 1718 1436 vernaculum
1745 1383 1958 1449 Jovem,

365 1465 462 1524 sed
483 1467 542 1520 in
562 1467 740 1521 Deum
761 1469 1008 1534 Patrem,
1023 1475 1079 1524 et
1096 1471 1154 1524 in
1169 1471 1453 1525 Christum
1483 1472 1965 1543 credere,reliquit

367 1555 555 1614 Titum
597 1550 937 1627 discipulum
997 1560 1196 1625 Oretas,
1222 1564 1288 1612 ut
1323 1561 1643 1614 rudimenta
1681 1563 1962 1616 nascentis

2047 495 2134 545 rat
2165 507 2230 545 ex
2269 491 2582 562 presbyteri
2632 491 3004 557 ordinatione,
3046 493 3139 560 qui
3176 492 3582 546 convenientibus

2044 581 2156 635 illis
2197 581 2484 651 disputare
2539 595 2604 634 ac
2643 581 2844 634 docere
2885 593 2978 634 eos
3021 585 3236 650 poterat
3267 581 3330 634 de
3367 580 3444 634 his
3481 594 3584 652 quae

2044 670 2259 724 discere
2289 687 2383 723 eos
2402 669 2786 722 conveniebat.
2811 659 2970 723 Unde
2990 674 3046 721 et
3073 669 3130 722 in
3151 669 3395 739 presenti
3413 669 3586 723 borum

2044 759 2398 814 solummodo
2427 765 2513 812 est
2543 764 2984 822 memoratus,eo
3011 748 3156 828 quod
3185 757 3252 811 ob
3280 759 3414 812 hanc
3436 757 3588 828 ipsam

2043 863 2271 901 causam
2293 848 2598 918 plurimum
2619 847 2881 901 utilitatis
2895 845 2952 901 in
2974 846 3252 900 communi
3269 848 3464 917 possint
3483 855 3590 900 con-

2043 937 2205 990 ibrre.
2237 937 2306 990 Et
2357 933 2585 1008 quidem
2639 936 2866 989 evidens
2907 941 3009 1001 est,
3059 935 3314 1006 quoniam
3340 941 3394 989 et
3430 935 3589 990 ceteri

2043 1031 2206 1080 erant
2261 1021 2580 1089 necessarii,
2623 1025 2718 1095 qui
2767 1025 2935 1078 simul
2966 1025 3024 1078 in
3077 1024 3265 1078 Ordine
3301 1024 3591 1078 clericorum

2044 1131 2208 1169 suum
2250 1114 2494 1168 officium
2541 1115 2858 1184 implerent,
2891 1127 2994 1184 per
3020 1129 3158 1184 quos
3186 1113 3433 1184 explicari
3457 1119 3593 1183 pote-

2045 1209 2176 1257 rant
2203 1199 2299 1257 illa
2323 1218 2446 1273 quae
2486 1203 2558 1256 ad
2604 1211 2959 1256 communem
3002 1201 3278 1273 pertinent
3302 1201 3590 1255 utilitatem.

2043 1283 2257 1347 Deinde
2274 1293 2443 1346 iterat
2471 1283 2608 1346 illud
2641 1292 2789 1361 quod
2819 1291 3056 1355 dixerat,
3093 1309 3120 1341 ε(
3149 1291 3290 1344 sicut
3313 1307 3410 1360 ego
3435 1291 3598 1360 praeci~

2044 1382 2135 1452 pio
2156 1381 2277 1447 tibi,
2315 1397 2340 1431 »
2382 1382 2588 1434 docens
2619 1381 2814 1450 quales
2853 1380 3095 1434 debeant
3132 1378 3428 1450 presbyteri
3466 1379 3596 1432 ordi-

2045 1471 2188 1524 nari.
2227 1483 2252 1520 (ε
2287 1470 2344 1524 Si
2369 1471 2494 1540 quis
2514 1475 2706 1525 autem
2735 1469 2858 1522 sine
2885 1469 3122 1522 crimine
3137 1473 3238 1530 est,
3265 1488 3290 1520 »
3321 1468 3410 1538 qui
3428 1483 3525 1520 non
3546 1483 3598 1520 ex

2043 1560 2278 1613 crimine
2327 1564 2700 1630 peccatorum,
2737 1559 2832 1612 sed
2871 1565 2936 1611 ex
2971 1557 3098 1612 vitae
3127 1574 3244 1611 sure
3285 1557 3600 1626 cognoscitur

368 1638 630 1698 Ecclesiae
673 1645 1054 1712 conﬁrmaret,
1087 1653 1144 1703 et
1180 1649 1227 1701 si
1256 1649 1390 1718 quid
1423 1650 1716 1704 videba’tdr
1745 1650 1956 1717 deesse,
1987 1648 2386 1718 Hintegritate,
2430 1647 2512 1700 ita
2557 1652 2624 1702 ut
2662 1647 2785 1717 ipsa
2822 1657 2952 1700 vera
2983 1647 3203 1701 ratione
3241 1647 3357 1700 sine
3397 1645 3602 1698 crimine

364 1733 686 1803 corrigeret,
739 1729 857 1804 ipse
891 1745 1130 1806 pergens
1163 1737 1234 1790 ad
1265 1717 1405 1792 alias
1431 1739 1706 1802 nationes,
1742 1742 1804 1793 ut
1829 1717 2022 1793 ταν-Β
2043 1717 2182 1790 esse
2225 1740 2611 1807 cognoscatur,
2657 1731 2852 1790 omnes
2895 1736 3357 1790 calumniatorum
3402 1733 3601 1787 insidias

365 1834 490 1876 sum
521 1823 580 1876 in
611 1824 691 1876 eis
711 1824 920 1877 Christi
959 1823 1172 1895 jaceret
1201 1827 1649 1882 fundamentum.
1683 1829 1840 1893 Quod
1864 1842 1960 1882 au-

363 1916 480 1965 tem
511 1911 608 1977 ait,
647 1927 671 1962 ε
697 1913 762 1966 ut
801 1924 868 1968 ea
899 1925 1024 1984 quae
1071 1915 1307 1970 deerant
1344 1918 1672 1987 corrigeres,
1710 1937 1736 1970 »
1768 1921 1956 1972 osten-

365 1994 450 2054 dit
476 2000 714 2055 necdum
743 2003 814 2055 ad
835 2003 1061 2073 plenam
1087 1997 1306 2058 venisse
1333 2006 1626 2060 scientiam
1655 2007 1908 2060 veritatis
1939 2026 1950 2060 :

2043 1841 2332 1896 superans.

2115 1933 2140 1964 «
2173 1915 2409 1986 Oportet
2459 1914 2610 1968 enim
2653 1914 2974 1984 episcopum
3031 1913 3154 1966 sine
3217 1912 3440 1966 crimine
3481 1927 3598 1975 esse,

2037 2009 2308 2075 tanquam
2333 2003 2436 2058 Dei
2467 2003 2931 2074 dispensatorem.
2955 2019 2980 2052 »
3008 1999 3206 2066 (men)
3229 2001 3378 2056 Idem
3398 2005 3605 2070 estergo

365 2091 424 2144 et
445 2084 576 2144 licet
588 2089 658 2144 ab
683 2092 950 2162 Apostolo
980 2093 1214 2146 correcti
1234 2093 1662 2160 fuerint,tamen
1673 2095 1855 2150 adhuc
1876 2096 1958 2149 in-
2039 2092 2333 2164 presbyter
2346 2093 2442 2163 qui
2458 2098 2516 2146 et
2527 2089 3215 2162 episcopus,etantequam
3227 2089 3423 2144 diaboli
3437 2089 3606 2144 inmin-

365 2177 556 2248 digere
585 2179 1139 2235 correctibneDmne
1168 2186 1358 2237 autem
1375 2171 1522 2252 quod
1543 2183 1959 2253 corrigiturim-
2039 2187 2133 2236 ctu
2163 2182 2352 2236 studia
2378 2183 2437 2235 in
2459 2181 2730 2250 religione
2757 2182 2976 2246 ﬁerent,
3004 2187 3062 2234 et
3080 2179 3359 2234 diceretur
3376 2179 3432 2234 in
3458 2193 3607 2250 popu-

360 2267 670 2338 peribctum
698 2270 1056 2340 est.(Ambr.)
1075 2266 1228 2324 Bene
1245 2271 1824 2342 dixitaquaadesuntz»
1849 2274 1958 2326 nisi
2041 2271 2110 2325 lis
2145 2289 2156 2324 ε
2195 2290 2220 2322 ε(
2255 2267 2368 2341 Ego
2390 2278 2514 2324 sum
2533 2271 2711 2336 Pauli,
2737 2285 2840 2340 ego
2857 2269 3074 2339 Apollo,
3103 2278 3207 2338 ego
3224 2273 3406 2322 autem
3432 2267 3608 2338 Cepha-

363 2356 594 2426 pietatis
611 2357 760 2416 ratio
777 2357 1038 2415 omnibus
1067 2363 1190 2412 erat
1204 2360 1420 2416 tradita
1447 2360 1517 2414 ab‘
1554 2363 1840 2431 Apostolo,
1867 2375 1957 2416 re-
2039 2361 2095 2431 (Ι
2122 2361 2241 2414 Uor.
2277 2364 2336 2426 ι),
2383 2379 2408 2411 ››
2449 2359 2734 2414 communi
2768 2357 3223 2429 presbyterorum
3269 2353 3487 2411 consilio
3527 2355 3608 2408 Ec-

360 2444 548 2499 stabat
573 2451 640 2501 ut
667 2445 1010 2516 dispensatio
1030 2455 1166 2517 erga
1193 2449 1482 2503 credentes
1512 2449 1857 2520 impleretur,
1881 2452 1962 2505 ita
2043 2449 2226 2504 clesizr
2245 2445 2726 2520 gubernabantur.
2757 2448 3063 2518 Postquam
3093 2454 3226 2500 vero
3259 2445 3611 2516 unusquisque

361 2539 427 2588 ut
444 2539 503 2588 et
526 2527 598 2589 ad
625 2543 961 2592 consensum
999 2529 1416 2592 iusti-uerentur
1444 2543 1545 2608 per
1579 2539 1962 2594 ordinationes
2043 2555 2136 2592 eos
2161 2553 2300 2608 quos
2329 2537 2707 2608 baptizaverat
2721 2553 2851 2590 suos
2869 2550 2989 2590 esse
3005 2535 3260 2606 putabat,
3279 2548 3388 2588 non
3407 2531 3606 2598 Christi,

362 2615 784 2690 ecclesiasticas,
819 2627 878 2677 et
903 2634 1028 2694 quae
1054 2625 1128 2679 sit
1153 2625 1424 2680 correctio
1463 2629 1778 2682 necessaria
1819 2629 1958 2683 insi-
2042 2627 2100 2680 in
2129 2631 2249 2680 toto
2279 2625 2412 2680 orbe
2459 2627 2744 2679 decretum
2777 2631 2880 2689 est,
2932 2629 2996 2678 ut
3022 2635 3172 2682 unus
3203 2625 3272 2677 de
3302 2621 3610 2694 presbyteris

361 2717 518 2764 ﬂuat.
557 2725 582 2761 α
615 2711 686 2766 Et
710 2711 1019 2768 constituas
1045 2729 1147 2784 per
1173 2715 1424 2769 civitates
1454 2716 1828 2787 presbyteros,
1857 2718 1960 2772 sic-
2043 2716 2251 2769 electus
2280 2719 2756 2786 superponeretur
2771 2713 3005 2778 ceteris,
3029 2713 3102 2766 ad
3118 2729 3286 2784 quem
3304 2712 3476 2766 omnis
3493 2721 3610 2764 cura

361 2804 428 2855 ut
483 2807 590 2870 ego
640 2799 744 2854 tibi
782 2795 1051 2872 disposui.
1089 2819 1114 2853 ιι
1171 2805 1368 2873 (Πίον.)
1405 2805 1653 2859 Audierit
1689 2807 1952 2878 episcopi,
2042 2804 2299 2858 Ecclesiae
2327 2803 2654 2874 pertineret,
2678 2807 2736 2856 et
2763 2803 3132 2856 schismatum
3153 2803 3367 2855 semina
3382 2801 3612 2854 tolleren-

367 2888 462 2958 qui
481 2887 694 2945 habent
726 2889 1105 2944 constituendi
1135 2891 1491 2964 presbyteros
1527 2901 1628 2964 per
1650 2893 1819 2948 urbes
1850 2893 1960 2948 sin-
2041 2899 2153 2946 tur.
2189 2893 2356 2946 Putet
2382 2892 2586 2962 aliquis
2626 2900 2737 2945 non
2788 2889 3228 2961 Scriptu‘rarum,
3261 2891 3357 2943 sed
3387 2893 3608 2943 noctium

363 2977 530 3046 gulae
555 2982 914 3048 potestatein,
939 2979 1042 3033 sub
1073 2976 1223 3052 quali
1253 2981 1378 3051 lege
1415 2983 1804 3038 ecclesiasticae
1833 2996 1961 3038 con.
1983 3037 2022 3052 Α
2043 2995 2166 3035 esse
2193 2982 2551 3044 sententiam,
2591 2981 2910 3051 episcopum
2958 2985 3018 3033 et
3045 2979 3430 3051 presbyterum
3457 2990 3610 3032 unum

367 3037 678 3120 stitutionis
706 3068 844 3122 ordo
864 3037 1154 3126 teneatur:
1190 3083 1294 3124 nec
1307 3037 1513 3142 putent
1533 3072 1770 3142 apostoli
1789 3037 1958 3128 verba
1979 3037 2024 3098 ϐ
2040 3081 2180 3136 esse,
2202 3076 2259 3124 et
2284 3071 2437 3124 aliud
2457 3037 2660 3136 aetatis,
2697 3037 2846 3123 aliud
2879 3079 3000 3122 esse
3026 3037 3236 3122 nomen
3263 3068 3424 3122 ofﬁcii
3457 3085 3467 3118 :
3491 3066 3611 3118 rele-

365 3164 505 3218 esse,
539 3147 638 3210 sed
666 3156 892 3222 Christi,
931 3157 1028 3228 qui
1067 3159 1136 3212 ad
1167 3159 1471 3230 discipulos
1499 3161 1576 3214 ait
1611 3181 1622 3214 :
1661 3177 1686 3212 (ι
1726 3162 1833 3226 Qui
1864 3178 1959 3216 vos
2038 3165 2137 3230 gat
2164 3159 2416 3230 Apostoll
2439 3159 2510 3212 ad
2540 3158 2926 3228 Philippenses
2947 3157 3119 3212 verba
3137 3157 3401 3212 dicentis:
3433 3173 3458 3207 cc
3488 3153 3613 3209 Pau-

363 3243 598 3314 spernit,
621 3255 713 3298 me
741 3244 956 3316 spernit
986 3259 997 3298 2
1032 3248 1126 3318 qui
1149 3253 1338 3303 autem
1362 3265 1451 3304 me
1477 3249 1710 3320 spernit,
1746 3251 1962 3321 spernit
2041 3249 2127 3302 lus
2157 3241 2214 3301 et
2239 3248 2568 3320 Timotheus
2586 3247 2730 3300 servi
2751 3247 2959 3300 Christi
2979 3248 3008 3300 J
3013 3263 3131 3312 esu,
3157 3247 3410 3301 omnibus
3429 3243 3612 3298 sanctis

364 3341 495 3386 eum
525 3333 622 3403 qui
647 3343 738 3393 me
767 3333 924 3388 misit
952 3337 1098 3395 (Luc.
1123 3340 1199 3404 χ).
1222 3355 1248 3390 »
1274 3337 1364 3392 Sic
1385 3342 1460 3404 et,
1487 3355 1512 3388 (ι
1540 3340 1634 3408 qui
1651 3355 1748 3392 vos
1777 3339 1952 3405 audit,
2043 3337 2098 3390 in
2129 3337 2352 3390 Christo
2381 3337 2513 3390 Jesu
2543 3335 2638 3406 qui
2667 3341 2801 3390 sunt
2820 3327 3094 3406 Philippis
3123 3351 3252 3389 cum
3281 3333 3536 3406 episcopis
3563 3337 3614 3384 ei

363 3432 458 3474 me
483 3417 644 3475 ludit
675 3439 686 3473 :
723 3423 819 3492 qui
853 3428 1043 3477 autem
1070 3439 1162 3478 me
1185 3426 1362 3488 audit,
1397 3426 1557 3479 audit
1584 3443 1713 3480 eum
1745 3425 1841 3497 qui
1869 3443 1958 3482 me
2041 3425 2520 3480 diaconis.Gratia
2544 3424 2698 3478 vobis
2725 3430 2782 3478 et
2802 3425 2926 3495 par,
2947 3444 2974 3476 ›)
2991 3429 3052 3477 et
3079 3425 3318 3496 reliqua.
3340 3425 3544 3494 (Philip.
3563 3425 3613 3488 ι.)

365 3507 523 3562 misit
557 3503 768 3582 (Ibid).
786 3526 812 3562 ιι
846 3511 924 3565 Ex
954 3521 1065 3582 quo
1081 3504 1438 3567 manifestum
1461 3519 1548 3568 est
1567 3525 1662 3569 eos
1693 3515 1962 3586 qui,Apo-
2043 3513 2314 3584 Philippis
2341 3529 2457 3568 una
2484 3511 2722 3568 esturbs
2764 3513 3124 3577 Macedoniae,
3155 3518 3216 3566 et
3241 3519 3391 3567 certe
3427 3513 3480 3565 in
3518 3522 3617 3563 una

365 3598 494 3651 stoli
541 3598 665 3668 lege
714 3605 1056 3670 contempta,
1089 3602 1528 3656 ecclesiasticum
1565 3605 1804 3673 gradum
1848 3612 1961 3658 non
2043 3603 2503 3673 civitate/plures,
2536 3610 2600 3656 ut
2626 3607 3043 3672 nuncupantur,
3079 3602 3330 3672 episcopi
3358 3615 3474 3654 esse
3518 3605 3614 3651 non

364 3685 568 3740 merito
594 3688 872 3742 voluerint
917 3689 1082 3742 alicui
1129 3680 1364 3756 deferre,
1399 3692 1494 3744 sed
1540 3693 1744 3762 gratia,
1767 3698 1964 3746 contra
2045 3696 2324 3763 poterant.
2351 3691 2459 3745 Sed
2491 3691 2624 3760 quia
2661 3691 2888 3744 eosdem
2941 3691 3234 3762 episcopos
3261 3686 3358 3744 illo
3393 3695 3620 3758 tempore

367 3768 652 3830 Christum
682 3777 884 3843 facere,
928 3777 1022 3848 qui
1069 3779 1252 3848 qualis
1289 3780 1348 3833 in
1390 3777 1634 3834 Ecclesia
1671 3781 1968 3852 presbyter
2047 3795 2187 3851 quos
2199 3785 2254 3834 et
2267 3780 2622 3852 presbyteros
2633 3778 3624 3864 appellabantpmptereainclinaren-

367 3864 794 3919 constituendus
821 3865 912 3930 sit,
938 3878 1041 3936 per
1065 3867 1394 3936 Apostolum
1417 3875 1581 3923 suum
1603 3869 1661 3922 in
1684 3871 1965 3939 sequenti-
2043 3876 2132 3923 ter
2161 3869 2230 3923 de
2259 3869 2532 3940 episcopis
2551 3869 2710 3939 quasi
2740 3867 3082 3940 presbyteris
3100 3875 3190 3922 est
3211 3865 3622 3923 locutus.Adhuc

367 3952 474 4006 bus
500 3959 794 4007 exsecutus
822 3959 926 4007 est.
968 3955 1152 4011 Moses
1193 3956 1407 4010 amicus
1435 3956 1556 4022 Dei,
1589 3957 1678 4010 cui
1724 3959 1864 4012 facie
1893 3959 1963 4014 ad
2046 3959 2214 4013 alicui
2235 3959 2338 4012 hoc
2359 3959 2616 4012 videatur
2635 3955 2980 4027 ambiguum,
3000 3957 3107 4011 nisi
3129 3959 3310 4011 altero
3327 3952 3624 4010 testimonio

274 4059 280 4066 ’
369 4041 566 4095 faelem
605 4043 756 4100 Deus
786 4042 1003 4096 locutus
1033 4047 1136 4107 est,
1184 4044 1368 4114 potuit
1394 4045 1588 4114 utique
1622 4053 1966 4102 Successores
2048 4047 2459 4118 comprobetur.
2492 4049 2556 4100 In
2585 4047 2816 4100 Actibus
2845 4047 3231 4117 apostolorum
3263 4046 3524 4116 scriptum
3549 4045 3624 4094 est

368 4124 734 4200 principatus,
767 4129 910 4184 ﬁlios
937 4137 1070 4186 suos
1095 4131 1295 4197 facere,
1329 4137 1388 4186 et
1415 4134 1652 4203 posteris
1683 4137 1966 4206 propriam
2043 4140 2108 4207 (Α
2119 4142 2192 4190 σε..
2220 4141 2332 4201 xx),
2356 4136 2504 4207 quod
2532 4150 2658 4189 cum
2690 4136 2931 4190 venisset
2947 4136 3238 4205 apostolus
3261 4130 3464 4189 Paulus
3492 4129 3627 4185 Mile-

371 4219 688 4290 relinquere
716 4219 1052 4288 dignitatem
1084 4235 1096 4286 ;
1130 4221 1228 4274 sed
1255 4227 1555 4276 extraneas
1587 4221 1655 4277 de
1674 4224 1786 4278 alia
1816 4225 1966 4279 tribu
2046 4231 2188 4291 tum,
2209 4225 2427 4278 miserit
2448 4225 2729 4294 Ephesum
2753 4230 2808 4278 et
2830 4224 3107 4278 vocaverit
3118 4223 3480 4295 presbyteros
3495 4222 3625 4289 ejus-

369 4307 600 4378 eligimr
623 4308 806 4394 Iesus,
834 4311 899 4362 ut
925 4308 1195 4363 sciremus
1225 4311 1602 4382 principatum
1641 4313 1701 4366 in
1732 4315 2178 4410 populostem
2208 4311 2484 4377 Ecclesiae,
2517 4313 2719 4382 quibus
2747 4319 2945 4384 postea
2977 4313 3127 4366 inter
3162 4319 3369 4367 caetera
3395 4311 3465 4365 sit
3494 4310 3628 4362 locu-

371 4405 484 4450 non
512 4387 773 4468 sanguini
803 4397 1168 4453 deferendum
1213 4413 1354 4466 esse,
1402 4401 1500 4455 sed
1541 4401 1686 4456 vitae.
1719 4401 1793 4456 At
1819 4387 2140 4456 nuncutus
2173 4417 2185 4455 :
2224 4421 2250 4452 (ί
2307 4401 2593 4456 Attendite
2631 4401 2784 4456 vobis
2814 4407 2873 4455 et
2909 4403 3061 4456 omni
3091 4403 3253 4472 gregi
3302 4401 3359 4454 in'
3405 4412 3510 4470 quo
3542 4410 3626 4448 vos

373 4486 656 4542 cernimus
683 4487 957 4558 plurimus
987 4487 1132 4541 hanc
1161 4498 1280 4542 rem
1311 4489 1646 4544 beneficium
1669 4491 1870 4556 facere,
1906 4495 1968 4545 ut
2055 4509 2079 4542 (ι
2105 4491 2346 4562 Spiritus
2376 4495 2604 4544 sanctus
2633 4490 2824 4561 posuit
2867 4491 3154 4562 episcopos
3195 4505 3422 4562 pascere
3457 4485 3625 4540 Eccle-

374 4581 487 4629 non
541 4576 794 4646 quaerant
831 4587 930 4630 eos
963 4577 1059 4648 qui
1101 4581 1337 4648 possunt
1383 4579 1639 4633 Ecclesiae
1677 4579 1802 4650 plus
1837 4597 1968 4650 pro-
2056 4598 2082 4632 (ε
2130 4581 2273 4633 siam
2311 4579 2553 4643 Domini,
2611 4595 2780 4650 quam
2823 4580 3118 4650 acquisivit
3163 4595 3268 4650 per
3313 4576 3626 4647 sanguinem

375 4664 560 4730 desse,
584 4659 642 4718 in
673 4665 930 4720 Ecclesiae
971 4667 1188 4736 erigere
1209 4667 1518 4732 columnas,
1570 4669 1668 4722 sed
1717 4680 1856 4740 quos
1884 4669 1970 4722 vel
2057 4686 2083 4720 «
2110 4683 2296 4722 suum.
2335 4688 2360 4719 ι)
2407 4669 2477 4722 Et
2522 4668 2612 4722 hic
2665 4668 2988 4738 diligentius
3025 4667 3338 4734 observate,
3371 4661 3627 4738 quomodo

373 4749 481 4822 ipsi
498 4757 710 4817 amant,
742 4755 828 4806 vel
857 4769 1097 4824 quorum
1125 4760 1260 4810 sunt
1286 4747 1568 4828 obsequiis
1596 4757 1816 4812 deliniti
1850 4759 1972 4812 :vel
2051 4757 2220 4812 unius
2248 4757 2483 4812 civitatis
2530 4757 2731 4827 Ephesi
2774 4756 3132 4828 presbyteros
3184 4771 3408 4816 vocans,
3453 4757 3626 4824 post-08

375 4849 476 4910 pro
496 4839 699 4911 quibus
728 4842 1008 4911 majorum
1039 4845 1316 4915 quispiam
1345 4847 1796 4915 rogeverit,et,ut
1813 4847 1971 4900 dete—
2055 4843 2279 4900 eosdem
2311 4842 2597 4916 episcopos
2623 4845 2841 4900 dixerit.
2867 4846 2925 4899 Si
2957 4845 3082 4916 quis
3109 4847 3233 4899 vult
3259 4845 3502 4915 recipere
3517 4851 3626 4894 eam

377 4928 525 4984 riora
549 4932 784 4996 taceam,
831 4929 928 5001 qui
968 4938 1033 4986 ut
1070 4934 1255 4987 clerici
1285 4935 1488 4988 ﬁerent
1517 4928 1845 4990 muneribus
1871 4937 1973 4990 im.
2056 4935 2364 5006 Epistolam
2393 4949 2515 5004 quae
2532 4933 2636 4988 sub
2656 4935 2883 4988 nomine
2903 4934 3428 4988 PauliadHebr-aeos
3443 4928 3630 4998 scripta

376 5021 690 5090 petrarunt.
714 5019 1028 5090 Diligenter
1045 5023 1297 5092 Apostoli
1321 5024 1679 5078 attendamus
1699 5025 1864 5078 verba
1893 5025 1974 5078 di-

377 5107 560 5161 centis
585 5120 598 5160 ε
633 5123 660 5160 (ι
693 5109 768 5164 Ut
793 5109 1102 5164 constituas
1131 5127 1234 5180 per
1259 5111 1511 5166 civitates
1529 5113 1902 5184 presbyteros.
1939 5131 1966 5163 ι»

379 5195 616 5262 (Arnim)
644 5195 801 5251 Sicut
817 5203 1007 5252 autem
1039 5199 1357 5254 errantibus
1377 5201 1602 5271 pietatis
1622 5203 1867 5272 cognitio
1887 5208 1972 5256 est

376 5284 713 5348 necessaria,
739 5286 818 5340 sic
848 5291 906 5340 et
945 5287 1058 5342 illis
1103 5289 1199 5359 qui
1245 5290 1607 5344 crediderunt
1657 5292 1972 5346 necessaria

377 5384 499 5427 esse
521 5372 742 5426 videtur
765 5377 1129 5431 commonitio
1176 5378 1420 5448 pietatis.
1463 5379 1610 5450 quod
1663 5395 1776 5434 non
1807 5380 1974 5436 aliter

378 5461 501 5515 ﬁeri
534 5466 735 5531 potest,
765 5463 873 5518 nisi
903 5480 1098 5521 omnes
1117 5466 1174 5520 in
1197 5476 1370 5521 unum
1391 5469 1974 5540 conveniant,sintque

375 5549 448 5604 ad
485 5550 590 5604 hoc
629 5551 766 5605 certi
809 5553 990 5620 electi,
1021 5557 1116 5625 qui
1149 5556 1368 5627 possint
1397 5571 1501 5610 sua
1532 5556 1788 5612 doctrina
1813 5573 1970 5612 com-

2055 5029 2159 5088 est,
2175 5029 2233 5076 et
2251 5021 2326 5074 ibi
2342 5023 2634 5093 aequaliter
2651 5023 2798 5076 inter
2817 5023 3006 5094 plures
3027 5023 3286 5080 Ecclesiae
3303 5033 3437 5079 cura
3453 5014 3628 5072 dividi-

2053 5118 2166 5166 tur.
2183 5111 2240 5166 Si
2263 5111 2489 5181 quidem
2505 5112 2574 5164 ad
2590 5111 2807 5182 plebem
2830 5111 3037 5165 scribit:
3049 5112 3284 5164 «Parata
3303 5103 3627 5181 principibus

2058 5219 2084 5252 (ί
2114 5200 2313 5254 vestris
2344 5206 2402 5254 et
2432 5199 2668 5270 subjecti
2699 5206 2877 5254 estote
2903 5218 2915 5252 :
2949 5200 3057 5271 ipsi
3094 5215 3246 5254 enim
3277 5203 3411 5253 sunt
3437 5194 3526 5266 qui
3554 5189 3627 5242 vi-

2060 5306 2081 5340 ι
2105 5291 2286 5360 gilant
2309 5305 2410 5360 pro
2429 5289 2724 5343 animabus
2751 5290 2972 5350 vestris,
3010 5289 3168 5360 quasi
3204 5287 3476 5341 rationem
3509 5278 3624 5334 red-

2057 5397 2085 5432 α
2114 5380 2329 5442 dentes,
2362 5394 2432 5432 ne
2453 5379 2798 5449 suspirantes
2839 5379 2942 5432 hoc
2971 5378 3194 5440 faciant,
3231 5375 3505 5446 siquidem
3533 5370 3628 5421 hoc

2058 5486 2084 5520 α
2109 5467 2247 5521 utile
2297 5467 2450 5520 vobis
2499 5471 2600 5520 est.
2638 5483 2664 5519 ι
2701 5467 2768 5520 Et
2797 5467 3014 5524 Petrus.
3043 5467 3138 5538 qui
3184 5481 3250 5519 ex
3299 5463 3426 5518 ﬁdei
3471 5455 3626 5514 ﬁrmi-

2054 5562 2172 5611 tate
2222 5570 2426 5613 nomen
2481 5555 2711 5626 accepit,
2743 5555 2803 5609 in
2833 5556 3085 5627 Epistola
3121 5567 3225 5608 sua
3257 5551 3502 5624 loquitur
3545 5544 3624 5598 di-
