3868 6138
246 311 328 368 661

657 308 1234 368 ENARRATIONUM
1270 310 1349 366 IN
1389 309 1542 367 EPP.
1585 307 1798 366 PAULI
1842 310 1978 366 LIB.
2022 310 2189 366 XXV.
2244 339 2308 350 —-
2364 311 2442 364 IN
2482 307 2704 366 EPIST.
2747 309 2844 364 AD
2880 310 3016 364 TIT.

3379 310 3482 366 66‘2

247 451 387 492 cens:
413 452 438 485 (ι
467 431 823 504 Presbyteros
847 449 982 502 ergo
997 433 1056 488 in
1077 432 1232 488 vobis
1259 431 1488 488 obsecro
1517 449 1804 504 compres-
1823 436 1865 493 Α
1887 433 1944 486 la
1969 433 2180 504 peccati
2227 433 2568 488 conscientia
2615 433 2957 488 mordeatur.
2993 434 3286 498 Quomodo
3332 436 3483 492 enim

246 525 383 593 byter
399 528 453 575 et
468 521 624 576 testis
645 521 853 576 Christi
873 521 1217 592 passionum,
1235 522 1330 592 qui
1351 527 1409 575 et
1437 523 1560 590 ejus
1587 522 1799 591 gloriae,

247 630 348 685 qua
373 613 426 665 in
457 611 707 666 futurum
745 611 1042 666 revelanda
1071 616 1158 665 est
1190 610 1374 664 socius
1413 627 1559 676 sum,
1594 611 1802 681 pascite

243 719 350 757 eum
377 700 464 771 qui
481 700 538 757 in
564 699 719 752 vobis
747 705 834 754 est
857 716 1088 769 gregem
1111 699 1352 766 Domini,
1372 716 1486 756 non
1495 700 1656 770 quasi
1673 717 1802 756 cum

243 790 555 853 necessitate,
587 788 686 844 sed
714 789 1028 844 voluntarie
1060 791 1108 855 (1
1132 791 1277 846 Patr.
1324 791 1394 857 ν).
1431 808 1457 840 ››
1499 789 1630 844 Haec
1679 806 1804 860 pro-

239 885 421 950 pterea,
434 883 496 932 ut
511 877 934 934 ostenderemus
953 877 1100 948 apud
1123 883 1342 934 veteres
1365 878 1590 932 eosdem
1631 878 1803 932 fuisse

239 965 558 1038 presbyteros
577 982 718 1036 quos
735 971 794 1020 et
819 966 1107 1036 episcopos
1147 983 1160 1018 :
1194 965 1609 1036 paulatimvero
1619 966 1804 1024 utdis-

237 1055 526 1112 sensionum
556 1055 836 1124 plantaria
865 1055 1220 1119 venerentur,
1252 1055 1324 1110 ad
1353 1071 1530 1112 unum
1577 1071 1799 1110 omnem

236 1143 636 1200 sollicitudinem
668 1160 790 1198 esse
816 1144 1081 1198 delatam.
1114 1143 1272 1199 Sicut
1297 1160 1432 1215 ergo
1487 1143 1801 1215 presbyteri

233 1233 391 1288 sciunt
415 1249 474 1286 se
503 1250 572 1285 ex
601 1233 858 1288 Ecclesiae
881 1233 1285 1288 consuetudine
1315 1233 1366 1288 ei
1394 1233 1490 1303 qui
1519 1233 1627 1290 sibi
1655 1249 1799 1304 prin.-

231 1321 414 1391 positus
441 1321 616 1378 ﬁierit
641 1339 764 1376 esse
802 1321 1084 1392 subjectos
1117 1339 1128 1374 :
1163 1321 1247 1376 ita
1269 1321 1513 1393 episcopi
1543 1322 1803 1378 noverint

232 1425 280 1465 ss
294 1410 456 1480 magis
467 1411 898 1477 consuetudine,
913 1426 1085 1482 quam
1099 1411 1482 1482 dispositionis
1497 1411 1800 1466 Dominicae

228 1499 450 1564 velitata,
480 1499 829 1570 presbyteris
859 1516 982 1554 esse
1029 1501 1292 1570 majores,
1325 1504 1383 1554 et
1413 1500 1472 1556 in
1501 1515 1798 1556 commune

227 1587 399 1642 debere
417 1589 726 1646 Ecclesium
753 1588 1271 1659 regere,imitantes
1298 1590 1510 1656 Mosen,
1545 1588 1639 1660 qui
1668 1605 1796 1643 cum

1884 527 2070 591 potest
2113 539 2317 592 praises
2367 523 2621 576 Ecclesiae
2671 521 2892 576 auferre
2932 524 3146 578 malum
3193 525 3263 578 de
3299 525 3484 579 medio

1883 612 2028 680 ejus,
2043 611 2138 680 qui
2151 611 2208 664 in
2223 611 2488 668 delictum
2510 611 2693 666 simile
2717 613 3029 666 corruerit?
3059 615 3175 667 Aut
3188 630 3300 684 qua
3313 613 3485 672 liber~

1883 705 2000 756 tate
2043 700 2324 770 corripere
2369 706 2679 770 peccatum,
2718 717 2848 756 cum
2878 701 3086 756 tacitus
3115 702 3222 757 sibi
3250 704 3370 774 ipse
3401 720 3486 760 re-

1883 788 2176 858 spondeat,
2189 789 2386 844 eadem
2406 805 2468 842 se
2488 789 2836 844 commisisse
2847 807 2970 860 quae
2999 791 3269 862 corripit?
3286 793 3483 862 Itaque

1888 895 1912 928 «
1947 876 2043 946 qui
2073 876 2459 947 episcopatum
2474 877 2776 943 desiderat,
2791 877 3000 934 bonum
3029 895 3171 950 opus
3203 879 3486 936 desiderat

1883 965 1935 1033 (Ι
1965 966 2104 1019 Tim.
2136 969 2235 1034 In).
2273 985 2299 1018 λι
2327 966 2481 1036 Opus
2509 965 2714 1036 inquit,
2755 983 2869 1022 non
2895 969 3186 1034 honorem,
3220 985 3332 1027 non
3359 969 3484 1038 glo-

1883 1053 2048 1107 riam.
2067 1073 2090 1104 «
2112 1054 2352 1125 Oportet
2375 1061 2568 1112 autem
2590 1055 2752 1110 illum
2781 1061 2839 1112 et
2865 1057 3252 1116 testimonium
3271 1057 3480 1114 habere

1880 1141 2090 1201 bonum
2113 1142 2184 1196 ab
2209 1143 2298 1200 his
2324 1143 2420 1214 qui
2451 1143 2584 1199 foris
2615 1149 2766 1209 sunt,
2792 1151 2857 1200 ut
2883 1161 2997 1202 non
3030 1146 3090 1202 in
3118 1146 3480 1217 opprobrium

1880 1230 2111 1298 incidat,
2144 1237 2200 1288 et
2229 1232 2289 1286 in
2325 1232 2592 1303 laqueum
2631 1232 2858 1288 diaboli.
2895 1253 2920 1285 (ί
2953 1234 3110 1300 Quod
3158 1241 3350 1296 autem
3378 1235 3479 1302 ait,

1884 1339 1907 1372 «
1942 1320 2110 1378 unius
2140 1321 2330 1376 uxoris
2357 1321 2460 1386 vir,
2481 1339 2507 1372 ››
2541 1320 2620 1376 sic
2645 1321 2962 1393 intelligere
2984 1323 3272 1392 debemus,
3285 1329 3352 1381 ut
3369 1341 3482 1382 non

1880 1425 2106 1466 omnem
2132 1426 2532 1480 monogamum
2579 1411 2803 1481 digamo
2851 1417 3114 1482 putemus
3143 1429 3267 1473 esse
3289 1414 3484 1470 melio~

1879 1514 1999 1554 rem
2035 1517 2045 1551 :
2081 1499 2179 1556 sed
2203 1500 2350 1570 quod
2372 1499 2420 1552 is
2447 1499 2630 1570 possit
2655 1500 2727 1554 ad
2757 1501 3192 1570 monogamiam,
3225 1507 3286 1556 et
3308 1503 3486 1558 contio

1880 1586 2130 1642 nentiam
2160 1588 2462 1652 cohortari,
2495 1589 2591 1658 qui
2634 1589 2722 1645 sui
2770 1590 3088 1660 exemplum
3128 1591 3390 1660 praeferat
3423 1591 3482 1648 in
3571 1649 3586 1660 ,

225 1677 429 1732 haberet
448 1678 508 1732 in
563 1683 843 1748 potestate
891 1679 1044 1732 solus
1091 1694 1329 1748 praeesse
1359 1679 1565 1748 populo
1599 1665 1793 1743 Israel,
1879 1677 2148 1730 docendo.
2185 1677 2316 1732 Esto
2347 1677 2554 1748 quippe
2583 1677 2828 1748 aliquem
2862 1677 3342 1738 adolescentulum
3356 1696 3484 1736 con-

223 1767 558 1836 septusginta
585 1767 756 1836 elegit
797 1783 926 1822 cum
959 1765 1160 1836 quibus
1205 1767 1473 1837 populum
1517 1751 2072 1836 judicaretBjugem
2093 1765 2419 1836 perdidisse,
2454 1772 2514 1820 et
2553 1767 2740 1822 carnis
2775 1768 3112 1824 necessitate
3154 1775 3483 1840 superatum

222 1856 385 1919 (Nam.
409 1859 507 1924 xx).
533 1855 844 1910 Videamus
894 1855 1068 1924 igitur
1115 1855 1298 1926 qualis
1353 1855 1646 1926 presbyter
1681 1856 1796 1912 sive

219 1946 483 2014 episcopus
511 1944 865 2000 ordinandus
895 1943 986 2000 sit.

279 2055 300 2087 ε
327 2034 534 2104 Siquis
569 2039 657 2088 est
684 2032 806 2087 sine
833 2032 1066 2086 crimine
1095 2032 1262 2087 unius
1295 2033 1483 2088 uxoris
1512 2033 1615 2099 vir,
1646 2033 1793 2091 ﬁlios

219 2144 238 2173 α
259 2123 456 2178 habens
469 2123 688 2188 ﬁdeles,
708 2139 820 2176 non
850 2121 910 2176 in
942 2121 1297 2176 accusatione
1311 2122 1672 2188 luxuriae,aut
1681 2139 1793 2177 non

216 2231 236 2264 ε
261 2211 518 2268 subditos.
549 2231 577 2263 s
599 2212 800 2279 (Grcg.)
816 2211 932 2264 Hoc
949 2210 1398 2281 interpeccatum
1413 2211 1588 2266 distat
1598 2217 1657 2266 et
1683 2211 1793 2264 cri-

213 2317 342 2363 men,
371 2301 519 2370 quod
560 2315 727 2354 omne
755 2299 968 2356 crimen
997 2303 1288 2370 peccatum
1320 2304 1424 2364 est,
1465 2315 1576 2355 non
1604 2305 1796 2356 tamen

213 2402 356 2444 omne
381 2394 684 2460 peccatum
714 2389 924 2442 crimen
950 2407 962 2443 :
995 2395 1054 2444 et
1093 2388 1152 2442 in
1192 2387 1299 2442 hac
1340 2387 1454 2444 vita
1486 2388 1649 2444 multi
1675 2389 1796 2444 sine

211 2479 440 2544 crimine,
472 2478 674 2534 nullus
704 2493 833 2536 vero
863 2493 984 2530 esse
1011 2476 1133 2531 sine
1161 2476 1402 2546 peccatis
1434 2477 1599 2532 valet.
1635 2477 1794 2532 Unde

208 2574 256 2622 et
277 2568 612 2638 prmdicator
659 2571 885 2620 emotus
930 2581 1057 2620 cum
1098 2565 1280 2620 virum
1327 2564 1562 2635 dignum
1599 2566 1797 2636 gratiae

208 2655 558 2712 sacerdotalia
579 2653 942 2720 describeret,
983 2669 1341 2724 nequaquam
1379 2653 1539 2720 dixit,
1573 2655 1630 2710 Si
1671 2655 1796 2725 quis

205 2745 310 2800 sine
344 2751 600 2816 peccato,
635 2743 732 2798 sed
756 2762 780 2793 «
813 2743 860 2796 si
889 2742 1016 2812 quis
1046 2742 1168 2798 sine
1195 2743 1492 2800 crimine.»
1510 2743 1646 2810 Quis
1665 2760 1794 2802 vero

205 2849 308 2887 esse
332 2834 454 2890 sine
483 2838 721 2904 peccato
749 2831 978 2888 valeat?
1007 2847 1136 2888 cum
1169 2833 1414 2888 Joannes
1447 2831 1599 2888 dicat
1626 2850 1637 2884 :
1677 2850 1702 2884 α
1736 2832 1794 2886 Si

201 2921 507 2988 dixerimus,
551 2921 685 2992 quia
719 2927 1010 2992 peccatum
1057 2937 1169 2976 non
1198 2920 1491 2988 habemus,
1540 2921 1796 2992 nosipsos

199 3011 520 3078 seducimus,
563 3017 622 3066 et
651 3009 856 3064 veritas
881 3009 940 3066 in
967 3009 1130 3067 nobis
1157 3027 1270 3066 non
1297 3016 1384 3064 est
1412 3012 1459 3072 (Ι
1485 3013 1648 3066 Joan.
1665 3014 1724 3078 ι).
1763 3029 1790 3062 »

200 3099 254 3154 In
271 3117 376 3170 qua
386 3100 660 3154 videlicet
668 3105 1022 3169 peccatorum
1034 3104 1092 3153 et
1117 3098 1416 3156 criminum
1427 3099 1793 3156 distinctione

196 3190 540 3258 pensandum
573 3193 662 3244 est
689 3188 823 3258 quia
849 3189 1118 3244 nonnulla
1139 3192 1367 3257 peccata
1391 3188 1640 3246 animam
1669 3188 1790 3258 pol-

197 3276 361 3343 luant,
389 3295 534 3333 nam
567 3277 806 3338 crimina
832 3277 1216 3347 exstinguunt.
1257 3277 1418 3334 Unde
1462 3277 1662 3336 beatus
1686 3276 1790 3330 Job

197 3366 390 3422 crimen
419 3366 669 3422 luxurias
697 3365 970 3425 deﬁniens
1009 3366 1116 3422 ait:
1155 3384 1182 3420 «
1215 3365 1370 3437 Ignis
1401 3373 1486 3420 est
1514 3381 1693 3435 usque
1717 3365 1790 3425 ad

195 3454 565 3524 perditionem
594 3455 869 3510 devorans
896 3457 1031 3518 (Job.
1063 3458 1216 3524 xxxx)
1251 3474 1265 3522 ;
1300 3474 1326 3506 »
1363 3453 1496 3526 quia
1525 3454 1790 3510 nimirum

193 3548 366 3601 reatus
391 3543 674 3600 facinoris
696 3557 810 3598 non
836 3558 1014 3613 usque
1043 3544 1112 3598 ad
1129 3543 1577 3614 inquinationem
1600 3559 1792 3598 macu-

191 3633 278 3692 lat.
307 3635 406 3693 sed
432 3649 628 3704 usque
650 3631 721 3686 ad
738 3631 1112 3703 perditionem
1131 3639 1309 3686 vorat.
1343 3633 1414 3687 Et
1434 3633 1568 3702 quia
1593 3632 1789 3702 quaeli-

193 3720 275 3776 bet
295 3722 411 3780 alia
436 3722 663 3778 fuerint
691 3721 836 3776 bona
863 3737 1054 3792 opera,
1088 3721 1135 3778 si
1181 3721 1414 3782 luxuriae
1460 3721 1641 3775 scelus
1677 3737 1790 3776 non

191 3809 446 3872 abluitur.
483 3810 876 3870 immensitate
895 3811 1066 3881 hujus
1091 3807 1342 3867 criminis
1358 3809 1692 3875 obruuntur,
1708 3826 1793 3864 se-

190 3907 338 3954 cutus
364 3901 659 3970 adjunxit,
696 3918 719 3947 α
748 3905 807 3954 et
859 3900 1052 3956 omnia
1105 3899 1396 3958 eradicans
1441 3899 1718 3968 germina.
1767 3920 1789 3952 θ

188 3990 447 4050 Gel-mina
478 3989 698 4060 quippe
718 3995 852 4045 sunt
877 3989 1078 4044 animae
1108 3989 1464 4059 operationes
1493 3987 1668 4052 bonae,
1701 3987 1792 4046 cui

187 4085 364 4134 tamen
392 4079 442 4134 si
475 4093 749 4150 perverso
779 4077 975 4132 ordine
1005 4093 1138 4134 caro
1169 4077 1512 4142 dominatur,
1543 4077 1674 4147 igne
1702 4077 1792 4132 lu-

187 4169 344 4222 xuriae
387 4167 595 4222 omnia
653 4165 794 4220 bene
838 4165 1061 4244 prolata
1113 4171 1541 4224 concremantur
1581 4183 1592 4218 :
1636 4165 1791 4220 nulla

187 4257 379 4328 quippe
411 4261 556 4312 ante
586 4254 991 4325 omnipotentis
1019 4255 1120 4308 Dei
1149 4255 1340 4310 oculos
1362 4254 1598 4324 justitiae
1617 4254 1790 4324 pieta-

182 4345 355 4416 tisque
382 4352 533 4404 sunt
559 4361 754 4416 opera,
783 4359 907 4414 quae
943 4343 1316 4414 corruptionis
1343 4343 1602 4413 contagio
1630 4358 1790 4401 mon-

185 4439 431 4492 strantur
449 4434 778 4496 immunda.
810 4433 956 4498 Quid
988 4433 1141 4490 enim
1177 4433 1406 4504 prodest
1433 4432 1480 4486 si
1512 4431 1602 4502 pie
1633 4431 1788 4501 quis-

185 4523 324 4590 piam
345 4523 686 4582 necessitati
706 4523 1046 4598 compatitur
1072 4521 1331 4592 proximi,
1363 4520 1587 4591 quando
1617 4519 1789 4589 impie

184 4612 556 4682 semetipsum
579 4611 834 4666 destruet
849 4611 1254 4670 habitationem
1268 4611 1370 4668 Dei
1388 4610 1412 4662 ἰ)
1441 4610 1500 4664 Si
1526 4624 1660 4677 ergo
1689 4625 1789 4678 per

181 4699 354 4753 cordis
374 4699 812 4757 immunditiam
842 4698 1092 4756 libidinis
1128 4700 1360 4752 ﬂamma
1387 4697 1784 4765 exstinguitur,

185 4787 466 4843 incassum
497 4787 767 4859 quaelibet
793 4788 1027 4844 virtutes
1054 4787 1331 4842 oriuntur.

248 4895 273 4930 ε
303 4878 558 4949 Oportet
570 4877 725 4930 enim
755 4876 1078 4946 episcopum
1097 4875 1220 4933 sine
1237 4875 1470 4934 crimine
1499 4893 1640 4942 esse,
1658 4882 1787 4934 tan-

185 4983 208 5015 ¢
233 4983 405 5036 quam
427 4966 546 5022 Dei
575 4965 1040 5036 dispensatorem,
1067 4979 1178 5024 non
1201 4970 1540 5036 protervum,
1554 4981 1666 5024 non
1679 4965 1789 5018 ira-

185 5071 208 5104 ι
237 5057 518 5121 cundum,
549 5070 664 5110 non
682 5054 1048 5118 vinolentum,
1081 5070 1192 5108 non
1238 5069 1643 5124 percussorem,
1673 5069 1786 5108 non

184 5163 206 5194 ε
231 5146 418 5216 turpis
449 5145 602 5201 lucri
633 5144 1025 5216 appetitorem.
1043 5163 1068 5196 »
1095 5143 1288 5210 (Ηίθν.)
1315 5143 1567 5201 Primum
1592 5143 1784 5214 itaque

181 5231 291 5288 sine
300 5234 557 5289 crimine
567 5233 642 5289 sit
664 5251 675 5286 :
705 5233 854 5304 quod
865 5237 1002 5303 puto
1013 5232 1124 5288 alio
1137 5233 1308 5286 verbo
1334 5232 1406 5286 ad
1425 5233 1784 5288 Timotheum

184 5339 206 5369 ί
224 5321 789 5392 irreprehensibilem
806 5342 832 5374 »
854 5321 1208 5381 nominatum
1229 5339 1241 5374 :
1259 5337 1374 5379 non
1397 5321 1546 5390 quod
1565 5338 1630 5375 eo
1655 5326 1784 5374 tan-

179 5413 294 5466 tum
301 5414 579 5480 tempore
589 5427 699 5480 quo
718 5410 1008 5466 ordinatim
1029 5416 1132 5478 est,
1149 5410 1270 5468 sine
1289 5411 1405 5468 ullo
1423 5409 1501 5464 sit
1528 5409 1784 5472 crimine,

177 5505 229 5551 et
243 5499 583 5568 praeteritas
592 5499 840 5556 maculas
869 5511 1013 5556 nova
1039 5499 1458 5557 conversatione
1484 5498 1781 5556 deleverit:

179 5586 266 5640 Sed
277 5602 346 5646 ex
369 5603 443 5642 eo
455 5591 738 5660 tempore,
755 5605 868 5660 quo
887 5588 947 5646 in
963 5588 1250 5647 Christum
1264 5593 1494 5648 renatus
1522 5593 1628 5652 est.
1658 5587 1785 5644 nul-

1881 1855 2161 1925 accepisse
2182 1871 2415 1910 uxorem
2436 1855 2762 1921 secundam,
2791 1872 2962 1925 quam
2991 1863 3049 1912 et
3075 1857 3260 1928 ipsam
3288 1858 3481 1912 statim

1880 1943 2090 2009 amisit,
2123 1948 2181 1998 et
2211 1943 2473 2014 deinceps
2500 1943 2704 1998 vixerit
2726 1945 3108 2014 continenter;
3145 1946 3321 2002 alium
3351 1963 3482 2000 vero

1878 2047 2056 2102 usque
2074 2032 2145 2088 ad
2169 2037 2454 2088 senectam
2476 2032 2739 2089 habuisse
2763 2034 3189 2090 matrimonium
3218 2040 3278 2088 et
3294 2034 3482 2092 uxoris

1874 2137 2040 2178 usum
2068 2127 2135 2176 ut
2170 2121 2422 2192 plerique
2449 2121 2734 2176 aestimant
2756 2121 3102 2189 felicitatem,
3131 2139 3422 2194 nunquam
3449 2140 3484 2182 a

1875 2209 2060 2265 carnis
2090 2226 2259 2280 opere
2290 2199 2536 2264 cessasse
2568 2229 2578 2262 :
2615 2204 2742 2280 quis
2769 2209 2924 2264 vobis
2951 2211 3172 2266 videtur
3202 2228 3233 2266 e
3261 2211 3480 2272 duobus

1877 2315 1999 2354 esse
2027 2298 2244 2365 melior,
2303 2298 2623 2369 pudicitior,
2675 2299 3099 2358 continentior?
3147 2299 3354 2370 Utique
3383 2300 3479 2360 ille

1878 2387 1973 2458 qui
2001 2387 2190 2442 infelix
2220 2387 2391 2446 etiam
2421 2387 2480 2442 in
2507 2387 2752 2442 secundo
2781 2388 3142 2446 matrimonio
3169 2387 3293 2454 fuit,
3307 2393 3364 2442 et
3383 2406 3484 2460 μοι

1877 2481 1998 2530 stea
2029 2475 2230 2547 pudice
2257 2482 2316 2530 et
2344 2481 2535 2530 sancte
2563 2482 2924 2535 conversatus
2947 2481 3052 2542 est,
3078 2481 3135 2532 et
3158 2493 3270 2538 non
3298 2477 3347 2532 is
3377 2479 3475 2548 qui

1877 2563 1947 2620 ab
1977 2565 2164 2620 uxoris
2197 2565 2477 2636 amplexu,
2509 2581 2614 2619 nec
2634 2565 2798 2620 senili
2828 2570 2914 2620 est
2951 2571 3245 2636 separatus
3268 2568 3478 2628 aetate?

1877 2654 2002 2708 Non
2023 2652 2130 2707 sibi
2161 2671 2294 2725 ergo
2321 2654 2630 2725 applaudat
2658 2655 2975 2725 quicunque
3006 2655 3168 2726 quasi
3214 2671 3479 2726 monoga-

1876 2758 2000 2803 mus
2031 2743 2275 2813 eligitur,
2307 2743 2456 2814 quod
2486 2743 2639 2800 omni
2657 2743 2882 2814 digamo
2911 2743 2987 2798 sit
3013 2743 3228 2812 melior,
3262 2761 3390 2804 cum
3418 2747 3479 2802 in

1878 2847 1943 2886 eo
1974 2832 2155 2901 magis
2185 2833 2260 2888 sit
2286 2833 2464 2888 electa
2491 2831 2726 2888 felicitas
2749 2849 2918 2903 quam
2937 2833 3216 2890 voluntas.
3234 2834 3477 2898 Quidam

1876 2920 1945 2974 de
1972 2921 2078 2974 hoc
2107 2922 2229 2976 loco
2257 2922 2340 2976 ita
2378 2921 2632 2980 sentiunt
2665 2939 2676 2973 :
2710 2921 2974 2988 Judaicaa,
3005 2922 3292 2993 inquiunt,
3342 2939 3477 2984 eone

1876 3010 2190 3072 suetudinis
2214 3011 2338 3077 fuit,
2366 3011 2451 3064 vel
2480 3009 2640 3066 binas
2658 3027 2860 3070 uxores
2881 3010 3106 3078 habere,
3131 3013 3218 3066 vel
3245 3013 3470 3084 plures:

1813 3073 1857 3132 ϐ
1874 3103 2022 3174 quod
2044 3102 2212 3156 etiam
2237 3101 2297 3156 in
2323 3073 2498 3158 veteri
2527 3100 2651 3169 lege
2677 3100 2746 3158 de
2773 3099 3062 3157 Abraham
3175 3073 3347 3161 Jacob
3390 3103 3474 3156 le-

1870 3192 2059 3262 gimus
2091 3210 2103 3246 :
2137 3195 2196 3246 et
2221 3189 2328 3244 hoc
2354 3205 2503 3244 nunc
2529 3189 2728 3248 volunt
2765 3205 2886 3244 esse
2931 3196 3292 3262 praeceptum,
3324 3207 3398 3246 ne
3425 3191 3476 3248 is

1873 3281 1968 3350 qui
1995 3280 2286 3350 episcOpus
2317 3278 2608 3348 eligendus
2637 3281 2741 3343 est,
2770 3294 2883 3334 uno
2903 3282 3157 3350 tempore
3177 3280 3476 3351 dua‘spari.

1867 3374 1959 3423 ter
1972 3367 2178 3426 habeat
2189 3383 2410 3424 uxores.
2433 3366 2597 3426 Multi
2624 3367 3066 3436 superstitiosius
3095 3369 3278 3438 magis
3304 3384 3474 3440 quam

1871 3457 2078 3522 verius,
2101 3456 2272 3510 etiam
2299 3472 2393 3510 eos
2421 3455 2519 3525 qui
2549 3470 2678 3510 cum
2704 3455 2948 3525 gentiles
2963 3455 3192 3522 fuerint,
3216 3463 3275 3513 et
3299 3473 3472 3515 unam

1872 3562 2105 3602 uxorem
2127 3543 2446 3607 habuerint,
2461 3559 2574 3614 qua
2583 3543 2810 3610 amissa,
2824 3549 2952 3614 post
2960 3543 3304 3616 baptismum
3315 3547 3474 3605 Chri-

1871 3635 1944 3690 sti
1971 3635 2207 3690 alteram
2236 3631 2518 3698 duxerint,
2539 3636 2742 3702 putant
2769 3632 2830 3686 in
2857 3633 3230 3690 sacerdotium
3259 3649 3371 3692 non
3389 3635 3473 3690 le-

1870 3723 2083 3795 gendos
2108 3743 2118 3776 :
2145 3738 2274 3778 cum
2288 3720 2482 3791 utique
2502 3720 2550 3773 si
2570 3721 2676 3776 hoc
2692 3719 3104 3776 observandum
3123 3722 3216 3786 sil,
3237 3723 3320 3784 illi
3348 3738 3470 3784 ma-

1872 3813 1957 3884 gis
1987 3811 2056 3868 ab
2085 3811 2409 3880 episcopatu
2453 3809 2632 3870 arceri
2687 3808 2947 3876 debeant,
2983 3810 3078 3880 qui
3127 3825 3328 3881 vagam
3373 3829 3474 3882 per

1874 3899 2186 3956 meretricis
2215 3903 2346 3954 ante
2365 3904 2686 3952 exercentes
2705 3897 3014 3964 libidinem,
3031 3913 3205 3960 unam
3233 3916 3472 3970 regem.

1873 3990 1982 4046 rati
2011 4004 2242 4049 uxorem
2271 3987 2588 4058 acceperint
2617 4007 2628 4040 :
2653 3993 2712 4042 et
2755 3987 2933 4044 multo
2971 3988 3357 4048 detestabilius
3400 3990 3476 4050 sit

1871 4079 2210 4136 fornicatum
2231 4093 2353 4131 esse
2371 4093 2501 4132 cum
2523 4075 2796 4146 pluribus,
2811 4093 2980 4148 quam
3000 4078 3289 4149 digamum
3308 4092 3472 4150 repe-

1871 4168 1971 4227 riri
1997 4187 2008 4234 ;
2043 4167 2177 4238 quia
2197 4167 2259 4220 in
2287 4166 2402 4222 alio
2431 4165 2729 4226 infelicitas
2757 4165 3104 4222 matrimonii
3135 4173 3240 4230 est.
3270 4168 3330 4222 in
3364 4168 3475 4228 alio

1872 4257 1942 4312 ad
1971 4256 2316 4328 peccandum
2335 4270 2515 4325 prona
2540 4254 2787 4313 lascivia.
2807 4257 3001 4328 (Aug.)
3018 4255 3178 4320 Quod
3207 4263 3294 4314 est
3319 4256 3474 4314 cibus

1873 4346 1942 4400 ad
1972 4346 2212 4402 salutem
2242 4344 2512 4414 corporis,
2530 4344 2636 4398 hoc
2654 4349 2742 4400 est
2769 4343 3096 4403 concubitus
3124 4345 3196 4402 ad
3232 4345 3472 4404 salutem

1869 4435 2120 4504 generis:
2143 4439 2202 4489 et
2225 4438 2528 4502 utrumque
2551 4448 2665 4490 non
2687 4437 2774 4486 est
2791 4431 2913 4486 sine
2945 4432 3316 4490 delectatione
3343 4450 3471 4492 car-

1869 4524 2003 4588 nali,
2035 4523 2130 4578 sed
2161 4522 2382 4580 divorsa
2409 4537 2582 4592 opera
2626 4520 2861 4580 Patrum
2912 4536 3023 4574 non
3077 4519 3335 4587 faciebat,
3359 4522 3470 4580 nisi

1869 4612 2164 4672 diversitas
2193 4617 2534 4680 temporum.
2554 4609 2845 4666 Sicautem
2866 4624 3091 4666 necesse
3103 4615 3227 4667 erat
3253 4616 3319 4667 ut
3345 4621 3471 4666 car-

1869 4701 2072 4760 naliter
2089 4700 2306 4757 coirent
2339 4699 2514 4754 etiam
2543 4713 2656 4752 non
2701 4698 2952 4752 carnales
2989 4699 3292 4770 prophetae,
3329 4700 3475 4757 sicut

1868 4805 2096 4852 necesse
2125 4793 2250 4842 erat
2304 4793 2369 4842 ut
2413 4787 2718 4844 carnaliter
2771 4794 3128 4848 vescerentur
3155 4789 3328 4844 etiam
3357 4807 3470 4848 non

1869 4878 2120 4936 carnales
2139 4875 2376 4948 apostoli
2397 4875 2674 4936 Ecclesiae.
2689 4865 3147 4946 Dispensatorem
3165 4894 3279 4934 non
3299 4879 3468 4935 licere

1869 4966 2118 5022 ordinari
2147 4965 2253 5020 nisi
2281 4964 2451 5022 unius
2480 4964 2672 5020 uxoris
2697 4965 2900 5032 virum,
2924 4965 3146 5028 acutius
3184 4966 3468 5023 intellexe-

1868 5061 2019 5122 runt,
2054 5055 2151 5126 qui
2177 5070 2280 5110 nec
2303 5071 2435 5108 eum
2465 5053 2580 5124 qui,
2600 5054 3057 5120 catechumenus,
3076 5055 3162 5108 vel
3190 5070 3468 5124 paganus.

1866 5143 2126 5198 habuerit
2151 5144 2406 5206 alteram,
2437 5141 2813 5201 ordinandum
2840 5159 2962 5198 esse
2988 5147 3331 5200 censuerunt
3357 5162 3369 5197 :
3395 5143 3468 5198 de

1867 5237 2217 5288 sacramento
2243 5231 2396 5286 enim
2447 5231 2652 5301 agitur,
2689 5248 2803 5288 non
2838 5231 2908 5288 de
2954 5234 3200 5301 peccato,
3243 5248 3376 5291 nam
3405 5232 3464 5289 in

1866 5319 2146 5392 baptismo
2175 5324 2404 5390 peccata
2427 5319 2618 5376 omnia
2636 5320 3020 5375 dimittuntur.
3054 5319 3166 5379 Sed
3186 5321 3283 5391 qui
3299 5321 3461 5390 dixit,

1876 5427 1902 5462 ‹‹
1933 5409 1980 5464 si
2025 5408 2304 5480 acceperis
2340 5424 2571 5462 uxorem
2607 5423 2721 5464 non
2747 5408 3010 5480 peccasti,
3043 5413 3102 5464 et
3134 5409 3184 5465 si
3210 5412 3468 5483 nupserit

1869 5499 2024 5568 virgo
2053 5513 2165 5558 non
2192 5502 2402 5568 peccat,
2429 5502 2488 5552 et
2513 5498 2663 5568 quod
2692 5499 2814 5558 vult
2831 5497 3020 5564 faciat,
3053 5516 3167 5559 non
3193 5506 3388 5570 peccat
3411 5501 3462 5555 si

1868 5585 2045 5648 nubet
2071 5588 2125 5652 (1
2147 5589 2270 5646 Ger.
2294 5588 2411 5656 vn),
2447 5604 2472 5640 ι)
2501 5585 2640 5640 satis
2657 5586 2963 5648 declamat
2986 5587 3216 5659 nuptias
3242 5589 3461 5647 suum
