3866 6158
410 335 512 390 663

993 337 1055 390 B.
1096 336 1368 392 RABANI
1407 338 1637 393 MAURI
1677 339 2013 394 ARCHIEP.
2054 339 2378 396 MOGUNT.
2423 338 2720 394 OPERUM
2757 337 2940 392 PARS
2978 338 3075 393 Ill.

3516 347 3598 402 664

406 476 527 514 esse
554 465 863 532 peccatum.
888 461 1124 531 Propter
1151 460 1486 514 sacramenti
1517 468 1708 516 autem
1739 463 2545 525 sanctita-Aincontinentiam
2577 461 2646 516 ab
2689 461 2794 515 hoc
2821 462 2999 532 gradu
3037 463 3251 516 arcendi
3303 465 3474 520 simus.
3505 470 3605 532 Qua

405 555 540 615 tem,
571 551 716 603 sicut
741 550 952 603 femina
971 550 1608 604 etiamsicatechumena
1639 551 1809 606 fuerit
1835 553 2000 606 vitia-

403 643 481 704 ta,
514 655 626 692 non
655 643 840 710 potest
875 643 1001 709 post
1039 637 1383 710 baptismum
1431 639 1580 692 inter
1605 640 1709 694 Dei
1758 641 2000 711 virgines

407 721 719 782 consecrari
747 746 759 780 :
794 728 874 782 ita
900 744 1016 783 non
1041 728 1282 783 absurde
1310 728 1492 782 visum
1511 734 1599 783 est
1624 746 1754 784 eum
1775 730 1874 802 qui
1902 747 1999 784 ex-

403 817 570 871 cessit
597 834 836 872 uxorum
865 835 1164 873 numerum
1189 818 1552 888 singularem,
1577 835 1690 872 non
1709 825 2000 890 peccatum

403 905 630 977 aliquod
658 907 1024 974 commisisse,
1053 907 1152 962 secl
1181 923 1438 962 normam
1467 908 1772 978 quamdam
1811 925 2000 962 sacra-

405 995 580 1050 menti
611 997 885 1064 amisisse,
911 1014 1023 1052 non
1047 998 1118 1051 ad
1145 997 1271 1051 vita:
1297 997 1456 1051 bona:
1485 996 1769 1064 meritum,
1799 998 1894 1052 sed
1929 999 1999 1051 ad

405 1085 774 1140 ordinationis
793 1086 1189 1141 Ecclesiasticze
1213 1086 1564 1157 signaculum
1585 1088 1994 1154 necessarium;

405 1189 470 1227 ac
499 1191 601 1246 per
634 1175 740 1229 hoc
763 1175 911 1230 sicut
935 1177 1125 1247 plures
1149 1175 1511 1246 antiquorum
1540 1181 1765 1246 patrum
1799 1192 1998 1230 uxores

403 1263 863 1334 signiﬁcaverunt
890 1264 1110 1318 futuras
1139 1270 1361 1318 nostras
1376 1281 1440 1318 ex
1458 1263 1716 1318 omnibus
1735 1265 1998 1334 gentibus

406 1352 667 1407 ecclesias
694 1353 794 1408 uni
829 1355 947 1408 viro
989 1353 1247 1407 subditas
1277 1353 1518 1419 Christo,
1553 1353 1633 1407 ita
1679 1359 1870 1407 noster
1893 1370 1999 1408 an-

400 1441 562 1496 tistes
591 1443 760 1496 unius
782 1443 970 1496 uxoris
991 1443 1077 1496 vir
1119 1442 1398 1512 signiﬁcat
1437 1459 1504 1496 ex
1533 1441 1792 1496 omnibus
1818 1443 2000 1512 genti-

402 1531 506 1584 bus
531 1531 811 1586 unitatem
835 1532 933 1585 uni
955 1532 1071 1585 viro
1085 1531 1367 1586 subditam
1391 1531 1632 1597 Christo,
1655 1548 1764 1602 quo
1781 1537 1838 1585 et
1849 1548 1998 1586 nunc

399 1621 741 1690 perﬁcietur,
774 1636 901 1676 cum
929 1621 1259 1674 revelaverit
1282 1620 1499 1674 occulta
1526 1619 1911 1682 tenebrarum,
1947 1627 2004 1674 et

401 1713 638 1762 caetera:
671 1725 820 1763 nunc
847 1716 1037 1763 autem
1067 1716 1202 1764 sunt
1229 1709 1556 1776 manifestae,
1600 1714 1734 1764 sunt
1761 1710 2001 1764 latentes

2083 553 2233 608 enim
2261 551 2519 606 libertate
2541 567 2836 622 possumus
2863 551 3072 604 alienos
3105 552 3240 605 ﬁlios
3273 555 3535 625 corripere,
3562 565 3608 611 et

2082 641 2281 696 docere
2310 658 2432 712 quae
2479 646 2632 694 recta
2687 647 2836 706 sunt,
2867 656 2996 694 cum
3049 640 3204 694 nobis
3249 642 3420 696 statim
3463 647 3610 713 possit

2083 731 2178 802 qui
2208 737 2498 802 correptus
2528 736 2614 784 est
2641 729 2895 799 ingerere
2923 747 2933 780 :
2993 731 3136 782 Ante
3163 729 3291 783 doce
3317 730 3447 784 ﬁlios
3471 735 3612 786 tuos?

2079 821 2196 874 Aut
2215 836 2326 890 qua
2336 819 2519 873 fronte
2541 825 2870 873 extraneum
2885 818 3121 888 corripio
3138 818 3492 884 fornicantem,
3508 837 3613 875 cum

2084 909 2223 963 mihi
2255 907 2597 962 conscientia
2636 924 2764 962 mea
2806 908 2930 980 ipsa
2955 909 3284 978 respondeat
3314 925 3324 959 :
3358 908 3615 962 Exhereda

2082 1015 2216 1068 ergo
2248 997 2425 1052 ﬁlium
2455 997 2844 1064 fornicantem,
2868 996 3047 1067 abjice
3071 997 3211 1050 ﬁlios
3239 1002 3358 1050 tuos
3381 996 3511 1050 vitiis
3527 1015 3618 1051 ser-

2079 1087 2293 1140 vientes
2313 1087 2338 1140 ?
2361 1087 2502 1140 Cum
2540 1093 2731 1140 autem
2783 1103 3026 1156 nequam
3071 1086 3216 1139 ﬁlius
3243 1085 3300 1138 in
3337 1102 3442 1138 una
3464 1091 3619 1139 tecum

2079 1175 2372 1230 conveniat
2399 1177 2586 1239 domo,
2601 1183 2663 1229 tu
2693 1177 2865 1228 audes
2884 1175 2953 1228 de
2967 1175 3196 1228 alterius
3215 1175 3365 1228 oculo
3391 1175 3619 1227 festucam

2080 1265 2395 1330 detrahere,
2415 1265 2472 1318 in
2493 1271 2590 1319 tuo
2606 1264 2824 1318 trabem
2846 1281 2960 1318 non
2977 1265 3170 1317 videns
3191 1264 3214 1316 ?
3246 1265 3380 1324 (Luc.
3410 1266 3494 1330 vi.)
3519 1263 3622 1315 Non

2080 1353 2268 1424 itaque
2291 1355 2480 1424 justus
2501 1353 2769 1424 polluitur
2781 1369 2846 1407 ex
2873 1353 3022 1406 vitiis
3048 1353 3308 1416 ﬁliorum,
3323 1351 3412 1404 sed
3431 1350 3624 1404 libertas

2081 1441 2152 1496 ab
2188 1443 2456 1514 Apostolo
2489 1443 2744 1496 Ecclesia:
2793 1441 3030 1513 principi
3068 1445 3394 1505 reservatur,
3423 1445 3479 1492 ut
3515 1439 3623 1492 talis

2081 1534 2198 1598 ﬁat,
2233 1531 2328 1602 qui
2355 1548 2466 1585 non
2495 1531 2696 1585 timeat
2719 1538 2948 1602 propter
2974 1531 3112 1584 vitia
3159 1529 3446 1584 liberorum
3472 1535 3626 1580 extra-

2083 1638 2218 1676 neos
2249 1620 2677 1692 reprehendere.
2704 1620 2917 1674 Deinde
2959 1619 3131 1673 etiam
3159 1619 3294 1672 illud
3331 1623 3408 1670 est
3426 1617 3629 1669 inferen-

2083 1711 2218 1766 dum
2247 1710 2544 1764 adversum
2582 1726 2678 1763 eos
2705 1709 2802 1779 qui
2828 1709 2898 1762 de
2922 1709 3246 1780 episcopatu
3273 1707 3626 1768 intumescunt,

404 1797 802 1864 dissensiones,
835 1799 1006 1852 etiam
1053 1799 1205 1852 salva
1249 1797 1542 1862 charitate,
1589 1798 1737 1852 inter
1774 1815 1868 1852 eos
1907 1788 2140 1870 quiBet
2168 1803 2370 1869 putant
2414 1814 2474 1852 se
2511 1814 2624 1851 non
2668 1796 3145 1869 dispensationem
3174 1794 3395 1858 Christi,
3421 1792 3509 1845 sed
3549 1791 3634 1844 im-

399 1903 578 1941 unum
605 1891 664 1942 et
693 1887 751 1941 in
781 1903 958 1941 unum
979 1886 1152 1942 futuri
1183 1893 1332 1952 sunt,
1359 1904 1481 1958 qua
1500 1892 1634 1941 tunc
1662 1887 1860 1958 utique
1873 1888 2001 1942 nul-

398 1975 468 2029 lae
496 1981 682 2030 erunt.
711 1976 909 2047 Itaque
949 1977 1095 2031 sicut
1121 1975 1338 2030 duobus
1389 1976 1630 2030 dominis
1681 1975 2001 2047 pluribusve

401 2063 630 2130 servire,
661 2063 742 2118 sic
767 2081 802 2118 a
828 2065 950 2118 vivo
980 2065 1098 2118 viro
1126 2065 1369 2118 transire
1405 2065 1465 2118 in
1511 2064 1743 2119 alterius
1786 2081 2000 2119 connu-

399 2151 557 2206 bium
585 2167 686 2206 nec
713 2157 847 2207 tunc
886 2153 1062 2218 licuit,
1094 2170 1196 2208 nec
1235 2170 1383 2208 nunc
1421 2154 1568 2220 licet,
1601 2169 1704 2207 nec
1748 2169 2000 2224 unquam

399 2240 616 2308 licebit;
648 2248 968 2314 apostatare
1000 2243 1207 2314 quippe
1232 2242 1302 2296 ab
1331 2259 1444 2296 uno
1465 2243 1600 2307 Deo,
1626 2247 1684 2296 et
1711 2243 1794 2297 ire
1826 2243 1886 2296 in
1915 2243 2000 2296 al-

399 2329 576 2384 terius
604 2330 981 2386 adulterinam
1007 2331 1486 2403 superstitionem,
1507 2348 1730 2402 semper
1763 2339 1848 2385 est
1883 2348 2000 2385 ma-

399 2419 539 2473 lum.
569 2419 686 2474 Nec
711 2437 882 2474 causa
909 2437 1044 2490 ergo
1081 2420 1484 2474 numerosioris
1532 2421 1704 2492 prolis
1745 2421 2001 2475 iecerunt

398 2508 578 2562 sancti
599 2509 777 2563 nostri
793 2509 942 2580 quod
974 2511 1111 2564 Cato
1133 2509 1339 2564 dicitur
1366 2509 1559 2564 fecisse
1598 2509 1905 2577 Romanus,
1937 2517 2000 2564 ut

399 2597 651 2650 traderet
675 2597 832 2652 vivus
860 2614 1092 2652 uxorem
1122 2599 1292 2652 etiam
1327 2597 1386 2652 in
1407 2598 1640 2652 alterius
1660 2599 1910 2665 domum,
1943 2604 2001 2653 et

400 2684 480 2739 sic
509 2685 642 2738 ﬁliis
668 2685 914 2756 impletae
941 2693 1074 2752 sunt
1097 2705 1110 2753 ;
1135 2687 1193 2740 in
1218 2692 1541 2740 nostrarum
1563 2687 1767 2758 quippe
1789 2688 1998 2759 nuptiis

399 2773 526 2844 plus
545 2763 702 2828 valet
757 2774 1026 2828 sanctitas
1076 2775 1412 2829 sacramenti
1464 2791 1630 2846 quam
1688 2775 2000 2831 fecunditas

401 2861 572 2916 uteri.
600 2864 798 2932 (Ητέν.)
825 2863 894 2917 Et
924 2863 1150 2934 quidem
1191 2880 1312 2918 esse
1358 2864 1478 2918 sine
1520 2864 1755 2920 crimine
1793 2865 2000 2936 episco-

403 2944 690 3022 pum,sive
717 2951 1126 3024 presbyterum,
1147 2957 1203 3006 et
1236 2969 1407 3006 unam
1429 2970 1659 3008 uxorem
1688 2953 1914 3020 habere,
1941 2955 1998 3008 in

403 3046 598 3094 nostra
618 3045 706 3094 est
721 3045 1018 3111 potestate.
1053 3042 1332 3096 Caeterum
1361 3041 1498 3097 illud
1531 3043 1678 3114 quod
1721 3043 1994 3114 sequitur,

2083 1887 2303 1958 perium
2345 1894 2690 1951 consecutos,
2740 1886 2874 1958 quia
2916 1902 3029 1940 non
3069 1885 3260 1939 statim
3296 1880 3533 1936 omnibus
3564 1879 3634 1932 his

2083 1976 2344 2030 meliores
2371 1975 2485 2030 sint
2505 1975 2823 2046 quicunque
2853 1974 3099 2046 episcopi
3147 1989 3258 2027 non
3297 1969 3491 2024 fuerint
3515 1967 3635 2020 ordi-

2083 2065 2222 2130 nati,
2248 2071 2305 2118 et
2333 2082 2398 2118 ex
2431 2083 2495 2119 eo
2513 2063 2661 2136 quod
2683 2063 2790 2135 ipsi
2827 2063 2988 2117 electi
3029 2067 3183 2128 sunt,
3199 2077 3257 2114 se
3284 2058 3457 2128 magis
3481 2055 3640 2110 existi-

2082 2160 2235 2207 ment
2267 2153 2674 2224 comprobatos.
2707 2153 2816 2207 Sed
2840 2152 3162 2222 intelligant
3187 2155 3472 2222 propterea
3495 2159 3635 2215 quos-

2081 2242 2211 2296 dam
2233 2259 2268 2296 a
2286 2242 2481 2295 sacerd
2507 2241 2600 2296 vtio
2637 2247 2902 2307 remotos,
2919 2241 3053 2312 quia
3081 2256 3177 2294 eos
3215 2239 3503 2292 liberorum
3525 2231 3638 2286 vitia

2081 2331 2460 2402 impedierint.
2481 2331 2538 2384 Si
2559 2337 2747 2385 autem
2763 2335 2991 2401 peccata
3009 2329 3256 2382 ﬁliorum
3267 2326 3336 2380 ab
3356 2324 3637 2395 episcopatu

2075 2421 2294 2491 justum
2343 2419 2658 2490 prohibent,
2701 2425 2910 2490 quanto
2947 2418 3132 2488 magis
3189 2433 3249 2469 se
3297 2411 3641 2482 unusquisque

2082 2509 2462 2576 considerans,
2494 2516 2551 2563 et
2583 2509 2764 2562 sciens
2794 2524 2927 2578 qma
2951 2528 2976 2559 «
3005 2513 3268 2579 potentes
3299 2507 3538 2576 potenter
3553 2505 3645 2552 tor-

2081 2603 2271 2652 menta
2299 2598 2587 2669 patientur
2609 2615 2636 2650 ι
2667 2596 2934 2666 (Sap.v1),
2964 2597 3222 2650 retrahet
3247 2612 3306 2649 se
3337 2591 3403 2646 ab
3431 2591 3525 2644 hoc
3550 2603 3642 2642 non

2037 2680 2044 2686 ’
2081 2691 2197 2740 tam
2219 2688 2430 2741 honore
2461 2703 2628 2757 quam
2650 2702 2838 2750 onere,
2855 2685 3166 2739 etaliorum
3195 2685 3375 2737 locum
3396 2676 3646 2751 quimagis

2081 2776 2236 2846 digni
2253 2781 2386 2830 sunt
2403 2791 2514 2829 non
2536 2773 2746 2828 ambiet
2769 2775 3075 2845 occupare!
3108 2773 3199 2827 Ad
3222 2778 3538 2831 extremum,
3561 2765 3648 2817 hoc

2080 2865 2378 2919 dicendum
2391 2864 2546 2918 estin
2568 2863 2874 2934 Scripturis
2892 2879 2992 2934 per
3002 2862 3172 2926 ﬁIiOS,
3191 2849 3483 2930 λογισμούς,
3507 2854 3555 2908 id
3580 2857 3650 2906 est

2061 2957 2462 3022 -cogitationes;
2496 2969 2596 3024 per
2633 2952 2775 3006 ﬁlias
2818 2968 2969 3017 vero,
3008 2942 3252 3020 πράξεις,
3275 2948 3332 3002 id
3377 2951 3458 3000 est
3487 2957 3645 3012 Opera,

2080 3041 2338 3112 intelligi,
2359 3047 2414 3096 et
2427 3058 2556 3096 eum
2569 3058 2718 3095 nunc
2728 3041 2954 3112 praecipi
2970 3039 3180 3094 debere
3200 3037 3514 3110 episcopum
3529 3029 3648 3093 ﬁeri,

406 3146 432 3180 «
462 3127 670 3184 habere
698 3129 842 3184 ﬁlios
870 3130 1081 3198 ﬁdeles,
1114 3147 1226 3184 non
1267 3130 1324 3184 in
1357 3131 1713 3186 accusatione
1741 3131 1992 3197 luxuriae,
2017 3131 2060 3190 Ο
2081 3131 2177 3202 qui
2208 3137 2266 3185 et
2283 3131 2648 3199 cogitationes
2667 3136 2726 3183 et
2751 3145 2924 3200 opera
2938 3129 2998 3182 in
3025 3145 3129 3182 sua
3150 3127 3358 3182 habeat
3385 3125 3649 3195 potestate.

403 3229 468 3271 ac
490 3233 604 3271 non
631 3216 903 3286 subditos,
938 3239 964 3271 »
1015 3225 1172 3273 extra
1203 3226 1456 3288 nostram
1499 3224 1583 3276 est
1630 3221 1995 3274 voluntatem.

306 3339 314 3346 ~
403 3305 535 3360 Esto
547 3306 753 3378 quippe
774 3313 1036 3378 parentes
1054 3307 1195 3362 bene
1217 3309 1527 3364 instituisse
1545 3308 1747 3362 liberos
1776 3325 1926 3374 suos,
1945 3315 2002 3362 et

403 3410 622 3466 aparva
643 3401 808 3450 {etate
833 3413 1058 3468 semper
1075 3397 1382 3452 Dominicis
1404 3397 1656 3451 erudisse
1675 3397 1992 3468 praeceptis:

402 3482 462 3536 hi
478 3483 525 3536 si
545 3489 742 3554 postea
759 3485 994 3539 luxuria
1021 3485 1360 3540 se‘dederint
1376 3491 1434 3540 et
1447 3485 1695 3556 superati
1715 3485 1865 3539 vitiis
1880 3485 2002 3539 libi-

402 3571 521 3625 dini
549 3572 711 3626 frena
730 3574 1110 3644 permiserint,
1141 3574 1396 3645 nunquid
1437 3575 1602 3645 culpa
1625 3575 1695 3628 ad
1740 3581 2001 3646 parentes

404 3660 758 3728 redundabit,
784 3667 843 3716 et
885 3663 1244 3717 sanctitatem
1286 3663 1462 3734 patris
1491 3663 1593 3716 ﬁlii
1621 3669 1849 3734 peccata
1878 3680 2000 3717 ma-

403 3747 712 3804 culabunt?
746 3751 806 3806 Si
835 3752 961 3822 quis
987 3751 1129 3806 bene
1173 3752 1416 3806 erudivit
1461 3752 1605 3806 ﬁlios
1646 3769 1794 3819 suos,
1827 3752 1884 3806 in
1914 3752 2001 3807 his

404 3843 542 3909 puto
565 3837 736 3894 fuisse
775 3846 833 3894 et
877 3841 1053 3908 Isaac,
1087 3841 1183 3912 qui
1211 3841 1406 3912 utique
1445 3841 1590 3896 Esau
1629 3841 1808 3895 ﬁlium
1835 3858 2002 3896 suum

403 3925 546 3980 bene
574 3927 886 3982 instituisse
915 3929 1228 3983 credendus
1256 3935 1358 3983 est.
1393 3929 1605 3983 Verum
1645 3931 1789 3984 Esau
1833 3930 2004 3984 forni-

403 4015 590 4069 carius
619 4021 678 4069 et
704 4016 972 4086 profanus
996 4034 1098 4088 pro
1129 4033 1243 4071 una
1279 4034 1408 4071 esca
1432 4017 1684 4071 vendidit
1726 4018 2005 4088 primoge-

405 4103 527 4157 nita
549 4119 654 4156 sua
683 4104 832 4171 (Gen.
864 4121 988 4170 xxv,
1023 4121 1172 4171 XXVI,
1198 4123 1285 4173 seq
1309 4108 1350 4174 ).
1388 4106 1616 4160 Samuel
1641 4122 1882 4176 quoque,
1907 4107 2001 4178 qui

404 4189 535 4245 talis
564 4190 673 4245 fuit
696 4198 762 4246 ut
785 4192 1071 4247 invocaret
1097 4193 1398 4248 Dominum
1430 4200 1488 4248 et
1531 4194 1803 4248 Dominus
1829 4211 1999 4249 exau-

405 4278 555 4334 diret
573 4295 722 4344 eum,
739 4287 798 4334 et
815 4281 873 4334 in
895 4285 1146 4352 tempore
1165 4282 1363 4336 messis
1394 4281 1641 4353 pluviam
1668 4282 1871 4338 hiemis
1898 4285 2002 4338 im-

2083 3227 2140 3274 et
2166 3236 2292 3274 vere
2321 3219 2513 3273 credat
2539 3219 2596 3272 in
2629 3218 2870 3284 Christo,
2893 3225 2950 3272 et
2978 3218 3136 3272 nulla
3166 3207 3652 3286 subrepentiumvi-

2081 3309 2289 3363 tiorum
2317 3307 2443 3380 labe
2471 3308 2804 3361 maculetur.
2841 3326 2866 3358 «
2903 3307 3138 3378 Oportet
3165 3306 3318 3360 enim
3361 3303 3652 3373 episcopum

2081 3397 2202 3451 sine
2231 3397 2466 3450 crimine
2511 3413 2651 3462 esse,
2693 3402 2965 3467 tanquam
3013 3395 3115 3450 Dei
3155 3395 3651 3464 dispensatorem.»

2081 3485 2363 3550 Quaeritur
2392 3501 2526 3555 ergo
2545 3485 2694 3538 inter
2721 3484 3162 3555 dispensatores,
3182 3489 3248 3536 ut
3268 3480 3447 3535 ﬁdelis
3458 3476 3572 3548 quis
3582 3474 3654 3526 in-

2078 3575 2338 3628 veniatur
2367 3580 2424 3627 et
2450 3589 2562 3627 non
2595 3573 2891 3627 comedens
2922 3578 2979 3626 et
3022 3571 3227 3626 bibens
3272 3587 3399 3624 cum
3429 3563 3653 3624 ebriosis,

2083 3663 2360 3734 percutiat
2387 3679 2576 3717 servos
2606 3668 2660 3716 et
2701 3661 2951 3726 ancillas,
2987 3661 3084 3715 sed
3131 3662 3415 3715 incertum
3459 3649 3654 3709 Domini

2084 3752 2696 3822 exspectetadventum,
2729 3756 2787 3804 et
2813 3751 2905 3804 det
2936 3751 3222 3804 conservis
3250 3749 3308 3802 in
3335 3753 3574 3816 tempore
3599 3737 3659 3792 ci-

2083 3840 2258 3894 baria.
2293 3842 2448 3896 Inter
2465 3841 2709 3894 villicum
2729 3845 2922 3894 autem
2950 3846 3008 3892 et
3032 3839 3314 3893 familiam
3325 3838 3441 3890 haec
3460 3833 3569 3887 sola
3584 3829 3659 3882 di-

2083 3929 2294 3984 stantia
2321 3929 2568 4000 estquod
2599 3945 2897 3983 conservus
2925 3928 3262 4000 praepositus
3293 3931 3380 3980 est
3407 3916 3660 3978 conservis

2085 4018 2218 4072 suis.
2257 4019 2487 4086 (Ambr.)
2517 4018 2640 4071 Duo
2671 4018 2776 4072 hoc
2802 4017 2860 4070 in
2890 4017 3010 4072 loco
3029 4017 3284 4071 ostendit
3311 4031 3434 4086 qua:
3463 4028 3496 4066 a
3522 4006 3661 4063 nobis

2077 4108 2200 4176 jam
2231 4106 2381 4160 dicta
2403 4112 2536 4160 sunt
2553 4105 2611 4160 in
2641 4106 2823 4177 prima
2841 4103 3404 4177 EpistolaTimothei,
3421 4097 3659 4173 quoniam

2082 4194 2208 4249 illos
2229 4195 2324 4266 qui
2354 4211 2502 4250 nunc
2530 4195 2894 4249 nominantur
2927 4194 3264 4266 presbyteri,
3299 4209 3413 4247 non
3453 4186 3663 4262 presby-

2082 4289 2234 4338 teros
2271 4284 2472 4348 solum,
2505 4283 2602 4336 sed
2631 4290 2689 4337 et
2717 4283 3005 4355 episcopos
3047 4290 3184 4338 tunc
3216 4281 3496 4337 dicebant.
3536 4276 3662 4330 Nam

402 4373 672 4439 patraret,
702 4367 901 4424 habuit
920 4369 1064 4424 ﬁlios
1097 4369 1193 4441 qui
1221 4371 1640 4425 declinaverunt
1667 4378 1794 4443 post
1819 4373 2052 4444 avari-_
2083 4373 2218 4426 dum
2239 4372 2391 4438 dicit,
2410 4391 2435 4424 «
2457 4379 2520 4426 ut
2547 4373 2856 4427 constituas
2873 4389 2975 4444 per
2985 4372 3240 4426 civitates
3261 4369 3624 4443 presbyteros,
3641 4383 3661 4410 ιν

401 4456 565 4524 tiam,
597 4462 656 4512 et
682 4457 1031 4530 accipiebant
1055 4439 1318 4526 munera,
1351 4465 1410 4514 et
1435 4465 1554 4514 tam
1581 4439 1759 4530 iniqui
1783 4439 2064 4530 judicesD
2082 4467 2140 4514 et
2157 4461 2226 4514 de
2255 4460 2594 4532 presbyteris
2623 4439 2914 4532 disputans
2943 4461 3135 4530 adjicit
3167 4480 3178 4514 :
3217 4480 3244 4512 «
3261 4439 3514 4530 —Oportet
3531 4452 3662 4508 enim

404 4544 755 4612 exstiterunt,
787 4553 851 4602 ut
881 4549 1121 4619 populus
1155 4565 1513 4620 nequaquam
1559 4549 1762 4616 ferens,
1810 4566 2000 4620 regem

404 4631 512 4698 sibi
539 4634 599 4688 in
618 4635 1049 4691 similitudinem
1069 4642 1397 4691 ceterarum
1415 4637 1670 4708 gentium
1692 4638 2001 4708 postularet

403 4723 455 4789 (Ι
473 4723 597 4790 Reg.
628 4728 761 4792 vm).
797 4725 944 4793 Ergo
991 4725 1037 4780 si
1093 4725 1290 4780 electio
1344 4727 1505 4781 ﬁeret
1551 4727 1902 4781 sacerdotum
1941 4733 1996 4782 et

403 4809 560 4863 Isaac
587 4816 818 4882 propter
849 4813 1014 4881 Esau,
1048 4821 1104 4868 et
1137 4815 1363 4870 Samuel
1406 4821 1636 4887 pr0pter
1663 4815 1808 4869 ﬁlios
1843 4832 1993 4882 suos,

397 4896 616 4968 indigni
646 4899 959 4956 sacerdotio
989 4909 1342 4973 putarentur.
1383 4903 1453 4958 Et
1486 4920 1613 4958 cum
1642 4910 1868 4975 peccata
1896 4921 1996 4976 pa-

396 4992 622 5041 rentum
649 4987 782 5044 ﬁliis
807 5005 921 5044 non
946 4990 1318 5062 imputentur,
1365 5007 1720 5064 nequaquam
1746 4995 1866 5064 jam
1901 4993 1998 5048 illa

399 5074 620 5145 vigente
645 5078 928 5133 sententia
957 5097 969 5132 :
998 5099 1024 5132 )›
1051 5086 1313 5151 parentes
1343 5097 1510 5136 uvam
1546 5082 1803 5136 acerbam
1835 5099 1995 5136 man-

396 5162 760 5235 ducaverunt,
784 5168 1064 5224 et‘dentes
1093 5169 1338 5224 ﬁliorum
1352 5169 1763 5242 obstupuerunt
1781 5171 1991 5237 (Ezech.

396 5255 571 5321 xvm),
606 5271 633 5306 ιυ
661 5255 906 5310 ﬁliorum
954 5257 1090 5312 vitia
1135 5257 1463 5328 parentibus
1507 5257 1996 5330 praejudicabunt?

399 5337 652 5394 Primum
671 5341 862 5414 itaque
875 5345 1175 5400 dicendum
1195 5350 1282 5400 est
1301 5346 1450 5416 quod
1470 5352 1588 5401 tam
1608 5353 1863 5402 sanctum
1892 5364 1994 5402 no-

399 5441 529 5481 men
550 5427 625 5482 sit
643 5433 961 5500 sacerdotii,
987 5440 1050 5488 ut
1069 5433 1230 5488 nobis
1260 5434 1431 5488 etiam
1461 5452 1528 5489 ea
1560 5453 1682 5507 qua:
1713 5441 1870 5490 extra
1892 5453 1994 5490 nos

396 5519 530 5570 sunt
554 5517 756 5586 posita,
790 5527 1267 5592 reputentur,nnn
1297 5524 1444 5593 quod
1475 5530 1704 5596 propter
1728 5525 1862 5579 vitia
1891 5539 1994 5579 no-

396 5607 514 5657 stra
539 5605 784 5680 episcopi
809 5625 919 5663 non
948 5612 1178 5665 ﬁamus:
1204 5612 1301 5665 sed
1333 5612 1481 5683 quod
1503 5619 1733 5683 propter
1752 5613 1994 5668 ﬁliorum

2081 4550 2404 4620 episcopum
2431 4549 2978 4620 irreprehensibilem
3001 4566 3142 4612 esse,
3158 4549 3310 4603 sicut
3341 4547 3444 4602 Dei
3467 4545 3666 4614 dispen-

2081 4644 2324 4692 satorem
2345 4657 2358 4705 ;
2381 4659 2406 4690 ›)
2431 4645 2490 4692 et
2503 4639 2649 4709 quod
2671 4639 2889 4692 dixerat
2916 4654 3016 4709 per
3043 4637 3302 4692 civitates
3331 4634 3664 4708 presbyteros

2080 4725 2285 4780 debere
2321 4727 2609 4794 constitui,
2651 4727 2744 4797 qui
2780 4727 3139 4781 ecclesiarum
3185 4726 3411 4798 possint
3451 4719 3666 4793 implere

2078 4815 2572 4886 dispensationem,
2609 4815 2922 4886 provincias
2967 4815 3176 4870 etenim
3215 4815 3471 4885 integras
3515 4812 3571 4864 in
3597 4807 3666 4860 id-

2078 4904 2265 4976 ipsum
2288 4902 2715 4958 committebant
2738 4903 2865 4968 illis,
2880 4903 3084 4974 quibus
3103 4903 3410 4958 ordinandi
3439 4903 3667 4973 potesta-

2078 4999 2193 5048 tem
2213 4992 2555 5064 praebebant,
2585 4991 2679 5062 qui
2706 4992 2959 5046 civitates
2988 4998 3384 5063 peragrantes,
3409 4991 3551 5045 sicut
3568 4984 3668 5056 epi-

2078 5081 2498 5152 scopiregiones
2515 5096 2664 5144 suas,
2680 5096 2775 5134 eos
2801 5080 2897 5151 qui
2933 5081 2991 5134 in
3021 5081 3411 5135 ministerium
3430 5073 3668 5134 Ecclesiae

2078 5169 2265 5224 minus
2295 5186 2416 5224 esse
2443 5169 2794 5234 videbantur,
2810 5168 3166 5236 ordinabant,
3190 5175 3253 5223 et
3268 5168 3547 5224 docebant
3559 5177 3668 5234 quae

2079 5275 2174 5313 eos
2201 5258 2382 5314 facere
2419 5257 2798 5324 conveniebat,
2834 5259 3159 5314 ordinantes
3187 5258 3477 5328 simulque
3520 5249 3666 5307 insti-

2075 5353 2300 5402 tuentes
2327 5347 2598 5418 singulos,
2615 5347 2760 5400 sicut
2787 5347 3046 5417 expedire
3074 5345 3499 5400 existimabant.
3529 5343 3668 5397 Tunc

2075 5453 2206 5490 vero
2232 5437 2325 5490 isti
2357 5436 2463 5507 ipsi
2491 5435 2585 5506 qui
2605 5435 2946 5489 ordinationi
2966 5440 3246 5506 praeerant
3276 5433 3519 5506 apostoli
3537 5429 3668 5484 dice-

2076 5523 2298 5591 bantur,
2313 5523 2786 5595 contemplatione
2803 5521 3028 5595 quidem
3041 5523 3374 5577 reverentiaa
3384 5524 3488 5576 hoc
3507 5517 3671 5574 nomi—

2075 5629 2144 5666 ne
2164 5629 2223 5665 se
2242 5613 2425 5666 vocari
2441 5628 2610 5681 grave
2631 5612 3030 5669 existimantes.
3049 5611 3483 5682 praelegerunt,
3519 5613 3578 5662 ut
3592 5621 3669 5658 se-
