3868 6138
192 325 270 381 665

594 315 1167 371 ENARRATIONUM
1204 317 1280 371 IN
1321 318 1473 371 EPP.
1516 319 1729 373 PAULI
1770 320 1904 374 LIB.
1948 321 2114 374 XXV.
2152 352 2215 361 —
2249 321 2326 375 IN
2366 321 2586 376 EPIST.
2627 320 2724 375 AD
2761 321 2897 376 ΤΙΤ.

3278 318 3380 372 666

190 450 382 503 cundum
408 441 849 498 consuetudinem
880 458 1001 510 qua)
1049 441 1117 493 ad
1170 458 1414 511 prmsens
1445 442 1701 505 habetur,
1721 446 1770 503 A
1788 459 1910 512 quae
1940 443 2082 495 solet
2110 460 2175 496 ex
2198 443 2439 496 vinaceis
2470 444 2611 507 fieri,
2647 446 2891 515 potione,
2911 445 3177 516 omnique
3202 447 3379 497 sicera

189 539 505 608 episcoporum
549 530 649 584 sibi
689 530 956 583 vocabula
1003 530 1350 583 vindicarent
1399 548 1409 582 :
1454 547 1519 583 eo
1559 532 1703 600 quod

189 625 501 697 apostolorum
543 620 766 673 nemine
793 636 852 672 se
890 619 1074 672 vocari
1105 619 1190 671 sui
1222 619 1405 672 meriti
1436 620 1706 689 majorem

188 732 278 768 esse
300 710 580 764 censebant.
618 708 674 762 Si
707 714 896 761 autem
930 724 1043 762 non
1088 708 1191 761 hoc
1238 708 1317 761 ita
1362 725 1422 761 se
1454 708 1701 771 haberet,

186 819 269 856 non
290 800 455 870 utique
468 798 701 851 diceret:
728 804 792 850 ut
807 797 1113 850 constituas
1140 813 1241 867 per
1272 798 1555 850 civitatem
1576 814 1704 868 pre-

185 892 397 960 sbyteros,
411 887 497 940 sed
518 887 752 939 diceret:
773 891 835 939 ut
853 886 1161 939 constituas
1189 903 1289 955 per
1299 886 1577 939 civitatem
1591 888 1704 957 epi-

184 994 377 1048 scopum,
408 974 493 1045 qui
523 975 812 1027 ordinatus
842 982 1043 1028 cuncta
1074 992 1195 1044 quae
1212 974 1306 1027 illo
1330 976 1515 1028 minus
1537 975 1703 1029 habe-

180 1067 337 1119 bantur
359 1069 561 1135 poterat
590 1063 917 1134 adimplere.
955 1065 1150 1129 (Ilier.)
1184 1063 1335 1116 Sciat
1364 1064 1551 1133 itaque
1582 1065 1700 1134 epi-

180 1171 329 1225 scopus
352 1158 401 1205 et
440 1151 729 1223 presbyter
756 1152 860 1205 sibi
889 1152 1159 1222 populum
1196 1169 1523 1206 conservum
1557 1171 1696 1217 esse,

177 1260 255 1297 non
280 1258 488 1295 servum.
522 1241 898 1307 Caeterajvero
929 1257 1050 1311 quae
1082 1246 1396 1311 sequuntur
1439 1241 1495 1294 in
1543 1242 1702 1294 nobis

176 1332 311 1402 posita
334 1338 466 1383 sunt.
493 1350 515 1379 «
544 1330 670 1383 Non
690 1336 1032 1401 protervum,
1061 1352 1085 1381 »
1108 1330 1163 1383 id
1198 1336 1301 1393 est,
1336 1346 1447 1383 non
1476 1336 1701 1384 tumen-

174 1430 256 1473 tem
280 1426 326 1473 et
342 1420 641 1489 placentem
662 1418 768 1472 sibi
782 1418 928 1489 quod
953 1419 1244 1489 episcopus
1266 1419 1356 1481 sit,
1393 1420 1509 1483 sed,
1543 1421 1700 1489 quasi

172 1509 328 1561 bonum
352 1507 603 1569 villicum,
639 1508 693 1560 id
724 1508 1103 1578 requirentem
1125 1508 1272 1577 quod
1295 1508 1549 1577 pluribus
1577 1525 1700 1578 pro-

170 1598 236 1649 sit.
266 1617 283 1646 ι
311 1597 418 1649 Non
446 1596 797 1649 iracundum.
836 1616 860 1648 ›)
906 1596 1211 1649 Iracundus
1242 1604 1327 1648 est
1354 1597 1448 1667 qui
1479 1614 1701 1667 semper

168 1685 384 1739 irascitur.
424 1690 476 1735 et
523 1684 597 1737 ad
644 1685 818 1737 levem
862 1683 1238 1754 respOnsionis
1284 1701 1479 1737 auram
1530 1693 1697 1755 atque

1789 549 1911 602 quae
1952 539 2198 584 mentem
2237 531 2306 583 ab
2354 532 2572 601 integra
2617 534 2857 587 sanitate
2894 534 3179 604 pervertit.
3220 533 3380 602 Dicat

1790 621 2023 689 quisque
2047 622 2191 689 quod
2210 622 2383 673 volet:
2410 639 2511 689 ego
2534 623 2733 692 loquor
2744 623 3141 676 conscientiam
3170 638 3373 675 meam.

1791 709 1913 762 Scio
1943 709 2079 761 mihi
2111 709 2506 763 abstinentiam
2529 717 2585 763 et
2614 712 2869 765 nocuisse
2902 711 3299 774 intermissam,
3324 716 3381 763 et

1787 797 2061 867 profuisse
2112 798 2428 868 repetitam.
2475 800 2608 853 Post
2654 800 3015 853 vinolentiam
3060 800 3231 853 etiam
3274 800 3379 852 hoc

1786 886 2065 956 praecepit,
2097 903 2166 939 ne
2191 904 2484 957 percussor
2501 888 2605 941 sit:
2632 890 2781 958 quod
2803 889 3029 959 quidem
3050 888 3380 959 simpliciter

1786 975 2131 1028 intellectum
2174 976 2411 1030 mdificat
2437 977 2778 1041 audientem,
2810 995 2900 1031 me
2942 978 3100 1031 facile
3148 993 3377 1030 manum

1784 1064 2036 1132 porrigat
2064 1065 2133 1117 ad
2165 1065 2505 1127 czedendum,
2538 1082 2607 1118 ne
2640 1067 2697 1119 in
2727 1084 2788 1119 os
2818 1067 3049 1120 alterius
3078 1066 3375 1119 verberan-

1784 1153 1915 1204 dum
1950 1153 2179 1205 insanus
2222 1162 2497 1224 erumpat.
2552 1155 2748 1208 Melius
2790 1162 2979 1209 autem
3026 1161 3128 1221 est,
3163 1161 3227 1208 ut
3264 1171 3374 1208 non

1784 1258 2167 1310 percussorem
2197 1242 2347 1295 illum
2380 1260 2499 1296 esse
2528 1244 2797 1309 dicamus,
2834 1245 2928 1315 qui
2962 1250 3290 1298 mansuetus
3320 1248 3377 1296 et

1785 1330 2021 1399 patiens,
2056 1331 2158 1383 scit
2186 1331 2239 1383 in
2270 1337 2522 1401 tempore
2544 1332 2675 1403 quid
2694 1333 3036 1403 loquendum
3066 1334 3157 1397 sit,
3175 1332 3376 1403 quidve

1785 1420 2101 1483 tacendum,
2139 1436 2239 1471 nec
2284 1438 2541 1474 sermone
2590 1422 2775 1474 inutili
2815 1422 3214 1475 conscientiam
3245 1438 3374 1491 per—

1782 1508 1922 1561 cutit
1961 1508 2333 1561 inﬁrmorum.
2386 1510 2509 1562 Non
2560 1511 2711 1563 enim
2768 1512 3066 1580 Apostolus
3119 1510 3375 1563 Ecclesia)

1782 1596 2085 1666 principem
2118 1598 2382 1659 formans,
2416 1606 2564 1651 vetat
2591 1616 2712 1652 esse
2742 1600 2987 1669 pugilem
3035 1606 3091 1652 et
3140 1615 3374 1669 pancra-

1782 1685 2008 1749 tiasten,
2044 1687 2190 1754 quod
2222 1686 2465 1753 etiamin
2500 1687 2712 1757 plebeio
2746 1694 2801 1740 et
2822 1704 3153 1757 quocunque
3176 1687 3371 1755 gentili

165 1774 341 1842 peccati,
373 1773 521 1842 quasi
558 1790 591 1825 a
610 1778 773 1825 vento
799 1772 992 1825 folium
1026 1781 1424 1826 commovetur.
1465 1774 1530 1827 Et
1575 1791 1698 1826 vere
1722 1747 1764 1807 Β
1785 1774 1829 1825 si
1850 1774 2037 1835 fuerit,
2066 1776 2529 1843 reprehenditur:
2561 1778 2656 1829 sed
2686 1778 2806 1841 hoc,
2839 1784 2904 1830 ut
2931 1777 3063 1841 dixi,
3098 1793 3167 1828 ne
3184 1782 3376 1828 contu-

165 1862 347 1914 nihilest
373 1861 569 1914 ftedius
588 1868 927 1932 praeceptore
969 1861 1198 1927 furioso,
1223 1862 1318 1931 qui
1346 1879 1472 1915 cum
1501 1862 1701 1915 debeat

166 1966 252 2001 esse
290 1956 619 2013 mansuetus,
649 1955 706 2002 et
732 1950 1040 2002 secundum
1086 1950 1221 2003 illud
1251 1951 1398 2020 quod
1430 1952 1697 2021 scriptum

161 2044 247 2090 est:
270 2062 289 2085 α
313 2039 533 2091 Servum
563 2046 751 2091 autem
775 2038 997 2091 Domini
1016 2054 1127 2091 non
1148 2044 1370 2108 oportet
1388 2039 1577 2103 rixari,
1601 2041 1696 2092 sed

162 2126 374 2178 humilem
392 2144 505 2180 esse
522 2127 595 2179 ad
610 2144 823 2189 omnes,
838 2127 1461 2197 doctorem,patientem
1477 2136 1699 2181 etman-

157 2215 395 2268 suetudine
420 2216 772 2269 erudientem
807 2232 902 2269 eos
933 2215 1027 2286 qui
1057 2218 1485 2270 contraveniunt
1511 2235 1521 2268 :
1546 2238 1568 2266 ι
1604 2218 1697 2270 ille

156 2322 177 2349 υ
205 2303 385 2356 diverso
420 2310 583 2357 torvo
619 2306 794 2367 vultu,
838 2305 1209 2358 trementibus
1264 2306 1444 2370 labiis,
1492 2312 1695 2375 rugata

154 2389 307 2451 fronte,
329 2393 609 2446 effrenatis
641 2394 918 2459 conviciis,
950 2393 1086 2446 facie
1118 2394 1265 2447 inter
1304 2396 1574 2465 pallerem
1603 2411 1694 2449 ru-

153 2478 395 2551 boremque
418 2482 656 2547 variata,
697 2483 940 2535 clamore
962 2489 1277 2553 perstrepat
1309 2503 1319 2536 :
1357 2490 1413 2537 et
1443 2490 1694 2537 errantes

149 2584 232 2621 non
258 2578 355 2622 tam
394 2571 459 2623 ad
508 2571 721 2624 bonum
751 2572 1021 2635 retrahat,
1058 2589 1225 2642 quam
1256 2573 1325 2625 ad
1355 2574 1565 2625 malum
1596 2590 1698 2627 sua

147 2658 311 2711 sevitia
332 2661 679 2731 praecipitet;
712 2661 842 2713 inde
881 2668 965 2713 est
1004 2662 1153 2731 quod
1188 2670 1247 2714 et
1276 2662 1539 2715 Salomon
1570 2662 1649 2715 ait
1680 2681 1691 2715 :

149 2764 167 2793 ί
198 2747 271 2799 Ira
293 2749 462 2817 perdit
490 2750 671 2802 etiam
698 2749 978 2820 sapientes
1012 2752 1201 2816 (Eccli.
1236 2756 1330 2818 vn)
1368 2769 1380 2815 ;
1415 2757 1471 2803 et
1502 2769 1512 2802 :
1552 2771 1575 2801 ι
1607 2752 1697 2804 Ira

146 2834 220 2887 tiri
238 2837 496 2904 justitiam
532 2838 635 2891 Dei
664 2855 775 2891 non
806 2846 1073 2909 operatur
1122 2840 1320 2905 (Jacob.
1359 2848 1413 2907 ι).
1444 2860 1467 2891 »
1501 2840 1695 2909 Neque

147 2938 242 2976 vero
266 2925 347 2994 qui
376 2927 684 2996 aliquando
724 2928 982 2981 irascitur
1009 2928 1309 2981 iracundus
1338 2934 1441 2993 est,
1474 2928 1569 2980 sed
1602 2928 1694 2980 ille

141 3012 300 3066 dicitur
318 3015 639 3081 iracundus,
658 3016 753 3086 qui
775 3016 966 3070 crebro
980 3017 1082 3069 hac
1105 3017 1360 3086 passione
1372 3023 1691 3087 superatur.

145 3099 361 3156 Prohibet
377 3121 606 3175 quoque
637 3105 957 3175 episeOpum
989 3122 1109 3158 esse
1132 3105 1539 3159 «vinolentum.
1563 3124 1588 3155 »
1613 3106 1693 3159 De

138 3206 222 3258 quo
244 3191 305 3243 ad
329 3193 692 3247 Timotheum
714 3194 977 3247 scribitur
1009 3214 1018 3247 :
1060 3214 1083 3244 ί(
1118 3196 1241 3248 Non
1263 3196 1439 3248 multo
1454 3194 1580 3247 vino
1600 3194 1693 3246 de-

139 3277 296 3331 ditum.
328 3301 353 3333 »
376 3282 559 3345 Quale
582 3288 668 3336 est
680 3289 868 3336 autem
887 3284 1209 3353 episcopum
1231 3284 1418 3337 videre
1448 3284 1693 3337 vinolen-

133 3374 242 3423 tum.
279 3378 333 3423 ut
376 3388 554 3424 sensu
603 3378 869 3442 occupato
908 3374 991 3425 vel
1035 3374 1241 3426 exaltet
1288 3373 1466 3426 risum
1495 3380 1691 3426 contra

133 3458 376 3521 gravitatis
422 3460 709 3525 decorem,
744 3467 802 3513 et
842 3461 1005 3514 labiis
1034 3462 1319 3515 dissolutis
1348 3461 1641 3515 cachinnet
1674 3480 1686 3527 ;

134 3544 194 3597 vel
219 3546 258 3599 si
286 3549 580 3617 paululum
610 3549 787 3603 tristis
813 3550 1105 3619 cujusdam
1137 3551 1215 3603 rei
1237 3551 1407 3603 fuerit
1436 3551 1691 3604 recorda-

130 3638 211 3686 tus.
241 3636 375 3689 inter
404 3639 611 3707 pocula
639 3639 695 3691 in
726 3638 1003 3707 singultus
1034 3646 1364 3709 prorumpat
1410 3646 1465 3691 et
1512 3640 1688 3709 lacry-

130 3736 235 3775 mas.
262 3724 515 3797 Longum
543 3733 629 3779 est
656 3727 736 3779 ire
766 3744 865 3797 per
903 3728 1144 3797 singula,
1179 3735 1235 3781 et
1270 3728 1517 3781 insanias
1548 3745 1688 3797 quas

127 3809 328 3867 ebrietas
358 3816 620 3885 suggerit
660 3816 950 3886 explicare.
986 3817 1188 3869 Videas
1229 3816 1369 3870 alios
1400 3818 1599 3887 pocula
1630 3818 1687 3870 in

126 3899 211 3952 tela
234 3910 528 3969 vertentes,
559 3905 831 3975 scyphum
862 3905 920 3957 in
956 3905 1154 3958 faciem
1180 3907 1368 3975 jacere
1398 3906 1637 3959 conviva:
1672 3925 1685 3973 ς

124 3988 260 4043 alium
285 3993 473 4046 scissis
495 3993 743 4046 vestibus
772 3994 828 4046 in
861 3994 1093 4047 vulnera
1137 3994 1323 4048 aliena
1372 4011 1640 4065 proruere
1673 4015 1685 4061 ;

123 4075 232 4129 alios
271 4081 538 4147 clamare,
588 4082 726 4135 alios
767 4082 1109 4149 dormitare;
1162 4084 1256 4153 qui
1306 4084 1433 4153 plus
1461 4083 1684 4150 biberit,

121 4164 281 4219 fortior
307 4176 691 4241 computatur,
717 4171 1086 4224 accusationis
1103 4172 1317 4224 occasio
1342 4178 1444 4233 est,
1461 4172 1526 4224 ad
1530 4173 1688 4241 jura-

120 4261 215 4307 tum
241 4274 336 4327 per
364 4276 583 4329 regem,
607 4259 957 4329 frequentius
972 4276 1081 4312 non
1104 4259 1326 4313 bibisse.
1365 4261 1609 4313 Vomunt
1628 4268 1691 4314 ut

1784 1863 2048 1915 meliosus
2077 1870 2133 1915 et
2160 1865 2422 1931 garrulus
2454 1866 2650 1934 perdat
2665 1882 2813 1921 eum.
2840 1882 3007 1935 quem
3034 1865 3218 1935 potuit
3252 1881 3373 1917 mo-

1780 1951 1961 2003 destia
1991 1958 2047 2003 et
2075 1952 2305 2005 lenitate
2334 1953 2847 2024 corrigere.Turpis
2865 1954 3240 2024 quoquelucri
3271 1970 3372 2022 ap-

1779 2039 1987 2109 petitus
2015 2040 2085 2092 ab
2116 2057 2181 2093 eo
2213 2041 2303 2110 qui
2329 2041 2618 2111 episcopus
2647 2042 2868 2095 futurus
2908 2048 3011 2105 est,
3046 2060 3167 2094 esse
3208 2042 3375 2095 debet

1779 2128 2014 2182 alienus.
2042 2130 2185 2184 Sunt
2213 2130 2363 2182 enim
2382 2130 2819 2184 multidocentes
2838 2147 2960 2201 qum
2990 2147 3102 2183 non
3128 2136 3368 2199 oportet,

1777 2218 1960 2287 turpis
1988 2218 2126 2271 lucri
2155 2219 2339 2285 gratia
2364 2237 2374 2270 :
2408 2220 2503 2289 qui
2533 2226 2681 2272 totas
2710 2219 2905 2273 domos
2933 2218 3282 2281 subvertunt,
3317 2226 3374 2271 et

1776 2311 1977 2375 putant
2004 2314 2277 2376 quaestum
2309 2325 2429 2360 esse
2472 2308 2739 2377 pietatem
2771 2309 2815 2375 (Ι
2856 2309 2996 2361 Tim.
3048 2310 3143 2373 γι).
3178 2306 3374 2359 Melior

1775 2399 1964 2447 autem
1992 2402 2077 2448 est
2090 2396 2251 2464 juxta
2268 2396 2625 2449 Salomonem
2647 2398 2824 2462 (Prov.
2860 2400 2970 2461 xvx)
2993 2395 3258 2448 «modica
3274 2410 3368 2446 ac-

1778 2483 1959 2552 ceptio
1988 2500 2114 2536 cum
2134 2484 2374 2552 justitia,
2408 2501 2574 2554 quam
2606 2486 2783 2537 multa
2808 2484 3094 2553 genimina
3111 2500 3238 2536 cum
3262 2483 3370 2535 ini-

1780 2572 1993 2641 quitate
2019 2590 2030 2637 ;
2059 2592 2079 2621 ›
2102 2579 2157 2625 et
2185 2574 2363 2641 magis
2384 2574 2699 2641 eligendum
2732 2573 2787 2626 in
2817 2579 3145 2643 paupertate
3164 2588 3368 2625 nomen

1779 2659 1984 2712 bonum
2030 2678 2197 2730 quam
2239 2661 2295 2713 in
2341 2662 2547 2715 divitiis
2600 2679 2801 2715 nomen
2848 2662 3152 2732 pessimum
3203 2663 3367 2727 (Psal.

1781 2748 1983 2817 xxxvii.
2022 2750 2324 2819 Episcopus
2346 2750 2439 2819 qui
2480 2751 2730 2803 imitator
2760 2767 2880 2803 esse
2913 2750 3165 2821 Apostoli
3195 2750 3366 2819 cupit,

1778 2836 1988 2890 habens
2015 2837 2221 2891 victum
2253 2845 2309 2891 et
2339 2840 2619 2901 vestitum,
2654 2840 2741 2892 his
2784 2845 3006 2893 tantum
3046 2838 3213 2892 debet
3242 2855 3364 2891 esse

1777 2927 2072 2979 contentus
2093 2928 2141 2993 (Ι
2176 2929 2312 2980 Tim.
2330 2934 2421 2993 vi).
2442 2928 2547 2992 Qui
2578 2929 2778 2982 altario
2793 2928 3063 2991 serviunt,
3079 2928 3149 2980 de
3171 2926 3370 2980 altario

1774 3014 1963 3068 vivant
2012 3018 2061 3083 (Ι
2107 3016 2226 3069 Cor.
2275 3020 2379 3085 Ix):
2416 3018 2622 3082 vivant,
2656 3018 2857 3087 inquit,
2899 3023 2956 3070 et
3012 3033 3123 3070 non
3170 3016 3369 3069 divites

1776 3106 1935 3157 fiant.
1971 3105 2128 3158 Unde
2160 3112 2214 3158 et
2244 3124 2318 3159 res
2347 3105 2505 3159 nobis
2554 3107 2831 3160 excutitur
2860 3124 2924 3159 ex
2968 3122 3124 3167 zona,
3159 3110 3217 3157 et
3258 3121 3371 3157 una

1772 3199 1995 3246 tantum
2018 3194 2208 3247 tunica
2228 3195 2532 3259 induimur,
2566 3212 2668 3248 nec
2693 3196 2761 3249 de
2794 3195 3037 3249 crastino
3053 3194 3365 3263 cogitamus

1778 3283 1965 3347 (.llarc.
1999 3292 2089 3335 vr.
2123 3283 2325 3353 Turpis
2354 3284 2492 3336 lucri
2524 3285 2795 3355 appetitio
2828 3291 2913 3337 est
2940 3285 3066 3354 plus
3099 3299 3268 3353 quam
3299 3282 3367 3334 de

1773 3371 2138 3439 praesentibus
2167 3373 2430 3440 cogitare.
2456 3374 2757 3443 Hucusque
2773 3373 2905 3443 quid
2922 3389 3034 3425 non
3055 3372 3257 3424 debeat
3275 3371 3372 3424 ha-

1772 3458 1903 3511 bere
1935 3460 2243 3529 episcopus,
2293 3462 2405 3513 sive
2443 3461 2757 3531 presbyter,
2803 3462 3055 3531 Apostoli
3108 3476 3366 3513 sermone

1771 3555 2111 3618 przeceptum
2141 3556 2256 3601 est:
2281 3566 2428 3602 nunc
2450 3550 2771 3603 econtrario
2793 3550 2925 3619 quid
2947 3548 3153 3602 habere
3166 3548 3368 3601 debeat

1768 3637 2090 3706 explicatur.

1844 3746 1865 3775 ‹
1904 3726 2011 3778 Sed
2042 3725 2396 3794 hospitalem,
2437 3726 2711 3779 bonorum
2759 3732 3088 3790 amatorem,
3122 3729 3359 3788 castum,

1776 3834 1797 3863 ‹
1825 3815 2063 3883 justum,
2095 3821 2368 3879 sanctum,
2388 3814 2783 3872 continentem.
2812 3812 3204 3875 abstinentem,
3224 3811 3364 3864 obti-

1775 3921 1802 3956 ι
1834 3909 2059 3956 nentem
2081 3920 2209 3957 eum
2232 3904 2326 3973 qui
2350 3903 2658 3956 secundum
2679 3902 2992 3955 doctrinam
3024 3906 3110 3954 est
3138 3900 3360 3953 ﬁdelem

1778 4012 1799 4042 ε
1831 4008 2165 4053 sermonem,
2187 3998 2249 4045 ut
2265 3998 2461 4062 potens
2480 3992 2554 4045 sit
2564 3992 2839 4045 consolari
2855 3991 2912 4044 in
2934 3989 3185 4043 doctrina
3202 4006 3361 4056 sana,

1776 4100 1800 4129 (ί
1834 4086 1889 4134 et
1909 4081 2351 4134 contradicentes
2383 4097 2635 4149 arguere.
2663 4100 2685 4131 ι
2713 4082 2951 4148 (Ambit)
2992 4078 3358 4149 HOSpitalem,

1772 4170 1971 4239 inquit,
1994 4170 2097 4223 hoc
2113 4176 2214 4233 est,
2236 4187 2329 4222 eos
2350 4170 2674 4240 peregrinos
2697 4170 2789 4240 qui
2816 4170 2921 4222 fide
2939 4168 3045 4221 sibi
3081 4172 3212 4221 sunt
3236 4169 3364 4236 jun-

1772 4259 1843 4311 cti
1876 4258 2114 4311 libenter
2144 4259 2525 4329 recipientem.
2550 4278 2575 4310 α
2601 4259 2934 4326 Benignum,
2962 4276 2988 4309 υ
3019 4263 3082 4310 ut
3109 4274 3241 4325 erga
3274 4256 3366 4309 bo-

116 4340 296 4411 bibant,
318 4347 527 4401 bibunt
546 4354 609 4401 ut
626 4355 871 4403 vomant.
897 4349 1147 4418 Digestio
1168 4350 1378 4401 ventris
1408 4356 1465 4401 et
1491 4356 1753 4418 guttur“
1774 4347 2009 4400 nitatem
2039 4348 2113 4400 sit
2148 4348 2451 4401 studiosus.
2484 4368 2504 4398 ι
2546 4348 2870 4412 Pudicum,»
2905 4353 2966 4400 ut
2994 4346 3064 4398 ab
3097 4345 3248 4399 omni
3288 4345 3364 4397 la-

115 4444 205 4483 uno
228 4446 572 4507 occupantur
595 4438 795 4490 ofﬁcio.
832 4438 947 4490 Hoc
978 4454 1126 4490 nunc
1164 4438 1368 4490 dixisse
1418 4438 1677 4503 sufficiat,

116 4522 236 4587 quod
263 4527 579 4579 secundum
608 4526 937 4596 Apostolum
960 4527 1166 4594 (Ephcs.
1197 4534 1270 4593 v),
1300 4526 1358 4579 in
1387 4526 1513 4579 vino
1533 4527 1689 4579 luxu-

118 4608 268 4665 riaest
294 4632 304 4664 :
331 4622 389 4667 et
406 4614 728 4684 ubicunque
749 4615 1014 4669 saturitas
1025 4621 1194 4685 atque
1205 4615 1682 4677 ebrietasfuerint,

115 4693 172 4749 ibi
197 4698 361 4755 libido
390 4703 736 4758 dominetur.
773 4704 973 4773 Specta
1001 4709 1253 4757 ventrem
1302 4710 1359 4756 et
1394 4704 1683 4771 genitalia,

116 4799 194 4851 pro
218 4791 492 4858 qualitate
512 4791 772 4845 vitiorum
815 4798 899 4845 est
924 4793 1059 4845 ordo
1091 4792 1492 4847 membrorum.
1528 4793 1687 4846 Nun-

114 4888 252 4941 quam
280 4896 387 4948 ego
420 4879 640 4934 ebrium
669 4887 882 4934 castum
911 4880 1139 4951 putabo,
1176 4880 1268 4950 qui
1291 4882 1393 4934 etsi
1412 4882 1538 4934 vino
1554 4898 1688 4934 con-

117 4965 300 5032 sopitus
329 4968 649 5029 dormierit.
683 4974 871 5023 tamen
902 4969 1086 5040 potuit
1114 4986 1344 5039 peccare
1361 4986 1461 5039 per
1476 4970 1684 5022 vinum.

115 5048 359 5109 Miramur
372 5068 566 5111 autem
586 5059 917 5129 Apostolum
932 5059 986 5111 in
1008 5058 1300 5129 episcopis,
1326 5058 1440 5111 sive
1462 5058 1688 5129 presby-

113 5142 221 5194 teris
239 5145 541 5200 damnasse
559 5147 1086 5212 vinolentiam,cum
1115 5148 1289 5201 veteri
1320 5164 1540 5217 quoque
1572 5148 1691 5215 lege

111 5242 426 5302 Praeceptum
459 5235 532 5288 sit
560 5238 747 5302 (Lavit.
774 5253 807 5290 χ
833 5256 845 5302 ;
882 5238 1048 5290 Num.
1077 5240 1172 5303 vn),
1206 5236 1523 5289 sacerdotes
1564 5253 1690 5288 cum

114 5315 490 5385 ingrediuntur
517 5325 789 5395 templum
814 5324 1133 5378 ministrare
1153 5325 1288 5387 Deo,
1309 5325 1498 5377 vinum
1517 5325 1693 5377 omni-

111 5418 165 5454 no
183 5423 286 5461 non
303 5410 503 5465 bibere
519 5433 530 5469 :
548 5421 606 5467 et
620 5415 932 5467 Nazareum
945 5414 1194 5484 quandiu
1207 5418 1458 5466 sanctam
1470 5430 1685 5466 comam

112 5498 313 5561 nutriat,
333 5506 397 5553 et
418 5500 554 5554 nihil
575 5504 1040 5561 contaminatum.
1057 5502 1196 5556 nihil
1220 5502 1454 5555 mortale
1475 5502 1689 5571 conspi-

114 5582 218 5647 ciat,
241 5594 296 5639 et
306 5604 341 5640 a
351 5588 485 5642 vino
494 5590 792 5657 abstinere,
819 5597 876 5645 et
887 5591 956 5645 ab
967 5607 1075 5646 uva
1087 5608 1271 5661 passa,
1285 5597 1386 5644 eta
1403 5590 1684 5653 dilutiore,

1706 4394 1754 4451 D

1771 4436 1941 4488 scivia
1956 4454 2076 4489 sese
2092 4437 2438 4506 superiorem
2460 4436 2761 4489 contineat.
2790 4456 2812 4485 ι
2839 4437 2867 4489 J
2874 4440 3083 4498 ustum,
3096 4432 3360 4502 )utjusti-

1770 4524 1862 4577 tiae
1882 4526 2123 4577 studeat.
2149 4545 2171 4575 ι
2197 4526 2485 4590 Sanctum,
2512 4543 2538 4575 υ
2562 4530 2625 4577 ut
2654 4523 2723 4577 ab
2748 4524 2899 4576 omni
2940 4540 2997 4575 se
3029 4522 3175 4574 malo
3203 4538 3364 4591 supe-

1770 4612 1976 4665 riorem
2006 4619 2266 4666 reservet.
2296 4633 2317 4663 ι
2339 4614 2752 4675 Continentem,
2783 4632 2805 4661 ι
2843 4610 3085 4681 quinon
3115 4610 3364 4681 volupta-

1768 4701 1918 4754 tibus
1933 4702 2260 4755 delectetur.
2288 4721 2308 4753 α
2334 4702 2778 4771 Amplectentem
2816 4701 2868 4753 id
2891 4700 3039 4770 quod
3055 4700 3363 4753 secundum

1771 4790 2081 4843 doctrinam
2110 4790 2272 4843 fidele
2300 4790 2548 4855 verbum,
2574 4811 2601 4840 ι)
2619 4790 2722 4842 hoc
2739 4795 2841 4853 est,
2874 4789 3199 4859 diligentem
3230 4805 3365 4858 erga

1771 4879 2084 4932 doctrinam
2135 4879 2374 4949 pietatis,
2426 4884 2482 4931 et
2530 4895 2651 4947 quae
2708 4878 2850 4932 nihil
2925 4879 3118 4949 prosit,
3177 4878 3223 4931 si
3293 4879 3367 4931 sit

1771 4967 2011 5035 diligens
2040 4984 2174 5035 erga
2202 4967 2534 5029 doctrinam,
2567 4967 2613 5019 si
2661 4984 2773 5020 non
2814 4968 2984 5020 etiam
3034 4973 3091 5019 et
3127 4965 3364 5036 possibi-

1774 5056 1931 5108 litate
1961 5056 2136 5125 ipsius
2164 5056 2426 5109 doctrinm
2458 5056 2628 5109 fuerit
2666 5057 2934 5125 praeditus
2960 5075 2971 5121 ;
3009 5074 3035 5108 α
3068 5061 3131 5108 ut
3170 5060 3365 5124 potens

1775 5145 1849 5197 sit
1901 5145 2175 5198 consolari
2222 5144 2278 5197 in
2327 5145 2583 5198 doctrina
2618 5161 2773 5217 sana,
2841 5150 2897 5199 et
2953 5161 3047 5197 eos
3101 5144 3195 5213 qui
3237 5158 3366 5195 con-

1774 5234 2058 5287 tradicunt
2085 5251 2339 5303 arguere.
2382 5254 2401 5282 ι
2437 5234 2673 5303 Oportet
2694 5241 2883 5287 autem
2913 5233 3109 5285 adesse
3156 5232 3206 5285 ei
3254 5231 3365 5283 vir-

1774 5328 1972 5387 tutem,
1996 5330 2059 5376 ut
2072 5340 2183 5375 non
2201 5323 2381 5375 solum
2415 5323 2613 5375 docere
2652 5323 2871 5392 copiose
2896 5320 3070 5391 possit
3099 5321 3366 5391 pietatem

1770 5412 1909 5482 pios,
1938 5412 2034 5464 sed
2066 5418 2127 5464 ut
2153 5416 2209 5464 et
2228 5418 2425 5481 potens
2446 5412 2519 5463 sit
2549 5428 2785 5479 arguere
2824 5428 2918 5464 eos
2948 5410 3044 5480 qui
3074 5411 3361 5475 resistunt,

1771 5501 2098 5570 dogmatum
2129 5500 2303 5553 fultus
2336 5500 2587 5553 veritate.
2641 5501 2838 5567 (Ηιόν.)
2866 5501 3011 5553 Ante
3053 5499 3246 5553 omnia
3269 5499 3366 5551 ho-

1772 5590 2052 5660 spitalitas
2071 5589 2262 5643 futuro
2277 5590 2535 5660 episcopo
2560 5588 2940 5642 denuntiatur.
2968 5589 3026 5643 Si
3063 5590 3211 5642 enim
3242 5603 3363 5639 om-
