3866 6158
501 302 605 358 667

1084 296 1148 358 β.
1187 295 1462 356 mem
1508 294 1742 352 mum
1775 294 2112 354 meumr.
2152 293 2478 355 uocum.
2521 263 2820 354 osseum
2855 293 3040 352 pass
3075 293 3174 353 In.

3599 299 3678 360 668

500 443 601 482 nes
627 425 764 481 illud
780 423 852 480 de
867 421 1168 492 Evangelio
1190 422 1387 478 audire
1403 421 1729 479 desiderant
1759 441 1770 476 :
1809 441 1834 478 ι
1871 423 2086 494 Hospes
2106 425 2158 484 A
2173 421 2463 480 immundo
2485 421 2784 488 abstineat,
2807 421 2907 476 sed
2936 421 3104 480 etiam
3128 437 3161 479 ἢ
3177 423 3322 491 iactu
3346 423 3476 480 oculi
3501 426 3680 495 θεαθεὶ-

498 515 598 584 fui,
631 520 688 568 et
713 512 1037 584 suscepistis
1055 525 1146 566 me
1169 513 1382 578 (Matth.
1409 517 1561 578 xxv),
1592 525 1622 566 ι
1676 517 1886 583 quanto
1912 512 2092 582 magis

499 605 810 675 episcopus,
835 603 994 672 cujus
1015 601 1216 657 domus
1232 601 1484 656 omnium
1513 617 1808 656 commune
1848 618 1970 656 esse
1999 601 2092 656 de-

498 693 592 746 bet
621 691 964 761 hospitium!
1012 690 1212 745 Laicus
1243 689 1393 746 enim
1431 707 1627 754 unum,
1659 697 1759 746 aut
1801 690 1958 753 duos,
1992 694 2092 745 aut

498 787 703 852 paucos
728 779 1024 850 recipiens,
1075 779 1332 850 implebit
1374 779 1773 850 hospitalitatis
1801 779 2086 845 ofﬁcium;

499 869 801 941 EpiscoPus
824 869 933 923 nisi
963 880 1158 924 omnes
1187 867 1463 938 receperit
1485 868 1828 924 inhumanus
1850 873 1954 922 est.
1982 865 2090 922 Sed

496 973 692 1011 vereor
717 973 788 1012 ne
818 958 1096 1026 quomodo
1127 957 1323 1026 regina
1346 957 1538 1012 Austri
1568 955 1795 1012 veniens
1821 973 1856 1010 a
1887 954 2092 1012 finibus

497 1053 661 1101 terra:
692 1046 889 1100 audire
907 1045 1242 1116 sapientiam
1284 1045 1618 1111 Salomonis,
1643 1045 1967 1114 judicatura
2005 1051 2093 1100 est

499 1136 752 1191 homines
779 1135 1051 1205 temporis
1079 1135 1199 1201 sui;
1249 1139 1308 1188 et
1333 1134 1436 1187 viri
1469 1134 1729 1190 Ninivita:
1759 1141 1882 1190 acta
1911 1133 2090 1204 poeni-

495 1225 674 1280 tentia
704 1225 775 1280 ad
810 1223 1262 1294 praedicationem
1299 1224 1453 1277 Jonas
1493 1222 1947 1279 condemnabunt
1997 1239 2091 1276 eos

499 1313 594 1384 qui
612 1315 882 1383 majorem
904 1312 1046 1368 Jona
1066 1311 1409 1368 Salvatorem
1439 1311 1633 1366 audire
1657 1311 2095 1380 contempserint

497 1403 711 1472 (Matth.
736 1403 859 1469 1n);
892 1401 972 1454 sic
1001 1399 1228 1470 plurimi
1254 1400 1312 1457 in
1353 1399 1574 1471 populis
1622 1399 1908 1471 epicopds
1941 1398 2091 1468 judi-

498 1497 628 1546 cent
653 1490 1048 1546 subtrahentes
1085 1503 1144 1543 se
1181 1487 1251 1542 ab
1280 1489 1652 1544 ecclesiastico
1688 1489 1889 1559 gradu,
1939 1493 1997 1542 et
2025 1504 2092 1542 ea

499 1597 620 1650 quae
649 1579 906 1650 episcopo
937 1593 1048 1634 non
1072 1577 1411 1634 conveniunt
1423 1583 1773 1643 exercentes;
1806 1577 1876 1631 de
1891 1576 2091 1648 quibus

497 1673 632 1739 puto
657 1673 714 1722 et
743 1668 1020 1722 Joannem
1032 1667 1103 1722 ad
1124 1667 1328 1720 Gaium
1347 1665 1590 1722 scribere
1625 1684 1636 1719 :
1667 1684 1692 1717 α
1723 1665 2086 1729 Charissime,

2171 511 2402 566 tationis
2421 527 2612 566 errore
2642 525 2800 568 mens
2830 511 3037 566 Christi
3079 524 3272 582 corpus
3313 511 3593 568 confectura
3628 514 3684 568 sit

2171 601 2365 657 libera.
2394 603 2586 656 Justus
2614 612 2837 670 quoque
2864 599 3154 670 episcopus
3177 615 3292 654 esse
3325 599 3476 656 debet
3506 606 3557 655 et
3581 619 3683 660 san-

2171 695 2314 756 ctus,
2336 694 2400 746 ut
2419 689 2706 760 justitiam
2743 689 2802 744 in
2851 688 3090 759 populis,
3129 687 3320 759 quibus
3345 694 3539 759 prmest,
3561 707 3686 746 exex.

2171 784 2311 844 ceat,
2348 779 2586 836 reddens
2615 777 2915 848 unicuique
2939 777 3090 848 quod
3111 783 3364 843 meretur,
3386 794 3478 835 nec
3500 777 3688 848 accipiat

2172 883 2470 938 personam
2494 867 2553 924 in
2586 865 2821 936 judicio.
2864 867 3018 920 Inter
3053 865 3178 922 laici
3214 872 3392 920 autem
3419 873 3471 920 et
3494 867 3687 937 episcopi

2167 957 2448 1026 jnstitiam
2481 955 2586 1013 hoc
2621 955 2875 1021 interest,
2907 955 3057 1026 quod
3084 955 3252 1010 laicus
3279 961 3450 1024 potest
3471 971 3688 1025 apparere

2167 1047 2358 1114 justus
2385 1045 2442 1100 in
2469 1044 2678 1115 paucis,
2699 1045 2993 1116 episcopus
3003 1057 3134 1100 vero
3155 1045 3211 1104 in
3231 1049 3310 1100 tot
3323 1059 3553 1098 exemere
3563 1044 3690 1112 justi-

2173 1135 2311 1190 tiam
2342 1140 2545 1205 potest,
2578 1139 2715 1203 quot
2745 1137 2803 1188 et
2817 1131 3068 1190 subditas
3090 1133 3274 1188 habet.
3297 1133 3688 1196 Sanctusautem,

2175 1224 2320 1294 quod
2353 1224 2542 1278 Graece
2559 1222 2702 1284 ὃσιοι
2741 1222 2964 1286 dicitur,
2998 1222 3176 1292 magis
3215 1221 3270 1276 id
3303 1220 3569 1290 signiﬁcet,
3593 1236 3691 1274 cum

2175 1311 2298 1381 ipsa
2321 1309 2588 1366 sanctitas
2615 1317 2702 1364 est
2721 1311 2888 1369 inista
2905 1310 3118 1381 pietati,
3158 1317 3216 1364 et
3232 1310 3300 1370 ad
3318 1325 3439 1366 eum
3467 1309 3689 1372 refertur;

2175 1412 2341 1470 quem
2355 1398 2504 1453 enim
2519 1415 2620 1456 nos
2630 1404 2908 1465 sanctum,
2923 1399 3099 1456 Graeci
3110 1399 3256 1476 ἅγιον
3264 1403 3474 1456 vocant:
3487 1413 3626 1468 quem
3633 1397 3693 1450 illi

2171 1485 2333 1550 δοίην,
2364 1501 2467 1541 nos
2495 1487 2651 1557 pium
2681 1487 2740 1542 in
2767 1487 2946 1544 Deum
2993 1499 3287 1556 possumus
3330 1487 3602 1558 appellare.
3633 1486 3696 1540 Sit

2173 1593 2395 1647 quoque
2423 1577 2714 1647 episcopus
2733 1583 2790 1632 et
2805 1577 3124 1634 abstinens:
3147 1591 3258 1634 non
3285 1581 3508 1644 tantum,
3528 1581 3583 1630 ut
3607 1575 3698 1646 qui-

2173 1665 2303 1720 dam
2321 1672 2542 1736 putant,
2574 1683 2609 1720 a
2632 1665 2862 1722 libidine
2890 1673 2949 1721 et
2975 1666 3046 1720 ab
3077 1665 3264 1722 uxoris
3284 1663 3698 1736 amplexu,sebab

497 1757 740 1810 ﬁdeliter
769 1756 904 1810 facis
935 1755 1306 1826 quodcunque
1335 1755 1586 1826 operaria
1615 1755 1674 1810 in
1714 1753 2002 1820 fratribus,
2035 1759 2092 1811 et
2111 1741 2156 1800 Β
2174 1754 2434 1808 omnibus
2462 1755 2634 1808 animi
2659 1753 3174 1826 perturbationibus
3197 1773 3210 1818 ;
3231 1771 3302 1808 ne
3329 1751 3698 1811 adii-acundism

496 1846 603 1900 hoc
630 1844 939 1916 peregrinis
961 1845 1054 1914 qui
1086 1843 1474 1900 testimonium
1502 1843 1780 1898 dederunt
1806 1843 2091 1898 dilectioni

497 1941 607 1990 tute
625 1948 812 1988 coram
842 1933 1120 1989 Ecclesia:
1147 1943 1286 2004 qltos
1297 1933 1507 2004 optime
1527 1932 1661 1988 facis
1677 1933 1724 1984 si
1755 1931 2091 2002 praemiseris

497 2024 612 2078 Deo
633 2023 834 2092 digne;
867 2035 968 2092 pro
982 2021 1209 2078 nomine
1229 2022 1380 2079 enim
1407 2021 1630 2078 Domini
1649 2021 1922 2085 exierunt,
1949 2020 2092 2077 nihil

497 2111 913 2182 accipientesa
962 2110 1267 2181 gentilibus
1327 2113 1437 2176 (ΙΙΙ
1469 2113 1628 2164 Joan.
1689 2109 1740 2174 5,
1803 2110 1871 2178 7).
1939 2125 1966 2160 ι
2025 2110 2092 2166 Et

495 2218 623 2258 vere
643 2206 836 2255 sancto
855 2199 1068 2271 Spiritu
1089 2199 1146 2255 in
1162 2216 1222 2252 se
1241 2200 1505 2269 loquente
1522 2198 1670 2269 quod
1689 2198 1939 2256 futurum
1969 2204 2091 2253 erat

495 2290 760 2356 ecclesiis,
786 2291 907 2359 jam
949 2294 1084 2344 tunc
1131 2287 1496 2358 reprehendit
1539 2287 1732 2343 dicens
1764 2306 1777 2342 ε
1813 2305 1840 2340 α
1881 2287 2088 2357 Scripsi

495 2379 665 2433 etiam
695 2378 976 2433 Ecclesia:
995 2378 1094 2432 sed
1116 2377 1211 2447 qui
1235 2377 1507 2448 primatus
1527 2391 1694 2445 agere
1711 2375 1867 2447 cupit
1892 2389 2088 2433 eorum

494 2469 798 2539 Dioprepes
829 2483 940 2521 non
989 2465 1188 2536 recipit
1215 2481 1334 2522 nos.
1368 2467 1675 2535 Propterea
1714 2479 1842 2523 cum
1885 2478 2088 2522 venero

495 2555 762 2610 amovebo
791 2555 915 2624 ejus
946 2570 1117 2624 opera
1147 2570 1268 2623 qua;
1313 2553 1444 2610 facit
1487 2553 1650 2609 malis
1678 2551 1860 2606 verbis
1904 2553 2090 2609 detra-

408 2635 415 2646 ’
495 2645 636 2698 hens
656 2645 725 2696 de
745 2642 905 2698 nobis
935 2647 1024 2696 :et
1038 2657 1151 2696 non
1171 2641 1378 2697 sufﬁcit
1391 2641 1442 2696 el
1475 2641 1623 2711 quod
1657 2641 1774 2710 ipse
1814 2656 1928 2698 non
1957 2641 2092 2696 reci-

495 2733 576 2804 pit
601 2731 824 2792 fratres,
856 2731 954 2784 sed
985 2736 1043 2784 et
1067 2730 1316 2784 volentes
1345 2729 1622 2800 prohibet,
1659 2733 1716 2782 et
1743 2729 1812 2783 de
1847 2729 2092 2782 Ecclesia

498 2821 669 2891 ejicit.
708 2840 731 2872 ι
761 2819 907 2872 Vere
936 2832 1085 2876 nunc
1114 2824 1200 2872 est
1227 2834 1457 2874 cernere
1483 2818 1632 2888 quod
1659 2817 1986 2888 prmdlctum
2007 2823 2094 2872 est

497 2909 556 2963 in
581 2909 863 2980 plerisque
893 2907 1124 2962 urbibus
1153 2907 1440 2977 episCOpos
1484 2907 1598 2960 sive
1637 2906 2014 2978 presbyteros,
2045 2907 2094 2961 si

497 2997 668 3052 laicos
691 2997 932 3050 viderint
953 2996 1274 3066 hospitales,
1307 3002 1586 3055 amatores
1610 2994 1918 3063 bonorum;
1950 2995 2094 3050 invi-

2171 1843 2500 1910 concitetur,
2534 1860 2604 1898 ne
2631 1844 2792 1898 illum
2816 1843 3052 1900 tristitia
3068 1842 3312 1912 dejiciat,
3339 1855 3407 1902 ne
3431 1848 3698 1899 terror-exa-

2171 1931 2332 2000 gitet,
2369 1949 2440 1986 ne
2469 1933 2666 1990 laetitia
2691 1933 3068 1990 immoderata
3107 1932 3377 1988 sustollat.
3407 1929 3698 1988 Abstinentis

2172 2027 2361 2076 autem
2390 2022 2448 2077 in
2486 2021 2761 2076 fructibus
2793 2021 3026 2091 spiritus
3054 2019 3126 2074 ab
3154 2020 3414 2090 Apostolo
3443 2024 3701 2074 memorata

2172 2115 2276 2166 est.
2325 2111 2394 2165 Et
2433 2111 2480 2164 si
2521 2111 2767 2180 exigitur
2799 2110 2870 2164 ab
2911 2109 3194 2174 omnibus,
3234 2114 3436 2180 quanto
3471 2107 3622 2177 magis
3646 2106 3700 2160 ab

2171 2199 2431 2270 episcopo
2448 2200 2474 2252 ?
2495 2200 2590 2270 qui
2609 2199 2829 2270 patiens
2843 2205 2901 2254 et
2922 2205 3254 2256 mansuetus
3273 2197 3435 2254 debet
3457 2197 3575 2252 vitis
3589 2195 3702 2250 ferre

2172 2287 2542 2358 peccantium,
2556 2289 2830 2344 consolari
2851 2288 3257 2359 pusillanimes,
3281 2293 3570 2344 sustentare
3586 2285 3703 2340 inﬁr-

2171 2394 2312 2438 mos,
2345 2377 2485 2434 nulli
2514 2379 2724 2434 malum
2749 2393 2851 2448 pro
2890 2377 3039 2435 malo
3067 2377 3322 2441 reddere,
3347 2375 3440 2430 sed
3459 2375 3644 2428 vincere
3661 2373 3703 2426 in

2171 2465 2316 2520 bono
2341 2466 2572 2522 malum.
2607 2466 2693 2524 Ad
2742 2473 3075 2532 extremum,
3109 2465 3362 2520 obtineat
3387 2480 3503 2520 eum
3540 2462 3618 2532 qui
3641 2478 3703 2515 se-

2171 2554 2414 2611 cundum
2445 2555 2759 2614 doctrinam
2789 2560 2876 2612 est
2910 2555 3139 2610 ﬁdelem
3167 2565 3491 2615 sermonem,
3520 2556 3575 2606 ut
3598 2566 3706 2620 quo.

2171 2642 2338 2696 modo
2369 2660 2555 2700 sermo
2595 2644 2696 2698 Dei
2733 2644 2914 2700 ﬁdelis
2938 2649 3042 2709 est,
3073 2649 3136 2702 et
3155 2656 3310 2698 omni
3339 2642 3628 2712 acceptione
3647 2638 3708 2692 di-

2170 2743 2316 2799 gnus
2349 2733 2399 2802 (Ι
2451 2734 2588 2786 Tim.
2625 2737 2684 2800 ι),
2716 2733 2796 2786 sic
2827 2737 2885 2786 et
2941 2733 3035 2788 ille
3077 2733 3254 2788 talem
3301 2747 3360 2788 se
3393 2728 3624 2801 prebeat,
3663 2732 3712 2782 ut

2175 2835 2340 2874 omne
2379 2819 2526 2889 quod
2573 2821 2823 2891 loquitur
2865 2821 2976 2876 fide
3013 2821 3254 2891 dignum
3289 2819 3622 2882 existimetur,
3669 2820 3712 2870 et

2173 2907 2344 2966 verba
2397 2908 2574 2978 ipsius
2619 2909 2732 2968 sint
2779 2911 2975 2979 regula
3001 2909 3276 2964 veritatis.
3309 2907 3502 2966 Potens
3537 2919 3713 2976 quoque

2177 2997 2252 3050 sit
2273 3013 2388 3062 eos,
2413 3014 2536 3068 quae
2555 2998 2742 3055 saeculi
2757 2999 2920 3056 istius
2929 2997 3250 3054 turbinibus
3262 2996 3604 3067 exagitantur,
3618 3004 3715 3047 con-

499 3087 650 3151 dere,
682 3085 938 3150 fremere,
965 3085 1464 3149 excommunicare,
1497 3085 1566 3142 de
1615 3085 1858 3141 Ecclesia
1904 3087 2090 3156 expel—
2113 3057 2156 3117 δ
2179 3086 2366 3150 solari,
2381 3093 2439 3140 et
2454 3103 2555 3156 per
2572 3101 2768 3142 sanam
2787 3087 3100 3142 doctrinam
3117 3087 3346 3143 inﬁrma
3372 3087 3621 3156 praecepta
3642 3081 3712 3134 de-

499 3175 632 3238 lere,
673 3175 833 3244 quasi
878 3191 988 3230 non
1026 3173 1192 3230 liceat
1221 3173 1402 3230 facere
1437 3174 1586 3244 qdod
1631 3175 1924 3244 episcopus
1981 3191 2094 3232 non

495 3263 662 3318 faciat
681 3281 693 3318 :
717 3268 774 3317 et
789 3263 929 3320 tales
945 3280 1066 3317 esse
1091 3263 1262 3317 laicos
1297 3263 1584 3320 damnatio
1626 3263 1978 3318 sacerdotum
1995 3265 2087 3318 sit.

499 3353 712 3406 Graves
741 3353 930 3423 itaque
961 3369 1056 3406 eos
1085 3351 1293 3406 habent
1321 3357 1380 3404 et
1421 3351 1580 3421 quasi
1621 3351 1929 3408 cervicibus
1975 3353 2092 3408 suis

495 3441 803 3512 impositas,
835 3447 900 3496 ut
927 3458 964 3496 a
983 3441 1127 3496 bene
1150 3440 1432 3498 abdasant
1450 3451 1619 3510 opere
1640 3440 1811 3497 variis
1833 3457 2090 3511 persecu-

492 3530 740 3585 tionibus
773 3530 1110 3602 inquietant.
1143 3529 1229 3586 Sit
1254 3534 1443 3583 autem
1473 3529 1764 3600 episc0pus
1785 3536 1844 3586 et
1857 3531 2092 3599 pudicus

411 3661 436 3682 .
493 3636 659 3690 quem
713 3619 887 3672 Graeci
944 3620 1187 3696 σώφρῡνα
1243 3624 1490 3672 vocant:
1527 3623 1584 3671 et
1633 3618 1867 3673 Latinus
1908 3618 2084 3672 inter-

492 3725 620 3780 pres
647 3707 800 3764 verbi
829 3707 1198 3777 ambiguitate
1227 3708 1513 3778 deceptus,
1550 3718 1650 3778 pro
1696 3707 1916 3778 pudico,
1949 3724 2085 3778 pru-

492 3797 718 3872 dentem
767 3797 1074 3851 transtulit.
1110 3796 1168 3851 Si
1209 3802 1398 3854 autem
1439 3797 1596 3852 laicis
1638 3797 1967 3867 imperatur,
2023 3802 2088 3856 ut

491 3891 722 3957 propter
745 3885 1056 3940 orationem
1085 3885 1407 3941 abstineant
1434 3902 1494 3939 se
1525 3885 1596 3940 ab
1631 3901 1868 3942 uxorum
1913 3885 2090 3952 coitu;

493 3975 628 4046 quid
653 3975 723 4028 de
749 3975 1010 4044 episcopo
1039 3974 1398 4029 sentiendum
1429 3979 1532 4038 est,
1566 3973 1662 4044 qui
1707 3973 1956 4044 quotidie
1989 3991 2088 4044 pro

493 4063 609 4116 suis
637 4061 938 4132 pepulique
968 4062 1210 4132 peccatis
1242 4061 1486 4116 illibatae
1515 4063 1630 4116 Deo
1665 4061 1956 4118 oblaturus
2003 4070 2090 4116 est

494 4150 782 4204 victimas?
810 4150 1148 4220 Relegamus
1173 4151 1496 4220 Regnorum
1527 4149 1718 4216 libros,
1749 4155 1804 4204 et
1838 4150 2086 4206 invenie-

493 4255 622 4293 mus
642 4238 990 4298 sacerdotem
1012 4238 1336 4293 Abimelech
1357 4239 1425 4292 de
1438 4237 1677 4308 panibus
1691 4239 2088 4310 propoitidnis

493 4327 738 4382 noluisse
777 4327 930 4398 prius
953 4328 1087 4381 dare
1123 4327 1298 4382 David
1329 4333 1388 4380 et
1403 4327 1593 4398 pueris
1605 4329 1746 4398 ejus,
1778 4327 1888 4382 nisi
1917 4328 2088 4385 inter-

492 4422 718 4488 rogaret
742 4422 934 4479 utrum
983 4415 1177 4471 mundi
1227 4422 1416 4470 essent
1469 4417 1629 4486 pueri
1676 4433 1711 4474 a
1756 4416 2088 4472 mulieribus

497 4508 682 4574 (I‘Reg.
703 4509 814 4574 xxx)
840 4525 852 4572 ;
886 4522 1000 4560 non
1029 4504 1224 4576 utique
1252 4504 1468 4568 alienis,
1501 4505 1598 4562 sed
1626 4505 1987 4576 conjugibus;
2030 4511 2087 4560 et

494 4593 602 4648 nisi
631 4610 726 4648 eos
754 4594 1002 4649 audisset
1028 4593 1097 4647 ab
1114 4594 1237 4648 heri
1263 4599 1322 4648 et
1339 4593 1749 4649 nudiustertius
1767 4610 1991 4649 vacasse
2016 4594 2086 4648 ab

495 4699 662 4752 opere
689 4683 989 4753 conjugali,
1013 4697 1369 4754 nequaquam
1387 4699 1560 4754 panes
1589 4698 1730 4753 quos
1754 4683 2087 4752 priusnegae-

494 4776 652 4824 verat
674 4771 1054 4826 concessistiet.
1078 4770 1366 4834 Quantum
1393 4770 1632 4826 interest
1655 4771 1804 4824 inter
1832 4772 2085 4842 proposi-

494 4858 666 4912 tionis
703 4867 877 4929 panes
917 4864 976 4913 et
1019 4867 1222 4930 corpus
1274 4858 1534 4914 Christi?
1591 4873 1716 4930 quas
1771 4860 2089 4916 diil‘erentia

495 4947 644 5001 inter
671 4947 932 5002 umbram
949 4952 1007 5003 et
1023 4964 1276 5018 corpora,
1291 4948 1441 5004 inter
1471 4948 1777 5018 imaginem
1797 4954 1856 5002 et
1889 4949 2088 5003 verita-

495 5041 630 5102 tem,
663 5037 811 5094 inter
829 5036 1170 5108 exemplaria
1198 5036 1534 5102 futurorum,
1551 5041 1610 5091 et
1634 5053 1702 5091 ea
1721 5037 1844 5108 ipsa
1856 5051 1978 5110 quae
1989 5045 2090 5108 per

497 5126 838 5196 exemplaria
865 5124 1402 5196 prmfigurabantur?
1421 5126 1712 5190 Quomodo
1727 5126 1918 5195 itaque
1933 5138 2090 5181 man-

497 5214 754 5278 suetudo,
772 5213 1063 5285 patientia,
1085 5212 1375 5280 sobrietas,
1399 5214 1730 5280 moderatio,
1746 5213 2090 5270 abstinentia

497 5301 658 5365 lucri,
709 5301 1060 5372 hospitalitas
1101 5317 1322 5372 quoque
1369 5308 1426 5356 et
1452 5302 1770 5373 benignitas
1813 5303 2090 5374 praecipue

499 5404 620 5443 esse
669 5389 876 5445 debent
921 5391 980 5444 in
1037 5390 1314 5462 episcopo,
1364 5397 1422 5446 et
1461 5391 1610 5446 inter
1657 5396 1886 5448 cunctas
1919 5392 2090 5448 laicos

500 5477 824 5546 eminentia,
847 5479 928 5533 sic
947 5484 1005 5534 et
1026 5479 1256 5535 castitas
1284 5479 1511 5552 propria
1539 5487 1614 5546 eti
1636 5487 1702 5538 ut
1721 5481 1802 5536 ita
1828 5481 2086 5545 dixerim,

500 5565 770 5638 pudicitia
807 5567 1190 5634 sacerdotalis,
1229 5573 1295 5624 at
1338 5584 1452 5624 non
1487 5568 1670 5626 solum
1707 5568 1778 5626 ab
1813 5583 1983 5640 opere
2030 5587 2092 5626 se

2174 3180 2412 3235 struere.
2437 3176 2587 3230 Sana
2605 3180 2799 3230 autem
2824 3175 3080 3232 doctrina
3111 3175 3323 3230 dieitur
3359 3175 3428 3230 ad
3461 3169 3716 3228 distinctio-

2173 3277 2304 3318 nem
2329 3264 2607 3334 languidss
2634 3265 2982 3334 inﬁrmusque
3018 3264 3308 3324 doctrinis.
3351 3263 3492 3320 Talis
3537 3266 3714 3331 quoque

2173 3351 2265 3418 sit,
2291 3358 2356 3409 ut
2370 3353 2817 3409 contradicentes
2839 3358 3039 3422 arguat
3071 3353 3364 3410 haereticos
3387 3351 3493 3408 sive
3519 3348 3712 3409 Iudaeos,

2173 3446 2231 3494 et
2250 3441 2438 3497 seaculi
2467 3441 2630 3500 istius
2654 3442 2956 3512 sapientes.
2982 3443 3054 3500 Et
3071 3443 3370 3513 superiora
3395 3439 3599 3512 quidem
3620 3450 3715 3505 qua

2173 3529 2232 3586 in
2277 3530 2519 3600 episcopi
2561 3529 2864 3589 virtutibus
2911 3531 3116 3601 posuit,
3153 3530 3227 3586 ad
3257 3535 3426 3589 Vitam
3459 3526 3714 3599 pertinent.

2167 3618 2285 3672 Hoc
2333 3635 2482 3684 vero,
2535 3619 2683 3689 quod
2722 3619 2819 3684 ait.
2859 3641 2880 3670 ι
2913 3625 2977 3674 ut
3035 3625 3240 3690 potens
3283 3619 3357 3675 sit
3400 3613 3643 3670 consolari
3671 3612 3713 3665 in

2166 3707 2423 3766 doctrina
2449 3723 2591 3765 sana
2604 3713 2661 3761 et
2681 3707 3128 3766 contradicentes
3178 3723 3434 3778 arguere.
3471 3726 3490 3756 ι
3520 3703 3718 3760 ι’θΐειιθηο

2167 3795 2304 3857 dum
2317 3801 2404 3851 est
2422 3796 2491 3855 ad
2511 3796 2825 3861 scientiam,
2862 3796 2997 3867 quia
3015 3796 3064 3852 si
3081 3797 3332 3868 episcopi
3348 3801 3552 3854 tantum
3563 3795 3718 3846 sancta

2169 3879 2243 3938 sit
2262 3885 2394 3950 vita,
2415 3884 2522 3940 sibi
2563 3891 2748 3955 potest
2792 3885 3058 3956 prodesse
3087 3886 3403 3952 sic,vivens.
3433 3885 3592 3940 Porro
3615 3878 3654 3932 si
3675 3883 3718 3930 Bt

2169 3973 2424 4034 doctrina
2461 3977 2517 4026 et
2537 3986 2795 4032 sermnne
2817 3973 2990 4032 fuerit
3017 3975 3296 4038 eruditus,
3334 3978 3510 4045 potest
3533 3973 3718 4026 caeteros

2171 4074 2392 4132 quoque
2423 4063 2723 4129 instruere,
2749 4067 2807 4116 et
2835 4075 2948 4117 non
2975 4063 3162 4120 solum
3194 4063 3472 4120 instruere
3491 4064 3542 4114 et
3558 4058 3718 4111 dooere

2170 4167 2320 4214 suos,
2347 4151 2444 4204 sed
2475 4155 2534 4204 et
2561 4151 2908 4209 adversarios
2937 4157 3320 4222 repercutere,
3352 4150 3446 4221 qui
3474 4147 3570 4204 nisi
3597 4143 3715 4212 refu-

2170 4239 2274 4298 tati
2325 4238 2534 4294 fuerint
2567 4245 2736 4308 atque
2781 4239 3037 4303 convicti,
3072 4239 3236 4300 facile
3285 4244 3494 4310 queunt
3539 4230 3716 4302 simpli.

2171 4327 2322 4388 cium
2350 4327 2520 4382 corda
2545 4334 2881 4398 pervertere.
2910 4327 3012 4382 Hic
3031 4328 3188 4387 locus
3209 4329 3480 4388 adversus
3517 4339 3602 4380 eos
3617 4319 3718 4382 facit

2170 4415 2266 4487 qui
2289 4415 2502 4474 inertiae
2531 4432 2591 4468 se
2620 4422 2678 4474 et
2705 4417 2805 4472 otii
2833 4417 3051 4474 somnio
3082 4416 3304 4482 dantes,
3335 4420 3529 4487 putant
3569 4423 3720 4483 peace.

2167 4510 2290 4564 tum
2306 4517 2446 4568 esse,
2473 4504 2520 4558 si
2560 4505 2876 4575 Scripturas
2897 4505 3138 4576 legerint
3163 4525 3174 4558 :
3225 4512 3283 4560 et
3309 4522 3406 4560 eos
3433 4503 3523 4575 qui
3548 4501 3600 4558 in
3625 4499 3720 4566 lege

2168 4592 2391 4653 Domini
2409 4593 2853 4648 meditanturdie
2875 4599 3119 4654 senecta
3141 4596 3310 4664 (Psal.
3350 4599 3411 4661 1),
3454 4589 3600 4662 quasi
3615 4600 3720 4656 sal"-

2168 4681 2319 4735 rules
2349 4681 2686 4752 inutilesque
2715 4687 3082 4744 contemnunt
3112 4701 3124 4736 :
3154 4699 3272 4740 non
3302 4682 3450 4738 enim
3469 4677 3723 4736 advertunt

2167 4771 2498 4840 Apostolum
2524 4776 2651 4841 post
2681 4772 2998 4842 catalogum
3026 4770 3466 4829 conversationis
3493 4761 3717 4838 episcopi.

2169 4859 2340 4916 etiam
2369 4859 2683 4919 doctrinam
2713 4859 2971 4919 similitm‘
2987 4860 3340 4930 prmcepisse.

2245 4967 2267 4998 ι
2302 4947 2446 5005 Sunt
2472 4948 2621 5004 enim
2651 4948 2816 5002 multi
2855 4954 2908 5002 et
2951 4964 3064 5004 non
3101 4947 3335 5014 subditi,
3367 4939 3645 5012 vaniloqui.
3677 4941 3722 4986 et

2175 5055 2198 5088 ι
2231 5035 2506 5090 mentium
2535 5036 2859 5106 deceptores
2896 5055 2906 5089 :
2939 5035 3180 5096 maxime
3227 5037 3326 5106 qui
3373 5035 3441 5090 de
3481 5023 3722 5088 circumci-

2177 5145 2197 5176 ε
2233 5124 2388 5178 sione
2425 5131 2576 5190 sunt,
2630 5125 2834 5195 quibus
2871 5130 3095 5195 oportet
3123 5125 3409 5179 silentium
3439 5117 3611 5180 indici,
3647 5109 3722 5182 qui

2177 5233 2198 5266 ι
2232 5212 2521 5268 universas
2567 5213 2762 5269 domos
2807 5213 3158 5279 subvertunt,
3185 5214 3449 5271 docentes
3489 5223 3602 5280 quae
3633 5214 3720 5258 n0"

2175 5320 2202 5354 α
2231 5307 2453 5371 oportet
2475 5303 2659 5373 turpis
2687 5302 2828 5358 lucri
2837 5303 3043 5372 gratia.
3063 5323 3088 5352 η
3111 5304 3350 5370 (Αθηὸν.)
3365 5299 3538 5363 Multi,
3552 5289 3717 5362 inquit.

2173 5397 2306 5450 sum
2350 5390 2444 5461 (ιηί
2481 5389 2868 5462 Obtemperare
2913 5391 3165 5449 veritatis
3201 5389 3468 5447 doctrinae
3511 5383 3720 5440 nolunt:

2171 5490 2395 5537 omnem
2426 5492 2553 5536 vero
2584 5479 2881 5542 verborum
2909 5479 3315 5552 subsequentes
3342 5477 3629 5534 vanitatem
3651 5483 3721 5522 e-

2171 5569 2385 5626 ducunt
2409 5568 2635 5630 multos.
2658 5569 2822 5632 Tales
2834 5575 3026 5630 autem
3053 5575 3188 5626 sunt
3215 5567 3274 5626 hi
3304 5566 3400 5637 qui
3429 5578 3494 5623 ea
3517 5562 3722 5622 sinum-
