3848 6164
131 297 214 356 m
548 295 1127 354 ENARRATIONUM
1150 295 1231 371 ω
1259 265 1420 353 app.
1445 297 1650 356 PAULI

1813 337 1826 354 .
1859 297 2028 356 XXV.
2073 316 2138 347 ά
2179 299 2258 359 IN
2297 293 2520 358 EPIS'P.
2560 296 2659 358 AD
2696 296 2834 354 TIT.
3223 295 3327 357 010

128 421 296 476 cisicne
311 427 445 480 sunt,
468 420 558 490 qui
575 421 769 476 volunt
796 422 935 492 legis
962 422 1276 478 doctrinam
1299 423 1716 484 Christiano-A
1739 443 1761 476 ι
1795 427 1912 479 tres
1934 423 2098 496 pigri.
2119 423 2529 482 Testimonium
2557 423 2663 481 hoc
2690 434 2886 481 verum
2922 428 3026 480 est.
3065 439 3089 476 ι
3119 423 3324 490 (Hiera)

126 526 223 566 rum
251 509 678 564 subintroducere
713 511 982 582 dogmati.
1018 512 1176 566 Unde
1207 529 1433 566 necesse
1473 517 1558 566 est
1589 517 1653 566 ut
1733 513 2017 576 Quantum
2047 514 2118 568 ad
2145 518 2362 570 textum
2393 512 2668 570 sermonis
2713 518 2770 570 et
2807 512 2878 571 ad
2921 511 3323 569 continentiam

125 599 443 656 vehementius
469 605 795 668 arguantur,
828 605 892 654 ut
917 606 1047 671 pote
1096 605 1291 655 contra
1327 601 1649 672 mquitatem
1731 602 1837 656 loci
1858 603 2121 672 pertinet,
2154 603 2259 657 hoc
2293 602 2441 672 quod
2470 602 2569 666 ait,
2607 619 2633 654 ι
2667 601 2820 656 Dixit
2857 601 3084 672 quidam
3116 618 3183 656 ex
3213 602 3325 656 illis

123 687 351 748 docentes,
379 686 455 740 ita
481 695 544 741 ut
570 688 641 741 ab
661 705 854 743 eorum
873 691 1198 744 seductione
1217 691 1500 761 simplices
1516 689 1650 744 libe-
1732 692 1990 762 proprius
2019 708 2214 746 eorum
2247 691 2540 762 propheta,
2570 705 2599 746 ι
2631 690 2852 746 videtur
2879 690 2950 745 ad
2979 706 3075 746 eos
3104 691 3320 754 referri,

125 783 292 830 rentur.
319 776 423 828 Nec
443 782 634 830 autem
663 777 928 848 possibile
959 786 1046 833 est
1073 795 1167 833 eos
1197 780 1361 834 aliter
1381 793 1414 834 a
1435 796 1539 834 sua
1557 797 1648 834 se-
1729 780 1798 834 de
1829 779 2032 850 quibus
2053 780 2310 850 superius
2327 786 2413 836 est
2431 781 2668 844 locutus,
2699 798 2723 832 ι
2751 779 2994 835 maxime
3014 779 3110 850 qui
3129 779 3200 834 de
3221 780 3324 834 cits

124 863 267 934 parari
285 863 568 930 dementia,
593 867 690 937 qui
716 881 882 924 omne
907 883 1046 938 opus
1075 869 1414 939 expendunt,
1435 875 1500 922 ut
1521 886 1646 923 ver-
1729 869 2069 925 cumcisione
2091 873 2225 924 sunt
2258 883 2269 921 :
2307 883 2447 938 quos
2479 872 2702 938 oportet
2748 867 3040 934 refrenari,
3073 869 3171 938 qui
3201 869 3324 922 uni-o

124 952 274 1006 bonum
290 968 504 1006 suorum
520 955 1066 1012 vanitateuniversas
1081 957 1282 1011 domus
1301 957 1650 1036 subvertant,
1730 975 1918 1013 versas
1948 958 2144 1013 domos
2171 956 2525 1022 subvertant,
2558 957 2822 1012 docentes
2851 973 2973 1026 quae
3015 973 3128 1012 non
3155 973 3323 1027 opera

121 1051 162 1095 ot
178 1040 223 1096 in
245 1040 466 1094 detuius
493 1043 811 1098 deducant:
849 1046 995 1115 quod
1035 1046 1276 1099 maxime
1305 1047 1402 1100 illa
1436 1047 1649 1102 faciunt
1727 1053 1812 1101 tet
1840 1047 2020 1116 turpis
2060 1046 2202 1101 lucri
2249 1045 2452 1113 gratia,
2489 1064 2510 1096 ι
2551 1051 2615 1102 ut
2645 1051 2933 1115 sequatur,
2969 1063 2996 1097 α
3029 1045 3171 1100 dixit
3197 1046 3324 1116 quiai

120 1130 302 1191 tutioris.
326 1137 385 1183 ut
425 1131 793 1202 cupiditatem
840 1135 1089 1204 pecunia;
1129 1136 1406 1204 expleant,
1449 1143 1505 1189 et
1545 1137 1645 1189 tali
1728 1135 1858 1190 dam
1884 1152 1949 1188 ex
1977 1135 2087 1190 illis
2109 1135 2368 1204 proprius
2401 1146 2596 1194 eorum
2635 1135 2924 1204 propheta.
2957 1154 2982 1184 ι
3013 1134 3157 1198 Quia
3193 1151 3322 1187 vero

120 1218 284 1272 ratione
337 1219 622 1290 acquirere
672 1223 889 1292 possint
941 1224 1222 1293 pecunias.
1285 1226 1480 1290 (Hie-1‘.)
1540 1225 1646 1288 Qui
1729 1224 1786 1279 in
1840 1224 1993 1280 nullo
2037 1223 2458 1294 prophetarum,
2508 1223 2603 1292 qui
2643 1223 2792 1292 apud
2834 1223 3086 1278 Iudaeam
3129 1223 3322 1278 vatici~

117 1307 314 1362 Ecclesia
339 1307 556 1362 fotdrus
592 1316 680 1363 est
726 1311 982 1381 princeps
1029 1311 1235 1365 habeat
1266 1313 1646 1383 eloquentiam
1728 1313 1848 1367 nati
1878 1319 2028 1377 sunt,
2054 1313 2144 1367 hic
2171 1313 2496 1368 hexameter
2521 1312 2826 1368 versiculus
2853 1311 3152 1382 reperitur,
3177 1313 3325 1366 vide~

115 1411 208 1448 ann
231 1395 335 1449 vita:
360 1397 686 1467 integritate
705 1399 994 1462 sociatam,
1011 1417 1081 1453 ne
1101 1417 1274 1471 opera
1296 1400 1506 1472 absque
1527 1419 1645 1455 ser-
1728 1409 1821 1456 tur
1867 1401 2006 1457 mihi
2058 1402 2354 1472 dupliciter
2399 1401 2719 1468 legendum,
2754 1407 2819 1456 ut
2863 1401 2968 1455 hoc
3013 1401 3161 1470 quod
3191 1402 3273 1456 ait
3305 1420 3318 1454 ε

112 1494 237 1536 mone
260 1486 357 1538 sint
379 1474 572 1546 tacita,
607 1494 666 1540 et
691 1487 842 1542 dicta
878 1489 1040 1542 factis
1080 1489 1468 1544 deficientibus
1515 1507 1644 1544 eru-
1733 1509 1761 1540 α
1799 1491 1951 1546 Dixit
1971 1490 2200 1560 quidam
2227 1507 2292 1544 ex
2321 1490 2431 1546 illis
2461 1489 2722 1560 proprius
2751 1499 2948 1546 eorum
2979 1489 3272 1560 propheta,
3290 1505 3322 1544 ι

111 1571 301 1626 bescsnt.
329 1574 567 1628 Maxime
591 1593 722 1630 cum
759 1577 876 1630 sint
919 1593 1030 1631 non
1075 1579 1258 1648 pauci,
1291 1579 1386 1633 sed
1431 1579 1641 1650 plures,
1727 1587 1854 1633 cum
1884 1578 2266 1648 uperioribus
2284 1579 2596 1649 copuletur,
2624 1599 2644 1630 ι
2683 1579 2864 1647 Hujus
2893 1577 2975 1634 rei
2998 1578 3324 1648 gratiamlie

108 1677 184 1714 nec
203 1661 401 1726 subditi,
423 1665 524 1717 sed
543 1666 808 1736 protervi,
831 1666 926 1736 qui
950 1681 1060 1720 non
1081 1673 1281 1721 curent
1310 1667 1447 1722 illud
1493 1667 1644 1722 Psal-
1729 1667 1824 1737 qui
1863 1673 1919 1722 te
1961 1667 2159 1730 Cretae,
2205 1673 2271 1722 ut
2315 1683 2384 1722 ea
2427 1676 2551 1737 quas
2602 1667 2838 1724 deerant
2883 1667 3149 1736 corrigas,
3205 1683 3232 1720 ι
3267 1671 3326 1720 et

108 1750 244 1804 mistaa
259 1751 426 1805 dicere
450 1771 460 1804 :
491 1771 522 1805 α
543 1754 742 1810 Nonne
763 1756 879 1810 Deo
898 1755 1152 1825 subjecta
1170 1762 1256 1810 est
1274 1757 1466 1811 anima
1481 1758 1646 1811 mea?
1663 1740 1710 1800 Β
1727 1761 2015 1826 sequatur,
2053 1773 2081 1810 α
2112 1755 2252 1812 dixit
2281 1755 2510 1825 quidam
2553 1772 2619 1813 ea
2660 1755 2772 1810 illis
2820 1755 3080 1825 proprius
3127 1770 3322 1811 eorum

103 1837 228 1905 (Pici.
256 1843 371 1908 LXI).
407 1858 432 1892 ι
470 1843 586 1895 Sed
618 1842 820 1897 bonam
855 1845 1130 1899 mentium
1176 1852 1487 1902 sementem
1523 1863 1644 1916 quae
1727 1847 2018 1916 propheta,
2061 1864 2082 1898 ι
2117 1845 2174 1900 id
2203 1851 2306 1909 est,
2338 1845 2712 1899 Cretensium.
2747 1843 2855 1898 Sed
2895 1843 3028 1914 quia
3054 1843 3234 1899 multa
3263 1843 3322 1898 in

104 1929 558 1984 naturaliterhabet
568 1932 830 1986 notitiam
843 1933 1127 1998 Dei,inani
1145 1935 1512 2004 persuasione
1523 1952 1646 2005 per-
1725 1933 1911 1988 medio
1933 1939 2086 1996 sunt,
2105 1939 2162 1986 et
2179 1933 2285 1986 hoc
2303 1931 2608 1989 absurdum
2638 1933 2875 1998 videtur,
2900 1936 2957 1987 et
2982 1932 3126 1986 forte
3156 1941 3322 1986 nemo

103 2017 400 2071 vertantlioc
413 2019 628 2091 quippe
641 2021 781 2074 mihi
796 2022 1004 2076 Paulus
1018 2023 1642 2089 videtursensisse,cum
1726 2022 1960 2092 recipiat
1990 2041 2000 2074 ε
2034 2027 2333 2092 propterea
2367 2035 2495 2078 cum
2537 2021 2939 2090 superioribus,
2973 2037 3097 2092 quae
3142 2021 3324 2090 magis

101 2104 767 2182 dicit,?9svamirm:non,ut
777 2110 1109 2181 simpliciter
1118 2112 1350 2170 Latinus
1367 2113 1620 2184 interpre:

1804 2112 1906 2167 :ina
1924 2117 2076 2174 sunt,
2095 2110 2261 2165 aliter
2277 2110 2585 2180 optandum
2624 2116 2728 2174 est,
2748 2116 2814 2164 ut
2848 2111 3100 2180 legamus
3127 2127 3138 2163 ε
3178 2110 3323 2164 Sunt

100 2193 350 2258 transtulit,
379 2195 735 2267 deceptores,
769 2199 866 2251 sed
895 2199 1170 2253 mentium
1199 2199 1542 2270 deceptores.
1576 2202 1644 2254 Et
1724 2201 1874 2255 enim
1905 2199 2068 2256 multi
2089 2206 2146 2254 et
2172 2213 2284 2254 non
2303 2198 2531 2265 subditi,
2553 2199 2837 2269 vaniloqui
2853 2203 2910 2252 et
2930 2197 3204 2254 mentium
3229 2197 3323 2252 dea

98 2281 272 2348 quidem
288 2284 402 2338 sine
417 2285 845 2356 Scripturarum
862 2287 1195 2343 auctoritate
1211 2289 1516 2357 garrulitas
1529 2306 1642 2343 non
1725 2296 1996 2360 eeptores,
2017 2288 2261 2345 maxime
2273 2293 2464 2344 autem
2485 2287 2581 2358 qui
2611 2287 2681 2342 de
2702 2287 3124 2344 circumcisione
3165 2293 3317 2340 sunt.

98 2368 278 2424 habent
295 2373 476 2432 iidem,
505 2374 618 2427 nisi
637 2375 964 2430 viderentur
981 2391 1306 2446 perversam
1327 2378 1642 2432 doctrinam
1726 2378 1876 2442 Quos
1898 2379 2105 2434 multos
2125 2383 2184 2432 et
2197 2395 2308 2432 non
2330 2376 2602 2441 subditos,
2627 2376 2955 2446 vaniloquos
2973 2383 3032 2430 et
3043 2375 3320 2430 mentium

95 2459 224 2512 etiam
246 2461 435 2514 divinis
462 2464 814 2517 testimoniis
841 2464 1126 2518 roborare.
1157 2465 1228 2519 Hi
1271 2472 1405 2520 sunt
1433 2467 1502 2520 de
1531 2468 1641 2520 cir-
1725 2467 2068 2537 deceptores,
2125 2483 2254 2520 cum
2313 2466 2397 2519 his
2445 2465 2540 2536 qui
2598 2465 2666 2520 de
2710 2464 3130 2519 circumcisione
3164 2465 3316 2528 sunt,

94 2549 375 2604 mmcisione
423 2551 632 2617 Judaei,
684 2552 780 2622 qui
829 2560 962 2607 tunc
1005 2555 1274 2625 temporis
1318 2557 1641 2612 nascentem
1724 2561 1945 2624 oportet
1971 2555 2266 2620 refrenari,
2299 2553 2395 2624 qui
2423 2554 2712 2610 universas
2741 2554 2937 2609 domos
2967 2552 3316 2618 subvertant,

92 2635 252 2690 Christi
269 2637 572 2694 Ecclesiam
603 2640 926 2695 subvertere
945 2642 1288 2708 nitebantur,
1310 2649 1368 2698 et
1390 2645 1642 2700 introdu-
1723 2644 1985 2702 docentes
2009 2660 2132 2714 quae
2161 2658 2273 2700 non
2300 2648 2540 2713 oportet,
2554 2643 2736 2713 turpi
2758 2642 2900 2698 lucri
2913 2641 3322 2712 gratia-Dixit

91 2740 183 2776 cem
207 2735 464 2799 praecepta
495 2731 704 2798 legalis
737 2748 749 2782 :
781 2731 850 2784 de
875 2730 1078 2800 quibus
1101 2733 1170 2785 ad
1189 2733 1470 2786 Romanos
1487 2739 1543 2788 et
1568 2734 1639 2787 ad
1723 2732 1952 2802 quidam
1981 2749 2047 2786 es
2076 2733 2186 2788 illis
2226 2732 2485 2803 proprius
2524 2747 2720 2786 eorum
2761 2730 3068 2801 propheta;
3107 2749 3133 2784 s
3171 2735 3236 2784 ut
3261 2729 3317 2782 id

90 2813 268 2867 Galatas
295 2817 520 2886 plenius
551 2818 762 2872 Paulus
778 2819 1120 2889 exsequitur.
1145 2820 1215 2874 Et
1235 2836 1337 2874 nos
1356 2827 1488 2876 ante
1503 2838 1638 2893 pau-
1722 2821 1870 2892 quod
1898 2821 1998 2886 ait,
2037 2841 2058 2873 ι
2092 2821 2352 2892 proprius
2369 2837 2565 2875 eorum
2595 2819 2887 2890 propheta,
2915 2838 2937 2872 ι
2963 2835 3076 2873 non
3102 2818 3312 2888 specia-

89 2915 156 2952 eos
183 2917 400 2970 menses,
436 2907 560 2960 tria
589 2907 878 2960 volumina
913 2907 970 2960 in
1002 2907 1261 2979 Epistolas
1303 2909 1373 2962 ad
1409 2911 1638 2965 Galatas
1721 2910 1849 2964 liter
1877 2911 1946 2964 ad
1970 2910 2210 2972 Judaaos,
2235 2913 2292 2964 et
2311 2927 2405 2966 eos
2432 2908 2674 2964 maxime
2695 2909 2790 2979 qui
2805 2909 2874 2964 de
2894 2906 3315 2962 circumcisione

88 2989 424 3058 explanatione
480 2995 840 3049 dictavimus.
897 2996 1059 3050 Tales
1125 2998 1381 3054 homines
1445 2999 1638 3053 doctor
1657 3053 1697 3068 η
1719 3005 1870 3064 sunt,
1891 2999 1990 3053 sed
2019 2999 2089 3054 ad
2120 2999 2326 3054 multos
2351 2997 2646 3060 referatur,
2671 2997 2768 3068 qui
2796 3006 2908 3054 non
2930 2995 3138 3050 subditi
3161 3000 3312 3060 sunt,

88 3053 306 3144 Fecissiaa,
336 3083 425 3136 cui
455 3083 669 3140 animae
706 3085 1042 3155 populorum
1077 3086 1302 3140 creditas
1331 3053 1698 3150 sunt,Sicri-C
1721 3093 1779 3142 et
1814 3053 2098 3159 vaniloqui
2145 3093 2203 3142 et
2235 3087 2511 3144 mentium
2559 3053 2900 3157 deceptore,
2951 3085 3045 3155 qui
3097 3053 3312 3154 utique,

84 3171 325 3234 pturarum
353 3171 536 3226 debet
560 3173 782 3228 ratione
805 3190 1090 3244 superare,
1125 3179 1182 3229 et
1207 3176 1496 3230 silentium
1525 3177 1636 3231 illis
1721 3177 1854 3248 quia
1882 3177 1940 3231 in
1967 3179 2135 3232 Creta
2155 3179 2336 3243 erant,
2356 3178 2651 3231 Cretenses
2671 3175 2843 3230 fuisse
2871 3173 3132 3229 credendi
3159 3177 3311 3227 sunt.

83 3256 484 3314 testimoniorum
497 3262 750 3332 pondere
768 3262 1195 3335 imponerezqui
1227 3281 1340 3318 non
1355 3282 1526 3320 unam
1538 3273 1640 3322 aut
1718 3266 1936 3320 Dicitur
1971 3272 2162 3320 autem
2209 3267 2316 3320 iste
2355 3265 2660 3320 versiculus
2699 3264 2758 3318 in
2807 3262 3151 3334 Epimenidis
3177 3263 3313 3316 Cree

82 3359 240 3411 psum
257 3348 468 3416 domos,
493 3351 597 3404 sed
629 3352 918 3406 universas
945 3369 1072 3412 cum
1107 3353 1349 3408 dominis
1378 3354 1635 3409 familiis—
1717 3355 1894 3412 tensis
1923 3361 2099 3425 poene
2128 3354 2366 3409 oraculis
2397 3354 2662 3424 reperiri;
2698 3369 2864 3424 quem
2892 3352 2951 3406 in
2994 3351 3315 3422 praesentia-

82 3447 160 3500 que
195 3436 542 3494 subvertunt.
582 3440 846 3494 docentes
884 3442 954 3494 de
989 3441 1243 3496 ciborum
1282 3443 1632 3514 differentiis.
1719 3459 1844 3498 rum
1877 3443 1991 3496 sive
2019 3443 2274 3497 alludens
2302 3443 2632 3514 prophetam
2664 3441 2896 3506 vocavit,
2925 3440 3073 3510 Quod
3103 3439 3314 3494 scilicet

81 3520 130 3572 de
165 3523 352 3580 sabatti
389 3530 523 3597 jam
560 3529 694 3582 olim
731 3529 1054 3595 abolitione,
1086 3531 1156 3584 de
1197 3507 1636 3587 circumcisionis
1717 3533 1858 3586 tales
1879 3531 2201 3595 Christiani,
2387 3507 2714 3584 mereantur
2748 3507 2960 3584 habere
2987 3527 3310 3598 prophetas,

80 3610 276 3678 injuria:
301 3623 476 3687 atque
493 3617 718 3670 utinam
749 3619 851 3672 hoc
880 3619 1064 3689 ipsum
1087 3620 1204 3672 selo
1221 3621 1350 3674 ﬁdei
1370 3613 1633 3686 facerent,
1721 3621 2000 3691 quomodo
2030 3625 2086 3673 et
2117 3620 2401 3690 prophetae
2431 3623 2594 3674 erant
2619 3618 2773 3678 Baal,
2806 3623 2864 3670 et
2891 3617 3167 3689 propheta
3187 3631 3315 3668 eon-

80 3713 122 3749 θι
146 3711 280 3770 parte
306 3706 506 3776 aliqua
547 3713 736 3776 posset
770 3707 1004 3775 ignosci,
1052 3708 1274 3762 dicente
1316 3711 1583 3780 Apostolo
1620 3729 1631 3764 :
1717 3709 1972 3774 fusionis,
2016 3714 2074 3762 et
2110 3707 2202 3760 alii
2242 3707 2632 3770 offensionum,
2663 3712 2720 3760 et
2755 3721 3118 3776 quoscunque
3155 3703 3314 3757 vitio-

81 3805 95 3834 ι
125 3791 398 3859 Conﬁteor,
426 3796 622 3848 selum
653 3797 753 3850 Dei
787 3795 1016 3860 habent,
1047 3797 1144 3850 sed
1184 3813 1297 3851 non
1326 3799 1636 3853 secundum
1719 3815 1808 3852 sos
1854 3797 2174 3866 prophetas,
2204 3795 2484 3866 scriptura
2525 3798 2948 3850 commemorat.
2983 3793 3111 3847 Sive
3161 3807 3308 3852 vere,

78 3877 318 3936 scientiam
351 3886 532 3944 (Rom.
558 3887 638 3951 ι).
677 3905 700 3934 ι
733 3885 944 3939 Verum
976 3901 1124 3942 nunc
1151 3886 1208 3947 id
1253 3885 1466 3941 faciunt
1503 3887 1637 3958 quia
1717 3885 1850 3956 quia
1879 3886 1948 3939 de
1979 3884 2216 3940 oraculis
2245 3884 2533 3954 scripserit
2559 3888 2730 3954 atque
2767 3881 3069 3953 responsis,
3103 3895 3226 3952 quae
3257 3885 3316 3935 et

76 3963 185 4020 Deus
201 3978 282 4024 est
297 3979 505 4026 venter
521 3972 772 4044 ipsorum
787 3976 1012 4042 (Philip.
1038 3977 1134 4044 in),
1148 3975 1330 4045 turpis
1349 3977 1488 4030 lucri
1509 3993 1636 4045 gra-
1716 3975 1840 4046 ipsa
1884 3973 2076 4035 futura
2114 3973 2498 4044 pronuntient,
2533 3978 2592 4027 et
2637 3989 2705 4026 ea
2747 3988 2870 4043 qua:
2906 3975 3142 4026 ventura
3181 3973 3314 4024 sunt

75 4053 132 4105 tia
149 4057 324 4113 volunt
350 4061 621 4132 proprios
647 4062 828 4116 facere
855 4062 1176 4133 discipulos,
1203 4070 1268 4117 ut
1306 4065 1465 4134 quasi
1513 4077 1634 4119 ma-
1717 4064 1896 4118 multo
1926 4070 2056 4118 ante
2087 4063 2408 4133 praedicent.
2441 4061 2693 4132 Denique
2721 4061 2840 4132 ipse
2874 4060 3018 4116 liber
3049 4059 3315 4115 Draculo-v

73 4142 194 4204 sistri
221 4164 250 4201 a
273 4150 655 4205 sectatoribus
683 4151 799 4205 suis
827 4152 1070 4206 alantur.
1109 4153 1417 4206 Possumus
1445 4160 1634 4208 autem
1717 4170 1843 4207 rum
1871 4153 2038 4206 titulo
2068 4157 2413 4223 praenotatur
2439 4170 2449 4204 :
2477 4167 2647 4223 quem
2692 4151 2826 4221 quia
2858 4149 3153 4204 videbatur
3179 4146 3315 4204 diviv

76 4239 114 4282 et
134 4233 277 4290 aliter
294 4238 669 4310 interpretari
697 4241 800 4294 hoc
839 4241 987 4311 quod
1017 4241 1226 4295 dictum
1257 4247 1358 4306 est,
1397 4261 1422 4294 ι
1454 4243 1636 4313 turpis
1717 4259 1854 4296 num
1874 4241 2085 4312 aliquid
2108 4239 2516 4312 repromittere,
2541 4247 2842 4311 propterea
2867 4239 3199 4310 Apostolum
3227 4253 3314 4290 ar-

75 4317 176 4376 illcri
188 4328 388 4394 gratia,
403 4349 425 4378 ι
451 4331 522 4382 ut
541 4334 806 4398 putemus
824 4329 1152 4399 Apostolum
1169 4330 1454 4386 communi
1467 4331 1636 4386 verbo
1656 4368 1704 4426 D
1718 4329 1896 4385 bitror
1917 4330 2240 4400 inspexisse,
2257 4335 2322 4386 ut
2339 4330 2551 4385 videret
2576 4330 2709 4400 quid
2727 4328 3023 4399 gentilium
3043 4325 3311 4426 divinatio

75 4423 218 4472 mum,
247 4432 356 4486 quo
379 4434 586 4472 omnes
617 4419 861 4472 hmretici
889 4434 1016 4472 cum
1043 4433 1304 4488 perversa
1331 4419 1552 4485 docent,
1576 4438 1636 4474 se
1657 4413 2074 4490 "polliceretur
2100 4424 2190 4472 :et
2220 4419 2279 4474 in
2313 4425 2568 4489 tempore
2595 4418 2836 4476 abusum
2864 4433 2986 4470 esse
3014 4413 3306 4478 versiculo,

76 4495 318 4558 hominum
330 4507 529 4560 solent
540 4522 791 4561 asserere
807 4508 1276 4573 lucratores,cum
1288 4525 1400 4562 non
1417 4509 1634 4564 lucrum
1717 4507 2052 4562 scribentem
2073 4509 2143 4562 ad
2159 4507 2346 4565 Titum
2380 4506 2476 4576 qui
2502 4512 2626 4560 erat
2653 4508 2864 4561 Cretae:
2890 4509 2956 4559 ut
2983 4503 3152 4558 falso
3181 4503 3311 4556 Cre-

76 4588 140 4640 sit,
175 4593 264 4645 sed
301 4595 577 4664 perditio,
627 4597 847 4650 animas
887 4598 1203 4650 interficere
1251 4597 1630 4668 deceptorum.
1717 4595 1962 4650 tensium
1982 4596 2236 4650 doctores
2262 4595 2487 4666 proprio
2514 4595 2711 4649 insula
2731 4599 2959 4649 auctore
2972 4596 3306 4646 contereret.

77 4674 238 4734 (bona
265 4684 362 4753 qui
393 4692 689 4738 errantem
717 4686 948 4740 fratrem
985 4701 1151 4738 suum
1189 4687 1351 4756 juxta
1393 4687 1636 4757 Evangee
1718 4686 1835 4738 Hoc
1864 4689 2054 4739 autem
2075 4684 2282 4738 Paulus
2302 4700 2412 4738 non
2428 4683 2608 4737 solum
2631 4682 2689 4736 in
2715 4683 2820 4737 hoc
2839 4683 2978 4748 loco,
3011 4681 3110 4735 sed
3139 4680 3310 4735 etiam

77 4763 176 4820 lium
194 4772 558 4843 corripuerit,
585 4775 633 4826 si
678 4773 850 4830 fuerit
885 4775 981 4828 ille
1019 4791 1334 4839 conversus,
1387 4775 1636 4830 lucratus
1719 4773 1776 4827 in
1820 4773 1945 4827 aliis
1999 4773 2195 4826 fecisse
2229 4771 2686 4842 deprehenditur.
2731 4772 2796 4826 In
2834 4769 3068 4826 Actibus
3105 4769 3311 4841 quippe

78 4861 134 4904 est
153 4871 287 4912 cum.
315 4862 486 4925 Quod
519 4863 670 4916 enim
692 4865 880 4933 majus
907 4863 1124 4916 lucrum
1157 4869 1340 4933 potest
1368 4880 1507 4926 esse,
1537 4871 1638 4922 aut
1719 4862 2120 4934 apostolorum,
2154 4875 2280 4915 cum
2311 4860 2736 4915 concionaretur
2758 4861 2829 4914 ad
2859 4860 3150 4932 populum,
3171 4865 3228 4913 et
3251 4859 3312 4913 in

77 4943 170 5007 quid
198 4951 524 5016 pretiosius,
561 4967 730 5022 quam
774 4953 820 5005 si
868 4953 1176 5005 humanam
1218 4952 1466 5006 animam
1511 4954 1636 5023 quis
1718 4953 2030 5020 Areopago,
2055 4966 2178 5020 quae
2207 4953 2295 5003 est
2333 4949 2488 5003 curia
2514 4949 2944 5015 Atheniensum,
2977 4949 3308 5020 disputaret,

79 5026 275 5089 |uertatur
305 5039 330 5090 ?
393 5040 600 5093 Omnis
646 5041 818 5109 igitur
861 5041 1055 5094 doctor
1103 5041 1377 5107 Ecclesiae,
1429 5041 1524 5112 qui
1567 5024 1637 5095 rid
1719 5041 1867 5094 inter
1902 5045 2104 5093 caetera
2131 5038 2213 5093 ait
2243 5057 2254 5091 :
2291 5058 2314 5090 ι
2353 5038 2510 5092 Sicut
2529 5044 2586 5092 et
2614 5039 2845 5110 quidam
2867 5039 2937 5092 de
2965 5038 3166 5093 vestris
3183 5052 3312 5107 poe-

75 5117 235 5178 (hristi
263 5128 442 5182 ﬁdem
477 5135 630 5182 recta
652 5129 872 5186 ratione
897 5129 1216 5200 persuadet,
1249 5130 1517 5191 honestus
1547 5131 1634 5184 lu-
1719 5127 2284 5198 tisdixeruntzlpsius
2300 5126 2450 5181 enim
2464 5133 2521 5180 et
2541 5144 2722 5197 genus
2734 5131 2997 5192 sumustA
3009 5133 3076 5181 ct.
3096 5128 3253 5196 nm).
3283 5146 3306 5177 Ι

77 5219 218 5264 Crator
236 5227 321 5268 est
347 5237 359 5269 :
391 5223 457 5271 et
476 5219 661 5272 omnis
689 5219 981 5274 haereticus
1009 5219 1105 5290 qui
1135 5217 1469 5289 quibusdam
1493 5237 1636 5290 prai-
1719 5218 1880 5282 Quod
1910 5215 2325 5274 hemistichium
2355 5215 2412 5269 in
2454 5216 2844 5272 Phamomenis
2883 5217 3040 5272 Arati
3083 5217 3308 5286 legitur,

77 5299 212 5365 ‘tiaiis
240 5306 509 5360 homines
535 5307 679 5361 fallit
719 5313 776 5361 et
814 5308 1044 5373 fallitur,
1079 5308 1328 5379 loquitur
1362 5325 1485 5378 quaa
1525 5325 1636 5362 non
1719 5324 1888 5378 quem
1924 5306 2117 5361 Cicero
2156 5305 2214 5360 in
2250 5304 2510 5360 Latinum
2545 5323 2864 5362 sermonem
2902 5305 3211 5373 transtulit,
3255 5315 3315 5362 et

79 5398 252 5451 ῡροηει
279 5395 479 5465 turpis
506 5396 644 5449 lucri
663 5396 866 5466 gratia.
1719 5395 2086 5451 Germanicus
2103 5395 2290 5448 Cmsar
2317 5399 2376 5448 et
2401 5409 2581 5465 nuper
2606 5396 2851 5450 Avienus
2883 5400 2940 5450 et
2963 5397 3145 5464 multi,
3171 5413 3312 5469 quos

122 5495 142 5527 ι
175 5480 322 5536 Dixit
351 5482 589 5554 quidam
606 5501 671 5538 ex
695 5485 804 5538 illis
825 5485 1086 5557 proprius
1106 5502 1300 5540 eorum
1321 5486 1630 5558 propheta:
1719 5500 2051 5542 enumerare
2088 5483 2419 5554 perlongum
2459 5487 2561 5538 est.
2595 5485 2679 5540 Ad
2711 5485 3032 5540 Corinthios
3067 5499 3308 5558 quoque,

81 5581 92 5607 ί
120 5566 406 5626 Ontenses
447 5586 671 5647 semper
709 5575 1027 5639 mendaces,
1057 5575 1220 5630 malai
1259 5573 1470 5642 bestiis,
1503 5593 1636 5632 ven-.-
1719 5576 1816 5647 qui
1844 5582 1903 5630 et
1923 5574 2031 5646 ipsi
2055 5571 2246 5633 Attica
2270 5571 2533 5629 facundia
2561 5573 2810 5646 inpoliti,
2825 5580 2885 5630 et
2912 5580 3143 5647 propter
3167 5575 3312 5630 loco-
