3866 6158
566 280 663 336 671

1183 285 1244 338 Β.
1279 283 1551 341 RABANI
1581 287 1812 342 MAURI
1838 285 2175 342 ARCHIEP.
2205 285 2530 342 MOGUNT.
2565 283 2862 340 OPERUM
2887 281 3068 338 PARS
3099 283 3191 338 ΠΙ.

3637 296 3712 355 67?

565 423 692 460 rum
714 407 971 461 viciniam
1000 408 1428 464 Atheniensium
1456 427 1654 481 sapore
1673 411 1880 465 conditi
1907 417 2054 475 sunt,
2087 413 2214 472 deA
2234 416 2354 463 rate
2382 415 2439 463 et
2467 410 2885 479 circumspecte,
2913 412 2972 461 et
2998 423 3064 460 ex
3081 407 3225 461 omni
3243 415 3384 478 parte
3407 428 3459 465 se
3478 421 3712 499 protegen.

563 495 853 548 Menandri
870 498 1142 552 comcedia
1153 515 1374 552 versum
1389 501 1631 570 sumpsit
1643 501 1941 554 iambicum
1955 520 1966 554 :
1979 521 2001 552 ι
2023 503 2154 554 Cor-

563 590 832 652 rumpunt
856 601 1040 638 mores
1070 586 1243 640 bonos
1274 589 1550 658 colloquia
1578 590 1727 642 mala
1753 593 1807 662 (Ι
1835 591 1954 643 (lor.
1998 594 2147 658 xv.)n

561 671 677 723 Nec
704 673 910 726 mirum
927 673 974 727 si
1001 692 1102 744 pro
1123 677 1539 746 Opportunitate
1557 678 1827 748 temporis
1855 679 2152 748 gentilium

561 765 854 829 poetarum
883 763 1134 818 versibus
1165 764 1450 832 abutatur,
1485 783 1612 820 cum
1643 768 1814 821 etiam
1851 769 1920 822 de
1962 768 2153 822 inscri-

561 847 752 917 ptione
781 867 891 904 arae
913 852 1104 922 aliqua
1129 861 1481 909 commutans
1511 856 1580 909 ad
1610 857 1979 911 Athenienses
2008 858 2155 911 locu-

561 943 654 989 tus
681 937 756 990 sit
786 954 799 993 :
838 958 860 988 ι
883 940 1271 996 Pertransiens
1291 943 1462 1008 enim,
1479 944 1680 1015 inquit,
1700 951 1756 998 et
1769 947 2152 1017 contemplans

559 1026 874 1095 sculpturas
913 1036 1144 1096 vestras,
1177 1032 1360 1086 inveni
1391 1038 1447 1086 et
1476 1050 1632 1087 aram
1661 1034 1717 1086 in
1746 1051 1857 1104 qua
1882 1035 2152 1105 scriptum

565 1120 679 1166 est:
699 1113 901 1170 cho'ro
928 1118 1068 1173 Deo.
1085 1120 1243 1184 Quod
1269 1121 1458 1192 itaque
1484 1123 1807 1192 ignorantes
1827 1124 2026 1188 colitis,
2050 1125 2152 1176 hoc

565 1218 666 1270 ego
688 1207 960 1260 annuntio
977 1207 1147 1262 vobis.
1180 1229 1201 1259 ι
1228 1210 1522 1280 Inscriptio
1551 1218 1742 1265 autem
1778 1230 1907 1278 arm,
1940 1229 2052 1266 non
2073 1213 2152 1265 ita

564 1297 687 1344 erat
725 1299 788 1344 ut
828 1294 1036 1348 Paulus
1073 1297 1331 1362 asseruit,
1369 1318 1389 1347 ε
1439 1299 1636 1368 Ignoto
1664 1300 1798 1366 Deo,
1834 1323 1856 1348 ο
1891 1301 1986 1354 sed
2030 1301 2150 1353 ita:

566 1398 592 1431 ‹
622 1381 740 1435 Diis
765 1385 928 1451 Asiae,
961 1393 1018 1439 et
1048 1387 1298 1458 Europae.
1319 1395 1375 1441 et
1393 1388 1611 1456 Africae,
1634 1389 1741 1443 diis
1761 1389 1966 1458 ignotis
1992 1395 2049 1442 et
2065 1407 2157 1460 pe-

562 1471 821 1540 regrinis.
858 1491 884 1526 ι·
914 1476 1124 1529 Verum
1147 1477 1280 1547 quia
1302 1479 1507 1531 Paulus
1533 1495 1644 1532 non
1665 1478 1918 1549 pluribus
1947 1479 2054 1532 diis
2075 1479 2158 1532 in-

562 1557 790 1628 digebat
802 1561 1026 1632 ignotis,
1049 1565 1146 1618 sed
1163 1582 1273 1619 uno
1290 1571 1509 1620 tantum
1531 1567 1722 1636 ignoto
1736 1569 1870 1633 Deo,
1883 1567 2156 1636 singulari

562 1647 730 1701 verbo
758 1667 892 1705 usus
921 1659 1023 1718 est,
1055 1661 1120 1707 ut
1154 1655 1377 1708 doceret
1411 1656 1569 1709 illum
1607 1673 1772 1710 suum
1819 1674 1939 1710 esse
1976 1658 2156 1711 Deum

2232 506 2344 553 tem
2377 501 2670 553 adversum
2697 498 2990 551 Cretenses
3019 497 3275 563 locutum,
3321 517 3343 548 «
3369 497 3711 573 Testimonium,

2233 589 2435 659 inquit,
2467 588 2572 642 hoc
2602 603 2795 640 verum
2816 591 2917 651 est,
2943 605 2966 636 ι)
3001 601 3111 638 non
3139 590 3306 639 totum
3332 603 3525 643 carmen
3559 592 3614 645 de
3636 611 3714 664 quo

2231 676 2618 731 testimonium
2639 681 2926 745 sumptum
2953 678 3056 739 est,
3079 690 3186 727 non
3205 674 3490 730 universum
3515 683 3715 750 opus,sed

2235 771 2456 820 tantum
2478 765 2580 818 hoc
2609 762 3014 826 testimonium,
3057 761 3143 815 hic
3180 762 3468 829 versiculus,
3490 783 3580 836 quo
3605 785 3717 824 men-

2236 855 2399 909 daces
2420 851 2706 908 vocantur.
2747 853 2813 905 Et
2844 851 3038 921 utique
3067 851 3160 921 qui
3189 851 3243 904 in
3271 867 3374 904 una
3397 858 3586 908 tantum
3630 873 3722 928 poe-

2237 944 2403 998 matis
2429 949 2589 1014 parte
2611 940 2910 1005 consensit,
2940 945 3141 994 caetera
3159 939 3452 994 confutasse
3489 943 3725 997 credendus

2235 1038 2338 1086 est.
2371 1031 2660 1096 Quomodo
2715 1035 2906 1083 autem
2951 1029 3038 1081 vel
3081 1029 3360 1082 Cretenses
3399 1030 3657 1096 mendaces,
3684 1041 3724 1086 et

2234 1121 2390 1174 stulti
2419 1121 2632 1174 Galatae
2663 1119 2746 1172 vel
2771 1118 2915 1172 dura
2935 1117 3145 1170 cervice
3163 1117 3342 1182 Israel,
3363 1117 3441 1170 vel
3454 1134 3726 1189 unaquaeque

2239 1209 2522 1281 provincia
2543 1208 2768 1280 proprio
2797 1206 2928 1260 vitio
2962 1207 3272 1271 denotetur,
3301 1205 3357 1259 in
3386 1206 3597 1276 Epistola
3611 1207 3728 1260 Pauli

2239 1299 2309 1352 ad
2340 1299 2568 1352 Galatas
2617 1295 2982 1350 disseruinus.
3018 1295 3086 1348 Et
3130 1294 3257 1364 quia
3297 1293 3429 1347 nihil
3455 1293 3652 1364 amplius
3673 1304 3730 1347 est

2239 1387 2388 1459 quod
2437 1387 2527 1440 hic
2575 1385 2852 1456 pessimus
2907 1385 3125 1449 afferre,
3182 1383 3272 1436 illo
3321 1382 3541 1436 contenti
3573 1399 3729 1436 sumus.

2241 1477 2444 1545 (Amb.)
2482 1495 2507 1527 ί(
2527 1476 2662 1540 Hoc,
2682 1474 2885 1544 inquit,
2901 1471 3285 1526 testimonium
3297 1488 3473 1525 verum
3489 1477 3588 1524 est:
3613 1490 3632 1521 )›
3657 1470 3730 1524 hoc

2239 1574 2342 1632 est,
2405 1581 2596 1618 verum
2655 1570 2741 1616 est
2781 1562 2919 1616 illud
2955 1562 3024 1615 de
3080 1559 3424 1615 Cretensibus
3469 1559 3647 1612 dictum
3681 1558 3729 1611 ab

2239 1655 2426 1725 aliquo
2443 1654 2538 1724 qui
2552 1653 2701 1724 apud
2730 1651 2854 1705 illos
2883 1651 3095 1704 dudum
3113 1666 3342 1720 magnus
3359 1664 3468 1702 esse
3487 1646 3732 1700 aestimaba-

563 1752 729 1806 quem
759 1741 1130 1796 Athenienses
1158 1744 1215 1796 in
1255 1762 1364 1798 ara:
1407 1745 1570 1798 titulo
1609 1751 2018 1815 pramotassent
2049 1765 2060 1798 :
2097 1731 2345 1800 etBtur.
2403 1744 2518 1797 Hoc
2553 1743 2702 1796 idem
2733 1756 2943 1805 assero,
2977 1739 3178 1810 inquit,
3214 1743 3268 1792 et
3295 1753 3390 1808 ego
3451 1737 3509 1789 de
3535 1735 3656 1806 ipsis,
3688 1751 3733 1787 eo

561 1832 712 1879 recte
734 1845 858 1882 eum
895 1831 1128 1885 scientes
1161 1834 1340 1886 colere
1367 1833 1652 1900 deberent,
1683 1851 1850 1904 quem
1894 1836 2154 1905 ignoran-

564 1917 648 1965 tes
695 1915 1121 1984 venerabantur,
1173 1925 1229 1972 et
1283 1921 1495 1974 nescire
1558 1938 1669 1975 non
1711 1928 1989 1992 poterant.
2037 1923 2154 1976 Hoc

562 2007 750 2056 autem
771 2005 978 2059 Paulus
1001 2007 1237 2062 faciebat
1256 2026 1403 2074 raro,
1434 2016 1491 2063 et
1529 2016 1594 2063 ut
1631 2011 1736 2063 loci
1770 2011 1954 2082 potius
1985 2028 2155 2081 quam

563 2093 952 2148 ostentationis
963 2098 1349 2166 opportunitas
1362 2099 1632 2168 exigebat:
1643 2099 1699 2153 in
1712 2117 1926 2153 morem
1939 2101 2152 2171 apium,

563 2197 685 2250 qua:
713 2181 782 2234 de
811 2183 1042 2238 diversis
1072 2186 1303 2240 ﬂoribus
1329 2188 1511 2241 solent
1538 2189 1705 2242 mella
1728 2206 2080 2260 componere,
2100 2196 2156 2243 et

563 2267 814 2324 favorum
855 2274 1084 2328 cellulas
1127 2284 1406 2346 coaptare.
1444 2279 1586 2331 Sunt
1623 2279 1718 2348 qui
1767 2284 1968 2348 putent
2010 2279 2157 2332 hunc

562 2375 782 2413 versum
811 2361 1248 2418 de.Callimaclio
1263 2367 1564 2436 Cyrenensi
1590 2375 1755 2437 poeta
1777 2373 2084 2437 sumptum,
2103 2373 2159 2420 et

563 2445 753 2516 aliqua
779 2466 844 2501 ex
870 2456 1027 2520 parte
1067 2469 1179 2505 non
1225 2460 1434 2506 errant.
1470 2455 1527 2507 Si
1566 2455 1793 2524 quidem
1831 2459 1888 2508 et
1933 2455 2052 2525 ipse
2099 2455 2156 2508 in

566 2535 822 2590 laudibus
851 2539 1000 2593 Jovis
1032 2541 1325 2595 adversum
1355 2543 1649 2596 Cretenses
1679 2543 2019 2613 scriptitans,
2061 2544 2156 2616 qui

566 2627 883 2694 sepulcrum
945 2631 1067 2698 ejus
1117 2648 1175 2683 se
1232 2631 1526 2684 ostendere
1572 2631 1978 2700 gloriabantur,
2029 2633 2150 2686 ait:

568 2730 592 2761 ι
616 2713 910 2768 Cretenses
931 2733 1153 2786 semper
1174 2719 1489 2783 mendaces,
1506 2719 1675 2788 quiet
1691 2720 2012 2790 sepulcrum
2035 2723 2156 2791 ejus

563 2799 833 2869 sacrilega
861 2809 1048 2856 mente
1077 2803 1330 2858 fabricati
1360 2812 1508 2858 sunt.
1547 2826 1569 2856 ι
1612 2807 1840 2870 Verum,
1874 2813 1938 2861 ut
1983 2826 2155 2879 supra

2236 1833 2383 1904 quod
2404 1833 2665 1901 dogmate
2678 1830 2928 1883 veritatis
2940 1829 3155 1882 nullam
3169 1827 3474 1898 expendunt
3485 1823 3736 1878 sollicitudi-

2235 1938 2362 1976 nem
2373 1921 2488 1985 ,sed
2501 1918 2813 1972 econtrario
2825 1918 3129 1971 intendunt
3137 1915 3426 1970 mendaciis
3438 1928 3601 1967 eorum
3610 1911 3734 1981 quies

2236 2009 2654 2064 circumcisione
2689 2013 2840 2072 sunt,
2868 2007 2963 2076 qui
2985 2006 3130 2059 nihil
3167 2022 3354 2058 verum
3373 2004 3550 2056 docere
3581 2017 3656 2054 eos
3673 1999 3739 2051 ad-

2237 2097 2672 2161 nituntur.Quid
2699 2113 2833 2166 ergo
2845 2095 2968 2148 ﬁeri
2983 2095 3205 2160 debeat,
3233 2093 3359 2164 quia
3387 2092 3512 2145 tales
3525 2095 3633 2142 sunt
3653 2086 3741 2140 illi?

2312 2208 2337 2236 «
2391 2186 2474 2240 ()b
2533 2202 2702 2256 quam
2748 2201 2976 2238 causam
3012 2201 3186 2253 argue
3240 2199 3332 2236 eos
3353 2180 3676 2240 vehementer,
3699 2183 3742 2227 ut

2246 2297 2268 2328 ι
2304 2275 2425 2329 sani
2453 2274 2654 2328 suntin
2673 2273 2800 2338 ﬁde,
2821 2289 2934 2326 non
2961 2273 3316 2324 intendentes
3335 2267 3557 2323 Judaicis
3581 2263 3743 2318 fabulis.

2245 2385 2269 2416 (ι
2301 2371 2360 2418 et
2389 2362 2669 2418 mandatis
2727 2360 3036 2427 hominum,
3065 2361 3165 2431 qui
3208 2359 3382 2412 aversi
3441 2361 3556 2410 sunt
3597 2371 3625 2406 a
3645 2350 3744 2404 veri-

2244 2473 2272 2504 «
2292 2459 2428 2506 tate.
2466 2472 2490 2503 »
2549 2452 2925 2505 Vehementer
2953 2466 3194 2519 arguere
3223 2464 3316 2501 eos
3358 2443 3604 2517 praecepit,
3627 2447 3677 2493 ut
3707 2439 3750 2490 in

2241 2543 2348 2595 ﬁde
2378 2557 2516 2595 sana
2533 2540 2944 2612 persistant,ne
2973 2537 3041 2592 ab
3061 2537 3175 2592 illis
3197 2537 3533 2599 seducantur,
3549 2529 3628 2602 qui
3643 2526 3752 2581 fabu-

2240 2631 2322 2685 las
2342 2631 2613 2701 quasdam
2635 2635 2692 2683 et
2709 2628 3079 2682 deliramenta
3113 2627 3366 2680 referunt
3397 2616 3751 2692 compositam-

2239 2725 2432 2773 centes
2446 2736 2542 2772 eos
2562 2719 2740 2788 legem
2759 2733 3000 2783 servare,
3019 2716 3172 2786 quod
3201 2714 3512 2768 mandatum
3530 2707 3752 2762 hominum

2236 2815 2321 2862 est
2340 2825 2533 2861 eorum
2565 2807 2661 2877 qui
2691 2805 2912 2859 veritati
2953 2805 3189 2858 minime
3217 2802 3518 2861 intendunt,
3547 2804 3595 2851 et
3616 2797 3749 2864 legem

563 2885 822 2954 diximus,
883 2891 1102 2961 integer
1159 2911 1350 2947 versus
1400 2894 1468 2947 de
1507 2894 1834 2964 Epimenide
1879 2902 2046 2966 poeta
2082 2898 2153 2951 ab
2235 2897 2434 2952 nolunt
2461 2913 2559 2967 per
2595 2895 2694 2950 Dei
2725 2911 2942 2948 cessare
2994 2893 3335 2950 sententiam
3389 2892 3565 2980 (ῌιένι)
3593 2885 3749 2980 Ουξιω·

561 2976 856 3045 Apostolus
908 2986 1162 3050 sumptus
1188 2989 1273 3036 est
1323 2989 1380 3036 et
1411 2984 1532 3052 ejus
1560 2983 1934 3038 Callimachus
1963 2985 2022 3039 in
2051 3003 2152 3040 suo
2177 2986 2427 3055 nobrem
2454 2985 2698 3055 increpa,
2731 2983 2828 3049 ait,
2861 2983 2987 3036 .llos
3015 2982 3224 3036 acriter
3251 3001 3262 3035 :
3293 2979 3568 3034 mendaces
3602 2976 3753 3042 (Illil’l’e

563 3071 819 3132 poemate
841 3075 926 3121 est
944 3085 1079 3122 usus
1099 3071 1342 3124 exordio.
1369 3072 1492 3126 Sive
1521 3073 1746 3142 vulgare
1778 3074 2148 3144 proverbium,
2173 3037 2370 3129 Csunt
2389 3079 2448 3128 et
2467 3074 2627 3128 malae
2656 3072 2863 3138 bestiae,
2897 3077 2955 3125 et
2989 3077 3216 3125 ventres
3247 3069 3405 3142 pigri,
3438 3065 3524 3137 qui
3540 3062 3656 3116 falsa
3672 3072 3757 3128 per-

563 3168 673 3220 quo
725 3155 1012 3210 Cretentes
1081 3157 1304 3212 fallaces
1351 3161 1794 3231 appellabantur,
1837 3163 1957 3216 sine
2004 3163 2152 3218 furto

561 3241 729 3294 alieni
760 3245 943 3314 operis
959 3245 1016 3300 in
1038 3253 1281 3302 metrum
1305 3251 1513 3304 retulit.
1535 3251 1743 3304 Putant
1761 3253 1989 3321 quidam
2009 3255 2154 3324 Apo-

561 3331 766 3385 stolum
795 3335 1336 3404 reprehendendum,
1359 3340 1506 3409 quod
1537 3339 1924 3410 imprudenter
1963 3343 2152 3412 lapsus

563 3418 667 3486 sit;
703 3428 759 3476 et
783 3422 1360 3480 dumfalsosdoctores
1399 3429 1603 3497 arguit,
1641 3429 1798 3482 illum
1819 3429 2150 3485 versiculum

561 3510 937 3580 comprobarit
967 3533 978 3567 :
1014 3516 1160 3584 quod
1206 3522 1501 3586 propterea
1540 3519 1834 3570 Cretenses
1891 3519 2154 3573 dicuntur

563 3613 684 3651 esse
697 3599 939 3663 fallaces,
956 3603 1101 3672 quod
1123 3605 1149 3656 J
1156 3606 1272 3658 ovis
1293 3606 1612 3675 sepulcrum
1639 3607 1806 3659 inane
1857 3615 2152 3661 contruxe-

563 3686 694 3740 rint.
719 3689 777 3742 Si
792 3690 961 3754 enim,
981 3692 1230 3762 loquitur
1245 3694 1601 3765 Epimenides
1617 3695 1731 3748 sive
1760 3695 2152 3762 Callimachus,

560 3783 859 3846 propterea
874 3780 1168 3836 Cretenses
1180 3783 1404 3836 fallaces
1417 3790 1472 3837 et
1483 3785 1659 3836 malas
1674 3783 1879 3838 bestias
1889 3791 2154 3854 arguunt,

2235 3164 2490 3228 suadent,
2547 3162 2642 3233 qui
2707 3161 2953 3215 ferarum
2998 3161 3111 3214 ritu
3137 3159 3466 3228 sanguinem
3509 3151 3677 3206 sitiunt
3695 3145 3759 3196 de-

2234 3257 2542 3324 ceptorum,
2570 3257 2627 3303 et
2638 3267 2749 3304 non
2769 3267 2896 3304 cum
2926 3249 3151 3303 silentio
3181 3251 3484 3320 Operantes,
3519 3254 3660 3294 suum
3687 3249 3757 3324 pf!-

2236 3322 2364 3395 nem
2383 3341 2740 3394 manducant.
2771 3359 2794 3390 ‹‹
2831 3340 3082 3403 Quorum
3110 3339 3266 3393 Deus
3295 3339 3479 3390 venter
3499 3335 3592 3394 est,
3617 3331 3665 3420 et
3682 3322 3762 3420 glo-

2239 3450 2262 3482 ‹
2298 3431 2383 3484 ria
2405 3431 2462 3484 in
2503 3429 2826 3483 confusione
2856 3445 3068 3481 eorum.
3107 3446 3130 3479 ι)
3169 3428 3418 3496 Increpa,
3449 3426 3510 3476 ut
3533 3416 3638 3473 sani
3679 3416 3759 3465 sint

2233 3519 2292 3572 in
2321 3519 2450 3572 ﬁde.
2475 3520 2555 3572 De
2577 3535 2688 3587 qua
2733 3517 2862 3570 ﬁdei
2892 3516 3132 3570 sanitate
3181 3521 3238 3568 et
3280 3515 3339 3567 in
3368 3500 3762 3579 consequentibus

2237 3607 2486 3678 loquitur
2519 3609 2721 3660 :Senes
2749 3605 2964 3658 sobrios
2976 3621 3116 3670 esse,
3142 3604 3428 3666 honestos,
3467 3597 3764 3680 pudicosyfaj

2238 3675 2340 3752 nos
2364 3697 2422 3750 in
2453 3696 2562 3750 ﬁde
2599 3701 2655 3748 et
2682 3695 2971 3760 charitate,
3006 3700 3064 3747 et
3093 3692 3386 3764 patientia.
3411 3688 3492 3744 Ad
3511 3697 3656 3757 quam
3671 3675 3766 3731 ﬁdei

2239 3785 2680 3848 similitudinem,
2708 3783 2974 3837 doctrinae
2988 3799 3215 3853 quoque
3237 3781 3446 3836 sanitas
3472 3771 3761 3847 appellatur:

562 3869 620 3918 et
645 3872 864 3920 ventres
897 3869 1102 3939 pigros,
1145 3872 1292 3941 quod
1323 3873 1511 3925 divina
1543 3889 1653 3925 non
1686 3873 1947 3940 sentiant,
1972 3881 2030 3927 et
2056 3876 2149 3928 Jo-
2238 3875 2778 3944 «eritenimtempus
2790 3871 3012 3942 quando
3025 3888 3176 3926 sanae
3188 3867 3765 3947 doctrinaenonacqulf'

561 3969 684 4006 vem
708 3955 803 4024 qui
826 3965 1023 4026 regnet
1051 3958 1107 4011 in
1150 3961 1286 4012 coelo
1306 3961 1364 4014 in
1387 3977 1489 4014 sua
1516 3961 1700 4014 insula
1728 3963 1945 4031 ﬁngant
1972 3964 2154 4034 sepul—
2234 3969 2379 4018 cent.
2411 3984 2432 4015 ι
2467 3964 2610 4017 Sunt
2636 3943 2694 4015 et
2721 3977 3008 4015 sermones
3028 3959 3310 4026 sanitatis,
3330 3959 3398 4012 de
3418 3945 3681 4047 quibufifid
3701 3943 3764 4037 Τξ·

561 4045 700 4094 tum.
737 4049 794 4096 et
823 4044 926 4098 hoc
956 4047 1102 4114 quod
1131 4047 1210 4100 illi
1242 4048 1519 4113 dixerunt,
1545 4063 1738 4103 verum
1752 4068 1873 4103 esse
1902 4052 2152 4121 Apostoli
2235 4053 2522 4107 motheum
2578 4052 2636 4105 in
2678 4050 2860 4122 prima
2913 4050 3162 4121 Epistola
3210 4047 3458 4119 loquitur
3491 4061 3502 4096 :
3537 4061 3558 4090 ι
3587 4039 3636 4092 Si
3673 4046 3764 4122 qum

562 4132 843 4184 sententia
860 4135 1272 4204 comprobatur,
1307 4139 1562 4207 sequitur
1597 4140 1790 4192 Jovem
1839 4153 1948 4192 non
2007 4157 2154 4194 mor-
2235 4142 2397 4196 aliter
2422 4141 2601 4205 docet,
2637 4145 2694 4192 et
2707 4157 2819 4194 non
2847 4138 3149 4210 acquiescit
3166 4137 3323 4192 sanis
3352 4126 3670 4190 sermonibus
3686 4121 3767 4216 Βρ-

561 4223 725 4271 tuum
749 4236 888 4281 esse,
921 4222 1017 4275 sed
1038 4223 1243 4277 vivum.
1265 4225 1527 4295 Imperite
1559 4225 1734 4295 igitur
1751 4228 1957 4282 Paulus
1980 4229 2153 4282 idolo-
2235 4229 2371 4284 mini
2390 4229 2566 4282 nostri
2589 4231 2722 4283 Jesu
2752 4228 2981 4293 Christi,
3014 4235 3071 4281 et
3089 4227 3160 4294 ei,
3207 4243 3333 4297 quae
3389 4217 3666 4277 secundum
3689 4221 3769 4297 ΡΨ

561 4305 737 4362 ιῆῐνὶω
755 4309 1088 4374 destructor,
1113 4312 1247 4366 dum
1277 4310 1570 4367 adversum
1591 4333 1879 4386 perversos
1898 4317 2152 4370 doctores

561 4396 694 4466 agit,
719 4397 864 4452 Deos
881 4416 1020 4470 quos
1058 4401 1426 4472 impugnabat
1445 4405 1702 4458 asseruit.
1729 4406 1940 4469 Quibus
1969 4405 2151 4459 brevi-

562 4493 648 4538 ter
675 4489 1123 4558 respondendum
1153 4496 1256 4556 est,
1282 4492 1425 4546 sicut
1460 4492 1515 4546 in
1544 4510 1609 4546 eo
1639 4494 1787 4564 quod
1818 4495 1931 4548 ait:
1971 4513 1996 4545 «
2021 4496 2152 4548 Cor-

561 4583 832 4646 rumpunt
858 4595 1041 4631 mores
1081 4578 1254 4633 bonos
1293 4581 1570 4652 colloquia
1600 4583 1766 4636 mala.
1799 4602 1823 4633 »
1858 4583 1925 4636 Et
1941 4583 2002 4636 in
2033 4583 2147 4648 illo,

566 4680 593 4714 α
625 4663 807 4732 Ipsius
825 4665 976 4718 enim
1007 4673 1062 4719 et
1079 4684 1257 4736 genus
1289 4685 1502 4731 sumus,
1540 4690 1564 4719 »
1613 4687 1725 4723 non
1753 4670 1942 4724 statim
1975 4675 2152 4724 totam

563 4750 855 4806 Menandri
873 4755 1222 4816 commdiam,
1248 4763 1305 4810 et
1329 4758 1488 4810 Arati
1519 4758 1721 4812 librum
1759 4759 2030 4830 probavit,
2054 4761 2151 4813 sed

561 4842 979 4909 opportunitate
995 4845 1250 4898 versiculi
1267 4845 1474 4899 abusus
1495 4853 1596 4907 est,
1631 4847 1712 4900 ita
1739 4848 1867 4901 etin
1892 4850 2153 4918 praesenti

561 4927 700 4992 loco,
733 4945 846 4982 non
889 4937 1070 4985 totum
1099 4950 1239 5003 opus
1279 4935 1606 4988 Callimachi
1633 4935 1746 4988 sive
1784 4937 2149 5007 Epimenidis,

559 5033 798 5087 quorum
820 5019 963 5072 alter
989 5021 1184 5074 laudes
1218 5023 1368 5075 Jovis
1397 5023 1565 5088 canit,
1613 5024 1757 5077 alter
1800 5025 1868 5079 de
1900 5024 2154 5080 Oraculis

559 5107 858 5178 scriptitat,
909 5125 1009 5178 per
1055 5126 1228 5163 unum
1267 5112 1603 5166 versiculum
1646 5114 2014 5180 conﬁrmavit,
2055 5115 2152 5168 sed

559 5196 854 5250 Cretenses
865 5202 1084 5250 tantum
1101 5199 1397 5254 mendaces
1425 5201 1556 5255 vitio
1575 5203 1760 5272 gentis
1797 5204 2104 5274 increpavit
2135 5223 2146 5270 ;

559 5299 670 5336 non
695 5285 766 5337 ob
794 5285 948 5339 illam
961 5287 1282 5357 Opinionem
1304 5306 1413 5359 qua
1433 5296 1565 5343 sunt
1593 5292 1829 5360 argutia
1847 5293 2148 5363 poetis,sed

559 5370 628 5423 ob
657 5371 965 5441 ingenitam
995 5377 1303 5430 mentiendi
1332 5378 1656 5432 facilitatem
1689 5379 1756 5433 de
1800 5381 2025 5452 pr0prio
2055 5398 2150 5435 eos

555 5460 740 5527 gentis
756 5468 981 5517 auctore
996 5465 1308 5520 confutans.
1334 5467 1586 5537 Denique
1618 5473 1682 5522 ut
1727 5469 1965 5523 sciamus
2005 5472 2152 5541 Apo-

559 5547 766 5603 stolum
795 5567 906 5604 non
936 5552 1184 5619 fortuito,
1217 5559 1282 5608 ut
1294 5555 1375 5609 illi
1398 5554 1762 5620 arbitrantur,
1777 5558 1874 5612 sed
1901 5559 2150 5612 conside-

2232 4324 2407 4372 tatcm
2437 4323 2540 4383 est,
2577 4317 2842 4372 doctrinae
2876 4319 2930 4383 (I
2958 4319 3096 4371 Tim.
3139 4321 3238 4385 vi).
3277 4336 3303 4368 »
3340 4314 3457 4370 Hoc
3497 4311 3590 4370 est,
3617 4301 3771 4395 si

2234 4413 2361 4478 post
2389 4406 2690 4459 adventum
2706 4405 2912 4459 Christi
2931 4405 3264 4470 conciditur,
3281 4409 3338 4457 et
3361 4417 3471 4456 non
3493 4384 3773 4488 circumcidi-

2234 4503 2347 4561 tur,
2369 4493 2616 4548 Judaicis
2665 4493 2835 4546 servit
2861 4493 3084 4556 fabulis,
3119 4498 3179 4545 et
3234 4488 3513 4545 mandatis
3537 4485 3774 4576 hominm},1

2236 4583 2652 4638 adversantium
2696 4581 2937 4634 veritati.
2973 4582 3098 4635 Non
3135 4581 3291 4634 enim
3331 4579 3428 4650 qui
3455 4577 3509 4629 in
3536 4565 3775 4655 manife5_t_0

2236 4673 2462 4727 Judaeus
2480 4677 2583 4734 est,
2609 4671 2705 4725 sed
2739 4671 2834 4741 qui
2851 4671 2910 4724 in
2939 4670 3174 4736 occulto,
3203 4675 3264 4724 et
3291 4660 3619 4722 circumcisio
3638 4650 3778 4746 cordis

2235 4763 2293 4815 in
2322 4761 2542 4832 spiritu,
2577 4777 2688 4814 non
2717 4759 2924 4812 littera.
2958 4759 3016 4813 Si
3043 4759 3168 4829 quis
3200 4757 3414 4830 pascha
3455 4751 3582 4822 agit,
3609 4758 3698 4799 non
3735 4752 3777 4789 ιη

2234 4851 2444 4921 azymis
2466 4848 2804 4902 sinceritatis
2833 4854 2890 4900 et
2919 4847 3170 4901 veritatis
3194 4850 3248 4913 (Ι
3266 4849 3389 4902 Cor.
3426 4847 3501 4911 v),
3531 4845 3590 4892 ut
3636 4835 3778 4926 91.1.8.1"

2235 4918 2412 4992 minet
2438 4955 2502 4991 ex
2535 4937 2726 4991 anima
2745 4953 2848 4991 sua
2877 4953 3042 4990 omne
3068 4942 3231 4988 vetus
3251 4934 3584 4987 fermentum
3602 4918 3780 5009 malitis

2237 5032 2293 5080 et
2319 5026 2600 5098 nequitia},
2637 5026 2742 5078 iste
2766 5025 3010 5078 attendit
3046 5023 3288 5086 fabulas,
3311 5027 3372 5075 et
3397 5017 3613 5072 umbras
3633 5019 3779 5075 sequ"

2234 5121 2346 5179 tur,
2381 5116 2614 5172 veritate
2643 5115 2916 5184 neglecta.
2967 5114 3026 5168 Si
3056 5112 3180 5183 quis
3211 5127 3327 5164 non
3357 5118 3640 5176 resurgens
3685 5107 3781 5147 cum

2235 5204 2476 5269 Christo,
2519 5220 2621 5258 nec
2641 5219 2896 5274 quaerens
2917 5219 2986 5256 ea
3003 5219 3125 5272 quae
3143 5216 3376 5254 sursum
3402 5200 3548 5259 sunt,
3579 5187 3664 5244 sed
3687 5196 3780 5253 quit

2233 5292 2664 5359 deorsum,dicit
2681 5311 2692 5344 :
2709 5293 2792 5346 Ne
2813 5290 3082 5361 tetigeris,
3107 5305 3176 5342 ne
3193 5285 3532 5358 gustaveris,
3563 5297 3626 5335 ne

2231 5381 2468 5435 ctaveris
2507 5397 2631 5451 qua
2667 5385 2800 5434 sunt
2829 5381 2886 5434 in
2934 5377 3293 5449 corruptione
3339 5371 3779 5457 (001035.1Ii),l?§°

2231 5487 2339 5524 usu
2371 5469 2679 5524 secundum
2710 5473 2985 5540 praecepta
3002 5473 3059 5521 et
3072 5465 3360 5521 doctrinas
3387 5459 3682 5516 hominum.
3702 5451 3784 5500 Bm

2233 5559 2488 5629 sequitur
2509 5557 2761 5628 justitias
2791 5574 2904 5611 non
2917 5557 3110 5622 bonas,
3143 5559 3200 5609 et
3213 5555 3498 5624 precepts
3523 5560 3628 5600 non
3649 5540 3781 5592 bona.
