3866 6158
559 296 668 357 βτβ
1142 293 1208 349 Β.
1249 289 1521 348 mm
1558 287 1790 345 MAURI
1825 285 2162 347 ABOHIEP.
2202 283 2528 348 MQGUNT.
2568 282 2866 343 OPERUM
2901 282 3086 343 PARS
3121 283 3214 350 ΠΙ.
3628 290 3704 350 676

557 421 934 480 montium.
971 435 997 468 et
1029 417 1203 472 Senes
1245 415 1460 472 sobrios
1487 433 1628 482 esse,
1662 415 1945 480 honestos,
1978 401 2540 484 pudi-Abusonusta
2556 411 2826 476 navisest,
2843 410 2900 464 in
2911 414 3236 478 tempestate
3251 415 3522 476 serventur,
3551 419 3597 467 et
3613 429 3705 482 per

555 531 580 562 ι
611 526 725 574 eos,
758 525 925 564 sanos
978 507 1037 562 in
1086 505 1214 572 fide,
1261 511 1318 560 et
1371 505 1666 570 charitate,
1696 510 1752 558 et
1791 502 2081 575 patientia.
2117 521 2139 557 ι
2227 502 2494 561 ﬂantibus
2523 500 2651 555 hinc
2682 500 2811 556 inde
2833 498 3010 557 ventis
3029 497 3229 568 absque
3265 497 3521 568 naufragio
3549 516 3603 556 ea
3622 518 3708 575 qua

551 598 838 665 (Ambr.)
896 597 1083 660 Deest,
1141 595 1296 648 doce.
1348 594 1483 649 Vult
1536 593 1689 648 enim
1743 592 1930 648 dicere
1991 610 2003 646 ;
2062 608 2146 647 se-
2227 592 2368 646 bene
2396 589 3044 662 partasuntliberentur:
3072 586 3711 658 (Quicnimpcrseveraveril

548 687 735 744 niores
785 685 941 747 doce,
999 689 1064 738 ut
1117 684 1267 737 dicat
1313 699 1408 736 eos
1457 683 1553 753 qui
1620 683 1678 736 in
1727 681 1975 736 Ecclesia
2002 680 2147 735 anti-
2227 698 2406 752 usque
2427 681 2487 737 in
2519 681 2707 744 ﬁnem,
2757 677 2846 738 hic
2876 677 3060 734 salvus
3102 675 3207 733 erit
3221 676 3456 742 (Malum
3479 681 3659 732 etum.
3693 699 3707 727 ι

549 775 762 846 quioris
785 779 918 828 sunt
946 772 1148 836 sitatis,
1178 771 1261 826 ita
1304 777 1369 826 ut
1397 771 1568 826 sobrii
1615 771 1730 825 sint
1777 776 1834 823 et
1884 787 2020 839 erga
2049 769 2147 824 illa
2304 789 2329 822 ‹(
2361 772 2516 832 Anus
2562 767 2820 826 similiter
2849 766 2907 822 in
2955 765 3148 820 habitu
3176 771 3372 830 sancto,
3395 781 3492 818 non
3515 764 3715 820 incentri-

547 864 664 922 sint
706 862 950 926 solliciti,
985 877 1108 931 quas
1139 861 1262 914 ﬁeri
1289 860 1629 914 conveniunt
1669 859 1948 930 pudicitia
1977 857 2146 912 simul
2233 880 2256 916 ι
2291 877 2400 924 ces,
2436 875 2548 918 non
2578 857 2704 919 vino
2722 856 2898 910 multo
2927 853 3245 921 servientes,
3275 852 3402 906 bene
3421 852 3650 918 docentes,
3673 863 3716 908 ut

549 958 609 1008 et
621 950 884 1006 castitati.
925 950 1102 1004 Sanos
1131 949 1190 1009 in
1219 949 1330 1002 fide
1359 956 1418 1002 et
1430 947 1725 1011 charitate,
1747 947 2056 1001 secundum
2075 947 2145 1000 il-
2232 970 2254 1002 ι
2292 949 2364 1007 ad
2387 947 2704 1003 castitatem
2731 944 2995 1002 erudiant
3023 961 3033 993 :
3067 941 3496 1006 adolescentulos,
3511 947 3564 996 ut
3579 950 3719 996 ament

550 1041 664 1097 lam
683 1039 1011 1096 ﬁrmitatem
1039 1055 1210 1109 quam
1242 1054 1436 1091 omnes
1453 1036 1660 1090 habere
1680 1041 1921 1107 oportet.
1955 1036 2144 1100 (Ηίθν.)
2231 1058 2254 1092 ι
2285 1038 2438 1094 viros
2465 1053 2616 1100 suos,
2649 1041 2716 1089 ut
2744 1039 2937 1088 ament
2951 1031 3545 1102 ﬁlios,pudicas,castas,
3562 1029 3719 1086 baben-

551 1128 905 1184 Generaliter
956 1128 1081 1182 Tito
1119 1131 1252 1181 ante
1304 1125 1630 1196 pmcipiens
1676 1124 1810 1196 quid
1842 1124 1964 1196 ipse
1993 1123 2147 1195 loqui
2233 1147 2256 1186 ς
2281 1133 2368 1184 tes
2395 1142 2588 1186 curam
2618 1125 2838 1188 domus,
2857 1119 3401 1190 benignas,subditss
3425 1118 3538 1172 viris
3551 1118 3657 1182 suis,
3681 1127 3723 1174 ut

549 1218 782 1273 (inberet
809 1217 881 1271 ad
911 1223 1158 1280 cunctos.
1193 1215 1252 1269 in
1281 1231 1347 1268 eo
1387 1215 1536 1285 quod
1563 1214 1646 1268 ait
1679 1233 1689 1266 :
1727 1232 1752 1265 ί(
1789 1215 1873 1268 Tu
1901 1229 2030 1268 vero
2063 1214 2145 1266 lo.-
2233 1237 2254 1270 α
2290 1215 2520 1276 verbum
2551 1213 2653 1276 Dei
2695 1229 2808 1276 non
2836 1211 3284 1282 blasphematur:
3321 1229 3340 1260 ι
3365 1208 3566 1273 (Λυδὸν.)
3609 1209 3720 1268 Anus

551 1322 723 1377 quare
749 1322 874 1376 quin
901 1306 1062 1360 decet
1077 1319 1272 1360 sanam
1293 1303 1625 1367 doctrinam,
1661 1322 1682 1354 ι
1721 1318 1870 1356 nunc
1899 1319 2000 1372 per
2027 1302 2145 1356 εἰη-υ
2228 1309 2420 1364 autem
2450 1304 2573 1358 illas
2598 1301 2748 1365 dicit,
2773 1317 2899 1372 quae
2917 1305 3084 1356 astate
3112 1304 3243 1358 sunt
3262 1302 3525 1368 provectae,
3547 1295 3674 1350 sicuti
3691 1303 3728 1348 et

548 1395 714 1463 gnlas
742 1393 954 1464 species
1000 1393 1133 1463 quid
1187 1408 1646 1462 unamquamque
1673 1397 1896 1446 aetatem
1929 1390 2142 1456 deceat,
2228 1394 2299 1454 de
2351 1391 2664 1453 senioribus
2709 1389 2964 1460 superius
3000 1388 3142 1450 dixit
3175 1406 3188 1454 ;
3237 1402 3362 1449 non,
3394 1385 3530 1440 sicut
3556 1384 3725 1454 quidam

551 1483 795 1554 exponit.
815 1483 1070 1537 Primum
1098 1481 1325 1535 senibus
1347 1480 1481 1534 viris
1505 1480 1912 1544 convenientia,
1945 1479 2147 1532 deinde
2231 1487 2424 1540 errant
2459 1481 2518 1542 in
2539 1479 2799 1542 Ecclesia,
2827 1483 2893 1532 ut
2927 1477 3207 1540 mulieres,
3231 1491 3346 1546 qum
3376 1479 3610 1544 provecta
3637 1481 3730 1527 sum

552 1588 696 1628 unus
723 1571 860 1642 quid
888 1571 1085 1624 deceat
1110 1588 1122 1636 ς
1155 1570 1341 1632 tertio,
1385 1586 1508 1640 qua
1539 1568 1990 1623 adolescentibus
2017 1573 2150 1638 apta
2231 1576 2415 1634 atate,
2446 1570 2516 1627 ad
2547 1569 2727 1628 instar
2755 1561 3594 1636 virorum,presbyteriioﬁicium
3610 1561 3730 1614 sorti-

551 1661 687 1726 sint,
719 1666 838 1714 tam
869 1659 1117 1714 maribus
1143 1658 1417 1722 videlicet,
1458 1675 1626 1728 quam
1652 1657 1902 1722 feminis;
1933 1657 2063 1710 licet
2089 1656 2150 1711 in
2173 1727 2193 1728 ί
2232 1665 2430 1720 rentur
2461 1676 2472 1712 :
2517 1659 2620 1712 hoc
2647 1657 2798 1718 enim
2827 1654 3058 1710 instruit
3077 1654 3212 1708 dum
3240 1651 3398 1706 dicit:
3421 1649 3690 1712 «similiter;
3717 1669 3731 1700 ι

555 1755 830 1819 praecepto
877 1748 1178 1802 mulierum
1220 1727 1536 1801 vetularnm
1583 1747 1651 1800 de
1701 1745 2150 1800 adolescentibus
2171 1727 2350 1809 Bvult
2378 1747 2529 1808 enim
2549 1747 2734 1808 dicere
2755 1751 2818 1802 ut
2832 1749 2890 1798 et
2919 1743 3202 1806 mulieres,
3221 1757 3338 1813 quae
3359 1745 3514 1794 aetate
3531 1743 3738 1807 suntpro-

553 1837 776 1894 feminis
800 1837 1068 1891 mandata
1089 1835 1407 1906 subiecerit,
1439 1843 1501 1888 ut
1519 1851 1632 1889 non
1652 1841 1770 1890 tam
1798 1835 2152 1906 ipsedacaret
2235 1842 2418 1901 vectis,
2437 1835 2634 1892 habitu
2673 1834 2790 1894 sint
2808 1831 3029 1887 decenti
3041 1836 3270 1898 amatae,
3285 1829 3338 1884 id
3357 1834 3452 1890 est,
3473 1832 3531 1882 ut
3545 1843 3654 1896 erga
3674 1842 3737 1878 m-

556 1926 1022 1990 BdOWBDﬂllﬂBa
1055 1941 1226 1995 quam
1251 1924 1388 1995 quid
1415 1941 1452 1978 a
1478 1924 1679 1978 vetulis
1695 1923 2032 1978 docerentur
2061 1941 2151 1978 ει·
2230 1925 2542 1982 versutiam
2571 1931 2629 1978 et
2655 1922 3049 1980 verecundiam
3073 1920 3190 1976 sint
3223 1923 3497 1990 provectae,
3540 1931 3623 1968 nec
3650 1915 3738 1967 vino

555 2021 825 2086 poneret;
866 2014 1065 2068 ultimo
1095 2014 1164 2068 de
1182 2013 1355 2067 servis
1383 2019 1442 2066 et
1471 2030 1572 2084 per
1589 2013 1842 2084 singulas
1869 2019 2064 2068 aetates
2093 2019 2150 2066 et
2230 2015 2528 2075 intendant
2581 2013 2777 2078 multo,
2819 2016 2920 2066 aut
2981 2009 3261 2065 ebrietati,
3315 2006 3416 2059 Sed
3447 2021 3536 2062 nec
3560 2003 3740 2058 istorum

549 2104 902 2159 conditiones
919 2103 1274 2157 sicdecenter
1285 2101 2147 2173 praeceptaconstituitmts'ermo
2230 2103 2399 2161 verba
2423 2103 2495 2160 ad
2533 2102 2676 2167 illos,
2710 2117 2811 2160 nec
2844 2100 3069 2154 illorum
3105 2097 3358 2154 deferant
3383 2095 3448 2148 ad
3478 2094 3611 2147 istos.
3631 2091 3742 2144 Bona

552 2194 677 2262 ejus
707 2192 829 2246 vita
850 2207 1185 2262 morumque
1231 2191 1308 2244 sit
1346 2192 1560 2261 regula.
1607 2192 1782 2245 Senes
1809 2191 1986 2260 igitur
2029 2191 2148 2244 vult
2230 2193 2515 2254 docentes,
2545 2207 2668 2261 quae
2689 2206 2802 2246 non
2824 2189 2990 2246 modo
3021 2185 3370 2256 diligentiam
3401 2180 3617 2254 poterint
3633 2179 3745 2234 adlu-

553 2281 902 2336 sobriosesse
913 2281 1028 2335 sive
1039 2281 1490 2350 vigilentes,quia
1501 2274 1910 2351 νηῃάλιοιιῳιιᾱ
1923 2279 2146 2333 Grecos
2233 2281 2364 2340 bere
2394 2279 2654 2344 bonitati,
2678 2278 2775 2332 sed
2813 2283 2870 2332 et
2895 2277 3097 2332 docere
3129 2275 3230 2328 illa
3276 2290 3396 2345 quae
3424 2277 3544 2326 sunt
3568 2269 3744 2339 Optima.

552 2375 856 2440 utrumique
877 2375 1078 2434 sonat;
1103 2371 1386 2434 honestos,
1417 2376 1483 2422 ut
1495 2368 2020 2439 aitatisgravitatem
2035 2384 2151 2422 mo-
2233 2372 2431 2436 (Hicr.)
2452 2367 2702 2430 Tametsi
2731 2366 3017 2438 apostolus
3054 2365 3257 2418 Petrus
3285 2360 3586 2433 praeceperit
3606 2356 3747 2412 ututi

552 2475 680 2516 rum
707 2459 955 2529 gravitas
983 2459 1211 2512 decoret
1242 2477 1256 2521 ;
1290 2457 1539 2528 pudicos,
1567 2475 1639 2511 ne
1679 2457 1736 2510 in
1769 2457 1955 2511 aliena
1967 2462 2148 2511 vetate
2231 2457 2498 2518 uxoribus
2528 2473 2646 2516 suis
2673 2463 2944 2526 tanquam
2969 2452 3268 2511 inﬁrmiori
3307 2450 3516 2510 vasculo
3540 2449 3747 2504 honorem

553 2547 856 2610 luxurient,
891 2561 961 2600 ne
994 2548 1115 2616 jam
1168 2546 1373 2616 frigido
1421 2547 1490 2600 ad
1529 2545 1820 2600 libidinem
1847 2545 2142 2616 sanguine,
2228 2547 2484 2608 tribuant
2515 2547 2570 2618 (1
2605 2549 2745 2600 Patr.
2808 2549 2903 2614 III),
2937 2560 3049 2598 non
3076 2549 3273 2604 tamen
3301 2537 3650 2594 arbitrandum
3673 2543 3746 2586 est.

552 2637 808 2706 exemplo
849 2635 967 2688 sint
1011 2634 1458 2692 adolescentibus
1487 2635 1557 2688 ad
1587 2635 1842 2700 ruinam;
1889 2651 2059 2688 sanos
2089 2634 2147 2687 in
2229 2636 2378 2707 quod
2409 2651 2549 2690 uxor
2569 2651 2694 2705 quae
2721 2633 2970 2705 corporis
3001 2632 3291 2686 vasculum
3323 2627 3484 2684 habet
3507 2626 3750 2683 inﬁrmum,

557 2724 686 2790 ﬁde,
718 2723 790 2777 de
820 2738 934 2794 qua
951 2723 1082 2778 ﬁdei
1110 2724 1353 2778 sanitate
1385 2739 1556 2794 supra
1572 2723 2021 2777 diximus.8anos
2051 2739 2147 2780 au-
2227 2724 2422 2784 statim
2443 2730 2502 2777 et
2529 2723 2718 2781 animo
2751 2722 2932 2776 cadat.
2961 2720 3122 2775 Unde
3165 2735 3316 2774 nunc
3357 2713 3642 2790 praecipitur
3678 2709 3748 2766 eis.

555 2817 672 2866 tam
701 2828 816 2866 non
845 2816 1068 2865 tantum
1088 2811 1147 2864 in
1169 2812 1299 2877 ﬁde,
1333 2827 1524 2866 verum
1543 2812 1716 2866 etiam
1740 2833 1761 2862 ι
1779 2812 1835 2864 in
1849 2811 2140 2878 charitate,
2164 2828 2180 2838 “
2229 2819 2293 2868 ut
2320 2813 2378 2868 in
2407 2813 2543 2883 ipsis
2575 2827 2798 2882 quoque
2818 2810 2958 2864 illud
2980 2807 3238 2879 Apostoli
3258 2805 3585 2878 compleatur
3606 2820 3616 2853 :
3637 2798 3753 2854 chr-

549 2907 607 2954 et
633 2901 693 2958 in
712 2900 1002 2971 patientia,
1035 2919 1058 2952 ι
1092 2906 1157 2954 ut
1183 2917 1309 2954 cum
1332 2901 1573 2971 primam
1603 2900 1733 2954 ﬁdei
1753 2899 2145 2954 habuerintsa—
2226 2907 2319 2960 tus
2339 2901 2398 2962 in
2429 2901 2758 2962 inﬁrmitate
2778 2899 3068 2969 perﬁcitur
3088 2899 3170 2964 (II
3183 2898 3304 2950 Cor.
3339 2899 3443 2961 xu),
3467 2912 3488 2944 ι)
3511 2897 3562 2944 et
3579 2887 3751 2942 dicitur.

551 2988 1096 3054 nitatem,audianta
1131 2989 1420 3042 Salvatore
1443 3007 1454 3040 :
1482 3008 1508 3039 σ
1541 2989 1704 3048 Fides
1724 2993 1823 3042 tua
1853 2993 1908 3042 te
1927 2989 2143 3042 salvum
2167 3044 2206 3058 Α
2227 2997 2291 3052 ut
2319 2997 2378 3048 et
2399 2989 2586 3052 omnia
2614 2988 2878 3054 habeant,
2911 3003 3036 3058 quas
3056 2985 3289 3043 senibus
3308 2983 3440 3037 viris
3467 2985 3588 3034 sunt
3598 2991 3754 3052 praeor

550 3076 681 3131 fecit
694 3044 910 3146 (Matth.
943 3080 1038 3144 rx).
1079 3096 1101 3126 ι
1144 3076 1340 3130 Calida
1359 3044 1566 3147 quippe
1586 3081 1672 3130 est
1694 3075 1941 3130 charitas
1963 3077 2025 3130 in
2055 3077 2144 3131 his
2164 3044 2208 3104 ο
2227 3044 2324 3149 pta
2355 3044 2766 3142 communiter,
2797 3044 2962 3135 ίηέἒ)
3011 3075 3228 3129 scilicet
3284 3071 3430 3145 quod
3483 3069 3572 3134 ait,
3599 3044 3624 3116 ἒς
3653 3081 3757 3120 anus

545 3165 872 3236 quifervent
888 3164 1092 3236 spiritu
1125 3183 1136 3218 :
1174 3164 1388 3235 frigeas
1417 3170 1608 3219 autem
1621 3169 1680 3218 et
1697 3164 1950 3234 glacialis
1978 3171 2035 3219 et
2051 3181 2145 3234 ge-
2223 3168 2504 3232 similiter,
2543 3187 2567 3220 »
2587 3167 2691 3222 hoc
2718 3172 2823 3232 est,
2837 3166 2920 3222 ita
2951 3170 3014 3222 ut
3035 3164 3140 3220 viri
3163 3179 3347 3226 senes,
3366 3161 3422 3214 in
3449 3156 3675 3212 omnibus
3693 3168 3760 3206 so-

546 3253 662 3310 lida
688 3253 747 3309 in
767 3253 854 3308 his
871 3253 967 3324 qui
994 3253 1454 3324 ﬂatusaqnilonis
1473 3253 1805 3308 durissimos
1823 3269 2138 3325 suscepere.
2224 3256 2378 3322 brius,
2395 3257 2661 3321 honestas,
2684 3255 2918 3326 pudicas,
2961 3270 3110 3308 sanae
3143 3253 3204 3307 in
3227 3252 3338 3308 ﬁde
3368 3256 3424 3304 et
3451 3246 3688 3302 charitate
3721 3249 3760 3293 et

555 3363 575 3392 ε
613 3341 698 3394 Ab
727 3341 990 3412 aquilone
1005 3341 1158 3396 enim
1187 3342 1552 3399 exardescent
1579 3342 1728 3395 mala
1752 3358 1922 3413 super
1945 3359 2140 3396 omnes
2225 3345 2499 3416 patientia
2521 3363 2533 3412 ;
2557 3350 2617 3398 et
2641 3361 2744 3414 pro
2765 3361 2900 3398 sexu
2931 3359 3032 3398 suo
3052 3343 3163 3398 hoc
3183 3340 3428 3396 habeant
3446 3330 3760 3412 proprium'm

545 3429 927 3491 inhabitantes
973 3437 1184 3486 terram
1210 3432 1346 3497 (λεν.
1381 3435 1442 3500 ι.)
1476 3451 1498 3485 ι
1533 3432 1616 3486 De
1645 3431 1750 3486 hoc
1772 3430 1981 3502 frigore
2007 3431 2140 3488 cha-
2222 3435 2338 3494 sint
2355 3434 2414 3495 in
2443 3432 2638 3496 habitu
2651 3439 2864 3496 sancto,
2880 3431 2995 3486 sive
3016 3438 3081 3488 ut
3099 3431 3308 3486 melius
3326 3428 3526 3500 legitur
3543 3425 3595 3480 in
3615 3423 3761 3476 Gnaeo

547 3519 730 3574 ritatis
759 3525 817 3574 et
841 3521 1084 3573 Ammon
1111 3519 1170 3572 in
1199 3535 1391 3574 sorore
1417 3536 1523 3574 sua
1549 3519 1797 3573 Thamar
1818 3518 2074 3589 obriguer

2234 3517 2278 3578 ἔν
2297 3515 2672 3592 καταστήματι
2697 3519 3053 3592 ἱεροπρεπεῖς,
3073 3511 3149 3574 υἱ
3161 3521 3284 3592 ipse
3299 3533 3516 3590 quoque
3525 3527 3690 3568 earum
3705 3510 3761 3562 in-

547 3611 628 3676 (ll
653 3610 776 3676 Rea.
809 3610 942 3673 ιω).
976 3608 1311 3663 Timendllm
1342 3625 1478 3678 ergo
1522 3625 1595 3662 n0
1636 3609 1781 3664 forte
1809 3614 1868 3662 et
1912 3623 2014 3662 nos
2037 3609 2142 3662 hac
2222 3627 2429 3678 cessus,
2463 3619 2520 3666 et
2567 3617 2772 3677 motus,
2795 3611 3002 3675 vultus,
3032 3626 3247 3676 sermo,
3281 3607 3578 3670 silentium,
3610 3615 3762 3676 quam-

541 3697 872 3754 inﬂrmitate
900 3697 1192 3752 charitatis
1238 3697 1542 3768 aliquando
1590 3713 1942 3768 superamur.
1990 3698 2140 3752 Non—
2220 3701 2354 3756 dam
2381 3701 2525 3756 sacri
2574 3700 2791 3760 decoris
2845 3698 3150 3770 praeferant
3198 3697 3548 3768 dignitatem.
3582 3692 3642 3748 Et
3669 3686 3763 3760 quia

544 3801 832 3858 nunquam
851 3785 1004 3840 enim
1047 3787 1248 3850 evenit,
1281 3793 1345 3840 ut
1366 3785 1612 3856 primum
1635 3804 1672 3839 a
1699 3785 1858 3839 nobis
1879 3785 1938 3840 in
1966 3785 2138 3855 virgi—
2221 3790 2328 3848 hoc
2353 3806 2533 3858 genus
2552 3789 3014 3850 muliercularum
3025 3787 3175 3842 solet
3191 3804 3318 3840 esse
3335 3783 3628 3856 garrulum.
3645 3780 3766 3850 ium

547 3891 700 3940 nem,
725 3875 838 3930 sive
867 3875 924 3930 in
955 3875 1266 3946 quamlibet
1283 3875 1553 3929 feminam
1564 3875 1639 3928 sit
1654 3881 1850 3928 sancta
1873 3874 2096 3929 dilectio
2123 3893 2134 3927 :
2219 3878 2361 3935 illud
2389 3879 2447 3949 (Ι
2475 3879 2615 3935 Tim.
2644 3881 2700 3942 ν)
2736 3895 2748 3930 :
2777 3896 2802 3928 ί(
2836 3876 3017 3931 Simul
3047 3881 3244 3930 autem
3275 3884 3335 3929 et
3364 3874 3564 3930 otiosae.
3593 3869 3766 3922 discunt

541 3968 750 4018 etcum
773 3963 992 4017 mollita
1012 3963 1353 4018 mensfuerit
1379 3963 1440 4016 in
1467 3965 1718 4028 allectus,
1742 3963 2015 4034 paulatim
2044 3980 2136 4018 sa-
2217 3967 2515 4023 circumire
2567 3966 2782 4032 domos,
2841 3981 2954 4020 non
3003 3965 3190 4018 solum
3248 3969 3442 4023 autem
3491 3960 3661 4016 otiosae
3697 3950 3766 4006 sed

541 4051 737 4106 uitatis
763 4051 1056 4106 chm'itaﬁs
1082 4053 1356 4122 languore
1375 4053 1660 4122 pallescet,
1686 4059 1744 4106 et
1769 4052 2139 4106 inﬁrmariin-
2219 4060 2278 4110 et
2328 4055 2572 4114 verbosa
2613 4060 2671 4108 et
2717 4054 2970 4119 curiosae,
3023 4053 3326 4122 loquentes
3372 4067 3493 4124 quae
3523 4065 3624 4104 non
3648 4056 3768 4116 opor-

541 4139 735 4210 cipiat,
785 4145 852 4194 ut
890 4140 964 4194 ad
1011 4145 1318 4194 extremm
1347 4146 1586 4194 mortem
1615 4141 1941 4210 diligentem
1971 4141 2134 4195 ferat.
2219 4150 2343 4208 tet;
2380 4165 2404 4204 ν
2453 4149 2752 4214 propterea
2791 4160 2886 4197 eas
2935 4143 3054 4206 vult
3083 4157 3208 4196 esse
3242 4158 3357 4198 non
3387 4136 3703 4200 incentrices,
3728 4128 3768 4184 id

544 4227 705 4283 Unde
716 4233 776 4282 et
795 4229 1269 4298 Apostoluscaute
1297 4233 1354 4282 et
1374 4229 1681 4298 prudenter
1693 4229 1987 4283 Timotheo
2002 4247 2139 4300 prm-
2218 4238 2324 4299 εει,
2374 4249 2487 4290 non
2516 4231 2905 4294 accusau'ices,
2949 4247 3062 4294 non
3095 4231 3245 4288 tales
3267 4247 3412 4301 quae,
3449 4235 3512 4282 ut
3536 4225 3646 4280 aliis
3677 4220 3766 4292 pla-

539 4316 695 4387 cipit,
718 4321 785 4371 ut
809 4317 1136 4372 exhortetur
1149 4316 1668 4371 adolescentulum
1688 4317 1843 4372 omni
1854 4317 2133 4373 castitate.
2149 4369 2199 4428 Β
2219 4326 2399 4386 ceant,
2433 4320 2504 4376 de
2531 4321 2655 4376 aliis
2682 4320 3004 4374 detrahant.
3035 4319 3153 4374 Aut
3191 4325 3349 4373 certe
3369 4317 3502 4390 quia
3526 4316 3647 4386 ipsae
3665 4307 3768 4428 adlo-

541 4405 740 4463 Omnis
757 4411 948 4460 autem
965 4405 1197 4460 castitas
1239 4405 1298 4459 in
1319 4422 1506 4470 carne,
1540 4411 1598 4460 et
1615 4405 1838 4477 spiritu,
1861 4413 1920 4461 et
1945 4407 2136 4461 anima
2150 4397 2199 4428 υ
2219 4410 2543 4468 lescentiam
2566 4410 2686 4479 jam
2703 4414 3066 4479 transgressae
3096 4414 3255 4474 sunt,
3280 4409 3352 4462 de
3379 4397 3770 4462 adolescentula-

541 4501 724 4562 θδιῑηε
735 4494 1142 4552 εοωάθὶίιεωτ
1152 4495 2137 4566 οοιιιιιδ;ηθὶιιριι1οὶιινὶιιιάίηινιι1ωε
2217 4515 2346 4556 rum
2370 4497 2628 4554 aetatibus
2641 4497 2948 4568 disputent,
2967 4503 3027 4551 et
3056 4496 3258 4552 dicant
3291 4517 3302 4550 :
3339 4496 3442 4552 Illa
3461 4495 3536 4549 sic
3562 4493 3769 4546 omnum

542 4584 1050 4640 fominaherentes
1061 4585 1422 4655 pendeamus;
1445 4601 1517 4638 ne
1527 4585 1956 4640 inutiliaaudire
1967 4585 2137 4640 verba
2218 4589 2316 4646 illa
2337 4587 2418 4644 sic
2444 4589 2706 4652 comitur,
2729 4587 2807 4643 sic
2831 4586 2929 4640 illa
2957 4586 3234 4656 procedit,
3259 4593 3420 4640 amat
3453 4584 3619 4646 illum,
3646 4591 3770 4632 δωδ-

541 4672 814 4738 delectet;
847 4674 1310 4730 neadsimulatos
1321 4690 1610 4728 sermones
1627 4691 1788 4729 mens
1807 4674 1964 4746 prius
1993 4675 2136 4728 dura
2215 4683 2312 4735 tur
2339 4675 2410 4733 ab
2438 4676 2534 4734 illo
2571 4695 2582 4730 :
2613 4693 2742 4732 cum
2785 4675 2957 4736 etiam
2985 4675 3033 4728 si
3081 4675 3206 4730 haec
3235 4691 3370 4730 vera
3395 4674 3525 4738 sint,
3557 4683 3657 4724 non
3679 4675 3770 4718 tam

541 4768 872 4816 marcescat.
907 4763 1152 4817 Caveant
1179 4779 1334 4833 ergo,
1367 4768 1433 4818 ut
1459 4763 1723 4831 diximus,
1755 4771 1875 4818 tam
1898 4765 2134 4834 juvenes
2216 4765 2366 4836 apud
2379 4770 2611 4823 cmteros
2633 4763 2876 4821 debeant
2895 4779 3180 4828 accusare,
3197 4781 3376 4834 quam
3401 4763 3572 4833 ipsam
3598 4763 3773 4812 seu?“

541 4864 714 4918 quam
757 4865 937 4915 senm,
981 4855 1100 4904 tam
1154 4851 1585 4906 adolescentulus
1625 4868 1798 4922 quam
1835 4854 2052 4918 vetulae,
2077 4858 2136 4908 et
2217 4854 2426 4912 Christi
2442 4854 2717 4914 charitate
2738 4853 3039 4923 corripere,
3074 4859 3132 4906 et
3159 4853 3351 4922 magis
3393 4852 3586 4907 docere
3609 4863 3671 4900 ne
3706 4842 3770 4896 fs-

539 4937 695 4993 omni
725 4937 1018 5007 diligentia
1032 4940 1353 4996 custodiant
1370 4957 1466 4994 cor
1491 4957 1677 5006 suum,
1707 4958 1780 4994 ne
1806 4958 1908 5012 per
1925 4942 2136 4996 sanita-
2213 4943 2345 5008 ciat,
2378 4959 2549 5013 quam
2603 4943 2661 4998 in
2696 4942 2918 5013 publico
2973 4957 3242 5000 accusare
3291 4941 3444 5012 quod
3481 4936 3672 4996 fecerit.
3699 4933 3774 4985 So-

540 5032 659 5083 tem
703 5027 1020 5082 dilectionis
1053 5027 1282 5082 morbus
1319 5029 1612 5084 charitatis
1639 5030 1904 5095 intmeat,
1948 5036 2008 5084 et
2036 5048 2136 5101 per
2216 5031 2333 5088 lent
2357 5033 2444 5087 hae
2478 5037 2692 5096 states,
2745 5031 2880 5102 quia
2906 5030 3156 5100 corporis
3181 5030 3394 5084 frixere
3425 5025 3632 5082 luxuria
3658 5021 3772 5088 (licet

537 5133 790 5172 amorem
809 5122 1068 5170 sanctum
1095 5133 1211 5170 non
1239 5118 1340 5171 ﬁat
1366 5123 1559 5172 sancta
1586 5118 1830 5183 dilectio,
1861 5136 1985 5189 quae
2003 5119 2131 5174 illos
2213 5121 2330 5176 sint
2359 5121 2630 5191 plurima.
2666 5136 2791 5190 quae
2837 5136 2938 5174 nec
2968 5135 3138 5174 canos
3188 5134 3326 5172 suos
3377 5117 3705 5175 erubescant,
3732 5112 3775 5160 θί

539 5205 830 5274 ρει-ιηιιαι
857 5204 930 5260 ad
976 5205 1313 5275 gehennam.
1347 5207 1454 5270 Qui
1482 5223 1653 5262 sanus
1681 5214 1768 5262 est
1791 5208 1852 5261 in
1881 5208 2010 5274 ﬁde,
2033 5209 2130 5278 qui
2212 5215 2582 5280 antegregem
2597 5214 2867 5279 nepotum
2885 5213 3196 5264 trementes
3223 5206 3567 5277 virgunculae
3585 5212 3772 5267 compo-

535 5309 710 5348 sanns
736 5294 796 5348 in
817 5293 1111 5352 charitate.
1135 5310 1309 5348 sanus
1329 5312 1551 5367 quoque
1579 5297 1654 5351 sit
1683 5298 1743 5351 in
1765 5297 2054 5368 patientia,
2075 5303 2132 5352 et
2213 5302 2459 5364 nentur),
2493 5298 2622 5354 vino
2639 5316 2700 5352 se
2729 5297 2934 5352 dedere
2953 5313 3056 5367 pro
3090 5295 3332 5352 libidine
3363 5315 3376 5363 ;
3437 5302 3497 5349 et
3513 5309 3632 5348 cum
3659 5289 3775 5344 inter

539 5381 830 5450 patientia,
863 5399 986 5453 quae
1007 5383 1248 5437 maxime
1279 5383 1338 5436 in
1365 5385 1769 5440 tentationibus
1799 5385 2128 5457 GOIDPI‘Obar-
2212 5387 2411 5458 pocula
2439 5386 2545 5442 sibi
2575 5387 2878 5457 prudentes
2905 5385 3036 5440 visae
3061 5383 3280 5440 fuerint
3297 5391 3360 5438 et
3389 5383 3650 5444 facundae,
3677 5390 3773 5432 ωο-

537 5473 634 5525 tur
666 5486 678 5521 :
710 5469 846 5539 quia
889 5471 1028 5524 nihil
1068 5471 1299 5543 prodest
1324 5472 1589 5528 habuisse
1628 5491 1752 5545 quia
1788 5491 1962 5546 supra
1987 5492 2128 5532 enuo-
2212 5493 2340 5531 rum
2387 5475 2546 5547 quasi
2582 5475 2974 5532 austeritatem
3021 5489 3337 5541 assumere,
3380 5474 3666 5545 loquentes
3693 5465 3776 5520 hoc

475 5608 484 5616 .
533 5557 898 5627 unum
907 5559 1236 5628 nisime
1261 5561 1961 5635 divitinptmercimoma,’
1886 5563 1898 5576 ’
1995 5592 2002 5615 ι

2841 5550 3774 5631 “annumin!”
