3848 6164
162 313 243 374 απ
551 303 1118 360 numnam
1153 305 1234 362 IN
1270 304 1425 392 inpr.
1466 305 1681 362 ram

1824 308 1856 364 Ι.
1899 307 2070 364 XXV.
2113 335 2177 348 —-
2217 307 2298 365 IN
2333 307 2556 368 EPIST.
2597 309 2695 366 AD
2731 309 2869 365 TIT.
3239 313 3343 370 678

159 437 274 512 qm“
286 436 512 490 memmi
545 437 600 485 θί
633 445 666 482 ⁸
683 429 795 483 Vini
825 445 960 500 “3°
999 430 1176 484 nimio
1204 434 1342 501 Ροίλι
1369 447 1513 486 an“!
1540 447 1665 502 PYO'
1681 432 1724 492 Α
1740 431 1962 486 mrviro
1983 431 2326 497 suo,bocest
2359 433 2529 504 capiti
2548 434 2936 504 suo,ejusdem
2981 435 3344 500 criminier

159 528 410 588 hibeantur,
438 519 686 596 quoniam
715 519 863 590 quod
891 518 950 572 in
977 518 1424 573 adolescentibus
1468 519 1658 585 libido,
1744 521 2013 590 est,cujus
2035 525 2092 574 et
2111 521 2251 578 virsi
2275 537 2389 578 non
2417 520 2746 592 subjiciatur
2767 523 2988 578 Christo
3017 525 3188 596 capiti
3214 543 3337 582 suo.

159 618 235 670 hoc
253 615 297 666 in
319 609 514 666 senibus
539 592 776 661 ebrietas
803 611 908 661 est.
926 608 1041 661 Aut
1055 608 1334 677 quomodo
1355 613 1540 678 potest
1567 608 1662 662 do-
1727 608 1991 685 .Verbum
2014 615 2204 664 autem
2229 609 2454 668 Domini
2485 609 2923 680 blasphematur.
2940 613 3027 672 vel
3045 592 3181 667 dum
3208 631 3342 670 con-

159 717 379 758 manus
405 697 827 751 adulescentulas
846 695 1182 762 castitatem,
1206 713 1332 750 cum
1355 697 1402 750 si
1430 696 1664 750 ebrieta—
1745 697 2017 752 temnitur
2039 698 2138 752 Dei
2169 699 2353 769 prima
2374 698 2669 763 sententia,
2679 706 2735 754 et
2754 716 2855 770 pro
2877 699 3052 764 nihilo
3085 703 3339 761 ducitur:

154 799 239 846 tam
260 789 424 842 vetule
441 785 681 840 mulieris
697 785 1116 838 adolescentula
1126 785 1297 845 fuerit
1314 785 1554 851 imitata,
1567 802 1667 857 pu-
1748 787 1832 839 vel
1847 786 2054 841 Christi
2069 787 2376 842 infamatur
2407 787 2788 857 Evangelium,
2804 789 2939 845 dum
2953 796 3149 846 contra
3161 791 3344 861 legem

155 881 356 934 dicaesse
372 889 469 929 non
513 873 684 944 possit
698 875 722 926 '2
761 873 1061 944 Signanter
1095 879 1286 928 autem
1324 880 1382 928 et
1408 891 1664 944 expresse
1747 875 2028 946 ﬁdemque
2057 883 2290 940 naturm,
2306 893 2372 930 ea
2393 893 2516 946 quae
2535 877 2858 932 Christiana
2869 884 2973 945 est,
2987 884 3047 933 et
3073 897 3140 934 ex
3150 881 3250 936 Dei
3261 881 3342 942 le-

155 970 212 1022 ait
233 985 243 1018 :
266 966 408 1018 «Non
449 964 568 1017 vino
592 963 770 1018 multo
805 963 1131 1016 servientes.
1167 982 1192 1014 »
1227 963 1478 1018 Servitus
1513 964 1664 1018 enim
1743 963 2228 1034 gesubjecta,viro
2241 965 2966 1036 imperaredesiderat,cum
2983 969 3152 1024 etiam
3163 970 3343 1040 genti-

154 1051 1023 1128 quedsmestetextremaconditio,
1051 1051 1178 1105 vino
1195 1067 1392 1105 sensus
1422 1051 1664 1106 hominis
1747 1053 1826 1107 les
1853 1053 2074 1108 feminae
2088 1053 2220 1107 viris
2249 1053 2367 1108 suis
2393 1054 2640 1110 serviant
2653 1056 2938 1112 communi
2968 1057 3090 1127 lege
3101 1064 3338 1116 naturae.

152 1143 364 1214 osculari,
389 1147 442 1196 et
466 1156 573 1195 non
603 1156 769 1196 suum
810 1156 953 1206 esse,
985 1141 1082 1194 sed
1126 1140 1260 1194 vini.
1311 1139 1454 1204 Quia
1489 1140 1666 1211 igitur
1765 1209 1770 1217 _
1819 1161 1844 1192 α
1879 1143 2118 1196 Juvenes
2171 1141 2429 1197 similiter
2482 1143 2779 1201 exhortare
2829 1146 3099 1218 utpudici
3143 1147 3258 1206 sint
3283 1148 3342 1209 in

151 1231 290 1285 docuit
303 1229 473 1300 quales
494 1229 674 1300 primo
701 1243 843 1283 anus
871 1245 996 1283 esse
1018 1229 1304 1296 deberent,
1337 1234 1396 1283 et
1415 1235 1543 1300 post
1567 1229 1664 1283 illa
1749 1248 1776 1282 α
1806 1229 2064 1284 omnibus
2086 1250 2098 1284 :
2121 1231 2366 1301 teipsum
2388 1232 2706 1302 exemplum
2726 1232 2911 1302 praebe
2923 1233 3199 1294 bonorum
3215 1252 3344 1307 ope-

150 1317 563 1390 queournsenibus
577 1317 713 1371 viris
729 1317 938 1372 habent
962 1318 1300 1383 communia,
1335 1319 1506 1372 etiam
1529 1335 1661 1388 pro,
1748 1336 1773 1370 α
1794 1334 1942 1385 rum,
1985 1319 2042 1372 in
2073 1320 2346 1386 doctrina,
2381 1320 2441 1374 in
2480 1320 2822 1390 integritate,
2863 1329 2922 1377 et
2963 1323 3242 1392 castitate,
3281 1324 3342 1384 in

149 1408 413 1478 priscarum
441 1407 710 1476 exposuit,
743 1412 808 1460 ut
836 1406 1072 1460 honesto
1101 1413 1158 1461 et
1176 1412 1369 1461 sancto
1389 1406 1584 1462 habitu
1605 1412 1664 1461 et
1747 1424 1773 1457 (ί
1797 1423 2052 1461 sermone
2077 1425 2212 1463 sano
2244 1415 2302 1462 et
2354 1409 2834 1478 irreprehensibili
2865 1418 2929 1467 ut
2983 1411 3078 1482 qui
3119 1430 3182 1468 ex
3239 1413 3342 1469 ad-

149 1495 258 1548 omni
288 1495 462 1548 decore
489 1494 604 1548 sint
632 1495 834 1566 plene:
853 1510 958 1548 nec
986 1495 1375 1560 amusatrices,
1395 1511 1499 1549 nec
1535 1495 1660 1548 aliis
1747 1513 1772 1546 α
1803 1511 1962 1550 verso
1975 1502 2081 1562 est,
2111 1502 2451 1562 revereatur,
2487 1497 2629 1552 nihil
2657 1497 2870 1554 habens
2888 1499 2958 1554 de
2977 1499 3137 1558 nobis
3155 1501 3342 1562 dicere

147 1584 444 1648 detrahentes,
473 1599 575 1637 nec
586 1583 714 1637 vino
741 1581 1000 1638 sensibus
1019 1584 1321 1654 occupatis.
1354 1584 1514 1638 Nunc
1525 1599 1660 1637 con.-
1747 1601 1771 1634 cr
1795 1584 1948 1638 mali.
1978 1607 2000 1636 υ
2028 1587 2260 1654 (Ambm
2293 1586 2449 1641 Sicut
2477 1587 2627 1642 enim
2677 1586 2747 1643 de
2775 1587 2886 1643 illis
2917 1588 3106 1644 dicens
3133 1597 3341 1650 instru-

143 1678 374 1742 sequenur
387 1671 648 1726 dectrinaa
679 1673 760 1725 eis
784 1673 945 1726 frena
973 1673 1266 1742 permittit,
1287 1679 1353 1726 ut
1372 1689 1498 1726 cum
1518 1673 1660 1726 tales
1740 1672 1822 1726 xit
1874 1674 2070 1743 quales
2124 1691 2245 1728 esse
2285 1675 2712 1730 adolescentulze
2751 1676 3015 1734 mulieres
3077 1677 3335 1746 debeant,

141 1759 310 1826 fuerint,
324 1760 540 1814 docendi
569 1761 817 1816 habeant
851 1760 1187 1827 libertatem,
1219 1767 1284 1815 ut
1311 1761 1521 1816 scilicet
1555 1763 1658 1816 do-
1676 1747 1722 1807 Β
1743 1761 1952 1831 optime
1981 1762 2188 1832 adjecit
2215 1769 2272 1817 et
2302 1763 2370 1817 de
2394 1762 2694 1832 juvenibus
2723 1765 2934 1831 dicens,
2972 1784 2997 1818 (ί
3022 1766 3337 1834 similiter,»

140 1855 259 1902 erant
278 1863 462 1919 eaquae
501 1848 651 1904 bona
679 1855 828 1904 sunt.
861 1850 1018 1904 Licet
1047 1849 1197 1904 enim
1226 1851 1337 1904 alio
1394 1851 1516 1904 loco
1569 1851 1656 1904 di-
1739 1849 1844 1904 hoc
1871 1856 1963 1905 est
1990 1857 2050 1904 et
2069 1868 2218 1906 Viros
2242 1853 2479 1922 juvenes
2508 1852 2697 1918 edoce,
2731 1859 2795 1910 ut
2809 1853 3099 1914 sobrietati
3152 1862 3210 1914 et
3235 1873 3342 1926 pu—
3412 1869 3421 1878 ‘

138 1937 256 2000 xerit,
304 1956 328 1988 α
377 1938 570 1992 docere
602 1944 793 1992 autem
822 1937 1155 1993 mulieribus
1175 1954 1288 1992 non
1308 1939 1592 2010 permitto,
1627 1960 1652 1992 »
1742 1939 1946 1994 dicitis;
1975 1941 2256 1994 studeant.
2301 1941 2370 1994 Et
2411 1941 2678 2010 quoniam
2708 1950 3054 2000 memoratus
3108 1949 3196 2004 est
3223 1961 3342 2006 om-

137 2025 194 2077 sic
236 2026 630 2096 intelligendum
657 2032 759 2093 est,
794 2032 859 2081 ut
885 2027 944 2080 in
973 2026 1118 2081 viros
1145 2027 1257 2084 illis
1284 2028 1360 2080 sit
1405 2028 1662 2082 doctrina
1744 2027 1902 2081 nium
1944 2029 2231 2082 seniorum
2269 2033 2328 2083 et
2377 2031 2670 2098 juvenum,
2720 2031 2836 2086 sive
2899 2032 3166 2099 virorum,
3224 2034 3342 2096 sive

135 2113 316 2168 sublata.
331 2116 598 2176 Craterum
619 2115 1062 2170 adolescentulus
1081 2116 1320 2170 doceant
1337 2117 1500 2186 quasi
1517 2116 1660 2171 ﬁlias
1743 2116 2062 2184 mulierum,
2132 2125 2542 2188 consequenter
2598 2119 2794 2188 adjicit
2849 2138 2859 2172 :
2925 2139 2952 2170 ς(
3009 2121 3094 2176 Ad
3149 2123 3342 2182 omnia

135 2215 243 2255 aras.
259 2201 482 2257 Primum
506 2205 852 2270 castitatem,
871 2205 1007 2275 quia
1032 2204 1452 2259 adversushanc
1479 2205 1660 2276 magis
1742 2205 1988 2276 teipsum
2017 2205 2268 2277 praebens
2295 2207 2612 2278 exemplum
2651 2207 2924 2266 bonorum
2965 2225 3221 2279 operum,
3280 2210 3340 2270 in

131 2289 314 2344 instate
333 2292 539 2346 ﬂorenti
553 2299 772 2364 pugnat
799 2293 1078 2356 inimicus,
1107 2299 1168 2346 et
1196 2293 1373 2347 virtus
1385 2294 1509 2364 ejus
1538 2309 1658 2347 om—
1739 2294 1999 2349 doctrina
2024 2301 2153 2349 tene
2189 2295 2799 2367 incorruptibilitatem,
2844 2296 3076 2352 verbum
3114 2314 3336 2365 sanum,

130 2378 622 2437 nhcontrafeminas
645 2381 704 2435 in
729 2381 994 2436 umbilico
1022 2382 1234 2436 ventris
1282 2387 1388 2438 est.
1423 2383 1655 2455 Deinde,
1741 2381 2248 2454 irreprehensibile,
2291 2391 2355 2439 ut
2401 2383 2469 2450 is,
2505 2385 2604 2455 qui
2644 2402 2710 2440 ex
2765 2387 2997 2442 adverso
3043 2393 3147 2452 est,
3207 2403 3338 2447 eru-

128 2471 173 2519 nt
187 2475 350 2522 ament
376 2469 516 2524 viros
543 2485 702 2533 suos,
742 2471 984 2541 diligant
1019 2471 1184 2524 ﬁlios.
1238 2471 1373 2535 Quae
1401 2453 1660 2528 doctrina
1740 2453 1950 2537 bescat,
1981 2472 2122 2526 nihil
2161 2472 2374 2526 habens
2397 2473 2468 2527 de
2497 2453 2658 2528 nobis
2687 2474 2873 2530 dicere
2920 2491 3174 2545 pravum.
3212 2494 3238 2527 ››
3271 2477 3337 2530 In

128 2561 189 2607 est
208 2571 368 2610 amare
392 2557 552 2624 viros,
585 2573 720 2612 cum
766 2559 870 2612 hoc
896 2575 1008 2613 non
1038 2558 1097 2612 in
1139 2559 1362 2631 eloquio
1385 2559 1655 2626 docentis,
1740 2559 2018 2626 omnibus,
2036 2561 2238 2631 inquit,
2257 2561 2418 2616 bonis
2429 2561 2689 2632 operibus
2701 2562 2982 2633 dequibus
2999 2563 3334 2630 aliosdoces,

122 2643 194 2702 sed
216 2645 425 2700 ineorde
443 2648 1195 2702 amantissitconstitutum?
1214 2648 1453 2702 Vulteas
1469 2665 1659 2702 amare
1739 2648 1986 2720 teipsum
2027 2649 2266 2704 formam
2304 2650 2523 2721 praebe:
2566 2667 2791 2707 omnem
2827 2651 3144 2710 castitatem
3201 2651 3338 2723 ipsis

124 2731 232 2787 viros
251 2749 364 2788 suos
379 2742 528 2791 caste
545 2757 559 2802 ;
574 2736 698 2791 vult
725 2737 874 2792 inter
901 2736 1084 2792 virum
1113 2743 1171 2792 et
1197 2737 1503 2792 mulierem
1535 2754 1660 2792 esse
1741 2738 2043 2792 ostendens
2061 2738 2344 2809 operibus,
2365 2745 2426 2793 et
2444 2755 2610 2794 omne
2626 2739 2901 2810 quidquid
2920 2739 3132 2802 bonum
3155 2746 3259 2806 est,
3282 2745 3341 2794 et

122 2821 712 2891 pudimmdilectionem,
738 2831 802 2880 ut
828 2842 959 2880 cum
987 2813 1198 2896 pudere
1219 2831 1276 2880 et
1301 2827 1656 2899 verecundia,
1741 2825 1812 2879 ab
1841 2827 1992 2880 omni
2021 2828 2455 2898 reprehensione
2483 2835 2570 2883 est
2611 2828 2858 2885 alienum
2911 2845 3132 2895 enarra,
3165 2830 3248 2888 ita
3275 2835 3339 2888 ut

120 2915 162 2964 et
177 2913 305 2981 quasi
338 2915 669 2972 necessitate
706 2931 888 2981 sexus,
926 2915 1125 2969 reddat
1167 2915 1352 2986 potius
1407 2914 1660 2969 debitum
1740 2915 1856 2968 vita
1872 2916 2766 2972 nostraadversarioserubescere
2780 2917 3006 2984 faceret.
3031 2919 3168 2975 dum
3194 2919 3338 2979 nihil

123 2997 207 3052 viro
243 3017 395 3072 quam
437 3003 563 3074 ipsa
613 3003 800 3074 exigat
824 3003 896 3057 ab
925 3020 1010 3070 eo,
1036 3009 1094 3057 et
1135 3021 1307 3075 opera
1353 3004 1658 3058 liberorum
1681 3062 1720 3077 η
1741 3003 1810 3056 de
1839 3003 2002 3058 nobis
2020 3005 2240 3076 possint
2265 3005 2452 3060 dicere
2479 3023 2736 3077 pravum.
2772 3008 2969 3074 (Hier.)
2999 3007 3156 3064 Sicut
3181 3007 3240 3066 in
3270 3025 3336 3062 eo

116 3091 212 3142 ante
221 3062 387 3144 oculos
401 3062 500 3146 Ddi
514 3097 579 3146 et
623 3062 955 3162 angelorum
976 3062 1299 3163 per-patiare
1328 3109 1390 3146 se
1409 3093 1605 3147 credat
1639 3112 1650 3146 :
1676 3062 1722 3124 (ἶ
1739 3093 1889 3163 quod
1911 3062 2085 3164 supra
2118 3101 2462 3165 praeceperat
2479 3062 2701 3168 ldicens,
2733 3113 2759 3148 α
2779 3062 2964 3151 ‘Anus’
3275 3096 3336 3152 in

116 3173 172 3226 ita
189 3191 270 3230 nec
293 3177 382 3232 illa
401 3180 700 3234 erubescet
731 3180 906 3234 etiam
944 3187 1222 3235 secretum
1254 3181 1438 3235 cubile
1477 3181 1654 3237 noctis
1737 3181 1932 3236 habitu
1961 3188 2174 3250 sancto,
2228 3202 2254 3234 ι)
2297 3183 2728 3240 similitudinem
2767 3200 2982 3241 annum
3011 3184 3331 3244 dixeramus

113 3264 335 3333 tenebras,
369 3275 429 3326 et
451 3270 714 3324 clausum
742 3269 1061 3324 cubiculum
1087 3286 1272 3337 suum,
1303 3286 1432 3324 cum
1461 3272 1654 3326 omnia
1733 3270 1805 3324 ad
1833 3287 1996 3326 senes
2054 3287 2176 3326 esse
2229 3272 2612 3330 referendam:
2647 3273 2730 3327 ita
2781 3289 2932 3329 nunc
2970 3273 3030 3328 in
3074 3290 3141 3327 eo
3184 3273 3334 3344 quod

113 3357 260 3419 potem
305 3356 399 3410 Dei
447 3359 630 3413 oculis
647 3357 928 3428 cogitarit.
968 3359 1138 3412 Filios
1194 3365 1383 3412 autem
1410 3359 1492 3414 ita
1521 3359 1650 3414 dili-
1732 3359 1959 3420 intulit:
1987 3379 2012 3412 (ί
2035 3361 2276 3416 Juvenes
2295 3361 2558 3415 similiter
2584 3362 2832 3427 hortare,
2857 3366 2922 3417 ut
2949 3361 3136 3432 pudici
3152 3361 3283 3429 sint,
3303 3381 3328 3416 ››

109 3447 228 3506 sunt,
253 3444 295 3497 si
312 3461 403 3500 eos
427 3447 486 3500 in
519 3447 627 3502 Dei
656 3447 922 3503 erudiant
955 3445 1331 3518 disciplinam.
1372 3449 1652 3503 Caeterum
1733 3447 2157 3502 similitudinem
2183 3450 2456 3520 juvenum
2473 3449 2545 3504 ad
2573 3465 2735 3513 anus,
2777 3456 2833 3505 et
2860 3466 2960 3520 per
2986 3467 3131 3506 anus
3150 3451 3222 3507 ad
3240 3467 3332 3511 se-

110 3527 220 3582 ωηο
253 3548 338 3586 eos
379 3535 718 3596 contristare
751 3537 1003 3590 docendo
1048 3551 1172 3606 quae
1213 3535 1359 3590 bona
1385 3543 1534 3602 sunt,
1595 3543 1654 3592 et
1732 3553 1834 3590 nes
1876 3537 2221 3592 arbitramur
2289 3538 2596 3609 aptandam
2633 3558 2648 3591 :
2695 3545 2760 3593 ut
2828 3554 3029 3594 senum
3087 3539 3334 3596 habeant

108 3615 367 3676 libertatem
379 3623 639 3680 tribuere
653 3625 885 3696 peccati,
921 3641 1032 3679 non
1052 3631 1141 3678 est
1156 3641 1346 3679 amare
1366 3626 1530 3692 ﬁlios,
1554 3628 1652 3681 sed
1735 3625 2116 3692 sobrietatem,
2147 3631 2208 3680 et
2241 3627 2463 3680 honesti
2493 3625 2624 3693 sint,
2657 3632 2715 3680 et
2750 3626 2956 3697 pudici,
2983 3633 3040 3682 et
3068 3628 3212 3694 sani,
3271 3628 3330 3686 in

109 3706 262 3762 odisse.
281 3711 626 3768 Emdiantur
651 3714 1341 3784 quoqueadolescentulte,
1359 3720 1424 3769 ut
1451 3715 1652 3770 domus
1735 3715 1846 3768 {ide
1861 3721 1920 3768 et
1943 3714 2240 3781 charitate,
2273 3721 2330 3769 et
2357 3714 2650 3786 patientia.
2671 3715 2900 3769 Annum
2929 3721 3122 3770 autem
3142 3716 3203 3772 in
3233 3717 3331 3773 ha-

105 3791 297 3854 hﬂbeant
317 3800 697 3872 diligentiam.
733 3803 802 3856 Et
825 3802 960 3872 quia
985 3808 1208 3872 poterat
1228 3803 1455 3857 evenire
1473 3810 1538 3858 ut
1565 3805 1652 3858 di—
1735 3802 1886 3858 bitus
1903 3804 2221 3866 sanctitate,
2245 3809 2310 3858 ut
2337 3819 2451 3861 non
2480 3802 2595 3858 sint
2631 3808 3001 3869 accusatores,
3050 3820 3162 3862 non
3199 3805 3328 3862 vino

105 3881 286 3950 ﬁgentia
295 3889 496 3944 domus
515 3907 648 3945 cum
665 3891 993 3946 austeritate
1012 3897 1395 3961 regeretur,et
1419 3909 1520 3963 per
1544 3893 1650 3948 hoc
1735 3893 1914 3946 multo
1945 3892 2272 3958 servientes,
2301 3891 2441 3946 bene
2470 3891 2754 3958 docentes,
2811 3898 2869 3947 et
2918 3898 3137 3950 esitare.
3187 3893 3328 3949 Pro-

101 3971 300 4040 Apostoli
327 3987 675 4050 praereptum
703 3981 948 4034 severior
975 3986 1235 4036 matrona
1252 3981 1415 4034 ﬁeret
1442 3981 1501 4035 in
1525 3998 1649 4036 ser-
1731 3981 1919 4052 prium
1944 3980 2804 4036 autemadolescentulorumhoc
2821 3981 3026 4052 posuit,
3059 3987 3122 4036 ut
3139 3982 3327 4053 pudici

103 4061 234 4148 nilne,
272 4064 392 4120 ideo
433 4067 741 4138 copulavit,
761 4086 786 4118 ‹‹
819 4067 1112 4138 benignas,
1138 4087 1164 4122 a
1189 4074 1252 4123 ut
1279 4075 1414 4124 tunc
1445 4086 1506 4124 se
1533 4085 1650 4125 cre-
1729 4069 1920 4124 sintin
1939 4069 2217 4135 omnibus,
2250 4075 2369 4148 tam
2393 4069 2606 4124 scilicet
2623 4075 2832 4135 mente,
2848 4086 3019 4141 quam
3047 4087 3279 4142 corpore
3308 4087 3324 4138 ;

102 4145 222 4204 deret
237 4154 417 4209 mariti
429 4155 581 4210 bene
611 4155 844 4210 domum
871 4157 1264 4227 regere,sihoc
1304 4157 1651 4228 benignitate
1731 4164 1850 4212 tam
1879 4174 2066 4229 opere,
2101 4145 2273 4230 quam
2310 4158 2652 4228 cogitatione
2687 4177 2698 4212 :
2732 4164 2798 4214 ut
2819 4159 2978 4216 nulla
3003 4159 3078 4217 sit
3095 4159 3155 4217 in
3189 4161 3327 4219 ador

100 4234 424 4308 impetrarem
447 4245 714 4310 servulis,
744 4261 856 4299 non
873 4251 1108 4300 terrore.
1125 4245 1368 4310 Necnon
1384 4253 1441 4301 et
1463 4265 1490 4298 α
1517 4246 1651 4301 ωδε
1733 4247 1978 4321 lescente
1995 4247 2240 4318 suspicio
2261 4246 2646 4318 turpitudinis.
2667 4249 2737 4303 Et
2763 4248 2897 4304 licet
2906 4247 3134 4319 quidam
3153 4249 3223 4305 de
3251 4249 3331 4306 law

99 4323 208 4439 sitas
218 4330 512 4390 virissuis»
529 4333 631 4398 ait,
650 4349 722 4387 ne
734 4333 878 4390 forte
895 4332 1103 4388 divitiis
1115 4341 1173 4388 et
1199 4333 1493 4390 nobilitate
1521 4352 1650 4406 per-
1667 4335 1868 4439 Dtinia
1896 4337 1978 4390 ita
2013 4336 2295 4392 aestiment
2339 4336 2638 4406 legendum
2673 4357 2684 4391 :
2723 4357 2748 4390 (ι
2787 4338 3028 4400 Juvenes
3074 4336 3332 4394 similiter

98 4414 224 4483 ﬂata,
235 4419 331 4474 Dei
346 4422 648 4476 sententiae
675 4437 789 4477 non
809 4423 1188 4488 meminerint,
1207 4439 1308 4494 per
1325 4439 1494 4494 quam
1517 4425 1650 4479 sub-
1669 4414 1717 4439 ³³
1735 4425 1980 4491 hortare,
1995 4431 2061 4479 ut
2086 4425 2273 4496 pudici
2291 4425 2424 4492 sint,
2463 4444 2488 4477 υ
2521 4430 2578 4480 et
2592 4431 2788 4496 postea
2804 4425 3050 4481 inferant
3077 4445 3102 4478 α
3134 4425 3192 4482 in
3214 4441 3331 4482 om-

95 4501 218 4568 ἓαειε
241 4517 367 4564 sunt
393 4511 552 4566 viris.
569 4511 665 4565 Ait
703 4511 908 4582 quippe
935 4509 1008 4565 ad
1040 4511 1360 4566 mulierem:
1397 4529 1424 4564 α
1455 4513 1541 4567 Ad
1569 4513 1652 4566 vi-
1735 4512 1900 4568 nibus
1917 4514 2161 4585 teipsum
2188 4514 2429 4568 formam
2441 4513 2696 4584 prmbens
2711 4513 2984 4569 bonorum
3011 4529 3272 4583 operum;
3299 4534 3324 4568 »

95 4605 188 4646 Tum
211 4603 361 4653 tuum
379 4600 678 4657 conversio
717 4605 836 4664 tua,
871 4605 928 4654 et
954 4600 1075 4672 ipse
1137 4600 1220 4656 tui
1267 4600 1652 4661 dominabitur
1733 4607 1926 4656 tamen
1939 4602 2183 4656 sciamus
2209 4623 2235 4654 «
2265 4603 2326 4656 in
2344 4601 2608 4656 omnibus
2630 4621 2657 4649 ι)
2691 4601 3069 4671 adsuperiora
3095 4618 3217 4658 esse
3244 4617 3330 4658 re-

99 4680 208 4739 lsm.
247 4694 340 4755 nr).
378 4710 402 4740 υ
431 4691 500 4750 ιη
531 4705 644 4758 quo
673 4688 976 4760 Scriptum
1004 4694 1212 4743 sanctre
1241 4689 1651 4745 consideranda
1732 4691 2042 4756 ferendum,
2075 4691 2134 4744 id
2153 4696 2256 4757 est,
2292 4709 2319 4742 ‹‹
2349 4691 2576 4745 hortare
2595 4695 2660 4745 ut
2677 4689 2865 4760 pudici
2905 4689 3020 4745 sint
3063 4690 3124 4747 in
3153 4691 3332 4750 omni-

97 4772 345 4834 lﬂdentia
362 4783 473 4842 est,
499 4777 637 4848 quia
664 4793 776 4840 non
805 4777 925 4832 viro
941 4778 1046 4832 hoc
1066 4777 1338 4832 Dominus
1379 4778 1553 4833 fuerit
1572 4779 1650 4834 lo—
1732 4777 1855 4832 bus.
1887 4797 1912 4830 ro
1947 4778 2248 4833 Sciendum
2277 4795 2499 4849 quoque
2525 4779 2632 4832 hoc
2659 4779 2806 4848 quod
2839 4779 3186 4836 continentia
3214 4797 3328 4838 non

99 4865 218 4914 catus
238 4870 293 4916 et
331 4865 542 4920 dixerit
577 4884 588 4918 :
623 4865 1011 4921 Dominaberis
1037 4866 1197 4920 uxori
1232 4871 1380 4922 tum:
1410 4867 1512 4921 sed
1540 4867 1649 4938 ipsi
1729 4867 1913 4921 solum
1954 4866 2015 4920 in
2063 4866 2248 4922 carnis
2276 4883 2444 4938 opere
2473 4873 2531 4922 et
2562 4867 2622 4921 in
2651 4858 2828 4923 animi
2855 4869 3322 4939 concupiscentia,

97 4948 288 5018 mulieri,
337 4961 405 5009 ut
461 4956 547 5009 illi
597 4955 891 5026 praemium
927 4956 1272 5027 relinqueret
1315 4955 1647 5027 obsequelre,
1732 4956 1829 5008 sed
1859 4955 1916 5008 in
1937 4954 2206 5008 omnibus
2229 4955 2396 5010 rebus
2417 4955 2733 5010 necessaria
2753 4957 2845 5024 sit,
2878 4973 2951 5012 ne
2977 4957 3220 5014 honores
3243 4957 3327 5014 inv

96 5033 195 5089 dum
209 5039 263 5093 in
291 5049 578 5112 potestate
601 5045 725 5114 ejus
750 5050 856 5110 est,
886 5045 938 5097 si
968 5045 1068 5098 Dei
1096 5043 1230 5098 velit
1250 5043 1477 5098 obedire
1515 5061 1652 5116 prae—
1731 5043 1948 5098 debitos
1964 5049 2314 5114 appetamus,
2333 5061 2404 5098 ne
2436 5045 2810 5100 accendamur
2835 5045 3088 5114 avaritia,
3121 5063 3192 5102 ne
3211 5045 3328 5102 ulla

93 5126 242 5193 διεράς,
269 5131 489 5184 servire
520 5132 657 5197 viro,
687 5137 748 5186 et
775 5132 976 5192 marito
997 5149 1118 5186 esse
1137 5132 1406 5203 subjecta,
1431 5140 1496 5187 ut
1515 5149 1650 5204 quou-
1731 5148 2352 5203 passwnesuperemur.
2373 5133 2697 5204 «Teipsum,
2713 5133 2917 5206 inquit,
2934 5135 3174 5191 formam
3189 5151 3325 5204 prae-

96 5209 348 5274 dnmrnodo
379 5225 539 5273 esset
563 5219 738 5274 libera
783 5221 1020 5274 servitus
1051 5225 1110 5275 et
1133 5221 1432 5276 dilectione
1459 5223 1644 5294 plena,
1732 5221 1869 5276 hens
1884 5220 2161 5279 bonorum
2171 5239 2424 5292 operum.
2447 5241 2472 5274 ››
2497 5222 2648 5276 Nihil
2659 5223 2888 5293 prodest
2906 5222 3152 5292 aliquem
3172 5239 3325 5280 exer-

91 5295 184 5355 idoo
197 5307 441 5361 serviens
457 5308 698 5376 estviro,
715 5309 850 5364 dum
869 5325 1001 5364 eum
1015 5309 1528 5365 metuitoﬂ'endere.
1552 5312 1651 5375 Et-
1732 5311 1966 5364 citatum
2006 5327 2129 5364 esse
2157 5311 2217 5364 in
2245 5311 2501 5376 dicendo,
2519 5317 2578 5365 et
2612 5311 2683 5365 ad
2720 5311 3065 5381 loquendum
3106 5311 3324 5368 trivisse

91 5389 206 5444 enim
233 5401 680 5452 nonestcreatus
698 5398 783 5452 vir
810 5398 1360 5469 proptermulierem,
1395 5400 1494 5454 sed
1530 5416 1650 5454 mu—
1733 5399 2002 5468 linguam,
2036 5398 2145 5452 nisi
2183 5399 2309 5470 plus
2345 5400 2598 5469 exemplo
2626 5399 2880 5454 docuerit
2917 5416 3088 5470 quam
3133 5401 3320 5459 verbo.

91 5473 166 5530 iter
179 5489 403 5554 propter
415 5485 624 5540 virum.
645 5487 856 5542 Etcum
876 5494 1044 5558 caput
1069 5487 1318 5542 mulieris
1335 5489 1421 5542 vir
1443 5489 1536 5554 sit,
1553 5504 1650 5542 ca.
1731 5486 1984 5558 Denique
2012 5487 2109 5558 qui
2119 5486 2436 5558 impudicus
2449 5488 2815 5559 est,quamvis
2823 5489 3066 5545 disertus
3076 5490 3170 5558 sit,
3184 5491 3233 5545 si
3252 5490 3325 5545 ad

91 5573 348 5630 Mentem
358 5573 472 5631 viri
482 5573 762 5644 Christi“,
773 5591 1140 5648 qumque
1149 5591 1412 5632 nomen
1426 5575 1650 5648 aubjicia-
1729 5576 2049 5632 castitatem
2063 5576 2360 5637 audientes
2378 5577 2724 5645 cohortatur,
2735 5579 3326 5653 sermoejusinﬁrmus
