3866 6158
477 338 484 344 .
548 292 649 346 679

1147 291 1210 344 B.
1253 290 1524 346 RABANI
1564 289 1794 344 MAURI
1831 289 2167 344 ARCHIEP.
2209 259 2533 344 MOGUNT.
2577 287 2873 344 OPERUM
2909 287 3093 342 PARS
3128 289 3202 343 111

3627 297 3704 352 680

545 423 645 476 est.
673 423 727 470 et
756 415 1140 470 auctoritatem
1174 431 1283 467 non
1303 414 1472 467 habet
1497 415 1844 468 cohortandi.
1879 415 1988 467 Ete
2009 431 2136 467 con-
2149 415 2197 474 Α
2222 432 2247 464 (ί
2270 430 2493 466 omnem
2525 411 2693 465 ﬁdem
2747 412 3102 465 ostendentes
3130 410 3336 468 bonam.
3377 421 3430 466 ut
3457 414 3704 472 doctrinam

542 507 735 570 trario,
756 502 1006 574 quamvis
1035 503 1108 556 sit
1131 503 1447 556 rusticanus
1478 510 1535 557 et
1560 504 1755 556 tardus
1789 503 1858 555 ad
1899 503 2134 572 loquen-

545 595 698 656 dum,
730 593 774 644 si
805 599 991 644 castus
1009 591 1196 654 fuerit,
1228 592 1478 661 exemplo
1511 609 1612 645 suo
1661 591 1914 644 homines
1954 595 2140 660 potest

545 683 614 734 ad
643 681 768 734 vita-
799 679 1220 733 similitudinem
1259 680 1564 750 impellere.
1625 680 1782 744 Quod
1810 685 1999 732 autem
2037 679 2134 743 ait,

548 791 568 821 ρ
592 771 648 823 in
679 769 1116 839 incorruptione,
1158 788 1182 819 δ)
1228 769 1305 820 sic
1335 769 1738 838 accipiendum,
1775 767 1923 838 quod
1953 767 2138 820 incor-

543 858 730 929 ruptio
751 858 974 928 proprie
993 858 1370 926 virginitatem
1407 863 1584 910 sonet.
1631 857 1882 926 Denique
1913 856 2007 926 qui
2035 857 2140 908 vir-

542 948 703 1016 gines
723 953 870 1003 sunt,
895 945 1057 1016 vulgo
1077 946 1384 1017 incorrupti
1401 945 1670 1016 appellari
1699 945 1882 997 solent
1904 962 1916 1010 ;
1965 950 2021 997 et
2042 943 2138 1014 qui

542 1037 785 1106 virgines
815 1053 935 1088 esse
962 1035 1250 1098 desierint,
1269 1034 1516 1104 corrupti
1549 1033 1914 1086 nominantur
1944 1052 1956 1098 ;
1983 1039 2040 1086 et
2059 1033 2139 1086 di-

542 1125 719 1178 cimus
745 1143 754 1175 :
792 1125 894 1178 Illa
915 1140 1037 1193 quae
1066 1123 1173 1176 fuit
1205 1123 1486 1193 quondam
1515 1121 1687 1188 virgo,
1713 1127 1976 1192 corrupta
2031 1127 2132 1174 est.

545 1213 704 1266 Unde
735 1214 988 1265 ct’l‘itum
1004 1212 1239 1276 zestimo,
1273 1212 1598 1282 priusquam
1643 1210 1826 1264 carnis
1857 1227 2023 1280 opere
2051 1227 2138 1262 oc-

542 1308 860 1371 cuparetur,
883 1300 1179 1369 Evangelio
1201 1301 1518 1353 credentem
1535 1299 1813 1370 accepisse
1836 1299 2132 1369 baptisma,

543 1397 599 1443 et
627 1391 898 1458 virginem
921 1389 1314 1459 permansisse,
1349 1395 1404 1441 et
1425 1406 1572 1441 nunc
1601 1389 1670 1441 ab
1690 1389 1954 1458 Apostolo
1985 1393 2049 1441 ut
2078 1387 2136 1440 in

543 1479 957 1548 incorruptione
970 1478 1206 1530 formam
1221 1478 1306 1530 sui
1320 1477 1564 1548 prmbeat
1574 1477 1915 1530 commoneri
1938 1495 1948 1528 :
1966 1493 2135 1546 quam

544 1567 768 1637 quidem
799 1566 1271 1636 incorruptionem
1303 1566 1360 1618 in
1411 1566 1701 1619 Timotheo
1729 1583 1842 1618 non
1863 1565 2114 1617 videmus

542 1657 686 1710 Nam
720 1674 845 1709 cum
873 1655 922 1708 ei
967 1655 1212 1708 diceret:
1247 1674 1270 1704 (ί
1304 1655 1482 1708 Nemo
1511 1654 1946 1707 adolescentiam
1981 1659 2138 1706 tuam

2219 519 2249 553 α
2281 501 2582 554 Salvatoris
2611 501 2786 555 nostri
2801 501 2900 554 Dei
2920 506 3121 554 ornent
3137 500 3192 553 in
3209 500 3470 554 omnibus?
3499 523 3522 554 ιο
3552 508 3708 570 (Αηιὸ.)

2221 590 2418 643 Servos
2430 589 2546 643 suis
2561 590 2800 643 dominis
2821 588 3074 642 subditos
3090 606 3203 641 esse
3228 589 3374 642 docet
3399 591 3546 644 etiam
3570 593 3650 646 hoc
3667 595 3707 648 in

2221 679 2358 732 loco.
2384 699 2408 729 «
2435 680 2581 732 Doce
2613 679 2670 732 in
2692 677 2949 731 omnibus
2975 698 2998 728 ι)
3035 677 3182 742 dicit,
3213 677 3256 730 si
3283 677 3378 731 hoc
3402 679 3606 734 dominis
3624 681 3713 735 libi-

2220 772 2342 820 tum
2357 768 2543 821 fuerit.
2579 767 2738 830 Quod
2766 767 2934 820 etiam
2961 765 3020 819 in
3072 765 3500 835 subsequentibus
3547 769 3714 824 eviden-

2221 856 2351 921 tius,
2381 875 2404 906 (‹
2439 856 2495 908 ἱη
2515 855 2791 917 omnibus,
2829 875 2854 906 »
2878 855 3031 918 dicit,
3065 871 3184 924 qua:
3203 855 3268 907 ad
3305 855 3468 908 solum
3493 857 3716 925 pertinent

2222 944 2569 1015 obsequium,
2599 961 2708 998 nec
2727 949 2917 998 autem
2945 951 3010 998 ut
3037 943 3108 996 ad
3137 943 3460 1012 impietatem
3488 951 3715 999 vertantur

2221 1032 2522 1104 publicavit
2550 1033 2763 1087 dicens:
2781 1033 2906 1086 Non
2927 1031 3373 1094 contradicentes,
3397 1048 3497 1084 non
3517 1031 3718 1087 fraudan-

2219 1127 2322 1189 tes,
2357 1122 2437 1175 ita
2463 1129 2527 1176 ut
2541 1139 2653 1176 non
2681 1127 2950 1192 spernant
2978 1126 3250 1191 praecepta
3272 1120 3585 1174 dominorum
3630 1139 3722 1176 suo-

2221 1227 2366 1276 rum,
2391 1227 2573 1282 neque
2588 1211 2843 1264 fraudem
2872 1210 3117 1280 aliquam
3140 1209 3370 1263 dominis
3394 1209 3496 1262 suis
3516 1208 3718 1272 inferant,

2218 1306 2318 1353 aut
2347 1300 2558 1370 aliquid
2571 1316 2766 1353 eorum
2781 1299 3064 1354 furentur:
3080 1299 3178 1352 sed
3194 1298 3352 1351 ﬁdem
3362 1314 3559 1351 omnem
3580 1305 3722 1351 osten-

2218 1389 2416 1441 dentes
2444 1387 2667 1452 bonam,
2691 1394 2756 1440 ut
2795 1387 3108 1440 doctrinam
3146 1385 3431 1440 Salvatoris
3478 1386 3622 1438 nostri
3649 1385 3720 1438 Dei

2218 1482 2421 1529 ornent
2439 1478 2496 1530 in
2506 1477 2783 1530 omnibus.
2800 1477 2964 1541 Doce,
2985 1475 3186 1545 inquit,
3203 1479 3365 1528 eosut
3381 1489 3577 1527 omnem
3601 1473 3724 1526 ﬁdem

2219 1565 2335 1618 suis
2360 1564 2657 1618 exhibeant
2677 1565 2936 1619 dominis.
2953 1565 3043 1618 Sic
3068 1563 3216 1617 enim
3246 1563 3342 1637 Dei
3363 1562 3586 1616 doctrina
3608 1562 3728 1614 mira-

2220 1654 2347 1708 bilis
2367 1653 2742 1718 videbitur,eo
2764 1654 2912 1724 quod
2957 1660 3014 1707 et
3059 1669 3245 1706 servos
3289 1653 3422 1705 tales
3447 1667 3565 1721 erga
3602 1650 3731 1704 domi-

541 1751 882 1809 contemnat,
909 1745 1005 1797 sed
1033 1745 1213 1796 forma
1237 1749 1354 1796 esto
1393 1742 1642 1796 ﬁdelium
1677 1743 1735 1795 in
1767 1759 2042 1805 sermone,
2080 1741 2139 1794 in
2159 1733 2206 1791 B
2226 1759 2328 1796 nos
2373 1743 2628 1796 exhibeat
2663 1760 2812 1796 suos.
2835 1744 3033 1809 (Hiera)
3047 1741 3320 1806 Quoniam
3339 1739 3579 1794 Dominus
3591 1738 3732 1792 etSal-

541 1833 981 1898 conversatione,
1013 1833 1072 1886 in
1103 1833 1391 1896 charitate,
1426 1831 1484 1884 in
1553 1833 1680 1894 ﬁde,
1714 1831 1771 1884 in
1801 1831 2077 1894 castitate,
2115 1849 2141 1882 ›)

543 1923 612 1976 de
632 1923 1050 1992 incorruptione
1091 1921 1282 1984 tacuit,
1339 1926 1396 1974 et
1424 1927 1644 1974 tantum
1692 1920 1880 1990 posuit
1919 1921 2143 1972 castita-

541 2019 676 2064 tem.
711 2011 951 2064 (‘astitas
980 2016 1169 2063 autem
1192 2015 1248 2062 et
1275 2009 1330 2062 in
1361 2009 1624 2062 ccelibatu
1655 2008 1864 2078 absque
1910 2007 2141 2078 virgini-

543 2106 659 2154 tate
681 2099 916 2168 intelligi
946 2105 1160 2169 potest;
1181 2098 1288 2151 nisi
1311 2099 1451 2151 forte
1462 2097 1777 2151 castitatem
1801 2097 2138 2167 accipiamus

543 2189 600 2242 in
625 2196 832 2253 mente,
849 2187 1324 2257 incorruptionem
1345 2204 1474 2240 vero
1503 2187 1560 2239 in
1599 2203 1849 2256 corpore,
1879 2187 2042 2256 juxta
2069 2185 2138 2237 il-

542 2279 636 2331 lud
671 2277 817 2348 quod
845 2276 1048 2329 alihiin
1081 2275 1310 2345 virginis
1342 2275 1666 2328 deﬁnitione
1685 2273 1982 2328 scribitur:
2015 2291 2040 2324 ί(
2067 2275 2139 2328 Ut

541 2367 615 2420 sit
642 2373 834 2420 sancta
863 2381 1093 2436 corpore
1125 2370 1180 2418 et
1207 2365 1430 2434 spiritu.
1477 2385 1501 2414 »
1536 2365 1602 2417 Et
1621 2364 1739 2433 ipse
1763 2380 1912 2416 nunc
1950 2377 2138 2416 conse-

542 2462 780 2526 quenter
797 2453 1076 2524 adjunxit:
1099 2453 1197 2506 «in
1223 2453 1494 2518 doctrina,
1529 2452 1586 2504 in
1606 2451 2042 2522 incorruptione,
2079 2451 2137 2504 in

545 2545 832 2614 pudicitia.
870 2564 894 2592 »
931 2543 1234 2595 Possumus
1257 2547 1310 2594 et
1333 2541 1808 2610 incorruptionem
1848 2545 1904 2592 et
1929 2539 2138 2610 pudici-

541 2633 700 2697 tiam,
735 2638 784 2684 et
797 2632 902 2684 iam
916 2631 972 2683 in
987 2630 1256 2683 doctrina:
1273 2628 1595 2698 integritate
1613 2629 2014 2698 imterpretari,
2031 2627 2138 2681 nisi

543 2720 691 2790 quod
705 2719 1022 2789 specialiter
1039 2718 1309 2788 sequitur,
1339 2737 1363 2768 «
1388 2733 1645 2770 sermone
1663 2733 1800 2770 sano
1821 2723 1878 2769 et
1897 2717 2139 2786 irrepre-

542 2808 822 2870 hensibili,
860 2807 886 2856 ››’
917 2806 1207 2876 proprium
1236 2805 1468 2859 haberet
1497 2822 1664 2875 super
1693 2805 1958 2858 doctrinae
1976 2805 2138 2858 insti-

540 2896 756 2950 tutione
773 2900 1127 2972 praeceptum.
1153 2895 1312 2958 Quod
1343 2901 1531 2948 autem
1554 2893 1651 2959 ait,
1681 2909 1976 2946 «sermone
2005 2893 2141 2946 irre-

540 2984 922 3054 prehensibili,
961 3005 984 3035 »
1021 3000 1134 3036 non
1179 2983 1326 3053 quod
1365 2983 1513 3036 ullus
1549 2987 1718 3034 tantae
1779 2981 2050 3036 facundiae
2085 2987 2142 3034 et

540 3073 849 3144 prudentiae
879 3072 968 3137 sit,
1003 3078 1068 3125 ut
1098 3089 1132 3126 a
1181 3071 1403 3124 nemine
1460 3070 1907 3141 reprehendatur
1928 3057 2196 3141 (repre—C

537 3162 862 3216 henduntur
889 3164 1094 3232 quippe
1125 3167 1181 3214 et
1202 3159 1437 3230 apostoli
1457 3166 1513 3212 et
1550 3159 1903 3228 evangelistae
1922 3159 1992 3211 ab
2023 3160 2137 3213 hae-

537 3251 726 3303 reticis
749 3256 805 3302 et
822 3249 1128 3320 gentibus),
1153 3249 1248 3302 sed
1272 3248 1420 3319 quod
1434 3248 1575 3301 nihil
1591 3248 1824 3317 dignum
1841 3249 2138 3318 reprehen-

537 3338 691 3392 sione
711 3338 1188 3403 dicat,autfaciat,
1209 3338 1342 3390 licet
1371 3337 1674 3390 adversarii
1704 3337 1819 3389 sint
1845 3337 1914 3389 ad
1945 3354 2137 3407 repre-

535 3428 894 3481 hendendum
917 3427 1120 3498 parati.
1156 3427 1220 3480 Et
1253 3426 1386 3497 quia
1415 3431 1548 3479 sunt
1567 3426 1728 3479 multi
1761 3443 1872 3480 non
1902 3425 2130 3491 subditi,

533 3516 816 3587 vaniloqui
838 3521 895 3570 et
921 3517 1194 3570 mentium
1246 3516 1588 3584 deceptores,
1649 3514 1744 3585 qui
1791 3515 2030 3568 oderunt
2075 3515 2135 3568 in

533 3605 710 3676 portis
741 3611 1093 3676 arguentem,
1122 3611 1179 3658 et
1203 3621 1520 3658 sermonem
1535 3611 1790 3657 sanctum
1811 3602 2136 3658 abominan-

533 3699 644 3758 tur,
664 3700 962 3764 propterea
993 3695 1309 3764 exemplum
1321 3693 1492 3746 nosin
1505 3691 1762 3746 omnibus
1786 3692 2132 3763 praebeamus

532 3783 591 3836 in
603 3783 875 3848 doctrina,
895 3783 952 3836 in
973 3783 1316 3852 integritate,
1339 3781 1396 3834 in
1409 3781 1761 3851 pudicitia,in
1774 3798 2030 3835 sermone
2042 3799 2133 3834 sa-

535 3889 608 3926 no
625 3877 681 3924 et
699 3870 1198 3942 irreprehensibili,
1221 3876 1285 3924 ut
1304 3870 1607 3924 adversarii
1637 3870 1764 3924 vitae
1792 3877 1848 3923 et
1868 3870 2133 3925 doctrinae

535 3965 738 4014 nostra:
795 3960 1037 4014 sanitate
1083 3959 1386 4029 perterriti,
1415 3975 1530 4012 non
1557 3959 1804 4012 audeant
1846 3976 2128 4024 accusare,

530 4049 634 4101 hoc
651 4053 753 4113 est,
768 4048 910 4100 nihil
932 4047 1304 4100 verisimilein
1326 4047 1678 4130 accusatipne
1709 4047 2046 4116 conﬁngere.
2068 4048 2137 4101 Et

534 4153 728 4190 revera
755 4153 935 4206 usque
968 4136 1134 4189 hodie
1155 4135 1405 4189 videmus
1431 4135 1732 4189 nonnullos
1763 4135 1822 4188 in
1853 4136 2128 4201 Ecclesiis,

531 4241 873 4295 quamquam
888 4225 1006 4278 haec
1027 4241 1157 4277 rara
1169 4224 1284 4277 avis
1314 4224 1406 4288 sit,
1423 4229 1592 4278 tanta:
1619 4223 1913 4292 gravitatis
1952 4225 2132 4299 conti-

531 4313 847 4382 nentiaeque
860 4329 1001 4377 esse,
1015 4318 1080 4366 ut
1101 4311 1270 4365 etiam
1285 4311 1354 4365 ab
1371 4311 1702 4366 adversariis
1717 4311 1960 4366 habeant
1979 4313 2133 4366 testi-

2227 1837 2384 1884 vator
2412 1838 2602 1884 noster
2656 1831 2752 1901 qui
2779 1831 2838 1884 in
2869 1831 3169 1900 Evangelio
3209 1830 3288 1882 ait
3316 1849 3326 1882 :
3370 1827 3550 1881 Venite
3573 1827 3630 1879 ad
3652 1842 3731 1880 me.

2228 1937 2424 1974 omnes
2455 1920 2550 1990 qui
2582 1919 2849 1973 laboratis
2875 1925 2932 1973 et
2949 1915 3335 1981 onerati‘estis,
3360 1922 3413 1969 et
3429 1933 3520 1986 ego
3544 1915 3734 1968 reﬁciam

2223 2025 2318 2062 vos
2334 2010 2546 2076 (Matth.
2573 2012 2671 2077 x1),
2700 2028 2724 2060 »
2743 2009 2954 2062 nullam
2968 2007 3732 2072 conditionem,a2tatem,sexum

2224 2113 2258 2150 a
2283 2096 2631 2151 beatitudine
2661 2096 2968 2150 arbitratur
3019 2097 3285 2161 alienum,
3323 2099 3589 2166 prepterea
3631 2107 3738 2145 nunc

2221 2187 2520 2256 Apostolus
2549 2191 2607 2239 et
2630 2186 2804 2239 servis
2833 2191 3110 2256 praecepta
3157 2183 3454 2246 constituit,
3501 2180 3672 2234 scilicet
3693 2184 3737 2231 ut

2220 2275 2366 2345 parti
2389 2275 2645 2328 Ecclesia
2656 2273 3034 2344 membrisque
3053 2273 3301 2344 corporis
3321 2271 3530 2326 Christi.
3555 2269 3612 2324 Et
3633 2284 3736 2337 quo-

2220 2363 2386 2417 modo
2397 2363 2674 2434 superius.
2691 2380 2870 2428 senes,
2896 2380 3055 2427 anus,
3086 2361 3532 2425 adolescentulas,
3539 2359 3732 2428 juvenes.

2220 2452 2353 2522 quid
2381 2452 2539 2506 Titus
2560 2452 2784 2505 erudire
2814 2451 3061 2516 deberet,
3093 2451 3318 2504 edocuit
3339 2449 3440 2503 :ita
3463 2464 3593 2502 nunc
3608 2444 3736 2499 servis

2221 2547 2353 2610 apta
2362 2547 2637 2611 praecepta
2649 2540 2956 2594 constituit.
2988 2540 3244 2594 Primum
3262 2545 3326 2593 ut
3351 2536 3541 2591 subditi
3556 2535 3649 2588 sint
3669 2531 3738 2584 do-

2221 2629 2388 2682 minis
2410 2629 2525 2682 suis
2543 2629 2602 2682 in
2645 2629 2925 2682 omnibus.
2955 2630 3018 2683 In
3031 2629 3121 2682 bis
3154 2634 3343 2683 autem
3389 2624 3618 2680 omnibus
3651 2637 3740 2690 qna

2222 2735 2335 2771 non
2381 2723 2513 2771 sunt
2549 2719 2831 2772 contraria
2885 2719 3036 2784 Deo;
3069 2723 3138 2771 ut
3167 2717 3213 2771 si
3255 2716 3502 2770 dominus
3536 2729 3593 2765 ea
3621 2709 3740 2778 jubet

2222 2825 2344 2877 quae
2369 2825 2481 2861 non
2510 2808 2624 2860 sint
2644 2809 2875 2861 adversa
2897 2806 3207 2878 Scripturis
3233 2805 3452 2868 sanctis,
3482 2799 3743 2870 subjiciatur

2221 2913 2411 2950 servus
2440 2896 2683 2950 domino.
2718 2897 2815 2950 Sin
2843 2912 2973 2950 vero
3023 2895 3310 2950 contraria
3339 2891 3582 2965 praecipit,
3609 2885 3742 2954 magis

2221 2983 2446 3037 obedire
2493 2984 2658 3038 debet
2684 2985 2914 3055 spiritus
2944 3001 3114 3055 quam
3147 2982 3392 3055 corporis
3410 2978 3628 3035 domino.
3647 2972 3744 3028 Dili-

2216 3079 2414 3142 genter
2427 3073 2700 3126 attendite
2714 3074 2992 3143 quomodo
3010 3089 3263 3144 congrua
3277 3069 3518 3143 personis
3529 3066 3745 3137 praecepta

2219 3161 2501 3216 decemat.
2530 3181 2556 3212 «
2589 3161 2762 3218 Servi.
2795 3162 2998 3232 inquit,
3039 3162 3288 3216 dominis
3313 3159 3427 3214 suis
3461 3152 3643 3210 subditi
3666 3149 3745 3203 sint

2218 3248 2277 3302 in
2309 3249 2588 3302 omnibus.
2628 3270 2652 3300 »
2687 3251 2750 3302 In
2779 3249 2888 3302 alio
2937 3249 3056 3302 loco
3085 3249 3160 3302 de
3211 3248 3341 3302 ﬁliis
3383 3247 3643 3316 disputans
3657 3237 3741 3290 ait:

2223 3356 2248 3388 «
2273 3337 2415 3403 Filii,
2437 3337 2658 3392 obedite
2675 3337 3002 3408 parentibus
3015 3338 3241 3401 (Coloss.
3259 3338 3350 3402 In).
3371 3355 3393 3386 α
3411 3333 3565 3388 Filios
3590 3327 3746 3398 quippe

2216 3427 2378 3479 decet
2403 3426 2726 3497 parentibus
2743 3425 2968 3480 obedire
2985 3445 2996 3492 ;
3011 3443 3206 3480 servos
3229 3442 3356 3478 vero
3385 3416 3650 3492 imperanti
3672 3413 3745 3466 do-

2217 3515 2368 3569 mino
2381 3533 2500 3569 esse
2513 3515 2809 3584 subjectos.
2835 3515 2943 3568 Sed
2959 3515 3244 3584 quomodo
3261 3527 3468 3585 pauper
3471 3510 3612 3579 juxta
3633 3516 3748 3556 men-

2216 3621 2406 3658 suram
2429 3621 2589 3658 suam
2607 3604 3032 3674 salvaripotest;
3049 3610 3105 3656 et
3131 3603 3338 3657 mulier
3371 3601 3428 3655 in
3460 3613 3605 3652 sexus
3627 3592 3748 3646 inﬁr-

2217 3693 2412 3747 mitate
2432 3711 2466 3746 a
2493 3710 2666 3763 regno
2695 3693 2797 3746 Dei
2828 3709 2941 3746 non
2960 3692 3295 3756 excluditur,
3329 3697 3384 3745 et
3411 3685 3578 3742 omnis
3601 3677 3747 3735 condi-

2216 3781 2294 3835 tio
2325 3782 2631 3836 secundum
2657 3782 2912 3835 ordinem
2959 3798 3148 3848 suum,
3181 3777 3572 3834 beatitudinem
3596 3781 3748 3840 capere

2216 3877 2402 3940 potest
2424 3889 2434 3922 :
2453 3871 2533 3924 ita
2561 3876 2618 3924 et
2629 3871 2772 3924 servi
2795 3871 3181 3941 complaceant
3210 3869 3316 3924 sibi
3339 3866 3480 3939 quod
3501 3861 3624 3918 servi
3639 3859 3745 3915 sint;

2217 3966 2274 4012 et
2301 3959 2630 4014 nonidcirco
2641 3960 2965 4030 putentDeo
2990 3976 3049 4013 se
3080 3959 3292 4014 servire
3321 3973 3432 4012 non
3465 3969 3625 4026 posse,
3652 3943 3749 4017 quia

2217 4048 2454 4118 subjecti
2467 4047 2938 4102 sinthominibus:
2961 4048 3058 4102 sed
3077 4048 3140 4102 in
3159 4065 3228 4102 eo
3262 4046 3442 4116 magis
3475 4044 3664 4115 placere
3686 4049 3751 4084 το-

2216 4136 2418 4190 luntati
2440 4137 2562 4202 Dei,
2577 4137 2624 4190 si
2648 4142 2706 4190 et
2723 4136 2962 4190 dominis
2989 4136 3106 4190 suis
3133 4135 3348 4190 subditi
3367 4132 3567 4189 fuerint
3588 4129 3638 4182 in
3660 4138 3748 4178 om-

2215 4225 2400 4288 nibus,
2433 4231 2491 4279 et
2517 4225 2956 4296 complacuerint
2987 4224 3094 4279 sibi
3135 4225 3195 4279 in
3225 4223 3537 4279 conditione
3561 4232 3650 4272 sua
3675 4232 3684 4278 ;
3711 4217 3751 4261 et

2216 4315 2365 4384 quod
2409 4314 2670 4384 deinceps
2708 4315 3008 4384 Apostolus
3037 4314 3294 4385 praecipit
3323 4311 3681 4382 exsequantur,
3705 4303 3750 4351 ιιῐ

534 4402 806 4467 monium,
835 4407 893 4455 et
911 4401 1155 4455 dicatur:
1177 4401 1414 4469 Magnus
1443 4401 1528 4453 vir
1546 4401 1658 4464 ille,
1679 4405 1736 4453 et
1755 4407 1958 4455 sanctae
2006 4418 2132 4455 con—
2147 4376 2196 4434 D
2214 4419 2325 4456 non
2342 4402 2457 4455 sint
2470 4403 2935 4468 contradicentes,
2949 4419 3061 4456 non
3074 4403 3350 4457 furantes.
3375 4401 3472 4454 Vel
3500 4394 3750 4451 maximum

530 4491 861 4545 versationis
892 4497 950 4544 et
983 4489 1172 4561 probis
1215 4489 1483 4554 moribus,
1510 4489 1618 4542 nisi
1648 4495 1795 4543 esset
1814 4490 2126 4544 haereticus.

528 4582 706 4634 Nemo
723 4585 810 4634 est
837 4579 987 4634 enim
1002 4585 1120 4632 tam
1142 4579 1525 4634 immoderata:
1548 4578 1928 4648 impudentia-'2,
1952 4585 2017 4632 ut
2044 4596 2131 4633 so-

529 4669 600 4722 lis
629 4669 816 4722 radios
839 4669 1016 4739 possit
1044 4686 1306 4722 accusare
1343 4667 1687 4732 tenebrosos,
1721 4672 1778 4720 et
1805 4667 2019 4720 clarum
2049 4668 2131 4720 lu-

527 4773 656 4809 men
687 4757 926 4826 caligine
947 4757 1125 4810 noctis
1155 4757 1460 4812 ollundere.
1525 4756 1684 4810 Unde
1716 4762 1773 4810 et
1829 4757 2130 4826 Apostolus

529 4845 644 4898 hzec
673 4845 868 4898 eadem
880 4862 1193 4914 praecavens
1221 4846 1302 4898 ait
1321 4847 1399 4915 (II
1420 4845 1541 4899 Ger.
1574 4849 1647 4913 χι)
1683 4863 1694 4897 :
1734 4863 1760 4894 «
1793 4845 1867 4900 Ut
1879 4844 2128 4898 auferam

526 4933 872 4988 occasionem
890 4933 975 4986 his
996 4935 1090 5005 qui
1115 4935 1311 4988 volunt
1340 4933 1706 4988 occasionem.
1731 4953 1755 4984 »
1790 4933 1983 4987 Potest
2020 4949 2124 4986 au-

523 5028 640 5077 tem
671 5023 720 5076 is
734 5022 829 5093 qui
855 5039 920 5075 ex
951 5022 1181 5076 adverso
1210 5027 1312 5086 est,
1345 5029 1402 5076 et
1425 5021 1678 5076 diabolus
1711 5021 1967 5091 intelligi,
2027 5022 2123 5093 qui

525 5119 815 5166 accusator
824 5117 911 5165 est
924 5112 1162 5164 fratrum
1174 5118 1512 5175 nostrorum,
1521 5115 1585 5164 ut
1593 5111 1837 5164 Joannes
1849 5111 2125 5180 evangeli-

526 5208 614 5256 sta
625 5201 890 5272 praedicat
911 5219 922 5253 :
951 5199 1044 5270 qui
1075 5215 1204 5253 cum
1224 5199 1364 5252 nihil
1379 5198 1639 5252 habuerit
1652 5198 1784 5251 mali
1801 5198 1950 5268 quod
1961 5197 2121 5252 nobis

524 5289 612 5358 obj
621 5287 1460 5348 iciat,erubescit,etcriminator
1473 5304 1586 5342 non
1599 5287 1805 5358 poterit
1813 5286 2118 5340 criminari.

527 5377 791 5430 Diabolus
808 5383 996 5430 autem
1020 5376 1078 5430 in
1095 5376 1475 5446 latinalingua
1489 5375 1908 5430 criminatorem
1936 5381 2118 5428 sonat.

603 5485 626 5514 ιι
670 5465 826 5518 Servi
867 5465 1109 5518 dominis
1150 5463 1266 5518 suis
1297 5463 1506 5518 subditi
1563 5465 1676 5518 sint
1722 5464 1780 5518 in
1839 5463 2117 5529 omnibus,

533 5572 559 5604 (ι
571 5553 686 5607 sint
693 5553 998 5624 placentes,
1017 5570 1130 5610 non
1141 5553 1607 5620 contradicentes,
1623 5570 1736 5609 non
1745 5552 2123 5619 furantes,sed

2212 4507 2499 4544 servorum
2510 4491 2708 4544 vitium
2722 4497 2808 4545 est
2825 4491 3068 4544 dominis
3079 4491 3482 4553 contradicere,
3496 4491 3549 4540 et
3560 4497 3668 4538 cum
3678 4475 3753 4530 ali-

2211 4577 2343 4649 quid
2368 4579 2660 4649 jusserint,
2683 4597 2872 4634 secum
2885 4579 3208 4634 mussitare.
3241 4577 3622 4650 ItaqueTitum
3641 4582 3754 4623 com-

2209 4673 2418 4732 monet,
2443 4673 2505 4721 ut
2517 4684 2616 4738 per
2629 4668 2940 4722 doctrinam
2960 4685 3158 4722 sanam
3171 4668 3244 4722 ab
3269 4669 3356 4721 his
3386 4666 3480 4736 qui
3500 4651 3752 4717 Christiani

2212 4755 2354 4809 servi
2368 4763 2516 4820 sunt,
2535 4756 2852 4810 istiusmodi
2863 4756 3081 4810 auferat
3091 4757 3435 4828 passionem.
3453 4753 3508 4809 Si
3520 4750 3650 4806 enim
3659 4758 3755 4814 qua

2211 4843 2470 4897 dominus
2499 4843 2757 4914 imperat,
2792 4861 3018 4898 necesse
3029 4845 3407 4899 habetservus
3428 4840 3655 4911 implere,
3678 4845 3756 4883 απ

2205 4932 2311 4985 hoc
2333 4933 2515 5003 ipsum
2560 4950 2672 4987 non
2705 4950 2832 4987 cum
2861 4933 3008 4988 bona
3060 4932 3232 4987 faciat
3267 4933 3573 4993 voluntate;
3601 4920 3683 4977 sed
3713 4923 3753 4969 εἴ

2204 5021 2495 5074 dominum
2523 5022 2784 5084 offendat,
2829 5029 2886 5076 et
2922 5028 3112 5076 tamen
3141 5022 3316 5075 faciat
3359 5019 3502 5090 quod
3524 5013 3750 5086 jubetur;

2206 5109 2445 5163 maxime
2476 5126 2602 5164 cum
2633 5117 2690 5164 et
2716 5111 2864 5164 Deus
2895 5111 2964 5163 ad
2997 5127 3206 5180 aquam
3245 5099 3675 5164 contradictionis
3695 5091 3754 5148 0f-

2203 5199 2390 5252 fensus
2403 5199 2476 5252 sit
2495 5197 2518 5251 ?
2545 5200 2613 5253 Et
2628 5199 2686 5254 in
2705 5199 2814 5253 alio
2845 5200 2964 5253 loco
2976 5200 3044 5253 de
3074 5203 3471 5254 murmurante
3490 5190 3671 5265 populo
3695 5184 3754 5235 lo-

2205 5293 2438 5359 quatur:
2476 5305 2503 5338 α
2535 5288 2764 5342 Desinat
2791 5305 2827 5341 a
2852 5305 2943 5342 me
2964 5287 3341 5342 murmuratio
3372 5298 3578 5342 eorum.
3599 5282 3650 5332 et
3667 5284 3752 5327 11°“

2205 5375 2518 5428 morientur
2550 5377 2736 5444 (Num.
2771 5378 2882 5444 xx).
2922 5395 2945 5426 ι
2998 5375 3132 5428 Post
3187 5371 3670 5428 contradictionem
3711 5361 3754 5408 et

2205 5462 2358 5517 aliud
2387 5480 2674 5517 servorum
2695 5463 2892 5517 vitium
2913 5463 3167 5518 doctrina
3186 5461 3402 5517 Christi
3415 5458 3684 5527 corrigat.6
3701 5460 3755 5500 αθ

2203 5551 2356 5606 fures
2372 5551 2504 5607 sint.
2530 5572 2556 5604 »
2581 5552 2696 5606 Fur
2722 5558 2914 5606 autem
2940 5551 3250 5608 nonsolum
3261 5551 3321 5606 in
3343 5546 3656 5620 majoribus.
3681 5534 3757 5590 sed
