3866 6158
229 275 306 331 681

643 269 1221 325 ENARRATIONUM
1258 272 1336 326 IN
1375 271 1528 326 EPP.
1571 269 1787 324 PAULI
1825 269 1962 324 LIB.
2005 270 2173 324 XXV.
2229 299 2292 308 —
2345 270 2422 323 IN
2461 267 2683 324 EPIST.
2723 269 2820 324 AD
2857 270 2995 324 TIT.

3356 271 3460 327 682

225 406 272 453 et
293 399 342 452 in
369 395 666 451 minoribus
689 395 994 465 judicatur.
1030 396 1156 450 Non
1184 395 1336 450 enim
1366 397 1421 450 id
1451 395 1608 468 quod.
1626 395 1778 448 furto
1793 400 1841 457 Α
1859 394 2004 458 Quid
2032 394 2104 448 sit
2132 400 2322 448 autem
2355 393 2634 464 abnegare
2663 393 3033 464 impietatem,
3075 399 3132 448 et
3169 385 3459 451 saecularia

223 487 436 542 ablatum
455 491 557 550 est,
583 485 679 538 sed
701 501 858 538 mens
869 483 1113 539 furantis
1129 485 1468 540 attenditur.
1491 484 1783 549 Quomodo

223 578 268 631 in
292 575 635 629 fornicatione
667 580 722 627 et
751 573 1048 640 adulterio,
1083 591 1196 628 non
1227 575 1434 628 idcirco
1463 575 1682 628 diversa
1712 573 1786 626 sit

223 664 474 720 fomicatio
505 669 604 717 aut
633 663 992 728 adulterium,
1027 665 1075 716 si
1100 664 1354 734 pulchra,
1375 664 1460 718 vel
1492 663 1664 728 dives,
1685 661 1784 716 de-

225 753 401 816 formis,
433 758 534 806 aut
563 768 778 823 pauper
819 752 892 806 sit
941 753 1205 806 meretrix
1237 753 1323 806 vel
1351 753 1608 806 adultera
1641 770 1652 804 :
1687 751 1785 804 sed

221 843 610 914 qualiscumque
629 841 726 894 illa
746 839 934 907 fuerit,
961 858 1074 895 una
1103 847 1187 895 est
1215 841 1510 896 fornicatio
1521 841 1607 894 vel
1631 839 1786 894 adul-

173 938 188 950 ‘
220 931 392 986 terium
423 949 433 984 :
466 931 548 984 ita
570 937 626 984 et
654 929 713 984 in
732 929 901 995 furto,
924 935 1444 1001 quantumcumque
1463 928 1786 984 servusabs—

220 1020 398 1084 tulerit,
427 1019 565 1074 furti
593 1018 806 1072 crimen
837 1019 1088 1072 incurrit.
1115 1019 1239 1073 Sint
1258 1018 1446 1090 itaque
1475 1017 1621 1072 servi
1651 1017 1785 1072 sub-

219 1109 303 1162 diti
319 1108 554 1162 dominis
573 1107 689 1161 suis
713 1108 770 1161 in
791 1107 1070 1174 omnibus,
1097 1107 1211 1162 sint
1229 1108 1638 1178 complacentes
1658 1123 1786 1161 con-

219 1197 384 1252 ditioni
412 1214 554 1262 suae,
589 1202 654 1250 ut
681 1213 794 1250 non
821 1196 1005 1250 ferant
1045 1214 1241 1267 aspere
1279 1196 1627 1262 servitutem,
1671 1211 1785 1250 non

217 1286 574 1341 contradicant
601 1285 863 1348 dominis,
895 1302 1009 1340 non
1030 1285 1290 1340 furentur
1313 1305 1325 1353 ;
1351 1290 1408 1340 et
1433 1289 1561 1357 post
1584 1285 1700 1338 haec
1727 1285 1787 1338 in

219 1374 438 1429 omnibus
477 1376 644 1429 fidem
670 1375 874 1428 bonam
905 1375 1225 1441 ostendant,
1257 1380 1320 1428 ut
1335 1374 1648 1428 doctrinam
1669 1374 1788 1430 Sal-

218 1465 388 1518 vatoris
414 1465 599 1518 nostri
629 1463 731 1518 Dei
753 1469 956 1518 ornent
984 1465 1043 1518 in
1071 1463 1348 1518 omnibus.
1367 1463 1426 1518 Si
1457 1463 1608 1517 enim
1639 1463 1789 1535 apud

215 1553 431 1608 carnales
459 1553 722 1608 dominos
737 1553 793 1606 in
811 1553 1044 1608 minimo
1064 1553 1256 1608 fideles
1268 1553 1499 1620 fuerint,
1521 1551 1790 1623 incipient

215 1643 279 1696 eis
301 1643 436 1713 apud
461 1643 648 1696 Deum
676 1643 894 1712 majora
921 1642 1194 1696 committi
1232 1661 1242 1694 :
1277 1647 1443 1696 ornat
1466 1647 1658 1696 autem
1687 1641 1789 1694 do-

1865 482 2163 548 desideria,
2187 488 2192 492 ’
2212 499 2278 536 ex
2303 499 2368 536 eo
2401 483 2550 554 quod
2578 499 2750 553 supra
2779 482 3157 554 exposuimus,
3195 501 3222 536 α
3277 484 3459 540 Deum

1866 573 2206 626 conﬁtentur
2233 589 2292 624 se
2321 571 2482 633 scire,
2513 571 2674 625 factis
2703 577 2894 625 autem
2934 578 3146 641 negant
3167 573 3300 640 (Tit.
3335 576 3392 639 ι),
3431 594 3458 626 ››

1867 663 2102 734 intelligi
2124 680 2286 735 posse
2305 662 2522 718 confido
2545 681 2558 730 ;
2588 668 2645 716 et
2663 680 2765 734 per
2780 663 3062 718 contraria
3076 663 3316 735 intelligi
3335 682 3462 720 con-

1867 752 2060 806 traria.
2088 753 2388 806 Saecularia
2409 743 2581 822 igitur
2607 751 2884 806 desideria
2901 758 3051 817 sunt,
3069 769 3190 824 quae
3210 771 3245 807 a
3267 755 3462 810 mundi

1868 841 2028 896 istius
2056 842 2306 912 principe
2335 846 2734 912 suggeruntur,
2756 849 2814 896 et
2835 859 2960 896 cum
2983 842 3310 910 sintsaaculi,
3336 861 3463 899 cum

1869 930 2055 985 saeculi
2074 931 2244 1001 hujus
2264 931 2409 986 nube
2442 935 2840 1002 pertranseunt
2857 949 2868 982 :
2887 948 2990 986 nos
3010 937 3200 986 autem
3217 949 3346 988 cum
3365 951 3465 1006 pu-

1843 1019 1986 1086 dice
2013 1025 2069 1073 et
2083 1021 2255 1090 juste,
2289 1037 2390 1074 nec
2409 1036 2640 1091 corpore
2657 1019 2867 1074 scilicet
2889 1036 2992 1074 nec
3019 1026 3206 1075 mente
3225 1038 3465 1092 peccan-

1866 1114 1970 1175 tes,
1992 1107 2359 1162 vixerimusin
2391 1107 2634 1175 Christo,
2659 1107 2748 1180 pie
2773 1125 2995 1180 quoque
3015 1110 3262 1165 vivemus
3287 1111 3348 1166 in
3361 1113 3467 1167 hoc

1867 1198 2096 1252 saeculo:
2119 1215 2240 1269 qua
2260 1197 2438 1269 pietas
2459 1197 2976 1268 exspectatbeatam
2995 1190 3176 1270 spem,
3195 1204 3253 1254 et
3265 1199 3466 1254 adven-

1867 1291 1991 1342 tum
2017 1287 2208 1358 gloriae
2233 1287 2425 1358 magni
2445 1285 2547 1342 Dei
2566 1292 2623 1341 et
2641 1286 2944 1342 Salvatoris
2964 1287 3142 1342 nostri
3161 1289 3191 1344 J
3195 1305 3295 1344 esu
3309 1288 3466 1344 Chri-

1869 1377 1961 1430 sti.
1983 1377 2138 1431 Sicut
2155 1375 2308 1431 enim
2333 1375 2594 1448 impietas
2607 1376 2936 1431 reformidat
2953 1377 3257 1433 adventum
3275 1379 3464 1449 magni

1870 1465 1990 1531 Dei,
2023 1465 2105 1519 ita
2127 1482 2325 1520 secura
2352 1467 2422 1519 de
2453 1481 2620 1538 opere
2650 1481 2752 1521 suo
2784 1471 2842 1520 et
2868 1466 2937 1520 de
2969 1466 3078 1521 ﬁde
3107 1465 3267 1522 illum
3287 1467 3467 1539 pietas

1871 1553 2244 1625 praistolatur.
2278 1553 2385 1608 Ubi
2423 1559 2511 1608 est
2555 1570 2786 1626 serpens
2816 1554 3002 1619 Arius,
3036 1553 3133 1609 ubi
3162 1555 3470 1610 Eunomius

1871 1641 2100 1696 coluber
2115 1642 2140 1694 ?
2169 1642 2404 1712 Magnus
2433 1642 2585 1697 Deus
2605 1643 2634 1696 J
2639 1659 2768 1698 esus
2789 1641 3047 1698 Christus
3057 1642 3312 1698 Salvator
3331 1643 3472 1698 dici-

217 1730 420 1784 ctrinam
449 1731 694 1796 domini,
751 1730 847 1802 qui
894 1748 960 1785 ea
1003 1748 1125 1802 quae
1171 1729 1477 1784 conditioni
1515 1747 1629 1784 suae
1659 1717 1853 1800 aptaB
1871 1736 1984 1796 tur,
2007 1747 2120 1784 non
2133 1729 2538 1801 primogenitus
2566 1730 2748 1784 omnis
2774 1736 3066 1798 creaturae,
3089 1746 3204 1786 non
3223 1731 3472 1788 Verbum

215 1827 338 1882 sunt,
365 1819 519 1874 facit.
552 1821 628 1875 Ut
657 1837 688 1874 e
717 1819 934 1875 diverso
963 1820 1255 1874 confundit
1285 1836 1434 1886 eam,
1460 1819 1555 1890 qui
1575 1835 1688 1873 non
1706 1823 1793 1872 est

216 1909 470 1980 subjectus
493 1909 552 1964 in
584 1909 863 1974 omnibus,
883 1909 971 1964 cui
1005 1909 1248 1963 conditio
1261 1925 1366 1962 sua
1391 1908 1666 1980 displicet,
1697 1906 1792 1978 qui

213 1999 572 2052 contradictor
599 2003 770 2068 atque
791 1999 1101 2065 fraudator,
1136 1997 1192 2052 in
1225 1999 1379 2052 nullo
1397 1997 1564 2051 ﬁdem
1586 1997 1791 2050 bonam

213 2087 445 2140 ostendit.
465 2087 764 2150 Quomodo
780 2087 930 2140 enim
944 2092 1129 2158 potest
1141 2086 1320 2141 fidelis
1333 2103 1454 2140 esse
1467 2086 1523 2140 in
1536 2085 1792 2140 substan-

212 2175 393 2242 tiaDei,
409 2175 508 2248 qui
529 2176 743 2230 carnali
758 2176 986 2230 domino
1003 2177 1169 2230 fidem
1185 2175 1446 2230 exhibere
1459 2192 1572 2230 non
1583 2174 1792 2245 potuit?

269 2285 293 2319 ε
315 2265 600 2336 Apparuit
635 2271 826 2320 autem
853 2265 1039 2335 gratia
1072 2265 1173 2320 Dei
1204 2264 1506 2320 Salvatoris
1534 2263 1792 2318 omnibus

217 2372 233 2403 ε
259 2353 595 2418 hominibus,
621 2354 882 2408 erudiens
911 2371 1034 2416 nos,
1064 2360 1129 2408 ut
1155 2353 1500 2424 abnegantes
1529 2353 1790 2424 impieta-

218 2464 236 2494 ι
263 2450 366 2498 tem
393 2450 451 2498 et
479 2443 776 2497 saecularia
801 2441 1098 2508 desideria,
1132 2441 1334 2508 sobrie,
1343 2443 1514 2512 juste,
1540 2444 1598 2494 et
1613 2439 1704 2512 pie
1719 2438 1793 2492 vi-

216 2551 236 2583 a
261 2549 440 2586 vamus
465 2532 530 2587 in
539 2532 647 2586 hoc
668 2531 890 2598 saeculo,
905 2537 1296 2602 exspectantes
1309 2531 1534 2586 beatam
1549 2534 1791 2602 spem,et

213 2641 232 2670 ε
261 2621 557 2676 adventum
593 2620 787 2690 gloria:
816 2620 1008 2690 magni
1045 2621 1146 2675 Dei
1177 2625 1235 2674 et
1271 2620 1575 2676 Salvatoris
1616 2617 1792 2674 nostri

213 2726 235 2758 α
257 2709 374 2764 Jesu
405 2709 657 2764 Christi:
695 2709 791 2780 qui
817 2709 972 2763 dedit
999 2710 1364 2781 semetipsum
1394 2726 1496 2780 pro
1525 2707 1704 2776 nobis,
1732 2713 1796 2762 ut

211 2818 229 2850 τι
260 2798 498 2870 eriperet
527 2815 632 2852 nos
663 2797 733 2852 ab
755 2797 907 2852 omni
937 2797 1254 2868 iniquitate,
1281 2803 1339 2852 et
1367 2797 1666 2852 mundaret
1691 2795 1796 2851 sibi

211 2905 230 2936 ι
259 2887 528 2957 populum
539 2885 960 2957 acceptabilem,
975 2886 1362 2940 aemulatorem
1375 2885 1652 2939 bonorum
1669 2901 1798 2956 ope-

1873 1817 1974 1872 Dei
2003 1823 2062 1872 et
2088 1818 2382 1889 sapientia,
2415 1819 2514 1873 sed
2548 1819 2710 1874 Jesus
2752 1819 3025 1885 Christus,
3061 1825 3118 1874 et
3157 1837 3280 1892 qua
3305 1838 3471 1878 voca-

1872 1908 2007 1963 bula
2024 1907 2300 1978 assumpti
2311 1907 2553 1962 hominis
2565 1914 2714 1962 sunt.
2730 1909 2926 1980 Neque
2940 1925 3070 1964 vero
3085 1909 3259 1964 alium
3277 1911 3306 1965 J
3312 1926 3471 1966 esum

1875 1997 2178 2063 Christum,
2213 1997 2388 2050 alium
2417 1997 2666 2052 Verbum
2695 1996 2954 2064 dicimus,
2979 2003 3043 2052 ut
3070 2014 3211 2053 nova
3243 1999 3471 2055 haeresis

1875 2087 2268 2153 calumniatur,
2301 2087 2401 2140 sed
2429 2087 2692 2140 eumdem
2735 2092 2792 2140 et
2827 2092 2960 2142 ante
3003 2087 3223 2156 saecula,
3259 2093 3319 2144 et
3345 2095 3473 2160 post

1875 2177 2096 2242 saecula,
2131 2181 2188 2230 et
2217 2182 2346 2230 ante
2375 2175 2668 2242 mundum,
2714 2181 2770 2230 et
2798 2182 2924 2246 post
2969 2175 3226 2243 Mariam,
3265 2176 3380 2232 imo
3407 2194 3473 2232 ex

1874 2264 2070 2330 Maria,
2106 2281 2377 2335 magnum
2403 2265 2583 2320 Deum
2613 2264 2962 2336 appellamus
2985 2264 3331 2320 Salvatorem
3369 2283 3472 2321 no-

1875 2359 2056 2408 strum
2079 2354 2272 2408 Jesum
2301 2352 2606 2420 Christum,
2640 2353 2736 2425 qui
2783 2352 2938 2408 dedit
2965 2353 3212 2425 seipsum
3245 2371 3348 2426 pro
3376 2371 3474 2410 no-

1873 2442 1978 2508 bis,
2004 2447 2069 2497 ut
2080 2443 2325 2514 pretioso
2353 2443 2626 2513 sanguine
2647 2459 2750 2497 suo
2781 2459 2883 2496 nos
2913 2441 3216 2498 redimeret
3241 2442 3311 2498 ab
3321 2443 3475 2498 omni

1873 2531 2170 2602 iniquitate
2195 2537 2252 2585 et
2278 2531 2576 2586 mundaret
2595 2530 2700 2585 sibi
2729 2531 2998 2603 populum
3025 2531 3320 2612 περιούσιον
3380 2532 3478 2603 (ita

1875 2621 2080 2692 quippe
2108 2620 2349 2674 habetur
2376 2619 2434 2673 in
2465 2619 2674 2688 Graeco)
2707 2624 2764 2673 et
2807 2619 3089 2676 bonorum
3127 2636 3362 2692 operum
3399 2619 3476 2678 fa-

1876 2715 2028 2764 ceret
2073 2709 2476 2764 zemulatorem.
2538 2701 2708 2762 Recte
2755 2707 2928 2778 igitur
2979 2707 3235 2764 Christus
3279 2709 3470 2774 Jesus,

1877 2815 2118 2869 magnus
2145 2799 2295 2853 Deus
2331 2803 2523 2852 noster
2543 2803 2725 2868 atque
2775 2797 3051 2864 Salvator,
3089 2797 3331 2852 redemit
3371 2813 3474 2852 nos

1881 2879 2154 2958 sanguine
2173 2903 2295 2952 suo,
2319 2892 2386 2941 ut
2413 2885 2519 2940 sibi
2537 2885 2920 2941 Christianum
2947 2883 3218 2958 populum
3235 2886 3477 2959 peculia-

209 2988 232 3023 ι
259 2990 394 3028 rum.
431 2992 458 3025 ››
500 2975 737 3042 (Ambr.)
758 2973 928 3039 Talis,
948 2973 1150 3044 inquit,
1175 2977 1261 3026 est
1279 2989 1429 3026 nunc
1446 2971 1649 3043 gratia,
1675 2989 1798 3044 quae
1820 3038 1856 3048 _
1879 2993 2000 3032 rem
2037 2976 2265 3044 faceret,
2299 2975 2395 3046 qui
2425 2973 2722 3048 peculiaris
2750 2991 2872 3030 esse
2899 2980 3036 3030 tunc
3061 2981 3267 3047 posset,
3298 2974 3347 3030 si
3382 2975 3480 3030 bo-

208 3077 293 3130 per
310 3038 603 3116 Christum
625 3038 903 3134 apparuit,
919 3038 1046 3132 quae
1063 3061 1321 3116 omnibus
1332 3038 1712 3126 estdiscenda;
1734 3065 1798 3114 ut
1814 3038 1858 3098 ο
1881 3082 2084 3120 norum
2138 3038 2371 3136 Operuin
2413 3038 2706 3120 aemulator
2747 3064 3027 3120 existeret.
3057 3038 3218 3120 Dnde
3246 3038 3304 3119 et
3337 3063 3478 3121 illud

204 3151 544 3222 impietatem
555 3157 614 3206 et
625 3152 954 3223 pravitatem
963 3191 976 3218 ,
991 3150 1352 3222 cupiditatem
1365 3155 1422 3204 et
1434 3150 1770 3222 injustitiam
1778 3189 1792 3215 ,

201 3239 458 3311 fugientes
469 3240 650 3296 vitam
663 3247 993 3312 praesentem
1008 3240 1316 3311 transigam
1322 3257 1387 3294 us
1399 3245 1456 3294 et
1467 3239 1726 3311 pudicam
1737 3241 1796 3292 et

201 3337 394 3384 castam
417 3331 598 3384 vitam
618 3334 871 3384 nostram
890 3345 991 3400 per
1006 3328 1199 3383 omnia
1213 3329 1666 3382 demonstremus
1686 3327 1794 3381 :ita

201 3422 256 3470 ut
271 3424 478 3472 statum
497 3417 755 3472 futurum
777 3433 944 3488 quem
966 3423 1368 3488 exspectamus,
1395 3423 1564 3489 prout
1585 3421 1788 3488 potest,

202 3522 333 3562 nunc
359 3507 659 3562 informati
688 3506 898 3561 imitari
920 3505 1226 3573 videamur,
1259 3505 1482 3578 quando
1515 3511 1798 3577 exspecta-

201 3612 311 3650 mus
329 3597 520 3651 Deum
543 3601 599 3650 et
618 3611 974 3650 communem
992 3601 1250 3649 nostrum
1264 3595 1611 3650 Salvatorem
1641 3593 1798 3648 Chri-

203 3691 357 3752 stum,
390 3687 492 3757 qui
525 3684 822 3756 apparebit
849 3684 908 3738 in
933 3683 1218 3738 communi
1237 3683 1496 3739 omnibus
1525 3683 1684 3738 nobis
1706 3681 1799 3736 be-

201 3775 387 3828 neﬁcia
414 3781 698 3846 praestans
723 3792 736 3840 ;
771 3773 903 3844 quia
929 3772 998 3826 ob
1029 3773 1174 3826 hanc
1217 3773 1397 3844 ipsam
1425 3788 1654 3828 causam
1694 3788 1796 3843 pro

202 3861 343 3916 nobis
363 3865 484 3935 pati
504 3862 727 3926 maluit,
747 3867 812 3916 ut
840 3878 943 3916 nos
968 3861 1038 3916 ab
1061 3862 1216 3916 omni
1239 3863 1481 3933 eriperet
1498 3860 1794 3932 pravitate.

199 3958 248 4004 et
271 3954 570 4024 proprium
592 3950 700 4006 sibi
713 3951 982 4022 populum
1005 3951 1338 4022 acquireret,
1368 3949 1463 4022 qui
1477 3949 1637 4004 bonis
1649 3967 1798 4004 sem-

201 4056 290 4110 per
315 4043 391 4096 sit
420 4039 693 4112 operibus
739 4038 1025 4111 przeditus.
1072 4037 1275 4108 1Hier.)
1300 4038 1435 4093 Post
1482 4039 1801 4109 catalogum

1881 3153 2030 3226 quod
2067 3153 2125 3208 in
2171 3153 2468 3223 Evangelio
2517 3153 2827 3208 secundum
2873 3152 3102 3208 Latinos
3145 3152 3480 3226 interpretes
3547 3223 3553 3230 ἢ

1877 3243 2150 3314 scriptum
2164 3247 2250 3296 est
2265 3259 2276 3294 :
2295 3260 2320 3294 «
2337 3241 2549 3296 Panem
2567 3246 2824 3296 nostrum
2836 3240 3224 3312 quotidianum
3235 3241 3310 3296 da
3321 3241 3482 3298 nobis

1877 3330 2061 3398 hodie,
2089 3350 2114 3383 ι)
2151 3329 2352 3385 melius
2379 3329 2436 3383 in
2469 3330 2660 3384 Graeco
2682 3330 2925 3385 habetur
2945 3347 2971 3380 at
2994 3345 3200 3401 panem
3224 3335 3482 3386 nostrum

1875 3421 2158 3486 imodmov’,
2177 3439 2202 3471 >>
2223 3419 2279 3474 id
2296 3425 2382 3474 est
2400 3419 2760 3492 praecipuum,
2779 3419 3084 3490 egregium,
3117 3419 3478 3492 peculiarem,

1879 3525 2009 3564 eum
2037 3507 2309 3574 videlicet,
2345 3507 2441 3579 qui
2489 3507 2558 3562 de
2585 3507 2723 3562 coelo
2761 3507 3100 3562 descendens
3129 3507 3211 3562 ait
3239 3525 3252 3560 :
3290 3525 3317 3559 «
3361 3507 3480 3578 Ego

1881 3613 2008 3651 sum
2027 3595 2191 3669 panis
2213 3595 2307 3667 qui
2331 3595 2400 3650 de
2429 3595 2568 3650 coelo
2599 3595 2888 3650 descendit
2905 3597 3090 3666 (Joan.
3131 3600 3225 3665 γι).
3261 3613 3288 3647 υ
3319 3595 3482 3651 Absit

1881 3685 2086 3756 quippe
2102 3688 2165 3738 ut
2189 3699 2290 3738 nos
2311 3683 2406 3754 qui
2429 3683 2486 3737 in
2509 3683 2816 3737 crastinum
2837 3681 3083 3754 cogitare
3094 3681 3478 3755 prohibemur,

1879 3773 1948 3828 de
1968 3789 2113 3845 pane
2133 3773 2240 3826 isto
2255 3771 2350 3843 qui
2367 3777 2494 3844 post
2504 3771 2794 3842 paululum
2813 3771 3242 3842 concoquendus
3269 3777 3327 3826 et
3344 3771 3481 3843 abji-

1881 3861 2111 3917 cicndus
2137 3866 2223 3915 est
2253 3861 2312 3915 in
2341 3877 2638 3927 secessum,
2679 3859 2738 3914 in
2773 3876 2939 3932 prece
2964 3859 3255 3915 Dominica
3281 3875 3483 3931 rogare

1875 3951 2192 4023 jubeamur.
2217 3951 2334 4006 Nec
2385 3950 2629 4006 multum
2684 3949 2870 4004 dillert
2924 3949 3073 4005 inter
3123 3949 3384 4010 ἐπιούσιον
3425 3956 3484 4005 et

1883 4042 2180 4122 περιούσιον
2205 4058 2218 4094 :
2238 4038 2554 4112 praepositio
2571 4039 2721 4094 enim
2739 4039 3129 4094 tantummodo
3140 4045 3226 4094 est
3242 4043 3480 4106 mutata,

202 4128 462 4186 doctrina:
495 4129 570 4184 ad
589 4129 798 4195 Titum,
823 4128 956 4199 quid
975 4144 1156 4194 senes,
1180 4127 1312 4200 quid
1330 4145 1492 4194 anus,
1519 4127 1653 4199 quid
1675 4127 1804 4181 ado-
1885 4147 1999 4185 non
2028 4128 2278 4184 verbum.
2308 4127 2547 4193 Quidam
2568 4127 2829 4188 ἐπιούσιον
2847 4125 3128 4182 aestimant
3144 4125 3204 4181 in
3231 4127 3488 4183 oratione

203 4215 542 4272 lescentulas
585 4222 643 4271 et
680 4218 934 4287 juvenes,
973 4217 1105 4289 quid
1155 4216 1222 4271 ad
1265 4221 1579 4272 extremum
1617 4233 1804 4270 servos
1886 4218 2197 4285 Dominica,
2223 4233 2426 4290 panem
2446 4216 2677 4282 dictum,
2713 4214 2862 4287 quod
2889 4231 3058 4287 super
3087 4231 3281 4270 omnes
3308 4215 3489 4282 ούσιας

205 4307 421 4362 erudire
456 4307 713 4373 deberet,
741 4313 891 4361 recte
914 4323 1063 4362 nunc
1091 4306 1319 4361 intulit:
1361 4325 1386 4357 «
1434 4307 1624 4362 Illuxit
1655 4306 1806 4360 enim
1889 4309 1982 4376 sit,
2015 4309 2120 4363 hoc
2139 4311 2226 4361 est
2244 4323 2418 4378 super
2434 4305 2722 4361 universas
2742 4304 3114 4372 substantias;
3147 4304 3297 4375 quod
3327 4304 3375 4359 si
3401 4321 3490 4358 ac-

203 4395 375 4463 gratia
403 4396 512 4450 Dei
546 4395 852 4450 Salvatoris
871 4395 1128 4450 omnibus
1156 4395 1496 4450 hominibus.
1531 4415 1557 4448 ι)
1582 4396 1707 4450 Non
1724 4401 1811 4448 est
1826 4397 1873 4455 D
1891 4395 2114 4468 cipitur,
2138 4411 2250 4449 non
2274 4393 2517 4448 multum
2536 4391 2607 4446 ab
2637 4409 2702 4447 eo
2723 4409 2894 4447 sensu
2913 4391 3117 4457 differt,
3143 4407 3312 4462 quem
3323 4407 3464 4464 expo

204 4484 344 4538 enim
373 4485 573 4556 aliqua
597 4485 914 4540 differentia
944 4484 1103 4539 liberi
1121 4491 1180 4538 et
1207 4485 1370 4551 servi,
1393 4484 1572 4539 Graeci
1593 4489 1651 4538 et
1668 4485 1806 4538 Bar-
1889 4483 2104 4538 suimus
2121 4503 2131 4536 :
2149 4481 2419 4554 quidquid
2449 4481 2600 4534 enim
2621 4479 2911 4552 egregium
2939 4484 3026 4534 est
3046 4483 3104 4533 et
3119 4479 3484 4552 praecipuum,

203 4570 336 4640 bari,
368 4572 691 4627 circumcisi
717 4578 775 4626 et
801 4573 1058 4628 habentis
1089 4572 1449 4644 praeputium,
1474 4573 1729 4628 mulieris
1751 4578 1809 4628 et
1890 4576 2044 4626 extra
2077 4570 2269 4626 omnia
2289 4575 2376 4624 est
2405 4574 2462 4623 et
2482 4585 2652 4640 super
2681 4567 2889 4622 omnia.

203 4661 333 4714 viri:
359 4663 461 4716 sed
509 4661 696 4716 cuncti
729 4661 787 4714 in
820 4661 1041 4717 Christo
1079 4679 1256 4716 unum
1297 4679 1511 4729 sumus,
1560 4660 1808 4718 universi

204 4752 268 4804 ad
297 4753 398 4806 Dei
428 4768 670 4821 regnum
698 4767 980 4817 vocamur,
999 4767 1193 4805 omnes
1219 4756 1347 4822 post
1367 4751 1636 4806 offensam
1653 4748 1807 4806 Patri

205 4847 388 4894 nostro
419 4839 825 4894 reconciliandi
845 4855 1069 4904 sumus;
1104 4855 1217 4893 non
1239 4855 1340 4910 per
1367 4838 1569 4893 merita
1591 4843 1803 4904 nostra,

204 4930 293 4982 sed
319 4946 425 4999 per
452 4927 700 4998 gratiam
725 4927 1048 4994 Salvatoris,
1074 4929 1160 4982 vel
1191 4927 1338 4999 quod
1381 4926 1482 4981 Dei
1513 4926 1695 4981 Patris
1731 4925 1808 4980 vi-

207 5032 348 5081 vens,
373 5023 434 5070 et
466 5017 777 5082 subsistens
804 5016 989 5087 gratia
1019 5018 1138 5086 ipse
1161 5016 1234 5070 sit
1257 5015 1531 5081 Christus,
1549 5015 1634 5070 vel
1658 5014 1807 5086 quod

209 5103 411 5159 Christi
446 5105 549 5159 Dei
567 5105 876 5160 Salvatoris
909 5106 1028 5160 haec
1056 5104 1132 5159 sit
1159 5104 1364 5175 gratia,
1383 5109 1442 5158 et
1470 5121 1584 5159 non
1612 5109 1806 5159 nostro

211 5193 408 5246 merito
429 5193 628 5247 salvati
668 5194 864 5259 simus,
897 5193 1205 5248 secundum
1245 5193 1384 5247 illud
1414 5194 1562 5265 quod
1609 5193 1669 5247 in
1707 5192 1816 5247 alio

208 5275 322 5333 loco
345 5280 594 5334 dicitur:
625 5301 652 5333 (ί
685 5281 792 5336 Pro
822 5281 998 5336 nihilo
1028 5281 1269 5336 salvabis
1306 5299 1402 5336 eos
1437 5283 1602 5344 (Psal.
1635 5277 1756 5355 Lv);
1791 5303 1814 5334 ι

211 5384 328 5438 quae
345 5369 540 5439 gratia
555 5369 816 5424 omnibus
836 5371 1158 5426 hominibus
1180 5371 1306 5426 ideo
1324 5369 1526 5438 illuxit,
1555 5388 1580 5421 (ι
1609 5375 1674 5425 ut
1693 5385 1820 5424 eru‘

208 5455 352 5512 diret
369 5476 482 5513 nos
509 5459 849 5531 abnegantcs
879 5459 1226 5532 impietatem
1255 5466 1312 5514 ct
1342 5459 1630 5516 saecularia
1673 5453 1816 5515 desi-

210 5545 385 5609 deria,
421 5549 620 5620 pudice
640 5555 697 5604 et
720 5551 872 5621 juste
899 5555 956 5604 et
981 5549 1072 5622 pie
1099 5549 1282 5606 vivere
1313 5549 1371 5603 in
1391 5549 1496 5604 hoc
1525 5549 1748 5604 saeculo.
1786 5567 1812 5600 »

450 5633 715 5712 pum.
749 5649 934 5712 0x11.

1965 4679 1991 4712 ‹‹
2024 4661 2155 4714 Haec
2184 4659 2414 4730 loquere
2444 4663 2501 4711 et
2521 4657 2834 4724 exhortare,
2857 4662 2915 4712 et
2939 4655 3167 4730 increpa
3185 4675 3314 4714 cum
3333 4658 3489 4715 omni

1893 4768 1919 4802 «
1953 4748 2206 4820 imperio.
2235 4766 2259 4798 »
2275 4746 2473 4818 {Hic-1'.)
2495 4744 2826 4817 Triaposuit
2846 4763 2872 4796 «
2903 4745 3153 4818 loquere,
3171 4747 3486 4816 exhortare,

1888 4838 2117 4910 increpa
2150 4856 2160 4890 :
2201 4856 2224 4888 ι
2261 4841 2318 4890 et
2341 4834 2567 4906 quidem
2594 4835 2748 4889 in~eo
2771 4834 2920 4907 quod
2949 4835 3030 4890 ait
3061 4855 3084 4887 ι
3115 4835 3346 4908 loquere
3365 4857 3394 4890 ν
3417 4836 3490 4892 ad

1889 4926 2203 4980 doctrinam
2222 4923 2442 4978 videtur
2469 4939 2590 4978 esse
2610 4921 2986 4990 referendum;
3015 4923 3164 4994 quod
3187 4940 3318 4980 vero
3341 4924 3490 4980 intu-

1888 5015 1954 5070 lit
1987 5035 2010 5067 ι
2035 5015 2348 5079 exhortare,
2385 5031 2410 5063 ι
2447 5011 2504 5066 id
2529 5017 2634 5079 est,
2674 5013 2998 5092 παρακάλει,
3026 5011 3179 5067 aliud
3209 5013 3490 5083 quoddam

1888 5105 1947 5159 in
1993 5103 2182 5158 Graeco
2224 5101 2503 5172 signiﬁcat
2549 5116 2718 5172 quam
2761 5101 2821 5154 in
2865 5100 3102 5167 Latino;
3154 5105 3493 5181 παρακλησις

1901 5193 2106 5266 quippe
2139 5191 2318 5264 magis
2335 5193 2755 5246 consolationem
2773 5206 2942 5262 quam
2954 5189 3386 5246 exhortationem
3406 5209 3492 5247 so-

1901 5287 2016 5336 nat.
2038 5281 2153 5336 Hoc
2165 5280 2394 5336 verbum
2415 5285 2471 5334 et
2488 5278 2744 5352 superius
2761 5278 2830 5333 de
2856 5277 3304 5332 adolescentibus
3315 5284 3400 5334 est
3411 5281 3488 5334 lo-

1902 5374 2092 5424 cutus:
2111 5387 2138 5422 α
2160 5369 2398 5424 Iuvenes
2418 5367 2676 5422 similiter
2693 5366 3000 5434 consolare,
3029 5365 3260 5439 pudicos
3281 5383 3402 5423 esse
3432 5368 3490 5424 in

1897 5458 2176 5524 omnibus,
2195 5476 2222 5512 ))
2253 5457 2322 5513 de
2343 5474 2453 5530 quo
2465 5474 2566 5512 nos
2589 5457 2648 5512 in
2667 5473 2768 5512 suo
2788 5457 2907 5511 loco
2927 5457 3009 5511 ita
3034 5462 3100 5511 ut
3123 5456 3182 5510 in
3203 5457 3402 5514 Latino
3412 5459 3489 5513 le-
3587 5453 3606 5462 “

1896 5549 2048 5618 gitur
2079 5547 2239 5619 quasi
2267 5549 2553 5603 caho-rtarc
2593 5546 2862 5618 scriptum
2902 5561 3042 5613 esse,
3087 5546 3485 5617 expressimus.
