3866 6158
388 265 493 324 683

979 265 1043 318 Β.
1085 259 1628 333 RA'BANI'MAURI
1664 259 2001 315 ARCHIEP.
2041 258 2366 316 MOGUNT.
2408 256 2707 315 OPERUM
2744 256 2929 315 PARS
2965 258 3065 315 III.

3509 264 3599 322 680

358 410 365 417 .
389 363 726 419 Consolatur
748 361 923 433 igitur
950 359 1274 415 audientem
1302 358 1398 431 qui
1428 358 1566 412 dicit
1594 375 1606 411 :
1634 376 1662 411 α
1695 359 1982 428 Rogamus
2001 361 2042 417 Α
2065 357 2216 412 enim
2242 357 2540 413 aediﬁcatio
2571 357 2680 412 erit
2707 356 2993 428 discipuli,
3021 357 3068 411 si
3088 356 3416 429 intelligatse
3441 358 3600 433 ma’gi-

387 469 492 525 pro
523 451 765 517 Christo,
816 447 1252 504 reconciliamini
1293 446 1409 503 Deo
1459 446 1542 515 (ΙΙ
1575 448 1710 525 ϐονᾷ
1734 449 1821 516 v);
1867 467 1890 497 ι
1925 452 1983 500 et

2064 444 2197 500 stris
2224 462 2345 500 esse
2366 446 2638 516 majorem
2656 445 2681 497 7
2701 442 2860 499 Unde
2889 460 3003 499 non
3030 440 3207 499 solum
3217 444 3456 519 episcopi,
3476 465 3605 520 pres-

389 518 633 612 seipsum
653 534 916 593 humiliat
933 542 991 592 et
1009 535 1255 608 subjicit,
1271 542 1337 592 ut
1347 534 1662 591 lucrifaciat
1676 518 1841 606 quem
1855 552 1984 589 con-
2064 533 2248 607 byteri
2275 538 2333 588 et
2361 534 2643 600 diacones,
2671 531 2878 588 debent
2906 526 3239 606 magnopere
3256 518 3532 606 providere,
3553 544 3608 593 ut

387 629 620 684 solatur.
653 624 813 692 Quod
839 642 968 680 vero
988 625 1224 680 tertium
1243 630 1348 692 est,
1379 645 1402 676 ε
1426 624 1661 696 increpa
1683 641 1706 676 ι
1727 624 1987 678 consola-

386 710 528 775 tioni
556 715 698 770 mihi
739 712 961 770 videtur
994 732 1114 769 esse
1147 714 1510 777 contrarium,
1556 719 1622 768 ut
1649 710 1985 784 quicumque

280 796 287 805 ’
387 802 825 861 consolationem
846 803 1262 876 contempserit,
1278 800 1662 874 increpatione
1673 802 1748 856 sit
1761 801 1983 872 dignus,

389 893 448 949 et
474 897 760 949 mereatur
789 890 1015 948 audire:
1041 913 1064 945 ε
1091 890 1265 948 Obliti
1279 891 1414 948 estis
1431 888 1847 957 consolationis,
1865 906 1989 962 quae

387 980 540 1038 vobis
568 987 634 1038 ut
651 977 781 1036 ﬁliis
810 978 1061 1054 loquitur
1085 980 1275 1039 (Hebr.
1302 983 1423 1051 xu).
1463 999 1487 1031 ι
1520 974 1607 1034 Ad
1631 976 1991 1035 Timotheum

390 1086 614 1144 quoque
633 1071 871 1127 alteram
885 1070 1345 1130 consolationem.
1372 1074 1432 1124 et
1448 1066 1893 1141 increpationem
1915 1066 1993 1122 al-

388 1167 571 1218 teram
588 1158 848 1232 legimus,
863 1159 1087 1215 dicente
1103 1156 1401 1233 Apostolo:
1427 1178 1451 1211 ι
1477 1154 1635 1214 Iusta
1654 1151 2012 1230 opportune,’

389 1251 740 1324 importune,
765 1248 1222 1322 argue,increpa,
1243 1242 1533 1304 consolare
1557 1246 1637 1315 (II
1669 1243 1807 1301 Tim.
1839 1249 1928 1315 ιν).
1967 1266 1989 1295 υ

392 1335 463 1395 Et
489 1336 568 1394 ibi
596 1336 822 1410 quidem
851 1332 1161 1409 increpatio
1187 1341 1318 1392 ante
1342 1335 1670 1402 assumitur,
1714 1339 1771 1389 et
1800 1339 1996 1406 postea

388 1420 770 1484 consolatione
787 1427 1057 1482 severitas
1076 1428 1444 1498 temperatur.
1462 1422 1567 1480 Hic
1584 1441 1716 1479 vero
1731 1426 1863 1479 ante
1874 1422 1995 1479 vult

391 1514 694 1589 discipulos
722 1514 1020 1583 consolari,
1052 1518 1108 1570 et
1135 1514 1183 1570 si
1213 1531 1327 1570 non
1338 1513 1680 1587 profecerim
1695 1513 1992 1568 consolan-

391 1606 485 1673 do,
515 1609 652 1663 tunc
678 1603 904 1676 corripi,
937 1609 996 1660 et
1022 1600 1229 1677 corripi
1259 1621 1387 1659 cum
1417 1603 1570 1658 omni
1609 1601 1867 1674 imperio.
1901 1599 1994 1656 Sic

392 1693 545 1748 enim
572 1690 824 1765 intelligo
852 1686 960 1746 hoc
989 1690 1138 1764 quod
1156 1676 1370 1748 dictum
1390 1697 1476 1746 est
1509 1710 1521 1744 :
1557 1710 1584 1743 (ί
1614 1690 1851 1763 Increpa
1862 1676 2056 1744 cumB

389 1778 649 1855 imperio,
683 1801 711 1836 »
732 1787 799 1837 ut
813 1778 1683 1853 specialiteradincrepationem,
1700 1784 1758 1835 et
1784 1795 1898 1834 non
1921 1778 1992 1835 ad

392 1866 505 1926 duo
533 1863 826 1944 superiora
852 1871 912 1925 in
941 1887 1239 1926 commune
1266 1869 1563 1924 referatur.
1599 1868 1795 1941 Neque
1841 1868 1993 1923 enim

396 1959 656 2015 convenit
683 1952 891 2021 dicere.
925 1954 1216 2014 consolare
1237 1976 1365 2014 cum
1395 1956 1547 2014 omni
1575 1954 1832 2030 imperio,
1851 1957 1995 2012 etlo-

395 2062 568 2120 quere
583 2062 711 2104 cum
730 2047 885 2103 omni
903 2044 1166 2120 imperio,
1188 2044 1287 2102 sed
1297 2046 1692 2103 tantummodo
1717 2066 1746 2099 α
1767 2046 1996 2118 increpa

394 2144 524 2192 cum
551 2134 706 2193 omni
717 2136 977 2209 imperio.
1011 2156 1034 2189 ι
1073 2136 1310 2207 (Ambr.)
1325 2134 1614 2202 Quomodo
1634 2153 1768 2208 ergo
1796 2133 1915 2191 haec
1934 2152 1994 2190 se

399 2218 612 2282 habent
641 2225 786 2292 dico,
804 2230 869 2281 tu
890 2222 998 2282 ista
1017 2226 1174 2293 doce,
1198 2242 1402 2298 neque,
1426 2225 1474 2281 si
1493 2243 1634 2298 opus
1647 2225 1740 2291 sit,
1755 2241 1993 2296 arguere

395 2315 644 2386 graviter
663 2312 886 2370 dubites
916 2332 1013 2370 eos
1043 2311 1139 2386 qui
1168 2312 1330 2370 dictis
1345 2314 1434 2369 his
1452 2331 1566 2369 non
1576 2309 1905 2369 suadentur.
1927 2309 1997 2368 Et

399 2406 533 2478 quia
558 2398 944 2460 difﬁdentibus
967 2399 1126 2473 dixit,
1160 2420 1298 2476 quos
1327 2420 1456 2458 cum
1491 2401 1730 2475 imperio
1757 2419 1996 2475 arguere

401 2499 662 2566 Oportere
690 2488 851 2560 dixit,
881 2490 1094 2564 adjicit.
1131 2511 1158 2546 ι
1192 2492 1370 2547 Nemo
1403 2497 1461 2546 te
1483 2496 1826 2547 contemnat.
1862 2512 1888 2543 »
1921 2490 1998 2546 Ut

400 2586 726 2636 contemnat
752 2592 885 2635 vero
913 2585 973 2634 te
1001 2592 1168 2635 nemo
1198 2575 1353 2645 dicit,
1372 2579 1419 2635 si
1443 2585 1501 2635 et
1520 2580 1678 2635 valde
1701 2581 1778 2634 sit
1793 2574 1998 2652 aliquis

400 2670 574 2736 ferox,
609 2666 708 2724 sed
745 2676 812 2724 ut
837 2685 1044 2740 arguas
1089 2685 1217 2723 eum
1253 2673 1597 2741 peccantem,
1629 2668 1712 2724 ita
1738 2676 1804 2723 ut
1838 2669 1998 2723 illum

401 2757 689 2830 arguendo
729 2754 961 2828 pudicos
991 2772 1057 2811 ac
1079 2756 1294 2812 sobrios
1339 2763 1396 2812 et
1423 2764 1608 2812 castos
1653 2756 1794 2812 alios
1833 2757 1998 2813 insti-

399 2852 548 2902 tuas.
570 2844 1042 2915 (Hier.)}Estimet
1067 2844 1272 2916 aliquis
1298 2845 1406 2901 hoc
1430 2845 1615 2917 ipsum
1645 2863 1795 2900 nunc
1813 2844 1884 2900 ad
1903 2844 2000 2901 Ti-

397 2931 521 2991 tum
541 2930 730 3001 scribi,
757 2934 907 3006 quod
926 2928 999 2989 ad
1018 2932 1376 2990 Timotheum
1391 2934 1606 2990 dictum
1623 2940 1710 2990 est
1731 2953 1743 2988 :
1773 2953 1800 2988 α
1821 2934 2000 2989 Nemo

399 2996 837 3079 adolescentiam
847 3027 1005 3078 tuam
1020 3026 1346 3079 contemnat
1364 3022 1420 3095 (Ι
1434 3022 1576 3078 Tim.
1600 3026 1696 3093 IV).
1707 3042 1732 3077 )›
1739 3023 1854 3078 Nos
1870 3039 2000 3078 vero
2015 2996 2061 3059 α

351 3176 361 3187 ι
395 3114 562 3185 juxta
576 3106 757 3168 Graeci
776 3108 1051 3167 sermonis
1062 3109 1459 3179 differentiam,
1481 3109 1635 3168 aliud
1653 3116 1918 3184 putamus
1930 3110 2003 3167 si-

401 3198 671 3274 gniﬁcare
697 3205 1102 3281 περιφρονείτω,
1137 3200 1284 3273 quod
1329 3201 1419 3255 hic
1447 3199 1729 3268 scribitur,
1761 3205 1822 3256 et
1847 3198 2003 3256 aliud

403 3288 820 3371 καταφρονείτω,
837 3289 985 3361 quod
995 3288 1065 3344 ad
1078 3286 1436 3345 Timotheum
1447 3286 1661 3344 dictum
1681 3294 1784 3356 est,
1800 3295 1858 3344 et
1866 3307 2004 3361 prae-

405 3374 713 3451 positiones
747 3402 870 3457 περι
908 3379 994 3457 vel
1043 3378 1180 3438 κατὰ
1227 3395 1457 3434 sensum
1485 3378 1668 3433 facere
1697 3376 1999 3435 diversum.

404 3462 567 3532 Quod
583 3471 776 3523 autem
803 3456 917 3522 non
944 3456 1194 3533 fortuito,
1215 3472 1273 3522 et
1292 3472 1358 3522 ut
1383 3465 1540 3533 libet,
1553 3467 1764 3523 Paulus
1774 3469 2011 3538 aposto-.

408 3552 497 3611 Ius
539 3573 653 3612 non
696 3554 877 3612 solum
919 3555 1243 3611 nominibus
1272 3562 1331 3611 et
1354 3554 1554 3622 verbis,
1592 3572 1786 3610 verum
1832 3554 2002 3610 etiam

406 3645 895 3718 praepositionibus
921 3644 1157 3700 diversis
1176 3649 1374 3700 utatur
1393 3662 1496 3717 pro
1525 3644 1796 3699 varietate
1812 3658 2007 3699 causa-

406 3742 556 3798 rum,
588 3733 951 3808 perspicuum
1000 3732 1126 3790 ﬁeri
1172 3735 1381 3806 poterit
1409 3740 1466 3789 et
1502 3750 1567 3788 ex
1595 3751 1661 3788 eo
1691 3734 1840 3806 quod
1870 3733 1950 3787 ait
1990 3750 2003 3786 :

409 3842 436 3877 ‹‹
467 3818 672 3879 Mulier
689 3822 842 3879 enim
861 3840 929 3878 ex
946 3823 1086 3889 viro,
1105 3823 1188 3876 vir
1206 3840 1336 3878 vero
1347 3840 1450 3895 per
1469 3822 1766 3877 mulierem
1785 3824 1867 3891 (ΙΙ
1881 3822 2002 3878 Cor.

408 3908 526 3983 x1);
548 3928 580 3966 )›
615 3916 674 3968 et
698 3908 832 3966 alibi
864 3931 875 3966 :
916 3931 940 3963 ι
975 3911 1123 3976 Quia
1149 3928 1216 3965 ex
1242 3928 1328 3977 eo,
1360 3916 1420 3966 et
1437 3928 1539 3983 per
1564 3928 1714 3977 eum,
1739 3915 1798 3966 et
1814 3910 1873 3965 in
1887 3908 2007 3982 ipso

409 4000 602 4056 omnia
631 4002 804 4068 (Rom.
827 4000 924 4070 χι),
950 4018 978 4053 ι»
1007 4015 1223 4054 necnon
1234 3996 1444 4055 etillud
1468 4017 1525 4052 τί(
1549 3999 1758 4054 Paulus
1780 4004 2006 4070 aposto-

410 4091 520 4157 Ius,
541 4104 654 4144 non
673 4084 743 4143 ab
753 4080 1080 4142 hominibus
1089 4104 1273 4159 neque
1291 4104 1394 4160 per
1403 4087 1691 4143 hominem
1717 4089 1857 4152 (Gal.
1893 4094 1953 4152 ι).
1979 4108 2001 4139 ι)

410 4170 775 4234 Εειὶωαωιιε
785 4175 974 4248 itaque
990 4176 1383 4256 καταφρόνησιν
1403 4174 1473 4231 ad
1485 4182 1871 4248 contemptum
1884 4193 2009 4249 pro-

410 4267 532 4340 prie
560 4262 865 4339 pertinere,
896 4264 984 4319 vel
1010 4280 1139 4318 cum
1168 4263 1293 4336 quis
1321 4263 1471 4319 inter
1507 4265 1806 4336 equuleum
1843 4266 2009 4320 lami-

413 4373 628 4429 nasque
657 4352 959 4421 distentus,
989 4348 1241 4408 dolorem
1273 4352 1601 4421 contemnit,
1623 4359 1792 4409 etnec
1801 4354 2008 4426 judicis

411 4443 928 4511 comminationem,
959 4459 1064 4497 nec
1091 4443 1508 4498 circumstantis
1520 4443 1709 4516 populi
1720 4443 2008 4499 fremitum

412 4533 776 4609 pertimescit,
815 4530 914 4588 sed
944 4549 1046 4605 pro
1083 4531 1432 4588 confessione
1461 4532 1720 4605 martyrii
1749 4532 2011 4588 universa

415 4624 690 4697 supplicia
717 4622 1028 4678 contemnit
1055 4625 1114 4676 et
1143 4616 1394 4694 despicit.
1431 4618 1473 4676 E
1510 4621 1792 4677 contrario
1819 4627 2011 4677 autem

417 4718 506 4768 est
531 4718 589 4769 et
613 4708 1179 4783 maluscontemptus,
1202 4710 1272 4765 de
1293 4727 1405 4783 quo
1429 4716 1488 4766 et
1497 4708 1779 4778 Habacuc,
1798 4710 2012 4783 Spiritu

416 4808 611 4860 sancto
639 4800 701 4856 in
727 4817 787 4856 se
818 4795 1104 4872 loquente,
1128 4802 1408 4855 testatur:
1437 4818 1463 4852 (ι
1491 4796 1690 4854 Videte
1712 4817 1863 4855 nunc
1877 4818 2010 4855 con-

418 4893 725 4966 temptores
750 4895 810 4944 et
863 4886 1121 4962 inspicite
1177 4886 1478 4957 mirabilia,
1529 4894 1588 4945 et
1622 4884 2009 4961 disperdimini

417 4974 645 5056 (Hahae.
677 4978 719 5051 ι)
756 4997 770 5046 ;
820 5000 845 5032 ι)
881 4978 1046 5048 juxta
1086 4978 1235 5049 quod
1274 4977 1346 5032 ad
1392 4974 1749 5034 Timotheum
1789 4995 2012 5050 quoque

417 5070 690 5144 scriptum
709 5066 950 5124 diximus
971 5086 984 5120 :
1011 5085 1038 5120 (ί
1060 5064 1241 5122 Nemo
1257 5064 1690 5122 adolescentiam
1707 5071 1862 5122 tuam
1885 5084 2014 5122 con-

417 5163 636 5216 temnat
659 5160 720 5232 (Ι
746 5159 885 5213 Tim.
919 5159 1018 5226 ιν),
1051 5154 1107 5210 id
1139 5160 1244 5222 est,
1282 5157 1414 5211 nolo
1444 5162 1502 5211 te
1529 5156 1702 5212 talem
1730 5154 2011 5224 exhibeas,

418 5248 674 5320 utpossis
693 5245 763 5301 ab
775 5246 966 5318 aliquo
984 5243 1186 5299 merito
1201 5245 1502 5299 contemni.
1530 5248 1912 5325 Περιφράνησις
1931 5260 2017 5300 er.

419 5355 513 5410 go,
546 5353 669 5408 quae
697 5351 845 5390 nunc
872 5334 943 5390 ad
981 5330 1170 5389 Titum
1198 5332 1444 5405 ponitur,
1474 5334 1632 5388 illum
1662 5351 1890 5388 sensum
1913 5332 2016 5389 ha-

420 5424 520 5480 bet
544 5443 555 5478 :
578 5424 757 5480 Nemo
787 5438 984 5478 eorum
1011 5422 1107 5494 qui
1133 5420 1190 5476 in
1220 5420 1467 5478 Ecclesia
1493 5428 1645 5490 sunt,
1682 5427 1739 5477 te
1769 5423 2018 5495 segniter

420 5501 647 5588 agente,
678 5513 758 5569 sic
784 5512 934 5569 vivat
958 5514 1025 5568 ut
1050 5528 1111 5568 se
1138 5515 1302 5584 putet
1329 5529 1450 5568 esse
1481 5511 1790 5568 meliorem.
1823 5509 2017 5578 Qualis

2066 628 2330 678 cunctum
2370 623 2641 696 populum
2682 623 2772 677 cui
2818 620 3118 694 praesident
3145 623 3528 680 conversatione
3560 633 3610 681 et

2068 729 2327 767 sermone
2336 710 2672 785 praecedant,
2693 729 2889 766 verum
2911 718 2969 766 et
2994 710 3222 767 inferior
3244 713 3453 786 gradus,
3472 701 3609 770 exor-

2069 800 2243 869 cistaa,
2267 802 2523 869 lectores,
2548 800 2759 866 aeditui,
2783 807 2840 855 et
2868 817 3062 858 omnes
3092 801 3310 857 omnino
3337 800 3426 874 qui
3449 802 3612 858 domui

2072 890 2175 946 Dei
2203 891 2470 957 serviunt,
2516 890 2650 962 quia
2704 888 3066 946 vehementer
3118 890 3404 947 Eeclesiam
3437 892 3614 948 Christi

2072 979 2332 1048 destruit,
2365 980 2628 1035 meliores
2656 979 2828 1035 laicos
2855 997 2979 1036 esse
3006 997 3174 1053 quam
3199 980 3432 1037 clericos.

2078 1176 2401 1260 Ostenditur
2448 1177 3084 1260 quomodapapulasfc
3498 1192 3620 1260 ergo

2143 1248 2440 1317 principes,
2460 1244 2463 1245 ⁷
2486 1263 2612 1301 cum
2645 1244 2864 1301 ratione
2910 1248 3066 1311 dicti,
3098 1251 3148 1300 et
3191 1262 3317 1315 erga
3360 1244 3616 1301 heretica.

2146 1320 2378 1373 Annecti
2386 1324 2482 1371 tur
2508 1319 2793 1372 salutatio.

2149 1443 2175 1476 ‹‹
2215 1418 2470 1480 Admone
2499 1420 2626 1478 illos
2653 1422 3000 1496 principibus
3012 1428 3071 1479 et
3095 1422 3450 1496 potestatibus
3460 1420 3622 1478 subdi-

2077 1536 2101 1565 «
2134 1520 2224 1569 tos
2252 1531 2392 1580 esse,
2434 1513 2583 1568 dicto
2624 1512 2873 1580 obedire,
2917 1513 2990 1568 ad
3047 1529 3213 1569 omne
3256 1530 3392 1585 opus
3443 1511 3621 1567 bonum

2078 1622 2103 1655 «
2135 1608 2363 1675 paratos
2383 1618 2526 1669 esse,
2556 1602 2841 1657 neminem
2860 1600 3384 1674 blasphemare,non
3411 1599 3624 1656 esseliti-

2076 1715 2101 1745 α
2132 1690 2338 1764 giosos,
2375 1709 2497 1747 esse
2523 1691 2807 1747 modestos
2841 1711 2852 1746 :
2879 1708 3106 1746 omnem
3131 1690 3474 1746 ostendentes
3496 1707 3627 1745 man-

2079 1802 2104 1833 <r
2137 1781 2496 1837 suetudinem
2519 1781 2591 1836 ad
2621 1798 2816 1836 omnes
2840 1779 3116 1836 homines.
3151 1800 3177 1833 »
3203 1779 3426 1850 (Λυδὸν.)
3451 1780 3627 1834 Neces-

2077 1871 2227 1926 sario
2258 1870 2627 1943 posteriorem
2646 1869 2963 1925 doctrinam
2981 1868 3204 1940 adjecit,
3239 1868 3383 1942 quod
3408 1873 3628 1940 oporteat

2076 1976 2172 2014 eos
2202 1952 2373 2014 etiam
2405 1956 2515 2013 illis
2546 1958 2661 2031 qui,
2686 1956 2996 2014 secundum
3022 1963 3356 2030 praesentem
3381 1954 3556 2022 vitam,
3578 1955 3627 2008 in

2076 2046 2423 2104 sublimitate
2443 2044 2690 2119 quadam
2719 2046 3232 2118 suntdignitatum,
3262 2043 3500 2102 subditos
3527 2060 3628 2101 esse

2077 2144 2136 2192 et
2163 2136 2636 2209 obtemperantes,
2657 2135 2728 2191 de
2756 2132 2962 2209 quibus
2986 2134 3233 2208 imperat
3257 2151 3357 2207 pro
3382 2133 3631 2189 communi

2076 2231 2227 2282 statu
2258 2230 2316 2281 et
2343 2225 2609 2294 utilitate,
2638 2243 2705 2282 eo
2734 2224 2885 2298 quod
2906 2222 3069 2280 multi
3086 2224 3301 2281 bonum
3327 2220 3453 2296 quid
3478 2222 3634 2276 facere

2077 2333 2138 2370 se
2181 2314 2523 2378 existimant,
2573 2315 2622 2370 si
2669 2319 3035 2370 contemnant
3071 2331 3172 2370 eos
3220 2312 3315 2386 qui
3364 2308 3636 2368 secundum

2078 2410 2413 2477 praesentem
2442 2403 2616 2459 vitam
2644 2420 2886 2476 praeesse
2912 2402 3134 2459 caeteris
3160 2402 3432 2458 videntur.
3468 2407 3520 2455 et
3543 2415 3640 2454 ma-

2075 2494 2224 2548 xime
2247 2488 2471 2565 quando
2512 2492 3075 2565 impietate-quadam
3101 2490 3311 2565 perditi
3336 2507 3450 2545 esse
3475 2486 3641 2542 viden-

2077 2588 2190 2638 tur.
2216 2580 2432 2638 Deinde
2452 2580 2588 2637 dicit
2614 2599 2709 2637 eos
2739 2581 2837 2654 qui
2864 2581 3061 2654 pietati
3089 2580 3319 2637 studere
3330 2578 3561 2653 cupiunt,
3585 2577 3643 2631 de

2081 2670 2283 2744 quibus
2302 2676 2562 2744 oporteat
2591 2668 2800 2726 habere
2826 2669 3267 2726 sollicitudinem
3302 2688 3314 2724 :
3346 2685 3453 2725 non
3479 2674 3641 2723 tamen

2079 2758 2399 2816 existimare
2426 2758 2641 2832 aliquid
2667 2758 2801 2815 boni
2830 2778 2971 2829 esse,
2994 2760 3045 2814 si
3056 2760 3235 2815 iidem
3253 2762 3444 2815 contra
3465 2756 3644 2812 alteros

2080 2848 2238 2905 litem
2266 2854 2565 2905 exerceant
2586 2854 2686 2904 aut
2703 2848 3064 2906 contendant.
3100 2868 3131 2903 α
3153 2848 3242 2904 Ad
3269 2864 3429 2904 omne
3453 2844 3637 2902 bonum

2082 2944 2311 3010 paratos
2329 2954 2472 3005 esse,
2505 2934 2789 2992 neminem
2822 2934 3240 3009 blaspheme,
3262 2953 3374 2993 non
3402 2924 3647 3006 litigio'sos

2081 3040 2226 3095 esse,
2247 3024 2347 3081 sed
2377 3026 2680 3093 modestos,
2713 3042 2939 3082 omnem
2969 3028 3332 3083 ostendentes
3352 3027 3648 3080 mansuetu-

2082 3114 2271 3172 dinem
2298 3112 2371 3170 ad
2401 3132 2595 3171 omnes
2622 3112 2899 3170 homines.
2935 3135 2962 3169 »
2993 3116 3110 3172 Nec
3142 3114 3296 3171 enim
3328 3112 3539 3168 virtutis
3560 3113 3648 3165 aut

2081 3202 2372 3260 industria
2402 3209 2506 3271 est,
2539 3210 2605 3258 ut
2631 3202 2785 3258 dicas
2812 3209 3009 3258 contra
3052 3221 3153 3259 eos
3183 3202 3280 3276 qui
3318 3197 3653 3274 dignitatibus

2083 3290 2374 3348 sublimati
2402 3298 2537 3348 sunt
2563 3310 2574 3346 :
2606 3290 2808 3347 melius
2851 3290 3002 3348 enim
3029 3298 3119 3348 est
3149 3298 3216 3349 ut
3235 3309 3363 3348 cum
3381 3288 3526 3347 omni
3549 3292 3653 3341 stu-

2083 3380 2177 3437 dio
2205 3399 2329 3454 quae
2356 3379 2504 3436 bona
2521 3386 2656 3436 sunt
2679 3398 2834 3453 agas,
2867 3382 3155 3437 neminem
3179 3379 3532 3454 blasphemiis
3546 3375 3654 3449 pul-

2084 3487 2234 3538 sans,
2269 3468 2367 3526 sed
2398 3468 2686 3526 abstinens
2715 3476 2773 3525 te
2801 3469 2872 3525 ab
2915 3471 3072 3526 omni
3099 3471 3479 3535 contentione,
3505 3465 3654 3520 vitam

2083 3567 2242 3616 tuam
2265 3573 2392 3614 cum
2424 3558 2577 3614 omni
2610 3555 2913 3614 instituens
2942 3559 3225 3615 modestia
3265 3565 3323 3614 et
3365 3560 3656 3613 mansuetu-

2087 3645 2237 3715 dine,
2251 3665 2422 3720 quam
2435 3648 2678 3703 maxime
2688 3655 2747 3702 et
2762 3665 2897 3720 erga
2917 3665 3112 3703 omnes
3126 3648 3386 3703 homines
3396 3644 3655 3702 ostendere

2089 3742 2146 3790 te
2196 3735 2488 3791 convenit:
2540 3753 2653 3790 non
2706 3736 2888 3790 solum
2919 3752 3057 3806 erga
3080 3734 3214 3790 illos
3244 3735 3341 3807 qui
3367 3731 3654 3807 principem

2089 3824 2216 3880 aliis
2227 3824 2504 3893 videntur,
2535 3824 2632 3879 sed
2653 3841 2790 3897 erga
2808 3823 2934 3879 illos
2955 3816 3053 3896 qui
3073 3824 3133 3878 in
3164 3822 3328 3897 plebe
3348 3836 3533 3879 eorum
3547 3822 3661 3875 sunt

2089 3910 2306 3968 ordine.
2340 3910 2409 3968 Et
2438 3912 2574 3984 quia
2609 3929 2644 3966 a
2670 3910 3015 3985 principibus
3044 3910 3328 3986 incipiens
3355 3910 3426 3966 ad
3460 3914 3663 3966 caeteros

2089 4019 2255 4058 suum
2281 4000 2450 4056 vertit
2474 4017 2811 4068 sermonem,
2843 4001 3128 4056 instruens
3174 4002 3328 4074 quod
3357 3996 3661 4055 conveniens

2088 4090 2180 4158 sit,
2213 4097 2280 4146 ut
2307 4108 2442 4162 erga
2470 4107 2664 4146 omnes
2684 4088 2940 4146 homines
2961 4090 3302 4146 modestiam
3329 4104 3488 4146 suam
3505 4090 3665 4143 osten-

2088 4181 2228 4235 dant
2259 4199 2270 4234 :
2308 4176 2646 4252 objiciebant
2673 4194 2803 4234 vero
2833 4179 2885 4234 ei
2916 4176 2998 4234 illi
3027 4178 3408 4251 quorumdam
3434 4172 3666 4248 impieta-

2089 4273 2226 4335 tem,
2259 4268 2330 4324 ob
2362 4285 2533 4340 quam
2563 4274 2622 4322 et
2647 4284 2826 4340 usque
2860 4266 2931 4322 ad
2955 4285 3207 4340 praesens
3245 4264 3411 4324 multi
3448 4262 3668 4320 ﬁdelium

2087 4357 2297 4413 bonum
2320 4356 2454 4429 quid
2472 4374 2595 4412 esse
2621 4354 2960 4423 existimant,
2997 4356 3045 4412 si
3065 4354 3340 4413 adversus
3366 4346 3659 4426 huiusmodi

2089 4447 2199 4519 ipsi
2222 4444 2380 4501 litem
2403 4451 2718 4512 exerceant,
2749 4446 2892 4500 bene
2930 4444 3126 4516 adjicit
3159 4464 3171 4500 :
3212 4465 3239 4499 α
3273 4446 3506 4502 Eramus
3539 4438 3667 4496 enim

2091 4540 2150 4590 et
2173 4551 2277 4590 nos
2302 4532 2606 4607 aliquando
2635 4534 2756 4589 sine
2767 4533 3074 4603 intellectu,
3097 4532 3485 4601 insuadibiles,
3498 4543 3669 4587 erran-

2090 4628 2196 4691 tes,
2229 4643 2255 4677 ι)
2290 4628 2396 4678 etc.
2431 4623 2624 4685 (Hier.l
2655 4623 2803 4689 Quia
2828 4622 2986 4680 Judae
3015 4620 3236 4679 Galilmi
3264 4640 3369 4696 per
3393 4620 3527 4677 illud
3552 4625 3670 4674 temo

2092 4731 2196 4786 pus
2227 4710 2433 4785 dogma
2448 4711 2632 4768 adhuc
2642 4712 2885 4784 vigebat,
2903 4718 2961 4767 et
2975 4710 3225 4768 habebat
3237 4710 3510 4785 plurimos
3518 4711 3672 4763 secta-

2090 4808 2262 4869 tores,
2296 4802 2456 4872 cujus
2484 4799 2623 4856 etin
2659 4800 2894 4856 Actibus
2940 4798 3333 4874 apostolorum
3361 4801 3427 4854 llt
3462 4792 3667 4857 mentio,

2094 4888 2383 4962 Scriptura
2409 4888 2687 4946 referente
2724 4909 2735 4944 :
2771 4909 2798 4945 υ
2830 4891 2977 4945 Ante
2995 4889 3101 4945 hos
3122 4888 3279 4945 enim
3309 4888 3429 4945 dies
3455 4880 3670 4943 surrexit

2092 4978 2366 5046 Theodas,
2399 4978 2590 5035 dicens
2641 4980 2943 5051 quemdam
2984 4996 3108 5035 esse
3157 4996 3221 5035 se
3268 4992 3551 5050 magnum,
3596 4967 3672 5025 cui

2093 5068 2334 5141 appositi
2381 5074 2513 5123 sunt
2540 5068 2647 5123 viri
2695 5068 2855 5141 quasi
2884 5069 2997 5124 tria
3041 5068 3221 5123 millia
3265 5087 3278 5121 :
3315 5074 3376 5124 et
3399 5070 3524 5140 post
3544 5062 3677 5118 hunc

2095 5157 2341 5212 surrexit
2366 5156 2427 5212 in
2445 5156 2645 5213 diebus
2673 5174 2872 5214 census
2903 5157 3077 5213 Judas
3106 5157 3380 5212 Galilwus
3408 5156 3542 5223 (Act.
3570 5153 3672 5219 v),v

2099 5246 2195 5318 qui
2220 5247 2371 5302 inter
2393 5253 2595 5302 caetera
2624 5246 2730 5303 hoc
2776 5247 2935 5320 quasi
2963 5242 3253 5319 probabile
3282 5240 3593 5318 proferebat
3621 5252 3677 5293 ex

2098 5334 2241 5407 lege,
2266 5337 2484 5392 nullum
2503 5334 2706 5392 debere
2716 5336 3020 5392 Dominum
3041 5335 3148 5392 nisi
3178 5335 3371 5390 solum
3399 5335 3574 5389 Deum
3598 5343 3676 5381 vo-

2099 5424 2233 5491 cari,
2267 5430 2326 5480 et
2342 5443 2438 5480 eos
2468 5424 2565 5498 qui
2592 5424 2664 5480 ad
2682 5427 2957 5498 templum
2977 5424 3224 5481 decimas
3251 5423 3551 5487 deferrent,
3580 5417 3680 5473 Οε-

2097 5513 2212 5570 sari
2238 5512 2454 5570 tributa
2471 5531 2586 5571 non
2595 5510 2850 5572 reddere.
2867 5516 3002 5582 Qua
3025 5513 3255 5573 haeresis
3280 5513 3680 5570 intentem“.-
