  <div class='ocr_page' id='page_1' title='image "/cluster/home/n/w/nwhite01/storage/ocr_20150623/112/hvd.32044054759774/349.png"; bbox 0 0 3866 6158; ppageno 0'>
   <div class='ocr_carea' id='block_1_1' title="bbox 431 292 3613 369">
    <p class='ocr_par' dir='ltr' id='par_1_1' title="bbox 431 292 3613 369">
     <span class='ocr_line' id='line_1_1' title="bbox 431 292 3613 369; baseline -0.001 -9"><span class='ocrx_word' id='word_1_1' title='bbox 431 305 534 360; x_wconf 81' lang='lat'><strong>687</strong></span> <span class='ocrx_word' id='word_1_2' title='bbox 1023 305 1088 358; x_wconf 92' lang='lat' dir='ltr'><strong>B.</strong></span> <span class='ocrx_word' id='word_1_3' title='bbox 1131 301 1402 358; x_wconf 80' lang='lat' dir='ltr'><strong>RABANI</strong></span> <span class='ocrx_word' id='word_1_4' title='bbox 1441 299 1671 356; x_wconf 80' lang='lat' dir='ltr'><strong>MAURI</strong></span> <span class='ocrx_word' id='word_1_5' title='bbox 1709 292 2044 355; x_wconf 79' lang='lat' dir='ltr'><strong>ARCHIEP.</strong></span> <span class='ocrx_word' id='word_1_6' title='bbox 2085 300 2410 358; x_wconf 90' lang='lat' dir='ltr'><strong>MOGUNT.</strong></span> <span class='ocrx_word' id='word_1_7' title='bbox 2451 302 2750 356; x_wconf 85' lang='lat' dir='ltr'><strong>OPERUM</strong></span> <span class='ocrx_word' id='word_1_8' title='bbox 2787 303 2970 358; x_wconf 84' lang='lat' dir='ltr'><strong>PARS</strong></span> <span class='ocrx_word' id='word_1_9' title='bbox 3008 304 3104 358; x_wconf 89' lang='lat' dir='ltr'><strong>III.</strong></span> <span class='ocrx_word' id='word_1_10' title='bbox 3532 314 3613 369; x_wconf 76' lang='lat'><strong>638</strong></span> 
     </span>
    </p>
   </div>
   <div class='ocr_carea' id='block_1_2' title="bbox 431 424 3620 499">
    <p class='ocr_par' dir='ltr' id='par_1_2' title="bbox 431 424 3620 499">
     <span class='ocr_line' id='line_1_2' title="bbox 431 424 3620 499; baseline 0.003 -16"><span class='ocrx_word' id='word_1_11' title='bbox 431 429 578 484; x_wconf 90' lang='lat' dir='ltr'><strong>ﬁlios</strong></span> <span class='ocrx_word' id='word_1_12' title='bbox 605 432 825 482; x_wconf 88' lang='lat' dir='ltr'><strong>nostros</strong></span> <span class='ocrx_word' id='word_1_13' title='bbox 857 427 1070 497; x_wconf 80' lang='lat' dir='ltr'><strong>(Matth.</strong></span> <span class='ocrx_word' id='word_1_14' title='bbox 1092 427 1272 498; x_wconf 76' lang='lat' dir='ltr'><strong>xxvrr),</strong></span> <span class='ocrx_word' id='word_1_15' title='bbox 1295 445 1320 479; x_wconf 76' lang='grc' dir='ltr'><strong><em>ι</em></strong></span> <span class='ocrx_word' id='word_1_16' title='bbox 1341 424 1592 480; x_wconf 90' lang='lat' dir='ltr'><strong>ablatum</strong></span> <span class='ocrx_word' id='word_1_17' title='bbox 1614 429 1701 480; x_wconf 90' lang='lat' dir='ltr'><strong>est</strong></span> <span class='ocrx_word' id='word_1_18' title='bbox 1719 424 1789 480; x_wconf 89' lang='lat' dir='ltr'><strong>ab</strong></span> <span class='ocrx_word' id='word_1_19' title='bbox 1817 425 1898 479; x_wconf 89' lang='lat' dir='ltr'><strong>eis</strong></span> <span class='ocrx_word' id='word_1_20' title='bbox 1927 441 2019 478; x_wconf 87' lang='lat' dir='ltr'><strong>re-</strong></span> <span class='ocrx_word' id='word_1_21' title='bbox 2037 424 2095 486; x_wconf 83' lang='lat' dir='ltr'><strong>A</strong></span> <span class='ocrx_word' id='word_1_22' title='bbox 2110 425 2367 480; x_wconf 89' lang='lat' dir='ltr'><strong>sensione</strong></span> <span class='ocrx_word' id='word_1_23' title='bbox 2397 431 2456 481; x_wconf 91' lang='lat' dir='ltr'><strong>et</strong></span> <span class='ocrx_word' id='word_1_24' title='bbox 2494 427 2794 482; x_wconf 91' lang='lat' dir='ltr'><strong>schismate</strong></span> <span class='ocrx_word' id='word_1_25' title='bbox 2823 428 2974 499; x_wconf 90' lang='lat' dir='ltr'><strong>quod</strong></span> <span class='ocrx_word' id='word_1_26' title='bbox 3000 428 3260 498; x_wconf 80' lang='lat' dir='ltr'><strong>arguebat</strong></span> <span class='ocrx_word' id='word_1_27' title='bbox 3281 430 3334 485; x_wconf 91' lang='lat' dir='ltr'><strong>in</strong></span> <span class='ocrx_word' id='word_1_28' title='bbox 3365 434 3620 491; x_wconf 85' lang='lat' dir='ltr'><strong>Corinthiis</strong></span> 
     </span>
    </p>
   </div>
   <div class='ocr_carea' id='block_1_3' title="bbox 427 514 3621 594">
    <p class='ocr_par' dir='ltr' id='par_1_3' title="bbox 427 514 3621 594">
     <span class='ocr_line' id='line_1_3' title="bbox 427 514 3621 594; baseline 0.002 -22"><span class='ocrx_word' id='word_1_29' title='bbox 427 533 604 588; x_wconf 84' lang='lat' dir='ltr'><strong>gnum</strong></span> <span class='ocrx_word' id='word_1_30' title='bbox 633 517 734 572; x_wconf 87' lang='lat' dir='ltr'><strong>Dei</strong></span> <span class='ocrx_word' id='word_1_31' title='bbox 770 521 829 570; x_wconf 90' lang='lat' dir='ltr'><strong>et</strong></span> <span class='ocrx_word' id='word_1_32' title='bbox 868 517 1143 572; x_wconf 88' lang='lat' dir='ltr'><strong>traditum</strong></span> <span class='ocrx_word' id='word_1_33' title='bbox 1178 515 1334 588; x_wconf 82' lang='lat' dir='ltr'><strong>genti</strong></span> <span class='ocrx_word' id='word_1_34' title='bbox 1371 515 1598 570; x_wconf 83' lang='lat' dir='ltr'><strong>facienti</strong></span> <span class='ocrx_word' id='word_1_35' title='bbox 1644 514 1859 570; x_wconf 88' lang='lat' dir='ltr'><strong>fructus</strong></span> <span class='ocrx_word' id='word_1_36' title='bbox 1899 515 2022 585; x_wconf 91' lang='lat' dir='ltr'><strong>ejus</strong></span> <span class='ocrx_word' id='word_1_37' title='bbox 2106 521 2191 568; x_wconf 91' lang='lat' dir='ltr'><strong>est</strong></span> <span class='ocrx_word' id='word_1_38' title='bbox 2208 515 2446 582; x_wconf 89' lang='lat' dir='ltr'><strong>locutus,</strong></span> <span class='ocrx_word' id='word_1_39' title='bbox 2471 516 2552 570; x_wconf 91' lang='lat' dir='ltr'><strong>ita</strong></span> <span class='ocrx_word' id='word_1_40' title='bbox 2567 517 2740 572; x_wconf 90' lang='lat' dir='ltr'><strong>etiam</strong></span> <span class='ocrx_word' id='word_1_41' title='bbox 2764 517 2823 572; x_wconf 92' lang='lat' dir='ltr'><strong>in</strong></span> <span class='ocrx_word' id='word_1_42' title='bbox 2846 517 3108 588; x_wconf 86' lang='lat' dir='ltr'><strong>praesenti</strong></span> <span class='ocrx_word' id='word_1_43' title='bbox 3121 518 3232 573; x_wconf 91' lang='lat' dir='ltr'><strong>loco</strong></span> <span class='ocrx_word' id='word_1_44' title='bbox 3251 537 3305 575; x_wconf 86' lang='lat' dir='ltr'><strong>se</strong></span> <span class='ocrx_word' id='word_1_45' title='bbox 3322 527 3374 575; x_wconf 90' lang='lat' dir='ltr'><strong>et</strong></span> <span class='ocrx_word' id='word_1_46' title='bbox 3389 525 3621 594; x_wconf 78' lang='lat' dir='ltr'><strong>apostolos</strong></span> 
     </span>
    </p>
   </div>
   <div class='ocr_carea' id='block_1_4' title="bbox 430 603 3624 682">
    <p class='ocr_par' dir='ltr' id='par_1_4' title="bbox 430 603 3624 682">
     <span class='ocr_line' id='line_1_4' title="bbox 430 603 3624 682; baseline 0.002 -22"><span class='ocrx_word' id='word_1_47' title='bbox 430 606 648 672; x_wconf 72' lang='lat' dir='ltr'><strong>(Matth.</strong></span> <span class='ocrx_word' id='word_1_48' title='bbox 662 607 796 674; x_wconf 71' lang='lat' dir='ltr'><strong>xxx),</strong></span> <span class='ocrx_word' id='word_1_49' title='bbox 821 621 888 660; x_wconf 83' lang='lat' dir='ltr'><strong>ex</strong></span> <span class='ocrx_word' id='word_1_50' title='bbox 908 621 974 660; x_wconf 94' lang='lat' dir='ltr'><strong>eo</strong></span> <span class='ocrx_word' id='word_1_51' title='bbox 997 611 1253 677; x_wconf 88' lang='lat' dir='ltr'><strong>tempore</strong></span> <span class='ocrx_word' id='word_1_52' title='bbox 1273 605 1370 676; x_wconf 89' lang='lat' dir='ltr'><strong>qui</strong></span> <span class='ocrx_word' id='word_1_53' title='bbox 1390 604 1450 658; x_wconf 90' lang='lat' dir='ltr'><strong>in</strong></span> <span class='ocrx_word' id='word_1_54' title='bbox 1463 603 1749 659; x_wconf 85' lang='lat' dir='ltr'><strong>Christum</strong></span> <span class='ocrx_word' id='word_1_55' title='bbox 1776 621 1888 658; x_wconf 89' lang='lat' dir='ltr'><strong>non</strong></span> <span class='ocrx_word' id='word_1_56' title='bbox 1909 620 2025 658; x_wconf 84' lang='lat' dir='ltr'><strong>cre-</strong></span> <span class='ocrx_word' id='word_1_57' title='bbox 2106 604 2424 672; x_wconf 87' lang='lat' dir='ltr'><strong>nominans,</strong></span> <span class='ocrx_word' id='word_1_58' title='bbox 2443 621 2640 660; x_wconf 89' lang='lat' dir='ltr'><strong>omnes</strong></span> <span class='ocrx_word' id='word_1_59' title='bbox 2660 607 2757 676; x_wconf 88' lang='lat' dir='ltr'><strong>qui</strong></span> <span class='ocrx_word' id='word_1_60' title='bbox 2779 605 2836 660; x_wconf 91' lang='lat' dir='ltr'><strong>in</strong></span> <span class='ocrx_word' id='word_1_61' title='bbox 2859 606 3083 660; x_wconf 77' lang='lat' dir='ltr'><strong>Christo</strong></span> <span class='ocrx_word' id='word_1_62' title='bbox 3111 609 3447 675; x_wconf 77' lang='lat' dir='ltr'><strong>crediderant,</strong></span> <span class='ocrx_word' id='word_1_63' title='bbox 3466 614 3624 682; x_wconf 88' lang='lat' dir='ltr'><strong>quales</strong></span> 
     </span>
    </p>
   </div>
   <div class='ocr_carea' id='block_1_5' title="bbox 426 692 3630 764">
    <p class='ocr_par' dir='ltr' id='par_1_5' title="bbox 426 692 3630 764">
     <span class='ocr_line' id='line_1_5' title="bbox 426 692 3630 764; baseline 0.002 -16"><span class='ocrx_word' id='word_1_64' title='bbox 426 692 568 749; x_wconf 88' lang='lat' dir='ltr'>didit</span> <span class='ocrx_word' id='word_1_65' title='bbox 585 693 693 749; x_wconf 84' lang='lat' dir='ltr'><strong>fuit</strong></span> <span class='ocrx_word' id='word_1_66' title='bbox 718 694 946 762; x_wconf 87' lang='lat' dir='ltr'><strong>stultus,</strong></span> <span class='ocrx_word' id='word_1_67' title='bbox 968 695 1336 760; x_wconf 88' lang='lat' dir='ltr'><strong>errabundus,</strong></span> <span class='ocrx_word' id='word_1_68' title='bbox 1362 693 1684 748; x_wconf 89' lang='lat' dir='ltr'><strong>incredulus</strong></span> <span class='ocrx_word' id='word_1_69' title='bbox 1703 698 1762 748; x_wconf 89' lang='lat' dir='ltr'><strong>et</strong></span> <span class='ocrx_word' id='word_1_70' title='bbox 1778 692 2024 747; x_wconf 84' lang='lat' dir='ltr'><strong>serviens</strong></span> <span class='ocrx_word' id='word_1_71' title='bbox 2103 692 2316 748; x_wconf 84' lang='lat' dir='ltr'><strong>fuerint</strong></span> <span class='ocrx_word' id='word_1_72' title='bbox 2343 699 2475 750; x_wconf 88' lang='lat' dir='ltr'><strong>ante</strong></span> <span class='ocrx_word' id='word_1_73' title='bbox 2501 694 2985 764; x_wconf 84' lang='lat' dir='ltr'><strong>regenerationem</strong></span> <span class='ocrx_word' id='word_1_74' title='bbox 3013 696 3210 752; x_wconf 82' lang='lat' dir='ltr'><strong>lavacri</strong></span> <span class='ocrx_word' id='word_1_75' title='bbox 3226 697 3395 752; x_wconf 78' lang='lat' dir='ltr'><strong>vitalis</strong></span> <span class='ocrx_word' id='word_1_76' title='bbox 3419 702 3630 754; x_wconf 87' lang='lat' dir='ltr'><strong>ostende-</strong></span> 
     </span>
    </p>
   </div>
   <div class='ocr_carea' id='block_1_6' title="bbox 425 781 3628 856">
    <p class='ocr_par' dir='ltr' id='par_1_6' title="bbox 425 781 3628 856">
     <span class='ocr_line' id='line_1_6' title="bbox 425 781 3628 856; baseline 0.002 -21"><span class='ocrx_word' id='word_1_77' title='bbox 425 781 596 837; x_wconf 89' lang='lat' dir='ltr'><strong>variis</strong></span> <span class='ocrx_word' id='word_1_78' title='bbox 609 782 1009 855; x_wconf 83' lang='lat' dir='ltr'><strong>voluptatibus.</strong></span> <span class='ocrx_word' id='word_1_79' title='bbox 1028 785 1242 839; x_wconf 87' lang='lat' dir='ltr'><strong>Annon</strong></span> <span class='ocrx_word' id='word_1_80' title='bbox 1262 782 1416 838; x_wconf 87' lang='lat' dir='ltr'><strong>vobis</strong></span> <span class='ocrx_word' id='word_1_81' title='bbox 1433 783 1652 837; x_wconf 89' lang='lat' dir='ltr'><strong>videtur</strong></span> <span class='ocrx_word' id='word_1_82' title='bbox 1669 782 1878 837; x_wconf 82' lang='lat' dir='ltr'><strong>Paulus</strong></span> <span class='ocrx_word' id='word_1_83' title='bbox 1891 782 2025 836; x_wconf 88' lang='lat' dir='ltr'><strong>fuis-</strong></span> <span class='ocrx_word' id='word_1_84' title='bbox 2106 781 2198 838; x_wconf 89' lang='lat' dir='ltr'><strong>rit.</strong></span> <span class='ocrx_word' id='word_1_85' title='bbox 2233 782 2412 838; x_wconf 88' lang='lat' dir='ltr'><strong>Simul</strong></span> <span class='ocrx_word' id='word_1_86' title='bbox 2440 790 2632 838; x_wconf 89' lang='lat' dir='ltr'><strong>autem</strong></span> <span class='ocrx_word' id='word_1_87' title='bbox 2676 788 2733 838; x_wconf 90' lang='lat' dir='ltr'><strong>et</strong></span> <span class='ocrx_word' id='word_1_88' title='bbox 2759 784 3048 840; x_wconf 83' lang='lat' dir='ltr'><strong>humilitas</strong></span> <span class='ocrx_word' id='word_1_89' title='bbox 3080 787 3198 856; x_wconf 84' lang='lat' dir='ltr'><strong>ejus</strong></span> <span class='ocrx_word' id='word_1_90' title='bbox 3224 792 3304 840; x_wconf 92' lang='lat' dir='ltr'><strong>est</strong></span> <span class='ocrx_word' id='word_1_91' title='bbox 3330 787 3628 854; x_wconf 77' lang='lat' dir='ltr'><strong>admiranda,</strong></span> 
     </span>
    </p>
   </div>
   <div class='ocr_carea' id='block_1_7' title="bbox 423 871 3632 948">
    <p class='ocr_par' dir='ltr' id='par_1_7' title="bbox 423 871 3632 948">
     <span class='ocr_line' id='line_1_7' title="bbox 423 871 3632 948; baseline 0.002 -23"><span class='ocrx_word' id='word_1_92' title='bbox 423 887 484 926; x_wconf 90' lang='lat' dir='ltr'><strong>se</strong></span> <span class='ocrx_word' id='word_1_93' title='bbox 501 871 726 939; x_wconf 87' lang='lat' dir='ltr'><strong>stultus,</strong></span> <span class='ocrx_word' id='word_1_94' title='bbox 750 873 974 944; x_wconf 79' lang='lat' dir='ltr'><strong>quando</strong></span> <span class='ocrx_word' id='word_1_95' title='bbox 992 872 1237 928; x_wconf 85' lang='lat' dir='ltr'><strong>habebat</strong></span> <span class='ocrx_word' id='word_1_96' title='bbox 1248 872 1431 928; x_wconf 90' lang='lat' dir='ltr'><strong>zelum</strong></span> <span class='ocrx_word' id='word_1_97' title='bbox 1448 871 1674 938; x_wconf 89' lang='lat' dir='ltr'><strong>Dei,sed</strong></span> <span class='ocrx_word' id='word_1_98' title='bbox 1694 888 1808 927; x_wconf 90' lang='lat' dir='ltr'><strong>non</strong></span> <span class='ocrx_word' id='word_1_99' title='bbox 1827 888 2024 926; x_wconf 90' lang='lat' dir='ltr'><strong>secun-</strong></span> <span class='ocrx_word' id='word_1_100' title='bbox 2108 871 2256 942; x_wconf 89' lang='lat' dir='ltr'><strong>quod</strong></span> <span class='ocrx_word' id='word_1_101' title='bbox 2286 871 2382 943; x_wconf 88' lang='lat' dir='ltr'><strong>qui</strong></span> <span class='ocrx_word' id='word_1_102' title='bbox 2411 889 2637 927; x_wconf 92' lang='lat' dir='ltr'><strong>omnem</strong></span> <span class='ocrx_word' id='word_1_103' title='bbox 2650 873 2954 928; x_wconf 79' lang='lat' dir='ltr'><strong>utilitatem</strong></span> <span class='ocrx_word' id='word_1_104' title='bbox 2968 874 3344 946; x_wconf 85' lang='lat' dir='ltr'><strong>justitiamque</strong></span> <span class='ocrx_word' id='word_1_105' title='bbox 3364 876 3488 947; x_wconf 81' lang='lat' dir='ltr'><strong>legis</strong></span> <span class='ocrx_word' id='word_1_106' title='bbox 3505 878 3632 948; x_wconf 85' lang='lat' dir='ltr'><strong>quasi</strong></span> 
     </span>
    </p>
   </div>
   <div class='ocr_carea' id='block_1_8' title="bbox 423 959 3632 1036">
    <p class='ocr_par' dir='ltr' id='par_1_8' title="bbox 423 959 3632 1036">
     <span class='ocr_line' id='line_1_8' title="bbox 423 959 3632 1036; baseline 0.002 -21"><span class='ocrx_word' id='word_1_107' title='bbox 423 959 561 1015; x_wconf 89' lang='lat' dir='ltr'><strong>dum</strong></span> <span class='ocrx_word' id='word_1_108' title='bbox 580 961 873 1017; x_wconf 88' lang='lat' dir='ltr'><strong>scientiam</strong></span> <span class='ocrx_word' id='word_1_109' title='bbox 891 963 1058 1034; x_wconf 86' lang='lat' dir='ltr'><strong>(Rom.</strong></span> <span class='ocrx_word' id='word_1_110' title='bbox 1085 980 1154 1030; x_wconf 85' lang='lat' dir='ltr'><strong>x;</strong></span> <span class='ocrx_word' id='word_1_111' title='bbox 1185 963 1220 1018; x_wconf 88' lang='lat' dir='ltr'><em>I</em></span> <span class='ocrx_word' id='word_1_112' title='bbox 1237 964 1361 1020; x_wconf 78' lang='lat' dir='ltr'><strong>Cor.</strong></span> <span class='ocrx_word' id='word_1_113' title='bbox 1384 963 1490 1032; x_wconf 86' lang='lat' dir='ltr'><strong>xv),</strong></span> <span class='ocrx_word' id='word_1_114' title='bbox 1509 966 1568 1016; x_wconf 90' lang='lat' dir='ltr'><strong>et</strong></span> <span class='ocrx_word' id='word_1_115' title='bbox 1583 959 2026 1033; x_wconf 84' lang='lat' dir='ltr'><strong>persequebatur</strong></span> <span class='ocrx_word' id='word_1_116' title='bbox 2108 959 2437 1033; x_wconf 85' lang='lat' dir='ltr'><strong>quisquilias</strong></span> <span class='ocrx_word' id='word_1_117' title='bbox 2455 967 2512 1016; x_wconf 90' lang='lat' dir='ltr'><strong>et</strong></span> <span class='ocrx_word' id='word_1_118' title='bbox 2540 968 2912 1034; x_wconf 83' lang='lat' dir='ltr'><strong>purgamenta</strong></span> <span class='ocrx_word' id='word_1_119' title='bbox 2939 964 3283 1036; x_wconf 84' lang='lat' dir='ltr'><strong>contempsit,</strong></span> <span class='ocrx_word' id='word_1_120' title='bbox 3304 969 3438 1018; x_wconf 79' lang='lat' dir='ltr'><strong>recte</strong></span> <span class='ocrx_word' id='word_1_121' title='bbox 3463 983 3513 1019; x_wconf 89' lang='lat' dir='ltr'><strong>se</strong></span> <span class='ocrx_word' id='word_1_122' title='bbox 3537 965 3632 1020; x_wconf 84' lang='lat' dir='ltr'><strong>sine</strong></span> 
     </span>
    </p>
   </div>
   <div class='ocr_carea' id='block_1_9' title="bbox 423 1048 3419 1124">
    <p class='ocr_par' dir='ltr' id='par_1_9' title="bbox 423 1048 3419 1124">
     <span class='ocr_line' id='line_1_9' title="bbox 423 1048 3419 1124; baseline 0.001 -19"><span class='ocrx_word' id='word_1_123' title='bbox 423 1048 728 1106; x_wconf 86' lang='lat' dir='ltr'><strong>Ecclesiam</strong></span> <span class='ocrx_word' id='word_1_124' title='bbox 737 1051 1176 1123; x_wconf 85' lang='lat' dir='ltr'><strong>etlapidantium</strong></span> <span class='ocrx_word' id='word_1_125' title='bbox 1187 1051 1538 1124; x_wconf 77' lang='lat' dir='ltr'><strong>Stephanum</strong></span> <span class='ocrx_word' id='word_1_126' title='bbox 1546 1049 1882 1106; x_wconf 87' lang='lat' dir='ltr'><strong>vestimenta</strong></span> <span class='ocrx_word' id='word_1_127' title='bbox 1899 1067 2022 1106; x_wconf 88' lang='lat' dir='ltr'><strong>ser-</strong></span> <span class='ocrx_word' id='word_1_128' title='bbox 2105 1049 2328 1104; x_wconf 84' lang='lat' dir='ltr'><strong>Christo</strong></span> <span class='ocrx_word' id='word_1_129' title='bbox 2355 1050 2507 1104; x_wconf 87' lang='lat' dir='ltr'><strong>vitiis</strong></span> <span class='ocrx_word' id='word_1_130' title='bbox 2535 1051 2797 1107; x_wconf 90' lang='lat' dir='ltr'><strong>omnibus</strong></span> <span class='ocrx_word' id='word_1_131' title='bbox 2826 1051 3062 1108; x_wconf 88' lang='lat' dir='ltr'><strong>servisse</strong></span> <span class='ocrx_word' id='word_1_132' title='bbox 3092 1054 3419 1108; x_wconf 87' lang='lat' dir='ltr'><strong>memorarit.</strong></span> 
     </span>
    </p>
   </div>
   <div class='ocr_carea' id='block_1_10' title="bbox 420 1137 3637 1210">
    <p class='ocr_par' dir='ltr' id='par_1_10' title="bbox 420 1137 3637 1210">
     <span class='ocr_line' id='line_1_10' title="bbox 420 1137 3637 1210; baseline 0.001 -17"><span class='ocrx_word' id='word_1_133' title='bbox 420 1137 770 1196; x_wconf 70' lang='lat' dir='ltr'><strong>vabatNAct.</strong></span> <span class='ocrx_word' id='word_1_134' title='bbox 799 1145 918 1210; x_wconf 83' lang='lat' dir='ltr'><strong>vn.)</strong></span> <span class='ocrx_word' id='word_1_135' title='bbox 939 1140 1082 1198; x_wconf 90' lang='lat' dir='ltr'><strong>Cum</strong></span> <span class='ocrx_word' id='word_1_136' title='bbox 1119 1140 1180 1196; x_wconf 93' lang='lat' dir='ltr'><strong>in</strong></span> <span class='ocrx_word' id='word_1_137' title='bbox 1204 1145 1430 1196; x_wconf 86' lang='lat' dir='ltr'><strong>tantum</strong></span> <span class='ocrx_word' id='word_1_138' title='bbox 1458 1139 1574 1196; x_wconf 92' lang='lat' dir='ltr'><strong>odii</strong></span> <span class='ocrx_word' id='word_1_139' title='bbox 1603 1145 1800 1196; x_wconf 89' lang='lat' dir='ltr'><strong>contra</strong></span> <span class='ocrx_word' id='word_1_140' title='bbox 1828 1141 2024 1196; x_wconf 90' lang='lat' dir='ltr'><strong>Serva-</strong></span> <span class='ocrx_word' id='word_1_141' title='bbox 2178 1159 2201 1191; x_wconf 76' lang='grc' dir='ltr'>ι</span> <span class='ocrx_word' id='word_1_142' title='bbox 2227 1139 2415 1194; x_wconf 89' lang='lat' dir='ltr'><strong>Fidele</strong></span> <span class='ocrx_word' id='word_1_143' title='bbox 2443 1139 2695 1207; x_wconf 87' lang='lat' dir='ltr'><strong>verbum,</strong></span> <span class='ocrx_word' id='word_1_144' title='bbox 2719 1145 2778 1195; x_wconf 90' lang='lat' dir='ltr'><strong>et</strong></span> <span class='ocrx_word' id='word_1_145' title='bbox 2804 1141 2875 1196; x_wconf 90' lang='lat' dir='ltr'><strong>de</strong></span> <span class='ocrx_word' id='word_1_146' title='bbox 2910 1141 2998 1196; x_wconf 87' lang='lat' dir='ltr'><strong>his</strong></span> <span class='ocrx_word' id='word_1_147' title='bbox 3027 1142 3149 1196; x_wconf 88' lang='lat' dir='ltr'><strong>volo</strong></span> <span class='ocrx_word' id='word_1_148' title='bbox 3176 1148 3230 1197; x_wconf 88' lang='lat' dir='ltr'><strong>te</strong></span> <span class='ocrx_word' id='word_1_149' title='bbox 3257 1143 3559 1208; x_wconf 88' lang='lat' dir='ltr'><strong>conﬁrmari,</strong></span> <span class='ocrx_word' id='word_1_150' title='bbox 3587 1148 3637 1197; x_wconf 83' lang='lat' dir='ltr'><strong>ut</strong></span> 
     </span>
    </p>
   </div>
   <div class='ocr_carea' id='block_1_11' title="bbox 421 1227 3643 1303">
    <p class='ocr_par' dir='ltr' id='par_1_11' title="bbox 421 1227 3643 1303">
     <span class='ocr_line' id='line_1_11' title="bbox 421 1227 3643 1303; baseline 0.001 -21"><span class='ocrx_word' id='word_1_151' title='bbox 421 1231 604 1282; x_wconf 89' lang='lat' dir='ltr'><strong>torem</strong></span> <span class='ocrx_word' id='word_1_152' title='bbox 621 1227 924 1301; x_wconf 86' lang='lat' dir='ltr'><strong>instigatus</strong></span> <span class='ocrx_word' id='word_1_153' title='bbox 938 1234 1242 1298; x_wconf 82' lang='lat' dir='ltr'><strong>exarserat,</strong></span> <span class='ocrx_word' id='word_1_154' title='bbox 1264 1235 1330 1285; x_wconf 90' lang='lat' dir='ltr'><strong>ut</strong></span> <span class='ocrx_word' id='word_1_155' title='bbox 1348 1229 1566 1285; x_wconf 87' lang='lat' dir='ltr'><strong>litteras</strong></span> <span class='ocrx_word' id='word_1_156' title='bbox 1586 1246 1620 1284; x_wconf 91' lang='lat' dir='ltr'><strong>a</strong></span> <span class='ocrx_word' id='word_1_157' title='bbox 1639 1228 2022 1285; x_wconf 86' lang='lat' dir='ltr'><strong>sacerdotibus</strong></span> <span class='ocrx_word' id='word_1_158' title='bbox 2107 1246 2133 1280; x_wconf 86' lang='lat'>«</span> <span class='ocrx_word' id='word_1_159' title='bbox 2163 1227 2382 1282; x_wconf 88' lang='lat' dir='ltr'><strong>solliciti</strong></span> <span class='ocrx_word' id='word_1_160' title='bbox 2403 1227 2520 1283; x_wconf 90' lang='lat' dir='ltr'><strong>sint</strong></span> <span class='ocrx_word' id='word_1_161' title='bbox 2548 1228 2708 1285; x_wconf 89' lang='lat' dir='ltr'><strong>bonis</strong></span> <span class='ocrx_word' id='word_1_162' title='bbox 2745 1229 3008 1302; x_wconf 89' lang='lat' dir='ltr'><strong>operibus</strong></span> <span class='ocrx_word' id='word_1_163' title='bbox 3040 1249 3274 1303; x_wconf 68' lang='lat' dir='ltr'><strong>praeesse</strong></span> <span class='ocrx_word' id='word_1_164' title='bbox 3301 1230 3360 1285; x_wconf 91' lang='lat' dir='ltr'><strong>hi</strong></span> <span class='ocrx_word' id='word_1_165' title='bbox 3387 1230 3475 1302; x_wconf 87' lang='lat' dir='ltr'><strong>qui</strong></span> <span class='ocrx_word' id='word_1_166' title='bbox 3495 1231 3643 1286; x_wconf 85' lang='lat' dir='ltr'><strong>credi-</strong></span> 
     </span>
    </p>
   </div>
   <div class='ocr_carea' id='block_1_12' title="bbox 421 1315 3644 1390">
    <p class='ocr_par' dir='ltr' id='par_1_12' title="bbox 421 1315 3644 1390">
     <span class='ocr_line' id='line_1_12' title="bbox 421 1315 3644 1390; baseline 0.002 -20"><span class='ocrx_word' id='word_1_167' title='bbox 421 1315 701 1389; x_wconf 88' lang='lat' dir='ltr'><strong>acciperet</strong></span> <span class='ocrx_word' id='word_1_168' title='bbox 727 1335 967 1390; x_wconf 81' lang='lat' dir='ltr'><strong>pergens</strong></span> <span class='ocrx_word' id='word_1_169' title='bbox 994 1320 1332 1375; x_wconf 86' lang='lat' dir='ltr'><strong>Damascum</strong></span> <span class='ocrx_word' id='word_1_170' title='bbox 1358 1319 1431 1373; x_wconf 89' lang='lat' dir='ltr'><strong>ad</strong></span> <span class='ocrx_word' id='word_1_171' title='bbox 1460 1335 1556 1374; x_wconf 90' lang='lat' dir='ltr'><strong>eos</strong></span> <span class='ocrx_word' id='word_1_172' title='bbox 1591 1318 1688 1390; x_wconf 90' lang='lat' dir='ltr'><strong>qui</strong></span> <span class='ocrx_word' id='word_1_173' title='bbox 1733 1318 2022 1374; x_wconf 86' lang='lat' dir='ltr'><strong>Christum</strong></span> <span class='ocrx_word' id='word_1_174' title='bbox 2107 1335 2132 1368; x_wconf 80' lang='grc'><strong><em>‹</em></strong></span> <span class='ocrx_word' id='word_1_175' title='bbox 2163 1317 2371 1372; x_wconf 88' lang='lat' dir='ltr'><strong>derunt</strong></span> <span class='ocrx_word' id='word_1_176' title='bbox 2399 1318 2551 1385; x_wconf 89' lang='lat' dir='ltr'><strong>Deo;</strong></span> <span class='ocrx_word' id='word_1_177' title='bbox 2588 1319 2706 1374; x_wconf 83' lang='lat' dir='ltr'><strong>haec</strong></span> <span class='ocrx_word' id='word_1_178' title='bbox 2733 1319 2886 1374; x_wconf 92' lang='lat' dir='ltr'><strong>enim</strong></span> <span class='ocrx_word' id='word_1_179' title='bbox 2915 1326 3052 1375; x_wconf 91' lang='lat' dir='ltr'><strong>sunt</strong></span> <span class='ocrx_word' id='word_1_180' title='bbox 3077 1319 3222 1375; x_wconf 89' lang='lat' dir='ltr'><strong>bona</strong></span> <span class='ocrx_word' id='word_1_181' title='bbox 3245 1326 3300 1375; x_wconf 92' lang='lat' dir='ltr'><strong>et</strong></span> <span class='ocrx_word' id='word_1_182' title='bbox 3325 1321 3474 1374; x_wconf 87' lang='lat' dir='ltr'><strong>utilia</strong></span> <span class='ocrx_word' id='word_1_183' title='bbox 3497 1319 3644 1374; x_wconf 88' lang='lat' dir='ltr'><strong>homi-</strong></span> 
     </span>
    </p>
   </div>
   <div class='ocr_carea' id='block_1_13' title="bbox 420 1405 3647 1481">
    <p class='ocr_par' dir='ltr' id='par_1_13' title="bbox 420 1405 3647 1481">
     <span class='ocr_line' id='line_1_13' title="bbox 420 1405 3647 1481; baseline 0 -21"><span class='ocrx_word' id='word_1_184' title='bbox 420 1405 780 1463; x_wconf 86' lang='lat' dir='ltr'><strong>crediderant</strong></span> <span class='ocrx_word' id='word_1_185' title='bbox 798 1409 1158 1464; x_wconf 84' lang='lat' dir='ltr'><strong>vinciendos?</strong></span> <span class='ocrx_word' id='word_1_186' title='bbox 1177 1405 1317 1481; x_wconf 76' lang='lat' dir='ltr'><strong>(Act.</strong></span> <span class='ocrx_word' id='word_1_187' title='bbox 1339 1411 1436 1478; x_wconf 81' lang='lat' dir='ltr'><strong>rx.)</strong></span> <span class='ocrx_word' id='word_1_188' title='bbox 1454 1413 1555 1462; x_wconf 88' lang='lat' dir='ltr'><strong>aut</strong></span> <span class='ocrx_word' id='word_1_189' title='bbox 1575 1407 1856 1480; x_wconf 91' lang='lat' dir='ltr'><strong>quomodo</strong></span> <span class='ocrx_word' id='word_1_190' title='bbox 1875 1408 2021 1463; x_wconf 89' lang='lat' dir='ltr'><strong>ullas</strong></span> <span class='ocrx_word' id='word_1_191' title='bbox 2107 1423 2134 1457; x_wconf 90' lang='lat'>«</span> <span class='ocrx_word' id='word_1_192' title='bbox 2165 1405 2350 1461; x_wconf 88' lang='lat' dir='ltr'><strong>nibus.</strong></span> <span class='ocrx_word' id='word_1_193' title='bbox 2379 1425 2406 1459; x_wconf 83' lang='grc'>»</span> <span class='ocrx_word' id='word_1_194' title='bbox 2443 1407 2677 1474; x_wconf 70' lang='grc' dir='ltr'><strong>(Ανηὸν.)</strong></span> <span class='ocrx_word' id='word_1_195' title='bbox 2719 1409 2865 1463; x_wconf 92' lang='lat' dir='ltr'><strong>Cum</strong></span> <span class='ocrx_word' id='word_1_196' title='bbox 2907 1409 3058 1463; x_wconf 88' lang='lat' dir='ltr'><strong>enim</strong></span> <span class='ocrx_word' id='word_1_197' title='bbox 3097 1425 3213 1464; x_wconf 91' lang='lat' dir='ltr'><strong>non</strong></span> <span class='ocrx_word' id='word_1_198' title='bbox 3242 1408 3468 1463; x_wconf 90' lang='lat' dir='ltr'><strong>dubium</strong></span> <span class='ocrx_word' id='word_1_199' title='bbox 3505 1408 3573 1462; x_wconf 87' lang='lat' dir='ltr'><strong>sit</strong></span> <span class='ocrx_word' id='word_1_200' title='bbox 3603 1415 3647 1461; x_wconf 88' lang='lat' dir='ltr'><strong>et</strong></span> 
     </span>
    </p>
   </div>
   <div class='ocr_carea' id='block_1_14' title="bbox 421 1495 3652 1575">
    <p class='ocr_par' dir='ltr' id='par_1_14' title="bbox 421 1495 3652 1575">
     <span class='ocr_line' id='line_1_14' title="bbox 421 1495 3652 1575; baseline 0 -27"><span class='ocrx_word' id='word_1_201' title='bbox 421 1499 645 1566; x_wconf 81' lang='lat' dir='ltr'><strong>poterat</strong></span> <span class='ocrx_word' id='word_1_202' title='bbox 683 1495 893 1552; x_wconf 92' lang='lat' dir='ltr'><strong>habere</strong></span> <span class='ocrx_word' id='word_1_203' title='bbox 938 1497 1176 1554; x_wconf 79' lang='lat' dir='ltr'><strong>virtutes</strong></span> <span class='ocrx_word' id='word_1_204' title='bbox 1232 1497 1354 1552; x_wconf 86' lang='lat' dir='ltr'><strong>sine</strong></span> <span class='ocrx_word' id='word_1_205' title='bbox 1397 1497 1607 1552; x_wconf 87' lang='lat' dir='ltr'><strong>virtute</strong></span> <span class='ocrx_word' id='word_1_206' title='bbox 1661 1497 1764 1552; x_wconf 92' lang='lat' dir='ltr'><strong>Dei</strong></span> <span class='ocrx_word' id='word_1_207' title='bbox 1811 1495 2020 1552; x_wconf 90' lang='lat' dir='ltr'><strong>Christi</strong></span> <span class='ocrx_word' id='word_1_208' title='bbox 2105 1511 2315 1562; x_wconf 91' lang='lat' dir='ltr'><strong>verum,</strong></span> <span class='ocrx_word' id='word_1_209' title='bbox 2339 1495 2488 1566; x_wconf 90' lang='lat' dir='ltr'><strong>quod</strong></span> <span class='ocrx_word' id='word_1_210' title='bbox 2503 1495 2610 1575; x_wconf 86' lang='lat' dir='ltr'><strong>ipsi</strong></span> <span class='ocrx_word' id='word_1_211' title='bbox 2629 1496 3013 1552; x_wconf 89' lang='lat' dir='ltr'><strong>misericordia</strong></span> <span class='ocrx_word' id='word_1_212' title='bbox 3031 1497 3133 1552; x_wconf 91' lang='lat' dir='ltr'><strong>Dei</strong></span> <span class='ocrx_word' id='word_1_213' title='bbox 3151 1503 3308 1552; x_wconf 88' lang='lat' dir='ltr'><strong>tanta</strong></span> <span class='ocrx_word' id='word_1_214' title='bbox 3339 1514 3516 1552; x_wconf 89' lang='lat' dir='ltr'><strong>sumus</strong></span> <span class='ocrx_word' id='word_1_215' title='bbox 3533 1496 3652 1550; x_wconf 86' lang='lat' dir='ltr'><strong>bona</strong></span> 
     </span>
    </p>
   </div>
   <div class='ocr_carea' id='block_1_15' title="bbox 417 1581 3650 1659">
    <p class='ocr_par' dir='ltr' id='par_1_15' title="bbox 417 1581 3650 1659">
     <span class='ocr_line' id='line_1_15' title="bbox 417 1581 3650 1659; baseline 0 -21"><span class='ocrx_word' id='word_1_216' title='bbox 417 1581 450 1637; x_wconf 86' lang='lat' dir='ltr'><strong>J</strong></span> <span class='ocrx_word' id='word_1_217' title='bbox 452 1599 572 1650; x_wconf 90' lang='lat' dir='ltr'><strong>esu,</strong></span> <span class='ocrx_word' id='word_1_218' title='bbox 596 1589 696 1640; x_wconf 91' lang='lat' dir='ltr'><strong>aut</strong></span> <span class='ocrx_word' id='word_1_219' title='bbox 721 1590 1057 1642; x_wconf 70' lang='lat' dir='ltr'><strong>aestuantem</strong></span> <span class='ocrx_word' id='word_1_220' title='bbox 1084 1587 1372 1642; x_wconf 85' lang='lat' dir='ltr'><strong>ﬂammam</strong></span> <span class='ocrx_word' id='word_1_221' title='bbox 1400 1587 1753 1657; x_wconf 81' lang='lat' dir='ltr'><strong>restinguere</strong></span> <span class='ocrx_word' id='word_1_222' title='bbox 1770 1585 2021 1657; x_wconf 85' lang='lat' dir='ltr'><strong>volupta-</strong></span> <span class='ocrx_word' id='word_1_223' title='bbox 2101 1583 2361 1650; x_wconf 81' lang='lat' dir='ltr'><strong>assecuti,</strong></span> <span class='ocrx_word' id='word_1_224' title='bbox 2383 1585 2490 1638; x_wconf 92' lang='lat' dir='ltr'><strong>hoc</strong></span> <span class='ocrx_word' id='word_1_225' title='bbox 2505 1584 2632 1640; x_wconf 90' lang='lat' dir='ltr'><strong>ideo</strong></span> <span class='ocrx_word' id='word_1_226' title='bbox 2651 1585 2790 1640; x_wconf 89' lang='lat' dir='ltr'><strong>dicit</strong></span> <span class='ocrx_word' id='word_1_227' title='bbox 2808 1586 2971 1642; x_wconf 90' lang='lat' dir='ltr'><strong>ﬁdele</strong></span> <span class='ocrx_word' id='word_1_228' title='bbox 2989 1586 3238 1652; x_wconf 88' lang='lat' dir='ltr'><strong>verbum,</strong></span> <span class='ocrx_word' id='word_1_229' title='bbox 3257 1585 3650 1659; x_wconf 83' lang='lat' dir='ltr'><strong>praecedentibus</strong></span> 
     </span>
    </p>
   </div>
   <div class='ocr_carea' id='block_1_16' title="bbox 419 1667 3653 1749">
    <p class='ocr_par' dir='ltr' id='par_1_16' title="bbox 419 1667 3653 1749">
     <span class='ocr_line' id='line_1_16' title="bbox 419 1667 3653 1749; baseline -0 -21"><span class='ocrx_word' id='word_1_230' title='bbox 419 1677 562 1739; x_wconf 85' lang='lat' dir='ltr'><strong>tum,</strong></span> <span class='ocrx_word' id='word_1_231' title='bbox 579 1689 709 1729; x_wconf 89' lang='lat' dir='ltr'><strong>cum</strong></span> <span class='ocrx_word' id='word_1_232' title='bbox 727 1691 842 1731; x_wconf 88' lang='lat' dir='ltr'><strong>non</strong></span> <span class='ocrx_word' id='word_1_233' title='bbox 859 1681 1007 1732; x_wconf 81' lang='lat' dir='ltr'><strong>esset</strong></span> <span class='ocrx_word' id='word_1_234' title='bbox 1023 1676 1298 1749; x_wconf 89' lang='lat' dir='ltr'><strong>templum</strong></span> <span class='ocrx_word' id='word_1_235' title='bbox 1317 1675 1461 1732; x_wconf 86' lang='lat' dir='ltr'><strong>Dei?</strong></span> <span class='ocrx_word' id='word_1_236' title='bbox 1482 1676 1618 1740; x_wconf 86' lang='lat' dir='ltr'><strong>Quae</strong></span> <span class='ocrx_word' id='word_1_237' title='bbox 1632 1680 1824 1730; x_wconf 91' lang='lat' dir='ltr'><strong>autem</strong></span> <span class='ocrx_word' id='word_1_238' title='bbox 1835 1667 2020 1747; x_wconf 85' lang='lat' dir='ltr'><strong>major</strong></span> <span class='ocrx_word' id='word_1_239' title='bbox 2100 1671 2241 1727; x_wconf 90' lang='lat' dir='ltr'><strong>illud</strong></span> <span class='ocrx_word' id='word_1_240' title='bbox 2286 1677 2618 1741; x_wconf 89' lang='lat' dir='ltr'><strong>annectens;</strong></span> <span class='ocrx_word' id='word_1_241' title='bbox 2666 1675 3046 1731; x_wconf 90' lang='lat' dir='ltr'><strong>necessarium</strong></span> <span class='ocrx_word' id='word_1_242' title='bbox 3081 1676 3277 1748; x_wconf 89' lang='lat' dir='ltr'><strong>utique</strong></span> <span class='ocrx_word' id='word_1_243' title='bbox 3319 1682 3422 1742; x_wconf 90' lang='lat' dir='ltr'><strong>est,</strong></span> <span class='ocrx_word' id='word_1_244' title='bbox 3461 1680 3520 1729; x_wconf 93' lang='lat' dir='ltr'><strong>ut</strong></span> <span class='ocrx_word' id='word_1_245' title='bbox 3557 1674 3653 1745; x_wconf 87' lang='lat' dir='ltr'><strong>ipse</strong></span> 
     </span>
    </p>
   </div>
   <div class='ocr_carea' id='block_1_17' title="bbox 418 1757 3652 1836">
    <p class='ocr_par' dir='ltr' id='par_1_17' title="bbox 418 1757 3652 1836">
     <span class='ocr_line' id='line_1_17' title="bbox 418 1757 3652 1836; baseline 0 -20"><span class='ocrx_word' id='word_1_246' title='bbox 418 1766 607 1832; x_wconf 83' lang='lat' dir='ltr'><strong>potest</strong></span> <span class='ocrx_word' id='word_1_247' title='bbox 623 1779 746 1820; x_wconf 88' lang='lat' dir='ltr'><strong>esse</strong></span> <span class='ocrx_word' id='word_1_248' title='bbox 773 1763 991 1821; x_wconf 91' lang='lat' dir='ltr'><strong>malitia</strong></span> <span class='ocrx_word' id='word_1_249' title='bbox 1010 1770 1068 1821; x_wconf 91' lang='lat' dir='ltr'><strong>et</strong></span> <span class='ocrx_word' id='word_1_250' title='bbox 1095 1765 1326 1833; x_wconf 88' lang='lat' dir='ltr'><strong>invidia,</strong></span> <span class='ocrx_word' id='word_1_251' title='bbox 1349 1781 1522 1836; x_wconf 90' lang='lat' dir='ltr'><strong>quam</strong></span> <span class='ocrx_word' id='word_1_252' title='bbox 1541 1769 1739 1820; x_wconf 88' lang='lat' dir='ltr'><strong>contra</strong></span> <span class='ocrx_word' id='word_1_253' title='bbox 1756 1765 2017 1820; x_wconf 84' lang='lat' dir='ltr'><strong>absentes</strong></span> <span class='ocrx_word' id='word_1_254' title='bbox 2037 1757 2085 1817; x_wconf 88' lang='lat' dir='ltr'><strong>B</strong></span> <span class='ocrx_word' id='word_1_255' title='bbox 2101 1777 2229 1816; x_wconf 85' lang='lat' dir='ltr'><strong>cum</strong></span> <span class='ocrx_word' id='word_1_256' title='bbox 2259 1762 2440 1816; x_wconf 88' lang='lat' dir='ltr'><strong>multa</strong></span> <span class='ocrx_word' id='word_1_257' title='bbox 2472 1762 2679 1818; x_wconf 88' lang='lat' dir='ltr'><strong>ﬁducia</strong></span> <span class='ocrx_word' id='word_1_258' title='bbox 2713 1764 2784 1818; x_wconf 93' lang='lat' dir='ltr'><strong>de</strong></span> <span class='ocrx_word' id='word_1_259' title='bbox 2814 1764 2904 1818; x_wconf 89' lang='lat' dir='ltr'><strong>his</strong></span> <span class='ocrx_word' id='word_1_260' title='bbox 2940 1765 3161 1833; x_wconf 89' lang='lat' dir='ltr'><strong>doceas,</strong></span> <span class='ocrx_word' id='word_1_261' title='bbox 3195 1771 3252 1819; x_wconf 93' lang='lat' dir='ltr'><strong>et</strong></span> <span class='ocrx_word' id='word_1_262' title='bbox 3275 1765 3549 1819; x_wconf 88' lang='lat' dir='ltr'><strong>consilium</strong></span> <span class='ocrx_word' id='word_1_263' title='bbox 3573 1763 3652 1816; x_wconf 86' lang='lat' dir='ltr'><strong>des</strong></span> 
     </span>
    </p>
   </div>
   <div class='ocr_carea' id='block_1_18' title="bbox 415 1849 3652 1926">
    <p class='ocr_par' dir='ltr' id='par_1_18' title="bbox 415 1849 3652 1926">
     <span class='ocr_line' id='line_1_18' title="bbox 415 1849 3652 1926; baseline 0 -22"><span class='ocrx_word' id='word_1_264' title='bbox 415 1849 683 1922; x_wconf 84' lang='lat' dir='ltr'><strong>epistolas</strong></span> <span class='ocrx_word' id='word_1_265' title='bbox 708 1869 953 1921; x_wconf 85' lang='lat' dir='ltr'><strong>sumere,</strong></span> <span class='ocrx_word' id='word_1_266' title='bbox 975 1859 1035 1910; x_wconf 83' lang='lat' dir='ltr'><strong>et</strong></span> <span class='ocrx_word' id='word_1_267' title='bbox 1060 1853 1267 1926; x_wconf 89' lang='lat' dir='ltr'><strong>ubique</strong></span> <span class='ocrx_word' id='word_1_268' title='bbox 1294 1853 1506 1910; x_wconf 88' lang='lat' dir='ltr'><strong>Christi</strong></span> <span class='ocrx_word' id='word_1_269' title='bbox 1527 1859 1748 1908; x_wconf 85' lang='lat' dir='ltr'><strong>vastare</strong></span> <span class='ocrx_word' id='word_1_270' title='bbox 1776 1853 2020 1926; x_wconf 88' lang='lat' dir='ltr'><strong>discipu-</strong></span> <span class='ocrx_word' id='word_1_271' title='bbox 2100 1849 2230 1918; x_wconf 86' lang='lat' dir='ltr'><strong>illis,</strong></span> <span class='ocrx_word' id='word_1_272' title='bbox 2253 1851 2352 1922; x_wconf 90' lang='lat' dir='ltr'><strong>qui</strong></span> <span class='ocrx_word' id='word_1_273' title='bbox 2369 1851 2712 1906; x_wconf 89' lang='lat' dir='ltr'><strong>crediderint</strong></span> <span class='ocrx_word' id='word_1_274' title='bbox 2735 1853 2872 1919; x_wconf 90' lang='lat' dir='ltr'><strong>Deo,</strong></span> <span class='ocrx_word' id='word_1_275' title='bbox 2895 1859 3174 1926; x_wconf 87' lang='lat' dir='ltr'><strong>quatenus</strong></span> <span class='ocrx_word' id='word_1_276' title='bbox 3203 1853 3534 1924; x_wconf 84' lang='lat' dir='ltr'><strong>diligentiam</strong></span> <span class='ocrx_word' id='word_1_277' title='bbox 3547 1868 3652 1905; x_wconf 88' lang='lat' dir='ltr'><strong>con-</strong></span> 
     </span>
    </p>
   </div>
   <div class='ocr_carea' id='block_1_19' title="bbox 419 1936 3654 2015">
    <p class='ocr_par' dir='ltr' id='par_1_19' title="bbox 419 1936 3654 2015">
     <span class='ocr_line' id='line_1_19' title="bbox 419 1936 3654 2015; baseline 0 -23"><span class='ocrx_word' id='word_1_278' title='bbox 419 1938 538 1994; x_wconf 80' lang='lat' dir='ltr'><strong>los?</strong></span> <span class='ocrx_word' id='word_1_279' title='bbox 563 1936 726 1997; x_wconf 82' lang='lat' dir='ltr'><strong>Nolle</strong></span> <span class='ocrx_word' id='word_1_280' title='bbox 752 1941 941 2015; x_wconf 89' lang='lat' dir='ltr'><strong>ipsum</strong></span> <span class='ocrx_word' id='word_1_281' title='bbox 973 1943 1192 1998; x_wconf 87' lang='lat' dir='ltr'><strong>salvum</strong></span> <span class='ocrx_word' id='word_1_282' title='bbox 1222 1943 1365 2009; x_wconf 87' lang='lat' dir='ltr'><strong>ﬁeri,</strong></span> <span class='ocrx_word' id='word_1_283' title='bbox 1400 1947 1460 1998; x_wconf 89' lang='lat' dir='ltr'><strong>et</strong></span> <span class='ocrx_word' id='word_1_284' title='bbox 1497 1941 1710 1998; x_wconf 65' lang='lat' dir='ltr'><strong>caeteris</strong></span> <span class='ocrx_word' id='word_1_285' title='bbox 1749 1941 1846 2014; x_wconf 90' lang='lat' dir='ltr'><strong>qui</strong></span> <span class='ocrx_word' id='word_1_286' title='bbox 1877 1941 2016 1996; x_wconf 88' lang='lat' dir='ltr'><strong>salvi</strong></span> <span class='ocrx_word' id='word_1_287' title='bbox 2097 1939 2415 1996; x_wconf 80' lang='lat' dir='ltr'><strong>venientem</strong></span> <span class='ocrx_word' id='word_1_288' title='bbox 2441 1940 2764 2008; x_wconf 87' lang='lat' dir='ltr'><strong>adhibeant,</strong></span> <span class='ocrx_word' id='word_1_289' title='bbox 2811 1959 2878 1998; x_wconf 88' lang='lat' dir='ltr'><strong>eo</strong></span> <span class='ocrx_word' id='word_1_290' title='bbox 2912 1944 3062 2014; x_wconf 92' lang='lat' dir='ltr'><strong>quod</strong></span> <span class='ocrx_word' id='word_1_291' title='bbox 3085 1943 3198 1998; x_wconf 90' lang='lat' dir='ltr'><strong>ista</strong></span> <span class='ocrx_word' id='word_1_292' title='bbox 3229 1944 3422 2014; x_wconf 90' lang='lat' dir='ltr'><strong>juvare</strong></span> <span class='ocrx_word' id='word_1_293' title='bbox 3454 1945 3654 2012; x_wconf 90' lang='lat' dir='ltr'><strong>possunt</strong></span> 
     </span>
    </p>
   </div>
   <div class='ocr_carea' id='block_1_20' title="bbox 416 2027 3656 2103">
    <p class='ocr_par' dir='ltr' id='par_1_20' title="bbox 416 2027 3656 2103">
     <span class='ocr_line' id='line_1_20' title="bbox 416 2027 3656 2103; baseline -0.001 -19"><span class='ocrx_word' id='word_1_294' title='bbox 416 2043 541 2084; x_wconf 88' lang='lat' dir='ltr'><strong>esse</strong></span> <span class='ocrx_word' id='word_1_295' title='bbox 569 2035 850 2102; x_wconf 88' lang='lat' dir='ltr'><strong>poterant,</strong></span> <span class='ocrx_word' id='word_1_296' title='bbox 880 2032 1130 2088; x_wconf 87' lang='lat' dir='ltr'><strong>invidere</strong></span> <span class='ocrx_word' id='word_1_297' title='bbox 1153 2051 1166 2086; x_wconf 86' lang='lat'><em>:</em></span> <span class='ocrx_word' id='word_1_298' title='bbox 1187 2032 1374 2087; x_wconf 91' lang='lat' dir='ltr'><strong>odisse</strong></span> <span class='ocrx_word' id='word_1_299' title='bbox 1403 2031 1772 2099; x_wconf 88' lang='lat' dir='ltr'><strong>Christianos,</strong></span> <span class='ocrx_word' id='word_1_300' title='bbox 1805 2035 1863 2086; x_wconf 91' lang='lat' dir='ltr'><strong>et</strong></span> <span class='ocrx_word' id='word_1_301' title='bbox 1888 2048 2018 2086; x_wconf 90' lang='lat' dir='ltr'><strong>con-</strong></span> <span class='ocrx_word' id='word_1_302' title='bbox 2097 2028 2374 2086; x_wconf 87' lang='lat' dir='ltr'><strong>homines.</strong></span> <span class='ocrx_word' id='word_1_303' title='bbox 2400 2031 2598 2098; x_wconf 71' lang='lat' dir='ltr'><strong>(Hie-1&#39;.)</strong></span> <span class='ocrx_word' id='word_1_304' title='bbox 2626 2031 2744 2085; x_wconf 89' lang='lat' dir='ltr'><strong>Hoc</strong></span> <span class='ocrx_word' id='word_1_305' title='bbox 2772 2032 2921 2103; x_wconf 93' lang='lat' dir='ltr'><strong>quod</strong></span> <span class='ocrx_word' id='word_1_306' title='bbox 2949 2031 3048 2098; x_wconf 88' lang='lat' dir='ltr'><strong>ait,</strong></span> <span class='ocrx_word' id='word_1_307' title='bbox 3085 2053 3109 2084; x_wconf 74' lang='grc' dir='ltr'>ι</span> <span class='ocrx_word' id='word_1_308' title='bbox 3145 2031 3326 2086; x_wconf 89' lang='lat' dir='ltr'><strong>ﬁdelis</strong></span> <span class='ocrx_word' id='word_1_309' title='bbox 3351 2047 3523 2086; x_wconf 89' lang='lat' dir='ltr'><strong>sermo</strong></span> <span class='ocrx_word' id='word_1_310' title='bbox 3551 2049 3572 2081; x_wconf 76' lang='grc' dir='ltr'><strong><em>ι</em></strong></span> <span class='ocrx_word' id='word_1_311' title='bbox 3598 2027 3656 2082; x_wconf 85' lang='lat' dir='ltr'><strong>ad</strong></span> 
     </span>
    </p>
   </div>
   <div class='ocr_carea' id='block_1_21' title="bbox 417 2117 3658 2194">
    <p class='ocr_par' dir='ltr' id='par_1_21' title="bbox 417 2117 3658 2194">
     <span class='ocr_line' id='line_1_21' title="bbox 417 2117 3658 2194; baseline -0.003 -15"><span class='ocrx_word' id='word_1_312' title='bbox 417 2129 720 2190; x_wconf 80' lang='lat' dir='ltr'><strong>Sequenter</strong></span> <span class='ocrx_word' id='word_1_313' title='bbox 738 2121 810 2178; x_wconf 89' lang='lat' dir='ltr'><strong>ab</strong></span> <span class='ocrx_word' id='word_1_314' title='bbox 835 2122 1097 2178; x_wconf 89' lang='lat' dir='ltr'><strong>omnibus</strong></span> <span class='ocrx_word' id='word_1_315' title='bbox 1115 2121 1308 2176; x_wconf 90' lang='lat' dir='ltr'><strong>odium</strong></span> <span class='ocrx_word' id='word_1_316' title='bbox 1327 2120 1810 2194; x_wconf 86' lang='lat' dir='ltr'><strong>promereri.Quis</strong></span> <span class='ocrx_word' id='word_1_317' title='bbox 1826 2125 2018 2176; x_wconf 89' lang='lat' dir='ltr'><strong>autem</strong></span> <span class='ocrx_word' id='word_1_318' title='bbox 2097 2117 2390 2189; x_wconf 74' lang='lat' dir='ltr'><strong>superiora</strong></span> <span class='ocrx_word' id='word_1_319' title='bbox 2411 2119 2767 2190; x_wconf 83' lang='lat' dir='ltr'><strong>jungendum</strong></span> <span class='ocrx_word' id='word_1_320' title='bbox 2808 2126 2896 2174; x_wconf 90' lang='lat' dir='ltr'><strong>est</strong></span> <span class='ocrx_word' id='word_1_321' title='bbox 2931 2120 3137 2191; x_wconf 92' lang='lat' dir='ltr'><strong>quibus</strong></span> <span class='ocrx_word' id='word_1_322' title='bbox 3168 2119 3518 2193; x_wconf 78' lang='lat' dir='ltr'><strong>praemiserat,</strong></span> <span class='ocrx_word' id='word_1_323' title='bbox 3550 2137 3570 2170; x_wconf 74' lang='grc' dir='ltr'>ι</span> <span class='ocrx_word' id='word_1_324' title='bbox 3605 2121 3658 2169; x_wconf 89' lang='lat' dir='ltr'><strong>ut</strong></span> 
     </span>
    </p>
   </div>
   <div class='ocr_carea' id='block_1_22' title="bbox 415 2205 3662 2288">
    <p class='ocr_par' dir='ltr' id='par_1_22' title="bbox 415 2205 3662 2288">
     <span class='ocr_line' id='line_1_22' title="bbox 415 2205 3662 2288; baseline -0.004 -17"><span class='ocrx_word' id='word_1_325' title='bbox 415 2216 600 2288; x_wconf 88' lang='lat' dir='ltr'><strong>major</strong></span> <span class='ocrx_word' id='word_1_326' title='bbox 611 2227 771 2268; x_wconf 90' lang='lat' dir='ltr'><strong>error</strong></span> <span class='ocrx_word' id='word_1_327' title='bbox 781 2216 837 2266; x_wconf 89' lang='lat' dir='ltr'><strong>et</strong></span> <span class='ocrx_word' id='word_1_328' title='bbox 848 2209 1240 2268; x_wconf 79' lang='lat' dir='ltr'><strong>inobedientiae</strong></span> <span class='ocrx_word' id='word_1_329' title='bbox 1249 2211 1703 2282; x_wconf 84' lang='lat' dir='ltr'><strong>vecordia?quam</strong></span> <span class='ocrx_word' id='word_1_330' title='bbox 1717 2214 2017 2282; x_wconf 87' lang='lat' dir='ltr'><strong>postquam</strong></span> <span class='ocrx_word' id='word_1_331' title='bbox 2093 2206 2386 2277; x_wconf 86' lang='lat' dir='ltr'><strong>justiﬁcati</strong></span> <span class='ocrx_word' id='word_1_332' title='bbox 2403 2207 2580 2279; x_wconf 89' lang='lat' dir='ltr'><strong>ipsius</strong></span> <span class='ocrx_word' id='word_1_333' title='bbox 2597 2209 2784 2280; x_wconf 90' lang='lat' dir='ltr'><strong>gratia</strong></span> <span class='ocrx_word' id='word_1_334' title='bbox 2800 2210 3052 2265; x_wconf 79' lang='lat' dir='ltr'><strong>haeredes</strong></span> <span class='ocrx_word' id='word_1_335' title='bbox 3063 2209 3380 2264; x_wconf 85' lang='lat' dir='ltr'><strong>efﬁciamur</strong></span> <span class='ocrx_word' id='word_1_336' title='bbox 3393 2205 3662 2264; x_wconf 86' lang='lat' dir='ltr'><strong>secundum</strong></span> 
     </span>
    </p>
   </div>
   <div class='ocr_carea' id='block_1_23' title="bbox 415 2293 3662 2378">
    <p class='ocr_par' dir='ltr' id='par_1_23' title="bbox 415 2293 3662 2378">
     <span class='ocr_line' id='line_1_23' title="bbox 415 2293 3662 2378; baseline -0.004 -17"><span class='ocrx_word' id='word_1_337' title='bbox 415 2301 716 2378; x_wconf 86' lang='lat' dir='ltr'><strong>respiravit</strong></span> <span class='ocrx_word' id='word_1_338' title='bbox 742 2300 883 2369; x_wconf 89' lang='lat' dir='ltr'><strong>dies,</strong></span> <span class='ocrx_word' id='word_1_339' title='bbox 917 2305 976 2356; x_wconf 88' lang='lat' dir='ltr'><strong>et</strong></span> <span class='ocrx_word' id='word_1_340' title='bbox 1004 2301 1401 2373; x_wconf 61' lang='lat' dir='ltr'><strong>praeterierunt</strong></span> <span class='ocrx_word' id='word_1_341' title='bbox 1428 2299 1662 2366; x_wconf 82' lang='lat' dir='ltr'><strong>umbrae,</strong></span> <span class='ocrx_word' id='word_1_342' title='bbox 1685 2300 1868 2371; x_wconf 82' lang='lat' dir='ltr'><strong>legem</strong></span> <span class='ocrx_word' id='word_1_343' title='bbox 1888 2297 2018 2354; x_wconf 90' lang='lat' dir='ltr'><strong>abo-</strong></span> <span class='ocrx_word' id='word_1_344' title='bbox 2097 2311 2255 2366; x_wconf 86' lang='lat' dir='ltr'><strong>spem</strong></span> <span class='ocrx_word' id='word_1_345' title='bbox 2275 2295 2399 2351; x_wconf 69' lang='lat' dir='ltr'><strong>vitae</strong></span> <span class='ocrx_word' id='word_1_346' title='bbox 2419 2303 2672 2366; x_wconf 76' lang='lat' dir='ltr'><strong>aeternae;</strong></span> <span class='ocrx_word' id='word_1_347' title='bbox 2699 2316 2728 2352; x_wconf 71' lang='grc' dir='ltr'><strong>ι</strong></span> <span class='ocrx_word' id='word_1_348' title='bbox 2749 2299 2953 2370; x_wconf 87' lang='lat' dir='ltr'><strong>dignus</strong></span> <span class='ocrx_word' id='word_1_349' title='bbox 2973 2299 3128 2354; x_wconf 87' lang='lat' dir='ltr'><strong>enim</strong></span> <span class='ocrx_word' id='word_1_350' title='bbox 3150 2300 3262 2354; x_wconf 84' lang='lat' dir='ltr'><strong>ﬁde</strong></span> <span class='ocrx_word' id='word_1_351' title='bbox 3283 2315 3448 2370; x_wconf 89' lang='lat' dir='ltr'><strong>super</strong></span> <span class='ocrx_word' id='word_1_352' title='bbox 3463 2293 3662 2350; x_wconf 78' lang='lat' dir='ltr'><strong>haeredi-</strong></span> 
     </span>
    </p>
   </div>
   <div class='ocr_carea' id='block_1_24' title="bbox 415 2382 3668 2460">
    <p class='ocr_par' dir='ltr' id='par_1_24' title="bbox 415 2382 3668 2460">
     <span class='ocr_line' id='line_1_24' title="bbox 415 2382 3668 2460; baseline -0.005 -9"><span class='ocrx_word' id='word_1_353' title='bbox 415 2395 577 2451; x_wconf 87' lang='lat' dir='ltr'><strong>litam</strong></span> <span class='ocrx_word' id='word_1_354' title='bbox 595 2391 737 2448; x_wconf 87' lang='lat' dir='ltr'><strong>velle</strong></span> <span class='ocrx_word' id='word_1_355' title='bbox 755 2405 1041 2446; x_wconf 87' lang='lat' dir='ltr'><strong>reservare</strong></span> <span class='ocrx_word' id='word_1_356' title='bbox 1063 2395 1122 2444; x_wconf 91' lang='lat' dir='ltr'><strong>et</strong></span> <span class='ocrx_word' id='word_1_357' title='bbox 1143 2382 1362 2445; x_wconf 81' lang='lat' dir='ltr'><strong>dicere:</strong></span> <span class='ocrx_word' id='word_1_358' title='bbox 1387 2390 1510 2444; x_wconf 71' lang='lat' dir='ltr'><strong>«Ne</strong></span> <span class='ocrx_word' id='word_1_359' title='bbox 1528 2388 1932 2456; x_wconf 88' lang='lat' dir='ltr'><strong>attrectaveris,</strong></span> <span class='ocrx_word' id='word_1_360' title='bbox 1945 2404 2017 2443; x_wconf 90' lang='lat' dir='ltr'><strong>ne</strong></span> <span class='ocrx_word' id='word_1_361' title='bbox 2097 2389 2214 2438; x_wconf 88' lang='lat' dir='ltr'><strong>tate</strong></span> <span class='ocrx_word' id='word_1_362' title='bbox 2256 2384 2360 2440; x_wconf 90' lang='lat' dir='ltr'><strong>Dei</strong></span> <span class='ocrx_word' id='word_1_363' title='bbox 2403 2403 2588 2441; x_wconf 89' lang='lat' dir='ltr'><strong>sermo</strong></span> <span class='ocrx_word' id='word_1_364' title='bbox 2634 2393 2693 2441; x_wconf 89' lang='lat' dir='ltr'><strong>et</strong></span> <span class='ocrx_word' id='word_1_365' title='bbox 2719 2404 2891 2460; x_wconf 88' lang='lat' dir='ltr'><strong>super</strong></span> <span class='ocrx_word' id='word_1_366' title='bbox 2935 2405 3035 2460; x_wconf 90' lang='lat' dir='ltr'><strong>spe</strong></span> <span class='ocrx_word' id='word_1_367' title='bbox 3071 2389 3202 2443; x_wconf 68' lang='lat' dir='ltr'><strong>vita:</strong></span> <span class='ocrx_word' id='word_1_368' title='bbox 3252 2393 3490 2443; x_wconf 62' lang='lat' dir='ltr'><strong>aeternae.</strong></span> <span class='ocrx_word' id='word_1_369' title='bbox 3530 2383 3668 2439; x_wconf 87' lang='lat' dir='ltr'><strong>Unde</strong></span> 
     </span>
    </p>
   </div>
   <div class='ocr_carea' id='block_1_25' title="bbox 414 2474 3667 2554">
    <p class='ocr_par' dir='ltr' id='par_1_25' title="bbox 414 2474 3667 2554">
     <span class='ocr_line' id='line_1_25' title="bbox 414 2474 3667 2554; baseline -0.005 -14"><span class='ocrx_word' id='word_1_370' title='bbox 414 2481 815 2554; x_wconf 71' lang='lat' dir='ltr'><strong>contigerisme</strong></span> <span class='ocrx_word' id='word_1_371' title='bbox 823 2477 1160 2550; x_wconf 88' lang='lat' dir='ltr'><strong>gustaveris,</strong></span> <span class='ocrx_word' id='word_1_372' title='bbox 1180 2497 1208 2532; x_wconf 69' lang='grc' dir='ltr'><strong>ι</strong></span> <span class='ocrx_word' id='word_1_373' title='bbox 1224 2484 1282 2533; x_wconf 91' lang='lat' dir='ltr'><strong>et</strong></span> <span class='ocrx_word' id='word_1_374' title='bbox 1295 2483 1603 2550; x_wconf 89' lang='lat' dir='ltr'><strong>apparente</strong></span> <span class='ocrx_word' id='word_1_375' title='bbox 1613 2477 1794 2532; x_wconf 92' lang='lat' dir='ltr'><strong>solido</strong></span> <span class='ocrx_word' id='word_1_376' title='bbox 1803 2483 1862 2532; x_wconf 92' lang='lat' dir='ltr'><strong>et</strong></span> <span class='ocrx_word' id='word_1_377' title='bbox 1871 2477 2018 2532; x_wconf 85' lang='lat' dir='ltr'><strong>virili</strong></span> <span class='ocrx_word' id='word_1_378' title='bbox 2097 2479 2321 2545; x_wconf 84' lang='lat' dir='ltr'><strong>oportet</strong></span> <span class='ocrx_word' id='word_1_379' title='bbox 2336 2475 2407 2530; x_wconf 91' lang='lat' dir='ltr'><strong>de</strong></span> <span class='ocrx_word' id='word_1_380' title='bbox 2434 2475 2522 2530; x_wconf 90' lang='lat' dir='ltr'><strong>his</strong></span> <span class='ocrx_word' id='word_1_381' title='bbox 2551 2493 2664 2532; x_wconf 92' lang='lat' dir='ltr'><strong>non</strong></span> <span class='ocrx_word' id='word_1_382' title='bbox 2693 2475 2946 2544; x_wconf 89' lang='lat' dir='ltr'><strong>dubium,</strong></span> <span class='ocrx_word' id='word_1_383' title='bbox 2969 2494 3082 2532; x_wconf 90' lang='lat' dir='ltr'><strong>non</strong></span> <span class='ocrx_word' id='word_1_384' title='bbox 3101 2478 3402 2533; x_wconf 89' lang='lat' dir='ltr'><strong>timentem</strong></span> <span class='ocrx_word' id='word_1_385' title='bbox 3431 2481 3486 2529; x_wconf 86' lang='lat' dir='ltr'><strong>et</strong></span> <span class='ocrx_word' id='word_1_386' title='bbox 3509 2474 3667 2545; x_wconf 88' lang='lat' dir='ltr'><strong>ipsum</strong></span> 
     </span>
    </p>
   </div>
   <div class='ocr_carea' id='block_1_26' title="bbox 415 2563 3672 2640">
    <p class='ocr_par' dir='ltr' id='par_1_26' title="bbox 415 2563 3672 2640">
     <span class='ocr_line' id='line_1_26' title="bbox 415 2563 3672 2640; baseline -0.004 -14"><span class='ocrx_word' id='word_1_387' title='bbox 415 2571 560 2638; x_wconf 91' lang='lat' dir='ltr'><strong>cibo,</strong></span> <span class='ocrx_word' id='word_1_388' title='bbox 573 2567 822 2626; x_wconf 74' lang='lat' dir='ltr'><strong>infantiae</strong></span> <span class='ocrx_word' id='word_1_389' title='bbox 841 2583 1046 2640; x_wconf 89' lang='lat' dir='ltr'><strong>cupere</strong></span> <span class='ocrx_word' id='word_1_390' title='bbox 1059 2567 1203 2622; x_wconf 88' lang='lat' dir='ltr'><strong>lacte</strong></span> <span class='ocrx_word' id='word_1_391' title='bbox 1217 2567 1401 2638; x_wconf 90' lang='lat' dir='ltr'><strong>potari</strong></span> <span class='ocrx_word' id='word_1_392' title='bbox 1413 2566 1440 2620; x_wconf 84' lang='lat'><strong>?</strong></span> <span class='ocrx_word' id='word_1_393' title='bbox 1454 2586 1478 2619; x_wconf 78' lang='grc' dir='ltr'>ι</span> <span class='ocrx_word' id='word_1_394' title='bbox 1497 2567 1642 2620; x_wconf 91' lang='lat' dir='ltr'><strong>Cum</strong></span> <span class='ocrx_word' id='word_1_395' title='bbox 1653 2571 1844 2621; x_wconf 89' lang='lat' dir='ltr'><strong>autem</strong></span> <span class='ocrx_word' id='word_1_396' title='bbox 1861 2565 2019 2621; x_wconf 91' lang='lat' dir='ltr'><strong>boni-</strong></span> <span class='ocrx_word' id='word_1_397' title='bbox 2098 2563 2343 2630; x_wconf 90' lang='lat' dir='ltr'><strong>credere,</strong></span> <span class='ocrx_word' id='word_1_398' title='bbox 2387 2569 2446 2618; x_wconf 91' lang='lat' dir='ltr'><strong>et</strong></span> <span class='ocrx_word' id='word_1_399' title='bbox 2491 2571 2557 2619; x_wconf 90' lang='lat' dir='ltr'><strong>ut</strong></span> <span class='ocrx_word' id='word_1_400' title='bbox 2595 2566 2831 2620; x_wconf 89' lang='lat' dir='ltr'><strong>credant</strong></span> <span class='ocrx_word' id='word_1_401' title='bbox 2885 2571 3118 2622; x_wconf 63' lang='lat' dir='ltr'><strong>caeteros</strong></span> <span class='ocrx_word' id='word_1_402' title='bbox 3181 2569 3530 2622; x_wconf 89' lang='lat' dir='ltr'><strong>conﬁrmare.</strong></span> <span class='ocrx_word' id='word_1_403' title='bbox 3566 2563 3672 2616; x_wconf 72' lang='lat' dir='ltr'><strong>Non</strong></span> 
     </span>
    </p>
   </div>
   <div class='ocr_carea' id='block_1_27' title="bbox 418 2649 3672 2723">
    <p class='ocr_par' dir='ltr' id='par_1_27' title="bbox 418 2649 3672 2723">
     <span class='ocr_line' id='line_1_27' title="bbox 418 2649 3672 2723; baseline -0.003 -12"><span class='ocrx_word' id='word_1_404' title='bbox 418 2679 444 2711; x_wconf 80' lang='grc' dir='ltr'>ι</span> <span class='ocrx_word' id='word_1_405' title='bbox 465 2665 558 2714; x_wconf 86' lang='lat' dir='ltr'><strong>tas</strong></span> <span class='ocrx_word' id='word_1_406' title='bbox 584 2663 644 2713; x_wconf 87' lang='lat' dir='ltr'><strong>et</strong></span> <span class='ocrx_word' id='word_1_407' title='bbox 669 2655 992 2712; x_wconf 86' lang='lat' dir='ltr'><strong>humanitas</strong></span> <span class='ocrx_word' id='word_1_408' title='bbox 1020 2655 1206 2710; x_wconf 83' lang='lat' dir='ltr'><strong>illuxit</strong></span> <span class='ocrx_word' id='word_1_409' title='bbox 1217 2654 1522 2710; x_wconf 86' lang='lat' dir='ltr'><strong>Salvatoris</strong></span> <span class='ocrx_word' id='word_1_410' title='bbox 1547 2655 1731 2710; x_wconf 89' lang='lat' dir='ltr'><strong>nostri</strong></span> <span class='ocrx_word' id='word_1_411' title='bbox 1749 2655 1879 2723; x_wconf 89' lang='lat' dir='ltr'><strong>Dei;</strong></span> <span class='ocrx_word' id='word_1_412' title='bbox 1902 2671 2015 2710; x_wconf 90' lang='lat' dir='ltr'><strong>non</strong></span> <span class='ocrx_word' id='word_1_413' title='bbox 2099 2652 2280 2706; x_wconf 88' lang='lat' dir='ltr'><strong>solum</strong></span> <span class='ocrx_word' id='word_1_414' title='bbox 2317 2659 2507 2708; x_wconf 89' lang='lat' dir='ltr'><strong>autem</strong></span> <span class='ocrx_word' id='word_1_415' title='bbox 2548 2653 2672 2722; x_wconf 92' lang='lat' dir='ltr'><strong>hoc,</strong></span> <span class='ocrx_word' id='word_1_416' title='bbox 2702 2655 2800 2710; x_wconf 90' lang='lat' dir='ltr'><strong>sed</strong></span> <span class='ocrx_word' id='word_1_417' title='bbox 2830 2661 2888 2710; x_wconf 89' lang='lat' dir='ltr'><strong>et</strong></span> <span class='ocrx_word' id='word_1_418' title='bbox 2910 2655 3016 2714; x_wconf 87' lang='lat' dir='ltr'><strong>hoc</strong></span> <span class='ocrx_word' id='word_1_419' title='bbox 3053 2673 3188 2710; x_wconf 88' lang='lat' dir='ltr'><strong>cum</strong></span> <span class='ocrx_word' id='word_1_420' title='bbox 3225 2655 3440 2711; x_wconf 81' lang='lat' dir='ltr'><strong>caeteris</strong></span> <span class='ocrx_word' id='word_1_421' title='bbox 3489 2653 3570 2706; x_wconf 88' lang='lat' dir='ltr'><strong>his</strong></span> <span class='ocrx_word' id='word_1_422' title='bbox 3594 2649 3672 2721; x_wconf 88' lang='lat' dir='ltr'><strong>qui</strong></span> 
     </span>
    </p>
   </div>
   <div class='ocr_carea' id='block_1_28' title="bbox 418 2740 3674 2820">
    <p class='ocr_par' dir='ltr' id='par_1_28' title="bbox 418 2740 3674 2820">
     <span class='ocr_line' id='line_1_28' title="bbox 418 2740 3674 2820; baseline -0.003 -18"><span class='ocrx_word' id='word_1_423' title='bbox 418 2768 446 2802; x_wconf 77' lang='grc' dir='ltr'><strong>(ί</strong></span> <span class='ocrx_word' id='word_1_424' title='bbox 467 2764 536 2804; x_wconf 79' lang='lat' dir='ltr'><strong>ex</strong></span> <span class='ocrx_word' id='word_1_425' title='bbox 547 2744 810 2820; x_wconf 85' lang='lat' dir='ltr'><strong>operibus</strong></span> <span class='ocrx_word' id='word_1_426' title='bbox 815 2744 1054 2816; x_wconf 68' lang='lat' dir='ltr'><strong>iustitiae</strong></span> <span class='ocrx_word' id='word_1_427' title='bbox 1071 2760 1196 2816; x_wconf 66' lang='lat' dir='ltr'><strong>quae</strong></span> <span class='ocrx_word' id='word_1_428' title='bbox 1205 2759 1310 2798; x_wconf 89' lang='lat' dir='ltr'><strong>nos</strong></span> <span class='ocrx_word' id='word_1_429' title='bbox 1319 2742 1572 2811; x_wconf 85' lang='lat' dir='ltr'><strong>fecimus,</strong></span> <span class='ocrx_word' id='word_1_430' title='bbox 1587 2744 1686 2799; x_wconf 93' lang='lat' dir='ltr'><strong>sed</strong></span> <span class='ocrx_word' id='word_1_431' title='bbox 1706 2745 2017 2799; x_wconf 90' lang='lat' dir='ltr'><strong>secundum</strong></span> <span class='ocrx_word' id='word_1_432' title='bbox 2098 2740 2377 2796; x_wconf 87' lang='lat' dir='ltr'><strong>voluerint</strong></span> <span class='ocrx_word' id='word_1_433' title='bbox 2404 2742 2652 2811; x_wconf 89' lang='lat' dir='ltr'><strong>credere,</strong></span> <span class='ocrx_word' id='word_1_434' title='bbox 2692 2745 3146 2799; x_wconf 88' lang='lat' dir='ltr'><strong>conﬁrmandum</strong></span> <span class='ocrx_word' id='word_1_435' title='bbox 3177 2751 3266 2800; x_wconf 89' lang='lat' dir='ltr'><strong>est</strong></span> <span class='ocrx_word' id='word_1_436' title='bbox 3298 2763 3312 2813; x_wconf 87' lang='lat'><strong>;</strong></span> <span class='ocrx_word' id='word_1_437' title='bbox 3363 2743 3674 2816; x_wconf 87' lang='lat' dir='ltr'><strong>quapropter</strong></span> 
     </span>
    </p>
   </div>
   <div class='ocr_carea' id='block_1_29' title="bbox 416 2829 3676 2904">
    <p class='ocr_par' dir='ltr' id='par_1_29' title="bbox 416 2829 3676 2904">
     <span class='ocr_line' id='line_1_29' title="bbox 416 2829 3676 2904; baseline -0.003 -11"><span class='ocrx_word' id='word_1_438' title='bbox 416 2852 630 2893; x_wconf 64' lang='lat' dir='ltr'><strong>(suam</strong></span> <span class='ocrx_word' id='word_1_439' title='bbox 671 2832 1117 2890; x_wconf 89' lang='lat' dir='ltr'><strong>misericordiam</strong></span> <span class='ocrx_word' id='word_1_440' title='bbox 1168 2833 1402 2888; x_wconf 85' lang='lat' dir='ltr'><strong>salvavit</strong></span> <span class='ocrx_word' id='word_1_441' title='bbox 1441 2848 1546 2888; x_wconf 90' lang='lat' dir='ltr'><strong>nos</strong></span> <span class='ocrx_word' id='word_1_442' title='bbox 1587 2849 1691 2904; x_wconf 90' lang='lat' dir='ltr'><strong>per</strong></span> <span class='ocrx_word' id='word_1_443' title='bbox 1734 2834 2018 2888; x_wconf 88' lang='lat' dir='ltr'><strong>lavacrum</strong></span> <span class='ocrx_word' id='word_1_444' title='bbox 2097 2829 2198 2896; x_wconf 89' lang='lat' dir='ltr'><strong>ait,</strong></span> <span class='ocrx_word' id='word_1_445' title='bbox 2235 2848 2260 2882; x_wconf 74' lang='grc' dir='ltr'><strong><em>ι</em></strong></span> <span class='ocrx_word' id='word_1_446' title='bbox 2292 2835 2352 2886; x_wconf 89' lang='lat' dir='ltr'><strong>et</strong></span> <span class='ocrx_word' id='word_1_447' title='bbox 2383 2831 2454 2886; x_wconf 91' lang='lat' dir='ltr'><strong>de</strong></span> <span class='ocrx_word' id='word_1_448' title='bbox 2498 2832 2586 2886; x_wconf 89' lang='lat' dir='ltr'><strong>his</strong></span> <span class='ocrx_word' id='word_1_449' title='bbox 2627 2832 2752 2888; x_wconf 91' lang='lat' dir='ltr'><strong>volo</strong></span> <span class='ocrx_word' id='word_1_450' title='bbox 2789 2839 2864 2888; x_wconf 77' lang='lat' dir='ltr'><strong>te.</strong></span> <span class='ocrx_word' id='word_1_451' title='bbox 2882 2835 3246 2888; x_wconf 85' lang='lat' dir='ltr'><strong>conﬁrmare.</strong></span> <span class='ocrx_word' id='word_1_452' title='bbox 3287 2851 3316 2888; x_wconf 68' lang='grc' dir='ltr'><strong><em>υ</em></strong></span> <span class='ocrx_word' id='word_1_453' title='bbox 3366 2833 3474 2898; x_wconf 85' lang='lat' dir='ltr'><strong>Qui</strong></span> <span class='ocrx_word' id='word_1_454' title='bbox 3509 2836 3676 2884; x_wconf 83' lang='lat' dir='ltr'><strong>autem</strong></span> 
     </span>
    </p>
   </div>
   <div class='ocr_carea' id='block_1_30' title="bbox 414 2917 3676 2997">
    <p class='ocr_par' dir='ltr' id='par_1_30' title="bbox 414 2917 3676 2997">
     <span class='ocr_line' id='line_1_30' title="bbox 414 2917 3676 2997; baseline -0.002 -18"><span class='ocrx_word' id='word_1_455' title='bbox 414 2946 440 2979; x_wconf 71' lang='grc' dir='ltr'>ι</span> <span class='ocrx_word' id='word_1_456' title='bbox 476 2921 922 2997; x_wconf 88' lang='lat' dir='ltr'><strong>regenerationis</strong></span> <span class='ocrx_word' id='word_1_457' title='bbox 977 2925 1035 2978; x_wconf 91' lang='lat' dir='ltr'><strong>et</strong></span> <span class='ocrx_word' id='word_1_458' title='bbox 1082 2920 1461 2977; x_wconf 88' lang='lat' dir='ltr'><strong>renovationis</strong></span> <span class='ocrx_word' id='word_1_459' title='bbox 1514 2921 1756 2994; x_wconf 76' lang='lat' dir='ltr'><strong>Spiritus</strong></span> <span class='ocrx_word' id='word_1_460' title='bbox 1809 2921 2008 2989; x_wconf 87' lang='lat' dir='ltr'><strong>sancti,</strong></span> <span class='ocrx_word' id='word_1_461' title='bbox 2095 2917 2207 2973; x_wconf 88' lang='lat' dir='ltr'><strong>ista</strong></span> <span class='ocrx_word' id='word_1_462' title='bbox 2245 2936 2378 2974; x_wconf 92' lang='lat' dir='ltr'><strong>vera</strong></span> <span class='ocrx_word' id='word_1_463' title='bbox 2428 2937 2550 2976; x_wconf 90' lang='lat' dir='ltr'><strong>esse</strong></span> <span class='ocrx_word' id='word_1_464' title='bbox 2592 2921 2954 2990; x_wconf 87' lang='lat' dir='ltr'><strong>crediderint,</strong></span> <span class='ocrx_word' id='word_1_465' title='bbox 2995 2940 3230 2979; x_wconf 89' lang='lat' dir='ltr'><strong>necesse</strong></span> <span class='ocrx_word' id='word_1_466' title='bbox 3267 2928 3356 2978; x_wconf 87' lang='lat' dir='ltr'><strong>est</strong></span> <span class='ocrx_word' id='word_1_467' title='bbox 3399 2927 3465 2976; x_wconf 89' lang='lat' dir='ltr'><strong>ut</strong></span> <span class='ocrx_word' id='word_1_468' title='bbox 3506 2933 3676 2974; x_wconf 85' lang='lat' dir='ltr'><strong>curam</strong></span> 
     </span>
    </p>
   </div>
   <div class='ocr_carea' id='block_1_31' title="bbox 417 3007 3682 3088">
    <p class='ocr_par' dir='ltr' id='par_1_31' title="bbox 417 3007 3682 3088">
     <span class='ocr_line' id='line_1_31' title="bbox 417 3007 3682 3088; baseline -0.003 -18"><span class='ocrx_word' id='word_1_469' title='bbox 417 3033 446 3070; x_wconf 71' lang='grc' dir='ltr'><strong>α</strong></span> <span class='ocrx_word' id='word_1_470' title='bbox 474 3030 646 3088; x_wconf 86' lang='lat' dir='ltr'><strong>quem</strong></span> <span class='ocrx_word' id='word_1_471' title='bbox 671 3011 871 3068; x_wconf 73' lang='lat' dir='ltr'><strong>effudit</strong></span> <span class='ocrx_word' id='word_1_472' title='bbox 895 3027 1066 3084; x_wconf 91' lang='lat' dir='ltr'><strong>super</strong></span> <span class='ocrx_word' id='word_1_473' title='bbox 1084 3027 1190 3066; x_wconf 90' lang='lat' dir='ltr'><strong>nos</strong></span> <span class='ocrx_word' id='word_1_474' title='bbox 1218 3011 1502 3083; x_wconf 89' lang='lat' dir='ltr'><strong>opulente,</strong></span> <span class='ocrx_word' id='word_1_475' title='bbox 1521 3026 1623 3083; x_wconf 91' lang='lat' dir='ltr'><strong>per</strong></span> <span class='ocrx_word' id='word_1_476' title='bbox 1639 3012 1834 3066; x_wconf 86' lang='lat' dir='ltr'><strong>Jesum</strong></span> <span class='ocrx_word' id='word_1_477' title='bbox 1856 3011 2014 3068; x_wconf 89' lang='lat' dir='ltr'><strong>Chri-</strong></span> <span class='ocrx_word' id='word_1_478' title='bbox 2039 3079 2075 3088; x_wconf 78' lang='lat'>_</span> <span class='ocrx_word' id='word_1_479' title='bbox 2095 3007 2343 3063; x_wconf 90' lang='lat' dir='ltr'><strong>habeant</strong></span> <span class='ocrx_word' id='word_1_480' title='bbox 2367 3008 2642 3064; x_wconf 91' lang='lat' dir='ltr'><strong>bonorum</strong></span> <span class='ocrx_word' id='word_1_481' title='bbox 2665 3027 2919 3082; x_wconf 87' lang='lat' dir='ltr'><strong>operum,</strong></span> <span class='ocrx_word' id='word_1_482' title='bbox 2941 3029 3043 3083; x_wconf 92' lang='lat' dir='ltr'><strong>per</strong></span> <span class='ocrx_word' id='word_1_483' title='bbox 3061 3030 3193 3084; x_wconf 78' lang='lat' dir='ltr'><strong>quae</strong></span> <span class='ocrx_word' id='word_1_484' title='bbox 3210 3011 3511 3074; x_wconf 57' lang='lat' dir='ltr'><strong>hereditas</strong></span> <span class='ocrx_word' id='word_1_485' title='bbox 3525 3007 3615 3064; x_wconf 88' lang='lat' dir='ltr'><strong>Dei</strong></span> <span class='ocrx_word' id='word_1_486' title='bbox 3633 3011 3682 3060; x_wconf 86' lang='lat' dir='ltr'><strong>et</strong></span> 
     </span>
    </p>
   </div>
   <div class='ocr_carea' id='block_1_32' title="bbox 414 3079 3678 3173">
    <p class='ocr_par' dir='ltr' id='par_1_32' title="bbox 414 3079 3678 3173">
     <span class='ocr_line' id='line_1_32' title="bbox 414 3079 3678 3173; baseline -0.002 -17"><span class='ocrx_word' id='word_1_487' title='bbox 414 3124 440 3156; x_wconf 80' lang='grc' dir='ltr'>ι</span> <span class='ocrx_word' id='word_1_488' title='bbox 468 3079 622 3159; x_wconf 68' lang='lat' dir='ltr'><strong>stum</strong></span> <span class='ocrx_word' id='word_1_489' title='bbox 673 3079 1022 3158; x_wconf 68' lang='lat' dir='ltr'><strong>Salvatorein</strong></span> <span class='ocrx_word' id='word_1_490' title='bbox 1067 3079 1370 3155; x_wconf 66' lang='lat' dir='ltr'><strong>nostrum?</strong></span> <span class='ocrx_word' id='word_1_491' title='bbox 1415 3100 1494 3156; x_wconf 91' lang='lat' dir='ltr'><strong>Ut</strong></span> <span class='ocrx_word' id='word_1_492' title='bbox 1521 3079 1820 3171; x_wconf 76' lang='lat' dir='ltr'><strong>justiﬁcati</strong></span> <span class='ocrx_word' id='word_1_493' title='bbox 1857 3099 2010 3155; x_wconf 90' lang='lat' dir='ltr'><strong>illius</strong></span> <span class='ocrx_word' id='word_1_494' title='bbox 2032 3079 2218 3168; x_wconf 77' lang='lat' dir='ltr'><strong>Cspe’s</strong></span> <span class='ocrx_word' id='word_1_495' title='bbox 2244 3097 2371 3154; x_wconf 68' lang='lat' dir='ltr'><strong>vitae</strong></span> <span class='ocrx_word' id='word_1_496' title='bbox 2397 3079 2747 3170; x_wconf 72' lang='lat' dir='ltr'><strong>praeparatur</strong></span> <span class='ocrx_word' id='word_1_497' title='bbox 2781 3079 3024 3156; x_wconf 72' lang='lat' dir='ltr'><strong>aeternae.</strong></span> <span class='ocrx_word' id='word_1_498' title='bbox 3057 3079 3132 3156; x_wconf 66' lang='grc' dir='ltr'><strong>ἐι</strong></span> <span class='ocrx_word' id='word_1_499' title='bbox 3159 3101 3402 3173; x_wconf 90' lang='lat' dir='ltr'><strong>pulchre</strong></span> <span class='ocrx_word' id='word_1_500' title='bbox 3431 3105 3494 3154; x_wconf 91' lang='lat' dir='ltr'><strong>ut</strong></span> <span class='ocrx_word' id='word_1_501' title='bbox 3521 3097 3678 3166; x_wconf 81' lang='lat' dir='ltr'><strong>majo-</strong></span> 
     </span>
    </p>
   </div>
   <div class='ocr_carea' id='block_1_33' title="bbox 409 3183 3683 3264">
    <p class='ocr_par' dir='ltr' id='par_1_33' title="bbox 409 3183 3683 3264">
     <span class='ocr_line' id='line_1_33' title="bbox 409 3183 3683 3264; baseline -0.003 -16"><span class='ocrx_word' id='word_1_502' title='bbox 409 3211 438 3248; x_wconf 73' lang='grc' dir='ltr'><strong>α</strong></span> <span class='ocrx_word' id='word_1_503' title='bbox 469 3191 674 3264; x_wconf 87' lang='lat' dir='ltr'><strong>gratia,</strong></span> <span class='ocrx_word' id='word_1_504' title='bbox 705 3189 960 3246; x_wconf 65' lang='lat' dir='ltr'><strong>heredes</strong></span> <span class='ocrx_word' id='word_1_505' title='bbox 987 3187 1299 3244; x_wconf 75' lang='lat' dir='ltr'><strong>efﬁciamur</strong></span> <span class='ocrx_word' id='word_1_506' title='bbox 1335 3189 1648 3245; x_wconf 90' lang='lat' dir='ltr'><strong>secundum</strong></span> <span class='ocrx_word' id='word_1_507' title='bbox 1695 3205 1854 3261; x_wconf 89' lang='lat' dir='ltr'><strong>spem</strong></span> <span class='ocrx_word' id='word_1_508' title='bbox 1883 3188 2011 3246; x_wconf 68' lang='lat' dir='ltr'><strong>vitae</strong></span> <span class='ocrx_word' id='word_1_509' title='bbox 2092 3202 2214 3240; x_wconf 90' lang='lat' dir='ltr'><strong>rem</strong></span> <span class='ocrx_word' id='word_1_510' title='bbox 2241 3187 2411 3242; x_wconf 89' lang='lat' dir='ltr'><strong>ﬁdem</strong></span> <span class='ocrx_word' id='word_1_511' title='bbox 2440 3188 2667 3257; x_wconf 88' lang='lat' dir='ltr'><strong>faceret,</strong></span> <span class='ocrx_word' id='word_1_512' title='bbox 2698 3205 2812 3244; x_wconf 89' lang='lat' dir='ltr'><strong>non</strong></span> <span class='ocrx_word' id='word_1_513' title='bbox 2849 3190 3008 3256; x_wconf 79' lang='lat' dir='ltr'><strong>dixit,</strong></span> <span class='ocrx_word' id='word_1_514' title='bbox 3042 3191 3144 3262; x_wconf 91' lang='lat' dir='ltr'><strong>qui</strong></span> <span class='ocrx_word' id='word_1_515' title='bbox 3178 3191 3427 3246; x_wconf 89' lang='lat' dir='ltr'><strong>credunt</strong></span> <span class='ocrx_word' id='word_1_516' title='bbox 3461 3183 3683 3242; x_wconf 87' lang='lat' dir='ltr'><strong>homini-</strong></span> 
     </span>
    </p>
   </div>
   <div class='ocr_carea' id='block_1_34' title="bbox 411 3272 3684 3350">
    <p class='ocr_par' dir='ltr' id='par_1_34' title="bbox 411 3272 3684 3350">
     <span class='ocr_line' id='line_1_34' title="bbox 411 3272 3684 3350; baseline -0.003 -15"><span class='ocrx_word' id='word_1_517' title='bbox 411 3300 436 3335; x_wconf 75' lang='grc' dir='ltr'><strong>α</strong></span> <span class='ocrx_word' id='word_1_518' title='bbox 460 3287 702 3338; x_wconf 65' lang='lat' dir='ltr'><strong>aeternae.</strong></span> <span class='ocrx_word' id='word_1_519' title='bbox 738 3298 762 3332; x_wconf 80' lang='grc' dir='ltr'><strong>ι</strong></span> <span class='ocrx_word' id='word_1_520' title='bbox 811 3277 1060 3350; x_wconf 78' lang='lat' dir='ltr'><strong>(Ambr.)</strong></span> <span class='ocrx_word' id='word_1_521' title='bbox 1101 3278 1236 3343; x_wconf 74' lang='lat' dir='ltr'><strong>Quae</strong></span> <span class='ocrx_word' id='word_1_522' title='bbox 1285 3295 1420 3350; x_wconf 86' lang='lat' dir='ltr'><strong>ergo</strong></span> <span class='ocrx_word' id='word_1_523' title='bbox 1459 3277 1563 3333; x_wconf 88' lang='lat' dir='ltr'><strong>Dei</strong></span> <span class='ocrx_word' id='word_1_524' title='bbox 1623 3277 2012 3333; x_wconf 87' lang='lat' dir='ltr'><strong>misericordia</strong></span> <span class='ocrx_word' id='word_1_525' title='bbox 2093 3272 2454 3347; x_wconf 81' lang='lat' dir='ltr'><strong>bus,sed,qui</strong></span> <span class='ocrx_word' id='word_1_526' title='bbox 2473 3277 2712 3332; x_wconf 88' lang='lat' dir='ltr'><strong>credunt</strong></span> <span class='ocrx_word' id='word_1_527' title='bbox 2725 3277 2867 3332; x_wconf 88' lang='lat' dir='ltr'><strong>Deo:</strong></span> <span class='ocrx_word' id='word_1_528' title='bbox 2894 3294 3123 3332; x_wconf 90' lang='lat' dir='ltr'><strong>necesse</strong></span> <span class='ocrx_word' id='word_1_529' title='bbox 3145 3283 3239 3333; x_wconf 87' lang='lat' dir='ltr'><strong>est</strong></span> <span class='ocrx_word' id='word_1_530' title='bbox 3257 3277 3412 3332; x_wconf 90' lang='lat' dir='ltr'><strong>enim</strong></span> <span class='ocrx_word' id='word_1_531' title='bbox 3431 3281 3495 3330; x_wconf 91' lang='lat' dir='ltr'><strong>ut</strong></span> <span class='ocrx_word' id='word_1_532' title='bbox 3513 3287 3684 3330; x_wconf 85' lang='lat' dir='ltr'><strong>curam</strong></span> 
     </span>
    </p>
   </div>
   <div class='ocr_carea' id='block_1_35' title="bbox 407 3360 3688 3445">
    <p class='ocr_par' dir='ltr' id='par_1_35' title="bbox 407 3360 3688 3445">
     <span class='ocr_line' id='line_1_35' title="bbox 407 3360 3688 3445; baseline -0.005 -17"><span class='ocrx_word' id='word_1_533' title='bbox 407 3369 672 3445; x_wconf 84' lang='lat' dir='ltr'><strong>apparuit</strong></span> <span class='ocrx_word' id='word_1_534' title='bbox 723 3383 826 3442; x_wconf 89' lang='lat' dir='ltr'><strong>per</strong></span> <span class='ocrx_word' id='word_1_535' title='bbox 879 3367 1090 3424; x_wconf 86' lang='lat' dir='ltr'><strong>Christi</strong></span> <span class='ocrx_word' id='word_1_536' title='bbox 1134 3367 1456 3433; x_wconf 85' lang='lat' dir='ltr'><strong>adventum,</strong></span> <span class='ocrx_word' id='word_1_537' title='bbox 1501 3371 1562 3422; x_wconf 90' lang='lat' dir='ltr'><strong>et</strong></span> <span class='ocrx_word' id='word_1_538' title='bbox 1606 3366 1716 3438; x_wconf 90' lang='lat' dir='ltr'><strong>ipsi</strong></span> <span class='ocrx_word' id='word_1_539' title='bbox 1766 3367 2010 3423; x_wconf 89' lang='lat' dir='ltr'><strong>assecuti</strong></span> <span class='ocrx_word' id='word_1_540' title='bbox 2091 3362 2368 3419; x_wconf 88' lang='lat' dir='ltr'><strong>bonorum</strong></span> <span class='ocrx_word' id='word_1_541' title='bbox 2403 3381 2639 3436; x_wconf 89' lang='lat' dir='ltr'><strong>operum</strong></span> <span class='ocrx_word' id='word_1_542' title='bbox 2667 3365 2930 3433; x_wconf 88' lang='lat' dir='ltr'><strong>habeant,</strong></span> <span class='ocrx_word' id='word_1_543' title='bbox 2963 3383 3089 3438; x_wconf 79' lang='lat' dir='ltr'><strong>quae</strong></span> <span class='ocrx_word' id='word_1_544' title='bbox 3117 3367 3442 3438; x_wconf 89' lang='lat' dir='ltr'><strong>adimpleta</strong></span> <span class='ocrx_word' id='word_1_545' title='bbox 3469 3370 3525 3419; x_wconf 87' lang='lat' dir='ltr'><strong>et</strong></span> <span class='ocrx_word' id='word_1_546' title='bbox 3555 3360 3688 3418; x_wconf 88' lang='lat' dir='ltr'><strong>omni</strong></span> 
     </span>
    </p>
   </div>
   <div class='ocr_carea' id='block_1_36' title="bbox 404 3451 3684 3530">
    <p class='ocr_par' dir='ltr' id='par_1_36' title="bbox 404 3451 3684 3530">
     <span class='ocr_line' id='line_1_36' title="bbox 404 3451 3684 3530; baseline -0.004 -16"><span class='ocrx_word' id='word_1_547' title='bbox 404 3474 622 3527; x_wconf 85' lang='lat' dir='ltr'><strong>sumus,</strong></span> <span class='ocrx_word' id='word_1_548' title='bbox 652 3456 752 3513; x_wconf 88' lang='lat' dir='ltr'><strong>illa</strong></span> <span class='ocrx_word' id='word_1_549' title='bbox 779 3473 904 3530; x_wconf 67' lang='lat' dir='ltr'><strong>quin</strong></span> <span class='ocrx_word' id='word_1_550' title='bbox 947 3455 1019 3512; x_wconf 89' lang='lat' dir='ltr'><strong>ab</strong></span> <span class='ocrx_word' id='word_1_551' title='bbox 1048 3473 1115 3512; x_wconf 93' lang='lat' dir='ltr'><strong>eo</strong></span> <span class='ocrx_word' id='word_1_552' title='bbox 1142 3461 1230 3511; x_wconf 91' lang='lat' dir='ltr'><strong>est</strong></span> <span class='ocrx_word' id='word_1_553' title='bbox 1261 3456 1465 3523; x_wconf 83' lang='lat' dir='ltr'><strong>salute,</strong></span> <span class='ocrx_word' id='word_1_554' title='bbox 1495 3470 1612 3511; x_wconf 90' lang='lat' dir='ltr'><strong>non</strong></span> <span class='ocrx_word' id='word_1_555' title='bbox 1649 3471 1716 3510; x_wconf 82' lang='lat' dir='ltr'><strong>ex</strong></span> <span class='ocrx_word' id='word_1_556' title='bbox 1743 3454 2008 3527; x_wconf 75' lang='lat' dir='ltr'><strong>operibus</strong></span> <span class='ocrx_word' id='word_1_557' title='bbox 2089 3452 2276 3508; x_wconf 90' lang='lat' dir='ltr'><strong>studio</strong></span> <span class='ocrx_word' id='word_1_558' title='bbox 2308 3458 2650 3525; x_wconf 89' lang='lat' dir='ltr'><strong>perpetrata,</strong></span> <span class='ocrx_word' id='word_1_559' title='bbox 2681 3453 2830 3510; x_wconf 88' lang='lat' dir='ltr'><strong>bona</strong></span> <span class='ocrx_word' id='word_1_560' title='bbox 2855 3459 2990 3510; x_wconf 91' lang='lat' dir='ltr'><strong>sunt</strong></span> <span class='ocrx_word' id='word_1_561' title='bbox 3016 3455 3307 3528; x_wconf 87' lang='lat' dir='ltr'><strong>utrliaque</strong></span> <span class='ocrx_word' id='word_1_562' title='bbox 3326 3451 3684 3511; x_wconf 87' lang='lat' dir='ltr'><strong>credentibus.</strong></span> 
     </span>
    </p>
   </div>
   <div class='ocr_carea' id='block_1_37' title="bbox 403 3541 3692 3618">
    <p class='ocr_par' dir='ltr' id='par_1_37' title="bbox 403 3541 3692 3618">
     <span class='ocr_line' id='line_1_37' title="bbox 403 3541 3692 3618; baseline -0.003 -14"><span class='ocrx_word' id='word_1_563' title='bbox 403 3547 614 3604; x_wconf 86' lang='lat' dir='ltr'><strong>nostris</strong></span> <span class='ocrx_word' id='word_1_564' title='bbox 639 3545 799 3602; x_wconf 86' lang='lat' dir='ltr'><strong>illam</strong></span> <span class='ocrx_word' id='word_1_565' title='bbox 825 3549 1223 3618; x_wconf 86' lang='lat' dir='ltr'><strong>assequentes;</strong></span> <span class='ocrx_word' id='word_1_566' title='bbox 1245 3543 1442 3600; x_wconf 82' lang='lat' dir='ltr'><strong>aderat</strong></span> <span class='ocrx_word' id='word_1_567' title='bbox 1459 3549 1652 3600; x_wconf 90' lang='lat' dir='ltr'><strong>autem</strong></span> <span class='ocrx_word' id='word_1_568' title='bbox 1679 3542 1821 3600; x_wconf 90' lang='lat' dir='ltr'><strong>nihil</strong></span> <span class='ocrx_word' id='word_1_569' title='bbox 1849 3543 2001 3612; x_wconf 90' lang='lat' dir='ltr'><strong>boni,</strong></span> <span class='ocrx_word' id='word_1_570' title='bbox 2091 3559 2119 3592; x_wconf 77' lang='grc' dir='ltr'><strong>ε(</strong></span> <span class='ocrx_word' id='word_1_571' title='bbox 2153 3541 2368 3596; x_wconf 87' lang='lat' dir='ltr'><strong>Stultas</strong></span> <span class='ocrx_word' id='word_1_572' title='bbox 2395 3547 2586 3598; x_wconf 89' lang='lat' dir='ltr'><strong>autem</strong></span> <span class='ocrx_word' id='word_1_573' title='bbox 2615 3544 2972 3614; x_wconf 64' lang='lat' dir='ltr'><strong>quaestiones,</strong></span> <span class='ocrx_word' id='word_1_574' title='bbox 2997 3550 3054 3598; x_wconf 91' lang='lat' dir='ltr'><strong>et</strong></span> <span class='ocrx_word' id='word_1_575' title='bbox 3079 3545 3483 3616; x_wconf 85' lang='lat' dir='ltr'><strong>genealogias,</strong></span> <span class='ocrx_word' id='word_1_576' title='bbox 3507 3546 3563 3598; x_wconf 86' lang='lat' dir='ltr'><strong>et</strong></span> <span class='ocrx_word' id='word_1_577' title='bbox 3578 3555 3692 3595; x_wconf 89' lang='lat' dir='ltr'><strong>con-</strong></span> 
     </span>
    </p>
   </div>
   <div class='ocr_carea' id='block_1_38' title="bbox 403 3630 3684 3710">
    <p class='ocr_par' dir='ltr' id='par_1_38' title="bbox 403 3630 3684 3710">
     <span class='ocr_line' id='line_1_38' title="bbox 403 3630 3684 3710; baseline -0.004 -16"><span class='ocrx_word' id='word_1_578' title='bbox 403 3636 503 3694; x_wconf 84' lang='lat' dir='ltr'><strong>sed</strong></span> <span class='ocrx_word' id='word_1_579' title='bbox 531 3651 633 3710; x_wconf 88' lang='lat' dir='ltr'><strong>per</strong></span> <span class='ocrx_word' id='word_1_580' title='bbox 656 3637 782 3708; x_wconf 88' lang='lat' dir='ltr'><strong>ejus</strong></span> <span class='ocrx_word' id='word_1_581' title='bbox 811 3633 1274 3702; x_wconf 86' lang='lat' dir='ltr'><strong>misericordiam,</strong></span> <span class='ocrx_word' id='word_1_582' title='bbox 1297 3631 1394 3706; x_wconf 89' lang='lat' dir='ltr'><strong>qui</strong></span> <span class='ocrx_word' id='word_1_583' title='bbox 1413 3650 1516 3705; x_wconf 90' lang='lat' dir='ltr'><strong>per</strong></span> <span class='ocrx_word' id='word_1_584' title='bbox 1537 3633 1778 3688; x_wconf 86' lang='lat' dir='ltr'><strong>formam</strong></span> <span class='ocrx_word' id='word_1_585' title='bbox 1797 3633 2002 3688; x_wconf 88' lang='lat' dir='ltr'><strong>lavacri</strong></span> <span class='ocrx_word' id='word_1_586' title='bbox 2089 3648 2120 3682; x_wconf 73' lang='grc' dir='ltr'>ι</span> <span class='ocrx_word' id='word_1_587' title='bbox 2138 3630 2436 3699; x_wconf 88' lang='lat' dir='ltr'><strong>tentiones,</strong></span> <span class='ocrx_word' id='word_1_588' title='bbox 2459 3638 2519 3686; x_wconf 92' lang='lat' dir='ltr'><strong>et</strong></span> <span class='ocrx_word' id='word_1_589' title='bbox 2545 3649 2764 3704; x_wconf 84' lang='lat' dir='ltr'><strong>pugnas</strong></span> <span class='ocrx_word' id='word_1_590' title='bbox 2784 3649 2907 3704; x_wconf 86' lang='lat' dir='ltr'><strong>quae</strong></span> <span class='ocrx_word' id='word_1_591' title='bbox 2934 3633 3171 3688; x_wconf 82' lang='lat' dir='ltr'><strong>veniunt</strong></span> <span class='ocrx_word' id='word_1_592' title='bbox 3205 3651 3277 3689; x_wconf 86' lang='lat' dir='ltr'><strong>ex</strong></span> <span class='ocrx_word' id='word_1_593' title='bbox 3305 3635 3454 3706; x_wconf 87' lang='lat' dir='ltr'><strong>lege,</strong></span> <span class='ocrx_word' id='word_1_594' title='bbox 3484 3631 3684 3686; x_wconf 81' lang='lat' dir='ltr'><strong>devita:</strong></span> 
     </span>
    </p>
   </div>
   <div class='ocr_carea' id='block_1_39' title="bbox 398 3716 3689 3796">
    <p class='ocr_par' dir='ltr' id='par_1_39' title="bbox 398 3716 3689 3796">
     <span class='ocr_line' id='line_1_39' title="bbox 398 3716 3689 3796; baseline -0.004 -13"><span class='ocrx_word' id='word_1_595' title='bbox 398 3725 607 3782; x_wconf 87' lang='lat' dir='ltr'><strong>virtute</strong></span> <span class='ocrx_word' id='word_1_596' title='bbox 633 3723 811 3781; x_wconf 88' lang='lat' dir='ltr'><strong>sancti</strong></span> <span class='ocrx_word' id='word_1_597' title='bbox 841 3722 1086 3796; x_wconf 89' lang='lat' dir='ltr'><strong>Spiritus</strong></span> <span class='ocrx_word' id='word_1_598' title='bbox 1130 3721 1420 3778; x_wconf 88' lang='lat' dir='ltr'><strong>renovavit</strong></span> <span class='ocrx_word' id='word_1_599' title='bbox 1445 3737 1550 3777; x_wconf 91' lang='lat' dir='ltr'><strong>nos</strong></span> <span class='ocrx_word' id='word_1_600' title='bbox 1577 3727 1636 3777; x_wconf 91' lang='lat' dir='ltr'><strong>et</strong></span> <span class='ocrx_word' id='word_1_601' title='bbox 1663 3721 1996 3793; x_wconf 86' lang='lat' dir='ltr'><strong>segregavit,</strong></span> <span class='ocrx_word' id='word_1_602' title='bbox 2087 3737 2114 3770; x_wconf 71' lang='grc' dir='ltr'><strong>(ι</strong></span> <span class='ocrx_word' id='word_1_603' title='bbox 2146 3725 2278 3774; x_wconf 86' lang='lat' dir='ltr'><strong>sunt</strong></span> <span class='ocrx_word' id='word_1_604' title='bbox 2316 3720 2522 3792; x_wconf 90' lang='lat' dir='ltr'><strong>quippe</strong></span> <span class='ocrx_word' id='word_1_605' title='bbox 2560 3721 2789 3776; x_wconf 87' lang='lat' dir='ltr'><strong>inutiles</strong></span> <span class='ocrx_word' id='word_1_606' title='bbox 2837 3728 2895 3776; x_wconf 92' lang='lat' dir='ltr'><strong>et</strong></span> <span class='ocrx_word' id='word_1_607' title='bbox 2925 3739 3102 3778; x_wconf 81' lang='lat' dir='ltr'><strong>vanae.</strong></span> <span class='ocrx_word' id='word_1_608' title='bbox 3139 3724 3394 3792; x_wconf 74' lang='lat' dir='ltr'><strong>(Ambr.)</strong></span> <span class='ocrx_word' id='word_1_609' title='bbox 3425 3723 3505 3777; x_wconf 87' lang='lat' dir='ltr'><strong>Eo</strong></span> <span class='ocrx_word' id='word_1_610' title='bbox 3553 3716 3689 3791; x_wconf 89' lang='lat' dir='ltr'><strong>quod</strong></span> 
     </span>
    </p>
   </div>
   <div class='ocr_carea' id='block_1_40' title="bbox 398 3806 3689 3883">
    <p class='ocr_par' dir='ltr' id='par_1_40' title="bbox 398 3806 3689 3883">
     <span class='ocr_line' id='line_1_40' title="bbox 398 3806 3689 3883; baseline -0.004 -12"><span class='ocrx_word' id='word_1_611' title='bbox 398 3814 736 3871; x_wconf 75' lang='lat' dir='ltr'><strong>ditissimum</strong></span> <span class='ocrx_word' id='word_1_612' title='bbox 771 3810 932 3868; x_wconf 90' lang='lat' dir='ltr'><strong>nobis</strong></span> <span class='ocrx_word' id='word_1_613' title='bbox 971 3808 1235 3883; x_wconf 79' lang='lat' dir='ltr'><strong>praestitit</strong></span> <span class='ocrx_word' id='word_1_614' title='bbox 1271 3811 1547 3866; x_wconf 90' lang='lat' dir='ltr'><strong>bonorum</strong></span> <span class='ocrx_word' id='word_1_615' title='bbox 1585 3810 1913 3866; x_wconf 86' lang='lat' dir='ltr'><strong>fruitionem</strong></span> <span class='ocrx_word' id='word_1_616' title='bbox 1935 3816 2001 3866; x_wconf 85' lang='lat' dir='ltr'><strong>ut</strong></span> <span class='ocrx_word' id='word_1_617' title='bbox 2080 3806 2191 3862; x_wconf 90' lang='lat' dir='ltr'><strong>illis</strong></span> <span class='ocrx_word' id='word_1_618' title='bbox 2217 3809 2280 3864; x_wconf 89' lang='lat' dir='ltr'><strong>in</strong></span> <span class='ocrx_word' id='word_1_619' title='bbox 2305 3809 2652 3881; x_wconf 76' lang='lat' dir='ltr'><strong>temporibus</strong></span> <span class='ocrx_word' id='word_1_620' title='bbox 2679 3811 2860 3865; x_wconf 90' lang='lat' dir='ltr'><strong>multa</strong></span> <span class='ocrx_word' id='word_1_621' title='bbox 2891 3811 3167 3867; x_wconf 89' lang='lat' dir='ltr'><strong>nocivitas</strong></span> <span class='ocrx_word' id='word_1_622' title='bbox 3194 3812 3468 3868; x_wconf 80' lang='lat' dir='ltr'><strong>Ecclesiae</strong></span> <span class='ocrx_word' id='word_1_623' title='bbox 3494 3809 3562 3864; x_wconf 88' lang='lat' dir='ltr'><strong>ab</strong></span> <span class='ocrx_word' id='word_1_624' title='bbox 3590 3807 3689 3862; x_wconf 89' lang='lat' dir='ltr'><strong>illis</strong></span> 
     </span>
    </p>
   </div>
   <div class='ocr_carea' id='block_1_41' title="bbox 297 3895 3690 3976">
    <p class='ocr_par' dir='ltr' id='par_1_41' title="bbox 297 3895 3690 3976">
     <span class='ocr_line' id='line_1_41' title="bbox 297 3895 3690 3976; baseline -0.003 -16"><span class='ocrx_word' id='word_1_625' title='bbox 297 3941 314 3949; x_wconf 65' lang='grc' dir='ltr'><strong>-ς</strong></span> <span class='ocrx_word' id='word_1_626' title='bbox 398 3905 524 3976; x_wconf 86' lang='lat' dir='ltr'><strong>ejus</strong></span> <span class='ocrx_word' id='word_1_627' title='bbox 558 3902 744 3976; x_wconf 85' lang='lat' dir='ltr'><strong>gratia</strong></span> <span class='ocrx_word' id='word_1_628' title='bbox 783 3899 1070 3973; x_wconf 83' lang='lat' dir='ltr'><strong>justitiam</strong></span> <span class='ocrx_word' id='word_1_629' title='bbox 1117 3899 1341 3972; x_wconf 87' lang='lat' dir='ltr'><strong>assequi</strong></span> <span class='ocrx_word' id='word_1_630' title='bbox 1387 3899 1544 3972; x_wconf 87' lang='lat' dir='ltr'><strong>digni</strong></span> <span class='ocrx_word' id='word_1_631' title='bbox 1591 3899 1992 3969; x_wconf 83' lang='lat' dir='ltr'><strong>inveniremur,</strong></span> <span class='ocrx_word' id='word_1_632' title='bbox 2075 3895 2442 3966; x_wconf 88' lang='lat' dir='ltr'><strong>inferebatur,</strong></span> <span class='ocrx_word' id='word_1_633' title='bbox 2487 3898 2612 3954; x_wconf 91' lang='lat' dir='ltr'><strong>ideo</strong></span> <span class='ocrx_word' id='word_1_634' title='bbox 2660 3899 2786 3971; x_wconf 90' lang='lat' dir='ltr'><strong>ipsa</strong></span> <span class='ocrx_word' id='word_1_635' title='bbox 2829 3899 3171 3956; x_wconf 89' lang='lat' dir='ltr'><strong>necessitate</strong></span> <span class='ocrx_word' id='word_1_636' title='bbox 3210 3901 3506 3968; x_wconf 86' lang='lat' dir='ltr'><strong>addictus,</strong></span> <span class='ocrx_word' id='word_1_637' title='bbox 3555 3903 3612 3953; x_wconf 89' lang='lat' dir='ltr'><strong>et</strong></span> <span class='ocrx_word' id='word_1_638' title='bbox 3639 3895 3690 3950; x_wconf 89' lang='lat' dir='ltr'><strong>in</strong></span> 
     </span>
    </p>
   </div>
   <div class='ocr_carea' id='block_1_42' title="bbox 397 3985 3692 4066">
    <p class='ocr_par' dir='ltr' id='par_1_42' title="bbox 397 3985 3692 4066">
     <span class='ocr_line' id='line_1_42' title="bbox 397 3985 3692 4066; baseline -0.003 -18"><span class='ocrx_word' id='word_1_639' title='bbox 397 4005 652 4066; x_wconf 81' lang='lat' dir='ltr'><strong>quamex</strong></span> <span class='ocrx_word' id='word_1_640' title='bbox 671 3989 880 4046; x_wconf 87' lang='lat' dir='ltr'><strong>nostris</strong></span> <span class='ocrx_word' id='word_1_641' title='bbox 897 3987 1162 4060; x_wconf 75' lang='lat' dir='ltr'><strong>operibus</strong></span> <span class='ocrx_word' id='word_1_642' title='bbox 1181 3987 1406 4060; x_wconf 87' lang='lat' dir='ltr'><strong>assequi</strong></span> <span class='ocrx_word' id='word_1_643' title='bbox 1432 3987 1666 4044; x_wconf 91' lang='lat' dir='ltr'><strong>minime</strong></span> <span class='ocrx_word' id='word_1_644' title='bbox 1686 3989 1991 4060; x_wconf 89' lang='lat' dir='ltr'><strong>potuimus,</strong></span> <span class='ocrx_word' id='word_1_645' title='bbox 2075 3985 2415 4058; x_wconf 84' lang='lat' dir='ltr'><strong>principium</strong></span> <span class='ocrx_word' id='word_1_646' title='bbox 2451 3987 2732 4059; x_wconf 54' lang='lat' dir='ltr'><strong>Epistolas,</strong></span> <span class='ocrx_word' id='word_1_647' title='bbox 2777 3993 2836 4043; x_wconf 91' lang='lat' dir='ltr'><strong>et</strong></span> <span class='ocrx_word' id='word_1_648' title='bbox 2877 3989 2937 4043; x_wconf 91' lang='lat' dir='ltr'><strong>in</strong></span> <span class='ocrx_word' id='word_1_649' title='bbox 2974 3991 3150 4048; x_wconf 89' lang='lat' dir='ltr'><strong>ﬁnem</strong></span> <span class='ocrx_word' id='word_1_650' title='bbox 3199 3995 3566 4046; x_wconf 88' lang='lat' dir='ltr'><strong>memoratus</strong></span> <span class='ocrx_word' id='word_1_651' title='bbox 3615 3989 3692 4039; x_wconf 85' lang='lat' dir='ltr'><strong>est</strong></span> 
     </span>
    </p>
   </div>
   <div class='ocr_carea' id='block_1_43' title="bbox 395 4074 3686 4153">
    <p class='ocr_par' dir='ltr' id='par_1_43' title="bbox 395 4074 3686 4153">
     <span class='ocr_line' id='line_1_43' title="bbox 395 4074 3686 4153; baseline -0.002 -17"><span class='ocrx_word' id='word_1_652' title='bbox 395 4079 665 4153; x_wconf 83' lang='lat' dir='ltr'><strong>quoniam</strong></span> <span class='ocrx_word' id='word_1_653' title='bbox 689 4080 1020 4151; x_wconf 86' lang='lat' dir='ltr'><strong>perpetuam</strong></span> <span class='ocrx_word' id='word_1_654' title='bbox 1039 4075 1196 4132; x_wconf 90' lang='lat' dir='ltr'><strong>illam</strong></span> <span class='ocrx_word' id='word_1_655' title='bbox 1213 4075 1387 4133; x_wconf 87' lang='lat' dir='ltr'><strong>vitam</strong></span> <span class='ocrx_word' id='word_1_656' title='bbox 1405 4077 1778 4149; x_wconf 86' lang='lat' dir='ltr'><strong>assequimur,</strong></span> <span class='ocrx_word' id='word_1_657' title='bbox 1795 4077 1856 4132; x_wconf 90' lang='lat' dir='ltr'><strong>in</strong></span> <span class='ocrx_word' id='word_1_658' title='bbox 1881 4095 1994 4150; x_wconf 89' lang='lat' dir='ltr'><strong>qua</strong></span> <span class='ocrx_word' id='word_1_659' title='bbox 2075 4089 2306 4130; x_wconf 88' lang='lat' dir='ltr'><strong>eorum:</strong></span> <span class='ocrx_word' id='word_1_660' title='bbox 2338 4076 2417 4130; x_wconf 90' lang='lat' dir='ltr'><strong>sic</strong></span> <span class='ocrx_word' id='word_1_661' title='bbox 2445 4077 2616 4132; x_wconf 87' lang='lat' dir='ltr'><strong>etiam</strong></span> <span class='ocrx_word' id='word_1_662' title='bbox 2634 4077 2834 4132; x_wconf 88' lang='lat' dir='ltr'><strong>fecisse</strong></span> <span class='ocrx_word' id='word_1_663' title='bbox 2859 4077 3081 4134; x_wconf 89' lang='lat' dir='ltr'><strong>videtur</strong></span> <span class='ocrx_word' id='word_1_664' title='bbox 3105 4085 3168 4134; x_wconf 89' lang='lat' dir='ltr'><strong>et</strong></span> <span class='ocrx_word' id='word_1_665' title='bbox 3197 4079 3266 4135; x_wconf 93' lang='lat' dir='ltr'><strong>in</strong></span> <span class='ocrx_word' id='word_1_666' title='bbox 3305 4081 3413 4134; x_wconf 90' lang='lat' dir='ltr'><strong>illa</strong></span> <span class='ocrx_word' id='word_1_667' title='bbox 3431 4074 3686 4151; x_wconf 81' lang='lat' dir='ltr'><strong>Epistula,</strong></span> 
     </span>
    </p>
   </div>
   <div class='ocr_carea' id='block_1_44' title="bbox 395 4163 3689 4241">
    <p class='ocr_par' dir='ltr' id='par_1_44' title="bbox 395 4163 3689 4241">
     <span class='ocr_line' id='line_1_44' title="bbox 395 4163 3689 4241; baseline 0.001 -16"><span class='ocrx_word' id='word_1_668' title='bbox 395 4167 689 4225; x_wconf 85' lang='lat' dir='ltr'><strong>constituti</strong></span> <span class='ocrx_word' id='word_1_669' title='bbox 714 4163 878 4222; x_wconf 86' lang='lat' dir='ltr'><strong>liberi</strong></span> <span class='ocrx_word' id='word_1_670' title='bbox 905 4165 1118 4222; x_wconf 89' lang='lat' dir='ltr'><strong>erimus</strong></span> <span class='ocrx_word' id='word_1_671' title='bbox 1137 4165 1208 4220; x_wconf 91' lang='lat' dir='ltr'><strong>ab</strong></span> <span class='ocrx_word' id='word_1_672' title='bbox 1225 4165 1382 4221; x_wconf 90' lang='lat' dir='ltr'><strong>omni</strong></span> <span class='ocrx_word' id='word_1_673' title='bbox 1405 4166 1726 4238; x_wconf 88' lang='lat' dir='ltr'><strong>corruptela</strong></span> <span class='ocrx_word' id='word_1_674' title='bbox 1753 4171 1812 4221; x_wconf 91' lang='lat' dir='ltr'><strong>et</strong></span> <span class='ocrx_word' id='word_1_675' title='bbox 1837 4167 1993 4224; x_wconf 91' lang='lat' dir='ltr'><strong>omni</strong></span> <span class='ocrx_word' id='word_1_676' title='bbox 2074 4179 2242 4235; x_wconf 90' lang='lat' dir='ltr'><strong>quam</strong></span> <span class='ocrx_word' id='word_1_677' title='bbox 2271 4167 2345 4220; x_wconf 89' lang='lat' dir='ltr'><strong>ad</strong></span> <span class='ocrx_word' id='word_1_678' title='bbox 2369 4165 2728 4222; x_wconf 88' lang='lat' dir='ltr'><strong>Timotheum</strong></span> <span class='ocrx_word' id='word_1_679' title='bbox 2747 4167 3070 4238; x_wconf 84' lang='lat' dir='ltr'><strong>scripserat:</strong></span> <span class='ocrx_word' id='word_1_680' title='bbox 3089 4169 3182 4224; x_wconf 91' lang='lat' dir='ltr'><strong>Ne</strong></span> <span class='ocrx_word' id='word_1_681' title='bbox 3198 4169 3474 4241; x_wconf 87' lang='lat' dir='ltr'><strong>patiaris,</strong></span> <span class='ocrx_word' id='word_1_682' title='bbox 3499 4165 3689 4238; x_wconf 70' lang='lat' dir='ltr'><strong>inqu</strong></span> 
     </span>
    </p>
   </div>
   <div class='ocr_carea' id='block_1_45' title="bbox 396 4253 3694 4330">
    <p class='ocr_par' dir='ltr' id='par_1_45' title="bbox 396 4253 3694 4330">
     <span class='ocr_line' id='line_1_45' title="bbox 396 4253 3694 4330; baseline -0.001 -16"><span class='ocrx_word' id='word_1_683' title='bbox 396 4263 644 4330; x_wconf 79' lang='lat' dir='ltr'><strong>peccato.</strong></span> <span class='ocrx_word' id='word_1_684' title='bbox 675 4254 808 4312; x_wconf 66' lang='lat' dir='ltr'><strong>Hec</strong></span> <span class='ocrx_word' id='word_1_685' title='bbox 834 4259 1026 4310; x_wconf 87' lang='lat' dir='ltr'><strong>autem</strong></span> <span class='ocrx_word' id='word_1_686' title='bbox 1064 4253 1192 4310; x_wconf 90' lang='lat' dir='ltr'><strong>ideo</strong></span> <span class='ocrx_word' id='word_1_687' title='bbox 1233 4259 1579 4310; x_wconf 88' lang='lat' dir='ltr'><strong>memoratus</strong></span> <span class='ocrx_word' id='word_1_688' title='bbox 1621 4259 1726 4322; x_wconf 89' lang='lat' dir='ltr'><strong>est,</strong></span> <span class='ocrx_word' id='word_1_689' title='bbox 1769 4260 1836 4311; x_wconf 87' lang='lat' dir='ltr'><strong>ut</strong></span> <span class='ocrx_word' id='word_1_690' title='bbox 1865 4255 1992 4312; x_wconf 91' lang='lat' dir='ltr'><strong>illos</strong></span> <span class='ocrx_word' id='word_1_691' title='bbox 2073 4254 2402 4326; x_wconf 89' lang='lat' dir='ltr'><strong>conquirere</strong></span> <span class='ocrx_word' id='word_1_692' title='bbox 2425 4260 2483 4310; x_wconf 92' lang='lat' dir='ltr'><strong>et</strong></span> <span class='ocrx_word' id='word_1_693' title='bbox 2505 4257 2795 4311; x_wconf 88' lang='lat' dir='ltr'><strong>decertare</strong></span> <span class='ocrx_word' id='word_1_694' title='bbox 2830 4257 2902 4312; x_wconf 92' lang='lat' dir='ltr'><strong>de</strong></span> <span class='ocrx_word' id='word_1_695' title='bbox 2931 4257 3045 4311; x_wconf 92' lang='lat' dir='ltr'><strong>illis</strong></span> <span class='ocrx_word' id='word_1_696' title='bbox 3074 4274 3208 4328; x_wconf 83' lang='lat' dir='ltr'><strong>quae</strong></span> <span class='ocrx_word' id='word_1_697' title='bbox 3239 4259 3307 4313; x_wconf 89' lang='lat' dir='ltr'><strong>in</strong></span> <span class='ocrx_word' id='word_1_698' title='bbox 3339 4259 3470 4330; x_wconf 84' lang='lat' dir='ltr'><strong>lege</strong></span> <span class='ocrx_word' id='word_1_699' title='bbox 3499 4269 3694 4330; x_wconf 67' lang='lat' dir='ltr'><strong>praece-</strong></span> 
     </span>
    </p>
   </div>
   <div class='ocr_carea' id='block_1_46' title="bbox 392 4343 3696 4420">
    <p class='ocr_par' dir='ltr' id='par_1_46' title="bbox 392 4343 3696 4420">
     <span class='ocr_line' id='line_1_46' title="bbox 392 4343 3696 4420; baseline -0.002 -16"><span class='ocrx_word' id='word_1_700' title='bbox 392 4343 912 4419; x_wconf 84' lang='lat' dir='ltr'><strong>doceret,quoniam</strong></span> <span class='ocrx_word' id='word_1_701' title='bbox 926 4343 1034 4417; x_wconf 89' lang='lat' dir='ltr'><strong>ipsi</strong></span> <span class='ocrx_word' id='word_1_702' title='bbox 1053 4343 1438 4399; x_wconf 85' lang='lat' dir='ltr'><strong>misericordia</strong></span> <span class='ocrx_word' id='word_1_703' title='bbox 1454 4345 1575 4399; x_wconf 89' lang='lat' dir='ltr'><strong>sola</strong></span> <span class='ocrx_word' id='word_1_704' title='bbox 1591 4349 1882 4400; x_wconf 89' lang='lat' dir='ltr'><strong>tantorum</strong></span> <span class='ocrx_word' id='word_1_705' title='bbox 1897 4343 2054 4420; x_wconf 59' lang='lat' dir='ltr'><strong>bo-h</strong></span> <span class='ocrx_word' id='word_1_706' title='bbox 2071 4347 2172 4414; x_wconf 88' lang='lat' dir='ltr'><strong>pta</strong></span> <span class='ocrx_word' id='word_1_707' title='bbox 2205 4349 2355 4411; x_wconf 88' lang='lat' dir='ltr'><strong>sunt,</strong></span> <span class='ocrx_word' id='word_1_708' title='bbox 2388 4361 2572 4417; x_wconf 91' lang='lat' dir='ltr'><strong>neque</strong></span> <span class='ocrx_word' id='word_1_709' title='bbox 2597 4346 2944 4417; x_wconf 88' lang='lat' dir='ltr'><strong>genealogiis</strong></span> <span class='ocrx_word' id='word_1_710' title='bbox 2989 4346 3314 4403; x_wconf 89' lang='lat' dir='ltr'><strong>intendens</strong></span> <span class='ocrx_word' id='word_1_711' title='bbox 3369 4364 3516 4420; x_wconf 89' lang='lat' dir='ltr'><strong>opus</strong></span> <span class='ocrx_word' id='word_1_712' title='bbox 3547 4352 3696 4400; x_wconf 89' lang='lat' dir='ltr'><strong>tuum</strong></span> 
     </span>
    </p>
   </div>
   <div class='ocr_carea' id='block_1_47' title="bbox 391 4397 3696 4509">
    <p class='ocr_par' dir='ltr' id='par_1_47' title="bbox 391 4397 3696 4509">
     <span class='ocr_line' id='line_1_47' title="bbox 391 4397 3696 4509; baseline -0.002 -16"><span class='ocrx_word' id='word_1_713' title='bbox 391 4397 774 4509; x_wconf 32' lang='lat' dir='ltr'><strong>£51573.in—</strong></span> <span class='ocrx_word' id='word_1_714' title='bbox 777 4397 917 4491; x_wconf 50' lang='grc' dir='ltr'><em>ὦ</em></span> <span class='ocrx_word' id='word_1_715' title='bbox 929 4397 1132 4489; x_wconf 52' lang='lat' dir='ltr'><strong>arra:</strong></span> <span class='ocrx_word' id='word_1_716' title='bbox 1144 4397 1273 4489; x_wconf 54' lang='lat' dir='ltr'><strong>ne.</strong></span> <span class='ocrx_word' id='word_1_717' title='bbox 1284 4397 1770 4506; x_wconf 40' lang='lat' dir='ltr'><strong>asseram;</strong></span> <span class='ocrx_word' id='word_1_718' title='bbox 1783 4397 1990 4490; x_wconf 48' lang='lat' dir='ltr'><strong>sine.</strong></span> <span class='ocrx_word' id='word_1_719' title='bbox 2005 4397 2055 4457; x_wconf 73' lang='grc' dir='ltr'>Β</span> <span class='ocrx_word' id='word_1_720' title='bbox 2069 4397 2364 4504; x_wconf 59' lang='lat' dir='ltr'><strong>impedias,</strong></span> <span class='ocrx_word' id='word_1_721' title='bbox 2390 4397 2663 4504; x_wconf 40' lang='lat' dir='ltr'><strong>&#39;Ll&#39;uls&#39;iiii</strong></span> <span class='ocrx_word' id='word_1_722' title='bbox 2671 4397 2970 4490; x_wconf 51' lang='lat' dir='ltr'><strong>“rgias.</strong></span> <span class='ocrx_word' id='word_1_723' title='bbox 2990 4397 3338 4506; x_wconf 50' lang='lat' dir='ltr'><strong>gaesa</strong></span> <span class='ocrx_word' id='word_1_724' title='bbox 3374 4397 3696 4491; x_wconf 50' lang='lat' dir='ltr'><strong>esset</strong></span> 
     </span>
    </p>
   </div>
   <div class='ocr_carea' id='block_1_48' title="bbox 388 4521 3697 4600">
    <p class='ocr_par' dir='ltr' id='par_1_48' title="bbox 388 4521 3697 4600">
     <span class='ocr_line' id='line_1_48' title="bbox 388 4521 3697 4600; baseline -0.002 -18"><span class='ocrx_word' id='word_1_725' title='bbox 388 4533 621 4600; x_wconf 87' lang='lat' dir='ltr'><strong>propter</strong></span> <span class='ocrx_word' id='word_1_726' title='bbox 643 4524 996 4598; x_wconf 88' lang='lat' dir='ltr'><strong>impietatem</strong></span> <span class='ocrx_word' id='word_1_727' title='bbox 1023 4523 1168 4579; x_wconf 88' lang='lat' dir='ltr'><strong>odiis</strong></span> <span class='ocrx_word' id='word_1_728' title='bbox 1196 4537 1627 4595; x_wconf 89' lang='lat' dir='ltr'><strong>prosequamur,</strong></span> <span class='ocrx_word' id='word_1_729' title='bbox 1654 4523 1751 4594; x_wconf 88' lang='lat' dir='ltr'><strong>qui</strong></span> <span class='ocrx_word' id='word_1_730' title='bbox 1787 4527 1845 4578; x_wconf 90' lang='lat' dir='ltr'><strong>et</strong></span> <span class='ocrx_word' id='word_1_731' title='bbox 1880 4523 1988 4596; x_wconf 93' lang='lat' dir='ltr'><strong>ipsi</strong></span> <span class='ocrx_word' id='word_1_732' title='bbox 2069 4521 2380 4576; x_wconf 89' lang='lat' dir='ltr'><strong>studentes.</strong></span> <span class='ocrx_word' id='word_1_733' title='bbox 2426 4523 2504 4578; x_wconf 86' lang='lat' dir='ltr'><strong>Ex</strong></span> <span class='ocrx_word' id='word_1_734' title='bbox 2545 4523 2642 4598; x_wconf 23' lang='lat' dir='ltr'><strong>his.</strong></span> <span class='ocrx_word' id='word_1_735' title='bbox 2663 4523 2816 4578; x_wconf 89' lang='lat' dir='ltr'><strong>enim</strong></span> <span class='ocrx_word' id='word_1_736' title='bbox 2848 4525 3067 4580; x_wconf 89' lang='lat' dir='ltr'><strong>nullum</strong></span> <span class='ocrx_word' id='word_1_737' title='bbox 3090 4525 3392 4596; x_wconf 87' lang='lat' dir='ltr'><strong>juvamen</strong></span> <span class='ocrx_word' id='word_1_738' title='bbox 3425 4525 3697 4598; x_wconf 86' lang='lat' dir='ltr'><strong>quispiam</strong></span> 
     </span>
    </p>
   </div>
   <div class='ocr_carea' id='block_1_49' title="bbox 389 4610 3694 4684">
    <p class='ocr_par' dir='ltr' id='par_1_49' title="bbox 389 4610 3694 4684">
     <span class='ocr_line' id='line_1_49' title="bbox 389 4610 3694 4684; baseline -0.002 -14"><span class='ocrx_word' id='word_1_739' title='bbox 389 4615 604 4670; x_wconf 88' lang='lat' dir='ltr'><strong>dudum</strong></span> <span class='ocrx_word' id='word_1_740' title='bbox 628 4613 810 4668; x_wconf 90' lang='lat' dir='ltr'><strong>odiosi</strong></span> <span class='ocrx_word' id='word_1_741' title='bbox 835 4612 1009 4668; x_wconf 83' lang='lat' dir='ltr'><strong>fuisse</strong></span> <span class='ocrx_word' id='word_1_742' title='bbox 1034 4611 1383 4667; x_wconf 89' lang='lat' dir='ltr'><strong>videbamur.</strong></span> <span class='ocrx_word' id='word_1_743' title='bbox 1413 4613 1612 4684; x_wconf 74' lang='grc' dir='ltr'><strong>(Πίον.)</strong></span> <span class='ocrx_word' id='word_1_744' title='bbox 1647 4611 1988 4684; x_wconf 87' lang='lat' dir='ltr'><strong>Diligentius</strong></span> <span class='ocrx_word' id='word_1_745' title='bbox 2069 4610 2290 4682; x_wconf 90' lang='lat' dir='ltr'><strong>assequi</strong></span> <span class='ocrx_word' id='word_1_746' title='bbox 2319 4611 2543 4682; x_wconf 89' lang='lat' dir='ltr'><strong>poterit,</strong></span> <span class='ocrx_word' id='word_1_747' title='bbox 2569 4613 2668 4667; x_wconf 90' lang='lat' dir='ltr'><strong>sed</strong></span> <span class='ocrx_word' id='word_1_748' title='bbox 2688 4618 2747 4668; x_wconf 92' lang='lat' dir='ltr'><strong>et</strong></span> <span class='ocrx_word' id='word_1_749' title='bbox 2764 4614 3002 4668; x_wconf 85' lang='lat' dir='ltr'><strong>multam</strong></span> <span class='ocrx_word' id='word_1_750' title='bbox 3030 4615 3294 4670; x_wconf 87' lang='lat' dir='ltr'><strong>sustinet</strong></span> <span class='ocrx_word' id='word_1_751' title='bbox 3311 4615 3694 4670; x_wconf 83' lang='lat' dir='ltr'><strong>nocivitatern.</strong></span> 
     </span>
    </p>
   </div>
   <div class='ocr_carea' id='block_1_50' title="bbox 387 4699 3700 4777">
    <p class='ocr_par' dir='ltr' id='par_1_50' title="bbox 387 4699 3700 4777">
     <span class='ocr_line' id='line_1_50' title="bbox 387 4699 3700 4777; baseline -0.001 -19"><span class='ocrx_word' id='word_1_752' title='bbox 387 4701 746 4760; x_wconf 86' lang='lat' dir='ltr'><strong>attendamus</strong></span> <span class='ocrx_word' id='word_1_753' title='bbox 763 4706 822 4756; x_wconf 89' lang='lat' dir='ltr'><strong>et</strong></span> <span class='ocrx_word' id='word_1_754' title='bbox 843 4701 1194 4758; x_wconf 87' lang='lat' dir='ltr'><strong>inveniamus</strong></span> <span class='ocrx_word' id='word_1_755' title='bbox 1214 4700 1275 4756; x_wconf 92' lang='lat' dir='ltr'><strong>in</strong></span> <span class='ocrx_word' id='word_1_756' title='bbox 1299 4699 1562 4772; x_wconf 63' lang='lat' dir='ltr'><strong>presenti</strong></span> <span class='ocrx_word' id='word_1_757' title='bbox 1583 4699 1830 4772; x_wconf 89' lang='lat' dir='ltr'><strong>capitulo</strong></span> <span class='ocrx_word' id='word_1_758' title='bbox 1860 4718 1986 4756; x_wconf 88' lang='lat' dir='ltr'><strong>ma-</strong></span> <span class='ocrx_word' id='word_1_759' title='bbox 2071 4701 2244 4768; x_wconf 79' lang='lat' dir='ltr'><strong>(Hier.</strong></span> <span class='ocrx_word' id='word_1_760' title='bbox 2250 4708 2270 4769; x_wconf 84' lang='lat'><strong><em>)</em></strong></span> <span class='ocrx_word' id='word_1_761' title='bbox 2289 4700 2434 4766; x_wconf 88' lang='lat' dir='ltr'><strong>Quia</strong></span> <span class='ocrx_word' id='word_1_762' title='bbox 2461 4701 2800 4773; x_wconf 85' lang='lat' dir='ltr'><strong>multiplices</strong></span> <span class='ocrx_word' id='word_1_763' title='bbox 2827 4707 2885 4756; x_wconf 90' lang='lat' dir='ltr'><strong>et</strong></span> <span class='ocrx_word' id='word_1_764' title='bbox 2902 4703 3136 4758; x_wconf 69' lang='lat' dir='ltr'><strong>diversae</strong></span> <span class='ocrx_word' id='word_1_765' title='bbox 3159 4711 3315 4761; x_wconf 86' lang='lat' dir='ltr'><strong>sunt</strong></span> <span class='ocrx_word' id='word_1_766' title='bbox 3335 4704 3700 4777; x_wconf 84' lang='lat' dir='ltr'><strong>quaestiones,</strong></span> 
     </span>
    </p>
   </div>
   <div class='ocr_carea' id='block_1_51' title="bbox 386 4787 3702 4863">
    <p class='ocr_par' dir='ltr' id='par_1_51' title="bbox 386 4787 3702 4863">
     <span class='ocr_line' id='line_1_51' title="bbox 386 4787 3702 4863; baseline -0.001 -17"><span class='ocrx_word' id='word_1_767' title='bbox 386 4789 810 4847; x_wconf 83' lang='lat' dir='ltr'><strong>nifestissimam</strong></span> <span class='ocrx_word' id='word_1_768' title='bbox 835 4789 1204 4858; x_wconf 87' lang='lat' dir='ltr'><strong>Trinitatem;</strong></span> <span class='ocrx_word' id='word_1_769' title='bbox 1238 4787 1558 4860; x_wconf 86' lang='lat' dir='ltr'><strong>benignitas</strong></span> <span class='ocrx_word' id='word_1_770' title='bbox 1589 4789 1796 4861; x_wconf 89' lang='lat' dir='ltr'><strong>quippe</strong></span> <span class='ocrx_word' id='word_1_771' title='bbox 1815 4795 1985 4862; x_wconf 90' lang='lat' dir='ltr'><strong>atque</strong></span> <span class='ocrx_word' id='word_1_772' title='bbox 2065 4794 2367 4861; x_wconf 86' lang='lat' dir='ltr'><strong>propterea</strong></span> <span class='ocrx_word' id='word_1_773' title='bbox 2392 4791 2656 4846; x_wconf 90' lang='lat' dir='ltr'><strong>Salomon</strong></span> <span class='ocrx_word' id='word_1_774' title='bbox 2687 4791 2757 4846; x_wconf 91' lang='lat' dir='ltr'><strong>de</strong></span> <span class='ocrx_word' id='word_1_775' title='bbox 2783 4791 2872 4846; x_wconf 91' lang='lat' dir='ltr'><strong>his</strong></span> <span class='ocrx_word' id='word_1_776' title='bbox 2901 4791 2997 4862; x_wconf 91' lang='lat' dir='ltr'><strong>qui</strong></span> <span class='ocrx_word' id='word_1_777' title='bbox 3021 4800 3308 4863; x_wconf 84' lang='lat' dir='ltr'><strong>quaerunt</strong></span> <span class='ocrx_word' id='word_1_778' title='bbox 3337 4795 3532 4849; x_wconf 91' lang='lat' dir='ltr'><strong>Deum</strong></span> <span class='ocrx_word' id='word_1_779' title='bbox 3552 4793 3702 4846; x_wconf 89' lang='lat' dir='ltr'><strong>locu-</strong></span> 
     </span>
    </p>
   </div>
   <div class='ocr_carea' id='block_1_52' title="bbox 385 4875 3705 4952">
    <p class='ocr_par' dir='ltr' id='par_1_52' title="bbox 385 4875 3705 4952">
     <span class='ocr_line' id='line_1_52' title="bbox 385 4875 3705 4952; baseline -0.001 -16"><span class='ocrx_word' id='word_1_780' title='bbox 385 4879 687 4938; x_wconf 87' lang='lat' dir='ltr'><strong>clementia</strong></span> <span class='ocrx_word' id='word_1_781' title='bbox 712 4877 1018 4934; x_wconf 87' lang='lat' dir='ltr'><strong>Salvatoris</strong></span> <span class='ocrx_word' id='word_1_782' title='bbox 1043 4877 1226 4934; x_wconf 88' lang='lat' dir='ltr'><strong>nostri</strong></span> <span class='ocrx_word' id='word_1_783' title='bbox 1255 4875 1377 4944; x_wconf 91' lang='lat' dir='ltr'><strong>Dei,</strong></span> <span class='ocrx_word' id='word_1_784' title='bbox 1409 4894 1526 4933; x_wconf 90' lang='lat' dir='ltr'><strong>non</strong></span> <span class='ocrx_word' id='word_1_785' title='bbox 1551 4877 1784 4934; x_wconf 87' lang='lat' dir='ltr'><strong>alterius</strong></span> <span class='ocrx_word' id='word_1_786' title='bbox 1813 4895 1985 4950; x_wconf 88' lang='lat' dir='ltr'><strong>quam</strong></span> <span class='ocrx_word' id='word_1_787' title='bbox 2065 4882 2159 4933; x_wconf 88' lang='lat' dir='ltr'><strong>tus</strong></span> <span class='ocrx_word' id='word_1_788' title='bbox 2179 4883 2268 4934; x_wconf 92' lang='lat' dir='ltr'><strong>est</strong></span> <span class='ocrx_word' id='word_1_789' title='bbox 2289 4879 2508 4933; x_wconf 90' lang='lat' dir='ltr'><strong>dicens:</strong></span> <span class='ocrx_word' id='word_1_790' title='bbox 2529 4899 2552 4932; x_wconf 72' lang='grc' dir='ltr'>ε</span> <span class='ocrx_word' id='word_1_791' title='bbox 2572 4881 2742 4936; x_wconf 86' lang='lat' dir='ltr'><strong>Recte</strong></span> <span class='ocrx_word' id='word_1_792' title='bbox 2756 4885 2948 4935; x_wconf 88' lang='lat' dir='ltr'><strong>autem</strong></span> <span class='ocrx_word' id='word_1_793' title='bbox 2963 4887 3303 4952; x_wconf 67' lang='lat' dir='ltr'><strong>quaerentes</strong></span> <span class='ocrx_word' id='word_1_794' title='bbox 3321 4899 3466 4939; x_wconf 87' lang='lat' dir='ltr'><strong>eum</strong></span> <span class='ocrx_word' id='word_1_795' title='bbox 3485 4882 3705 4938; x_wconf 87' lang='lat' dir='ltr'><strong>invene-</strong></span> 
     </span>
    </p>
   </div>
   <div class='ocr_carea' id='block_1_53' title="bbox 383 4967 3697 5043">
    <p class='ocr_par' dir='ltr' id='par_1_53' title="bbox 383 4967 3697 5043">
     <span class='ocr_line' id='line_1_53' title="bbox 383 4967 3697 5043; baseline -0.002 -16"><span class='ocrx_word' id='word_1_796' title='bbox 383 4971 490 5027; x_wconf 90' lang='lat' dir='ltr'><strong>Dei</strong></span> <span class='ocrx_word' id='word_1_797' title='bbox 514 4967 722 5036; x_wconf 86' lang='lat' dir='ltr'><strong>Patris,</strong></span> <span class='ocrx_word' id='word_1_798' title='bbox 744 4984 846 5040; x_wconf 89' lang='lat' dir='ltr'><strong>per</strong></span> <span class='ocrx_word' id='word_1_799' title='bbox 871 4967 1157 5023; x_wconf 87' lang='lat' dir='ltr'><strong>lavacrum</strong></span> <span class='ocrx_word' id='word_1_800' title='bbox 1185 4967 1631 5038; x_wconf 85' lang='lat' dir='ltr'><strong>regenerationis</strong></span> <span class='ocrx_word' id='word_1_801' title='bbox 1659 4972 1718 5023; x_wconf 92' lang='lat' dir='ltr'><strong>et</strong></span> <span class='ocrx_word' id='word_1_802' title='bbox 1743 4983 1980 5022; x_wconf 89' lang='lat' dir='ltr'><strong>renova-</strong></span> <span class='ocrx_word' id='word_1_803' title='bbox 2063 4973 2199 5026; x_wconf 88' lang='lat' dir='ltr'><strong>runt</strong></span> <span class='ocrx_word' id='word_1_804' title='bbox 2217 4984 2450 5040; x_wconf 86' lang='lat' dir='ltr'><strong>pacem;</strong></span> <span class='ocrx_word' id='word_1_805' title='bbox 2487 4987 2509 5020; x_wconf 70' lang='grc' dir='ltr'><strong>ι</strong></span> <span class='ocrx_word' id='word_1_806' title='bbox 2535 4969 2631 5040; x_wconf 92' lang='lat' dir='ltr'><strong>qui</strong></span> <span class='ocrx_word' id='word_1_807' title='bbox 2661 4968 2835 5040; x_wconf 90' lang='lat' dir='ltr'><strong>igitur</strong></span> <span class='ocrx_word' id='word_1_808' title='bbox 2862 4971 3043 5026; x_wconf 91' lang='lat' dir='ltr'><strong>Deum</strong></span> <span class='ocrx_word' id='word_1_809' title='bbox 3065 4987 3185 5026; x_wconf 89' lang='lat' dir='ltr'><strong>non</strong></span> <span class='ocrx_word' id='word_1_810' title='bbox 3217 4979 3391 5026; x_wconf 85' lang='lat' dir='ltr'><strong>recte</strong></span> <span class='ocrx_word' id='word_1_811' title='bbox 3419 4972 3697 5043; x_wconf 86' lang='lat' dir='ltr'><strong>quaerunt,</strong></span> 
     </span>
    </p>
   </div>
   <div class='ocr_carea' id='block_1_54' title="bbox 381 5055 3706 5134">
    <p class='ocr_par' dir='ltr' id='par_1_54' title="bbox 381 5055 3706 5134">
     <span class='ocr_line' id='line_1_54' title="bbox 381 5055 3706 5134; baseline -0.002 -17"><span class='ocrx_word' id='word_1_812' title='bbox 381 5061 596 5118; x_wconf 87' lang='lat' dir='ltr'><strong>tionem</strong></span> <span class='ocrx_word' id='word_1_813' title='bbox 607 5056 851 5130; x_wconf 86' lang='lat' dir='ltr'><strong>Spiritus</strong></span> <span class='ocrx_word' id='word_1_814' title='bbox 865 5055 1067 5123; x_wconf 82' lang='lat' dir='ltr'><strong>sancti,</strong></span> <span class='ocrx_word' id='word_1_815' title='bbox 1086 5072 1254 5128; x_wconf 91' lang='lat' dir='ltr'><strong>quem</strong></span> <span class='ocrx_word' id='word_1_816' title='bbox 1279 5055 1478 5112; x_wconf 76' lang='lat' dir='ltr'><strong>effudit</strong></span> <span class='ocrx_word' id='word_1_817' title='bbox 1491 5072 1664 5128; x_wconf 87' lang='lat' dir='ltr'><strong>super</strong></span> <span class='ocrx_word' id='word_1_818' title='bbox 1679 5073 1782 5112; x_wconf 88' lang='lat' dir='ltr'><strong>nos</strong></span> <span class='ocrx_word' id='word_1_819' title='bbox 1805 5057 1982 5112; x_wconf 88' lang='lat' dir='ltr'><strong>abun-</strong></span> <span class='ocrx_word' id='word_1_820' title='bbox 2060 5073 2257 5128; x_wconf 91' lang='lat' dir='ltr'><strong>pacem</strong></span> <span class='ocrx_word' id='word_1_821' title='bbox 2277 5056 2528 5113; x_wconf 90' lang='lat' dir='ltr'><strong>invenire</strong></span> <span class='ocrx_word' id='word_1_822' title='bbox 2554 5073 2668 5112; x_wconf 91' lang='lat' dir='ltr'><strong>non</strong></span> <span class='ocrx_word' id='word_1_823' title='bbox 2691 5063 2944 5130; x_wconf 89' lang='lat' dir='ltr'><strong>possunt.</strong></span> <span class='ocrx_word' id='word_1_824' title='bbox 2963 5059 3232 5114; x_wconf 88' lang='lat' dir='ltr'><strong>Plurima</strong></span> <span class='ocrx_word' id='word_1_825' title='bbox 3263 5061 3552 5134; x_wconf 84' lang='lat' dir='ltr'><strong>exempla</strong></span> <span class='ocrx_word' id='word_1_826' title='bbox 3576 5063 3706 5114; x_wconf 89' lang='lat' dir='ltr'><strong>sunt</strong></span> 
     </span>
    </p>
   </div>
   <div class='ocr_carea' id='block_1_55' title="bbox 383 5143 3703 5222">
    <p class='ocr_par' dir='ltr' id='par_1_55' title="bbox 383 5143 3703 5222">
     <span class='ocr_line' id='line_1_55' title="bbox 383 5143 3703 5222; baseline -0.001 -16"><span class='ocrx_word' id='word_1_827' title='bbox 383 5151 585 5206; x_wconf 87' lang='lat' dir='ltr'><strong>danter</strong></span> <span class='ocrx_word' id='word_1_828' title='bbox 630 5163 732 5222; x_wconf 84' lang='lat' dir='ltr'><strong>per</strong></span> <span class='ocrx_word' id='word_1_829' title='bbox 757 5147 951 5202; x_wconf 86' lang='lat' dir='ltr'><strong>Jesum</strong></span> <span class='ocrx_word' id='word_1_830' title='bbox 981 5143 1270 5201; x_wconf 86' lang='lat' dir='ltr'><strong>Christum</strong></span> <span class='ocrx_word' id='word_1_831' title='bbox 1315 5145 1662 5202; x_wconf 87' lang='lat' dir='ltr'><strong>Salvatorem</strong></span> <span class='ocrx_word' id='word_1_832' title='bbox 1697 5152 1973 5215; x_wconf 89' lang='lat' dir='ltr'><strong>nostrum,</strong></span> <span class='ocrx_word' id='word_1_833' title='bbox 2061 5145 2565 5222; x_wconf 64' lang='lat' dir='ltr'><strong>quaerentiumnon</strong></span> <span class='ocrx_word' id='word_1_834' title='bbox 2595 5152 2746 5202; x_wconf 90' lang='lat' dir='ltr'><strong>recte</strong></span> <span class='ocrx_word' id='word_1_835' title='bbox 2771 5149 2972 5204; x_wconf 90' lang='lat' dir='ltr'><strong>Deum.</strong></span> <span class='ocrx_word' id='word_1_836' title='bbox 2996 5147 3180 5204; x_wconf 72' lang='lat' dir='ltr'><strong>Judaei</strong></span> <span class='ocrx_word' id='word_1_837' title='bbox 3215 5167 3412 5221; x_wconf 87' lang='lat' dir='ltr'><strong>prave</strong></span> <span class='ocrx_word' id='word_1_838' title='bbox 3441 5151 3703 5222; x_wconf 67' lang='lat' dir='ltr'><strong>quaerunt</strong></span> 
     </span>
    </p>
   </div>
   <div class='ocr_carea' id='block_1_56' title="bbox 377 5233 3702 5310">
    <p class='ocr_par' dir='ltr' id='par_1_56' title="bbox 377 5233 3702 5310">
     <span class='ocr_line' id='line_1_56' title="bbox 377 5233 3702 5310; baseline -0.002 -16"><span class='ocrx_word' id='word_1_839' title='bbox 377 5235 710 5310; x_wconf 86' lang='lat' dir='ltr'><strong>justiﬁcavit</strong></span> <span class='ocrx_word' id='word_1_840' title='bbox 724 5252 828 5292; x_wconf 88' lang='lat' dir='ltr'><strong>nos</strong></span> <span class='ocrx_word' id='word_1_841' title='bbox 855 5235 918 5290; x_wconf 91' lang='lat' dir='ltr'><strong>in</strong></span> <span class='ocrx_word' id='word_1_842' title='bbox 945 5234 1119 5290; x_wconf 85' lang='lat' dir='ltr'><strong>vitam</strong></span> <span class='ocrx_word' id='word_1_843' title='bbox 1136 5238 1427 5290; x_wconf 70' lang='lat' dir='ltr'><strong>aeternam.</strong></span> <span class='ocrx_word' id='word_1_844' title='bbox 1443 5235 1608 5290; x_wconf 87' lang='lat' dir='ltr'><strong>Salus</strong></span> <span class='ocrx_word' id='word_1_845' title='bbox 1626 5235 1978 5292; x_wconf 87' lang='lat' dir='ltr'><strong>credentium</strong></span> <span class='ocrx_word' id='word_1_846' title='bbox 2059 5233 2260 5302; x_wconf 92' lang='lat' dir='ltr'><strong>Deum,</strong></span> <span class='ocrx_word' id='word_1_847' title='bbox 2272 5242 2562 5306; x_wconf 88' lang='lat' dir='ltr'><strong>sperantes</strong></span> <span class='ocrx_word' id='word_1_848' title='bbox 2577 5253 2637 5292; x_wconf 92' lang='lat' dir='ltr'><strong>se</strong></span> <span class='ocrx_word' id='word_1_849' title='bbox 2651 5253 2782 5292; x_wconf 85' lang='lat' dir='ltr'><strong>eum</strong></span> <span class='ocrx_word' id='word_1_850' title='bbox 2799 5237 3051 5292; x_wconf 90' lang='lat' dir='ltr'><strong>invenire</strong></span> <span class='ocrx_word' id='word_1_851' title='bbox 3072 5253 3252 5309; x_wconf 88' lang='lat' dir='ltr'><strong>posse</strong></span> <span class='ocrx_word' id='word_1_852' title='bbox 3285 5239 3428 5295; x_wconf 88' lang='lat' dir='ltr'><strong>sine</strong></span> <span class='ocrx_word' id='word_1_853' title='bbox 3451 5237 3702 5294; x_wconf 89' lang='lat' dir='ltr'><strong>Christo.</strong></span> 
     </span>
    </p>
   </div>
   <div class='ocr_carea' id='block_1_57' title="bbox 381 5321 3708 5402">
    <p class='ocr_par' dir='ltr' id='par_1_57' title="bbox 381 5321 3708 5402">
     <span class='ocr_line' id='line_1_57' title="bbox 381 5321 3708 5402; baseline -0.001 -18"><span class='ocrx_word' id='word_1_854' title='bbox 381 5324 716 5401; x_wconf 81' lang='lat' dir='ltr'><strong>mysterium</strong></span> <span class='ocrx_word' id='word_1_855' title='bbox 739 5323 1034 5380; x_wconf 88' lang='lat' dir='ltr'><strong>Trinitatis</strong></span> <span class='ocrx_word' id='word_1_856' title='bbox 1059 5327 1164 5380; x_wconf 88' lang='lat' dir='ltr'><strong>est.</strong></span> <span class='ocrx_word' id='word_1_857' title='bbox 1197 5321 1311 5378; x_wconf 81' lang='lat' dir='ltr'><strong>Alii</strong></span> <span class='ocrx_word' id='word_1_858' title='bbox 1335 5324 1487 5380; x_wconf 89' lang='lat' dir='ltr'><strong>hunc</strong></span> <span class='ocrx_word' id='word_1_859' title='bbox 1511 5324 1696 5380; x_wconf 89' lang='lat' dir='ltr'><strong>locum</strong></span> <span class='ocrx_word' id='word_1_860' title='bbox 1713 5323 1794 5380; x_wconf 88' lang='lat' dir='ltr'><strong>ita</strong></span> <span class='ocrx_word' id='word_1_861' title='bbox 1814 5323 1978 5382; x_wconf 90' lang='lat' dir='ltr'><strong>intel-</strong></span> <span class='ocrx_word' id='word_1_862' title='bbox 2059 5323 2318 5380; x_wconf 83' lang='lat' dir='ltr'><strong>Haeretici</strong></span> <span class='ocrx_word' id='word_1_863' title='bbox 2337 5338 2478 5381; x_wconf 88' lang='lat' dir='ltr'><strong>vano</strong></span> <span class='ocrx_word' id='word_1_864' title='bbox 2497 5342 2821 5382; x_wconf 91' lang='lat' dir='ltr'><strong>sermonum</strong></span> <span class='ocrx_word' id='word_1_865' title='bbox 2835 5327 3073 5400; x_wconf 88' lang='lat' dir='ltr'><strong>strepitu</strong></span> <span class='ocrx_word' id='word_1_866' title='bbox 3090 5336 3544 5402; x_wconf 87' lang='lat' dir='ltr'><strong>concrepantes</strong></span> <span class='ocrx_word' id='word_1_867' title='bbox 3563 5344 3708 5399; x_wconf 73' lang='lat' dir='ltr'><strong>quae-</strong></span> 
     </span>
    </p>
   </div>
   <div class='ocr_carea' id='block_1_58' title="bbox 379 5411 3708 5491">
    <p class='ocr_par' dir='ltr' id='par_1_58' title="bbox 379 5411 3708 5491">
     <span class='ocr_line' id='line_1_58' title="bbox 379 5411 3708 5491; baseline -0.001 -18"><span class='ocrx_word' id='word_1_868' title='bbox 379 5417 584 5489; x_wconf 83' lang='lat' dir='ltr'><strong>ligunt,</strong></span> <span class='ocrx_word' id='word_1_869' title='bbox 613 5417 681 5470; x_wconf 92' lang='lat' dir='ltr'><strong>ut</strong></span> <span class='ocrx_word' id='word_1_870' title='bbox 705 5428 823 5469; x_wconf 88' lang='lat' dir='ltr'><strong>non</strong></span> <span class='ocrx_word' id='word_1_871' title='bbox 853 5413 924 5470; x_wconf 89' lang='lat' dir='ltr'><strong>de</strong></span> <span class='ocrx_word' id='word_1_872' title='bbox 957 5411 1134 5469; x_wconf 87' lang='lat' dir='ltr'><strong>Paulo</strong></span> <span class='ocrx_word' id='word_1_873' title='bbox 1161 5417 1221 5468; x_wconf 87' lang='lat' dir='ltr'><strong>et</strong></span> <span class='ocrx_word' id='word_1_874' title='bbox 1246 5412 1536 5486; x_wconf 87' lang='lat' dir='ltr'><strong>apostolis,</strong></span> <span class='ocrx_word' id='word_1_875' title='bbox 1567 5413 1667 5471; x_wconf 87' lang='lat' dir='ltr'><strong>sed</strong></span> <span class='ocrx_word' id='word_1_876' title='bbox 1693 5413 1798 5470; x_wconf 91' lang='lat' dir='ltr'><strong>sub</strong></span> <span class='ocrx_word' id='word_1_877' title='bbox 1835 5430 1974 5486; x_wconf 88' lang='lat' dir='ltr'><strong>apo-</strong></span> <span class='ocrx_word' id='word_1_878' title='bbox 2056 5419 2193 5469; x_wconf 89' lang='lat' dir='ltr'><strong>runt</strong></span> <span class='ocrx_word' id='word_1_879' title='bbox 2220 5429 2389 5486; x_wconf 88' lang='lat' dir='ltr'><strong>quem</strong></span> <span class='ocrx_word' id='word_1_880' title='bbox 2409 5413 2660 5471; x_wconf 89' lang='lat' dir='ltr'><strong>invenire</strong></span> <span class='ocrx_word' id='word_1_881' title='bbox 2678 5432 2792 5472; x_wconf 88' lang='lat' dir='ltr'><strong>non</strong></span> <span class='ocrx_word' id='word_1_882' title='bbox 2811 5421 3062 5489; x_wconf 83' lang='lat' dir='ltr'><strong>possunt.</strong></span> <span class='ocrx_word' id='word_1_883' title='bbox 3084 5415 3454 5490; x_wconf 88' lang='lat' dir='ltr'><strong>Philosophi</strong></span> <span class='ocrx_word' id='word_1_884' title='bbox 3476 5431 3708 5491; x_wconf 86' lang='lat' dir='ltr'><strong>quoque</strong></span> 
     </span>
    </p>
   </div>
   <div class='ocr_carea' id='block_1_59' title="bbox 375 5495 3707 5576">
    <p class='ocr_par' dir='ltr' id='par_1_59' title="bbox 375 5495 3707 5576">
     <span class='ocr_line' id='line_1_59' title="bbox 375 5495 3707 5576; baseline -0.002 -13"><span class='ocrx_word' id='word_1_885' title='bbox 375 5505 652 5563; x_wconf 85' lang='lat' dir='ltr'><strong>stolorum</strong></span> <span class='ocrx_word' id='word_1_886' title='bbox 675 5517 920 5575; x_wconf 82' lang='lat' dir='ltr'><strong>persona</strong></span> <span class='ocrx_word' id='word_1_887' title='bbox 943 5501 1014 5557; x_wconf 89' lang='lat' dir='ltr'><strong>de</strong></span> <span class='ocrx_word' id='word_1_888' title='bbox 1059 5500 1186 5558; x_wconf 87' lang='lat' dir='ltr'><strong>aliis</strong></span> <span class='ocrx_word' id='word_1_889' title='bbox 1213 5500 1427 5558; x_wconf 83' lang='lat' dir='ltr'><strong>dictum</strong></span> <span class='ocrx_word' id='word_1_890' title='bbox 1453 5507 1655 5574; x_wconf 85' lang='lat' dir='ltr'><strong>putent</strong></span> <span class='ocrx_word' id='word_1_891' title='bbox 1683 5521 1695 5557; x_wconf 93' lang='lat'>:</span> <span class='ocrx_word' id='word_1_892' title='bbox 1739 5507 1806 5560; x_wconf 91' lang='lat' dir='ltr'><strong>ut</strong></span> <span class='ocrx_word' id='word_1_893' title='bbox 1831 5519 1974 5576; x_wconf 88' lang='lat' dir='ltr'><strong>quo-</strong></span> <span class='ocrx_word' id='word_1_894' title='bbox 2057 5501 2347 5558; x_wconf 89' lang='lat' dir='ltr'><strong>etbarbari</strong></span> <span class='ocrx_word' id='word_1_895' title='bbox 2364 5503 2435 5559; x_wconf 87' lang='lat' dir='ltr'><strong>de</strong></span> <span class='ocrx_word' id='word_1_896' title='bbox 2453 5504 2570 5560; x_wconf 88' lang='lat' dir='ltr'><strong>Deo</strong></span> <span class='ocrx_word' id='word_1_897' title='bbox 2588 5505 2746 5560; x_wconf 85' lang='lat' dir='ltr'><strong>varia</strong></span> <span class='ocrx_word' id='word_1_898' title='bbox 2758 5505 3066 5562; x_wconf 89' lang='lat' dir='ltr'><strong>sentientes</strong></span> <span class='ocrx_word' id='word_1_899' title='bbox 3081 5495 3475 5576; x_wconf 65' lang='lat' dir='ltr'><strong>quaesierrint</strong></span> <span class='ocrx_word' id='word_1_900' title='bbox 3489 5509 3707 5564; x_wconf 81' lang='lat' dir='ltr'><strong>Deum:</strong></span> 
     </span>
    </p>
   </div>
   <div class='ocr_carea' id='block_1_60' title="bbox 376 5589 3710 5668">
    <p class='ocr_par' dir='ltr' id='par_1_60' title="bbox 376 5589 3710 5668">
     <span class='ocr_line' id='line_1_60' title="bbox 376 5589 3710 5668; baseline -0.001 -15"><span class='ocrx_word' id='word_1_901' title='bbox 376 5595 544 5652; x_wconf 87' lang='lat' dir='ltr'><strong>modo</strong></span> <span class='ocrx_word' id='word_1_902' title='bbox 568 5591 678 5650; x_wconf 88' lang='lat' dir='ltr'><strong>sub</strong></span> <span class='ocrx_word' id='word_1_903' title='bbox 712 5606 954 5664; x_wconf 84' lang='lat' dir='ltr'><strong>persona</strong></span> <span class='ocrx_word' id='word_1_904' title='bbox 981 5605 1087 5648; x_wconf 83' lang='lat' dir='ltr'><strong>sua</strong></span> <span class='ocrx_word' id='word_1_905' title='bbox 1112 5595 1174 5646; x_wconf 91' lang='lat' dir='ltr'><strong>et</strong></span> <span class='ocrx_word' id='word_1_906' title='bbox 1199 5589 1398 5662; x_wconf 83' lang='lat' dir='ltr'><strong>Apollo</strong></span> <span class='ocrx_word' id='word_1_907' title='bbox 1425 5595 1484 5645; x_wconf 87' lang='lat' dir='ltr'><strong>et</strong></span> <span class='ocrx_word' id='word_1_908' title='bbox 1515 5591 1738 5663; x_wconf 68' lang='lat' dir='ltr'><strong>Cephea,</strong></span> <span class='ocrx_word' id='word_1_909' title='bbox 1759 5591 1830 5648; x_wconf 87' lang='lat' dir='ltr'><strong>de</strong></span> <span class='ocrx_word' id='word_1_910' title='bbox 1855 5591 1974 5648; x_wconf 85' lang='lat' dir='ltr'><strong>dis-</strong></span> <span class='ocrx_word' id='word_1_911' title='bbox 2057 5591 2156 5648; x_wconf 87' lang='lat' dir='ltr'><strong>sed</strong></span> <span class='ocrx_word' id='word_1_912' title='bbox 2176 5592 2306 5664; x_wconf 85' lang='lat' dir='ltr'><strong>quia</strong></span> <span class='ocrx_word' id='word_1_913' title='bbox 2337 5610 2449 5649; x_wconf 87' lang='lat' dir='ltr'><strong>non</strong></span> <span class='ocrx_word' id='word_1_914' title='bbox 2466 5598 2618 5650; x_wconf 85' lang='lat' dir='ltr'><strong>recte</strong></span> <span class='ocrx_word' id='word_1_915' title='bbox 2635 5594 2996 5668; x_wconf 72' lang='lat' dir='ltr'><strong>quaesierunt,</strong></span> <span class='ocrx_word' id='word_1_916' title='bbox 3019 5595 3270 5652; x_wconf 81' lang='lat' dir='ltr'><strong>ﬁrerunt</strong></span> <span class='ocrx_word' id='word_1_917' title='bbox 3289 5613 3518 5653; x_wconf 83' lang='lat' dir='ltr'><strong>eorum</strong></span> <span class='ocrx_word' id='word_1_918' title='bbox 3539 5595 3710 5652; x_wconf 71' lang='lat' dir='ltr'><strong>fama</strong></span> 
     </span>
    </p>
   </div>
  </div>
