3848 6164
259 237 348 292 689

558 286 573 292 -
650 230 1230 288 ENARRATIONUM
1264 232 1343 287 IN
1381 231 1534 286 EPP.
1576 231 1792 288 PAULI
1830 233 1967 289 LIB.
2011 232 2179 288 XXV.
2238 262 2302 274 --
2340 232 2419 288 IN
2457 232 2683 289 EPIST.
2710 235 2762 291 Il
2799 236 2896 290 AD
2933 237 3070 292 TIT.

3396 234 3501 295 690

255 360 559 433 questiones
576 360 897 431 putantium
912 360 1093 415 Deum
1111 360 1373 414 humanis
1392 360 1648 415 sensibus
1660 377 1824 432 posse
1840 364 1892 424 Α
1905 362 2095 433 turpia
2123 367 2404 417 sectamur
2430 362 2605 416 lucra.
2640 361 2853 418 Deinde
2886 363 3231 433 generaliter
3274 365 3508 421 instruit

252 448 641 520 comprehendi.
664 448 750 503 Ab
766 449 1039 519 hisigitur
1050 449 1259 504 Paulus
1290 466 1391 502 nos
1411 456 1635 503 revocat
1674 466 1820 521 quae-

251 539 497 594 stionibus
520 539 901 609 ;caaterumad
932 538 1231 609 sapientes,
1265 544 1323 592 et
1348 555 1470 609 quae
1500 539 1818 611 Scriptura-

251 646 358 683 rum
368 628 693 682 auctoritate
706 633 841 682 sunt
853 628 1025 694 fultae,
1049 629 1228 699 magis
1253 629 1580 683 cohortatur
1607 634 1665 683 et
1687 646 1819 701 pro—

248 722 400 783 vocat,
422 722 829 788 praeceptorum
857 734 971 771 non
990 716 1212 771 nescius
1241 717 1563 784 Salvatoris,
1597 718 1657 772 in
1687 718 1814 789 qui-

248 806 334 860 bus
359 806 467 860 ait:
496 824 522 857 (ι
557 806 821 874 Quaerite,
842 812 901 861 et
916 806 1213 861 invenietis
1230 825 1242 859 :
1261 808 1499 878 pulsate,
1525 813 1583 861 et
1603 808 1816 878 aperie-

243 905 324 950 tur
358 894 501 949 vobis
526 896 750 967 ;petite,
774 903 832 951 et
860 894 1270 951 dabiturvobis.
1301 895 1499 951 Omnis
1538 897 1689 950 enim
1718 897 1815 968 qui

244 984 694 1055 quaeritiuveniet,
726 990 785 1040 et
798 986 893 1056 qui
907 985 1111 1057 quaerit
1127 984 1381 1057 accipiet,
1417 991 1475 1040 et
1501 986 1598 1056 qui
1629 985 1818 1057 pulsat

241 1073 505 1144 aperietur
529 1072 581 1126 ei
601 1075 830 1141 (Luam)
853 1092 866 1141 ;
894 1093 919 1123 ι)
945 1074 1110 1128 modo
1121 1090 1234 1128 non
1252 1074 1327 1128 sit
1339 1090 1541 1145 corpus
1559 1081 1817 1131 nostrum

239 1161 501 1215 subditum
529 1162 791 1233 peccatis,
814 1168 872 1216 et
914 1163 1270 1233 ingredietur
1296 1163 1357 1217 in
1384 1180 1487 1218 nos
1516 1164 1811 1235 sapientia.

239 1253 552 1306 Exerceatur
570 1268 788 1318 sensus,
814 1268 973 1305 mens
990 1251 1240 1323 quotidie
1260 1252 1449 1307 divina
1461 1252 1700 1307 lectione
1721 1269 1816 1324 pa-

235 1348 416 1407 matur,
449 1347 512 1395 et
527 1342 866 1412 quaestiones
881 1346 1088 1397 nostrae
1109 1342 1295 1397 stultae
1322 1358 1436 1396 non
1465 1348 1632 1396 erunt
1659 1358 1813 1413 quae-

231 1430 435 1484 stiones.
459 1430 627 1494 Quod
641 1436 832 1485 autem
860 1431 960 1497 ait,
994 1449 1020 1483 «
1040 1430 1401 1501 genealogias
1417 1436 1475 1485 et
1505 1432 1816 1487 contentio-

232 1536 314 1573 nes
338 1526 392 1572 et
416 1520 590 1587 rixas,
614 1536 738 1590 quae
778 1520 1011 1575 veniunt
1043 1538 1110 1574 ex
1146 1522 1270 1591 lege
1299 1520 1503 1587 devita,
1530 1540 1555 1573 »
1589 1520 1814 1592 proprie

231 1609 394 1680 pulsat
413 1608 663 1675 Iudaeos,
680 1608 847 1680 quiin
864 1627 929 1664 eo
958 1626 1019 1663 se
1041 1610 1308 1680 jactitant
1332 1615 1390 1663 et
1442 1613 1645 1680 putant
1675 1609 1813 1679 legis

1901 450 2110 506 dicens:

1977 559 2004 593 α
2018 541 2359 596 Haereticum
2376 542 2664 597 hominem
2678 548 2806 614 post
2819 559 2993 598 unam
3007 549 3064 599 et
3074 544 3377 599 secundam
3389 560 3507 600 cor-

1906 647 1932 681 «
1948 630 2263 702 reptionem
2303 631 2514 698 devita,
2544 632 2727 687 sciens
2756 632 2905 704 quod
2935 632 3236 689 subversus
3246 638 3336 689 est
3352 635 3505 705 ejus-

1901 736 1927 770 α
1949 720 2120 787 modi,
2148 725 2208 775 et
2226 720 2483 791 deliquit,
2512 721 2609 792 qui
2631 727 2764 776 esta
2789 722 3092 795 semetipso
3116 722 3436 779 damnatus.
3473 742 3499 775 »

1899 809 2100 875 (Amb.)
2113 809 2263 863 Etad
2274 809 2523 880 plenum,
2544 810 2749 881 inquit,
2770 810 2931 865 illum
2942 810 3149 879 devita,
3163 810 3261 883 qui
3284 828 3354 866 ea
3378 827 3503 884 quae

1897 898 2183 952 contraria
2190 903 2323 953 sunt
2335 898 2532 970 pietati
2544 899 2849 970 praeelegit:
2858 900 3009 955 hunc
3019 899 3500 956 enimhaereticum

1897 992 2076 1041 vocat.
2088 986 2395 1058 Postquam
2410 989 2562 1043 enim
2574 988 2750 1043 semel
2761 993 2820 1043 et
2832 987 2919 1043 bis
2929 988 3199 1045 eumdum
3218 989 3498 1045 instruxe-

1897 1074 1977 1128 ris
2017 1081 2075 1130 et
2097 1074 2409 1132 ostenderis
2437 1077 2488 1132 ei
2509 1077 2607 1132 illa
2631 1095 2756 1149 quae
2774 1079 3115 1134 conveniunt
3142 1079 3266 1150 ejus
3303 1078 3494 1145 saluti,

1895 1165 2246 1235 superﬂuum
2259 1172 2345 1221 est
2375 1166 2587 1221 diutius
2609 1183 2738 1222 cum
2753 1168 3031 1238 ejusmodi
3053 1168 3498 1240 disputare,cum

1896 1253 1973 1306 sit
1991 1254 2353 1309 manifestum
2382 1255 2649 1326 quoniam
2685 1256 2902 1311 nullam
2939 1256 3175 1328 percipit
3203 1257 3500 1313 correctio-

1896 1358 2045 1409 nem,
2068 1359 2134 1397 ex
2163 1343 2366 1415 quibus
2379 1346 2551 1399 semel
2564 1350 2623 1400 et
2634 1344 2721 1400 bis
2736 1345 2835 1399 illa
2844 1361 2968 1417 quae
2977 1345 3381 1401 conveniebant
3389 1345 3497 1402 sibi

1897 1431 2151 1500 audiens,
2174 1449 2507 1504 cognoscere
2525 1434 2708 1488 noluit
2729 1434 3044 1489 veritatem.
3066 1434 3341 1507 Relinque
3361 1451 3496 1507 ergo

1897 1536 2028 1574 eum
2043 1521 2139 1591 qui
2156 1522 2286 1576 talis
2323 1529 2429 1591 est,
2460 1527 2525 1577 ut
2548 1523 2765 1594 justam
2798 1529 3079 1595 exspectet
3095 1540 3129 1578 a
3149 1523 3342 1596 judice
3367 1540 3493 1597 pca-

1896 1624 2049 1676 nam,
2081 1626 2147 1664 eo
2176 1612 2326 1681 quod
2345 1611 2565 1666 nullum
2577 1628 2645 1666 ex
2660 1612 3103 1668 instructionem
3121 1613 3211 1667 his
3237 1629 3501 1668 consum--

229 1696 410 1751 habere
431 1698 723 1765 notitiam,
742 1698 785 1752 si
806 1699 1037 1752 nomina
1050 1698 1810 1769 teneantsingulorum:quae
1830 1706 2058 1766 Bmans
2103 1699 2422 1771 plenarium
2468 1701 2765 1756 consilium
2805 1717 2992 1756 suum.
3019 1702 3217 1774 (Ηίεν.)
3249 1701 3494 1757 Haeresis

227 1787 340 1856 quia
364 1785 614 1840 barbara
634 1792 767 1841 sunt
796 1792 855 1841 et
880 1788 1251 1859 etymologias
1280 1803 1477 1841 eorum
1507 1802 1620 1841 non
1658 1787 1812 1840 novi-

227 1892 351 1942 mus,
365 1876 706 1947 plerumque
725 1881 987 1949 corrupte
1016 1876 1380 1947 proferuntur
1408 1892 1441 1929 a
1470 1875 1631 1930 nobis
1657 1892 1668 1929 :
1695 1875 1811 1930 etsi

224 1965 346 2019 forte
366 1966 748 2020 erraverimus
766 1966 825 2019 in
854 1970 1107 2031 accentu,
1139 1966 1198 2019 in
1244 1966 1567 2020 extensione
1595 1970 1653 2019 et
1681 1964 1810 2019 bre-

221 2055 372 2108 vitate
390 2054 647 2126 syllabaa,
677 2055 763 2109 vel
784 2055 975 2109 brevia
1000 2055 1391 2126 producentes,
1424 2054 1511 2110 vel
1540 2055 1813 2126 producta

219 2142 541 2209 breviantes,
589 2145 771 2199 solent
800 2144 1035 2199 irridere
1076 2161 1179 2199 nos
1228 2144 1544 2215 imperitiae,
1566 2144 1810 2199 maxime

217 2234 266 2286 in
302 2232 743 2303 aspirationibus
797 2239 855 2287 et
910 2233 1245 2305 quibusdam
1282 2250 1410 2288 cum
1439 2249 1641 2288 rasura
1663 2234 1809 2303 gulae

218 2322 401 2376 litteris
412 2322 791 2393 proferendis.
816 2323 1108 2387 Quomodo
1136 2339 1257 2391 nos,
1293 2323 1389 2394 qui
1408 2323 1570 2377 latini
1590 2338 1805 2390 sumus,

218 2411 375 2465 latina
394 2412 640 2466 nomina
668 2418 725 2466 et
744 2413 990 2484 origines
1021 2413 1091 2467 de
1109 2413 1305 2484 lingua
1332 2419 1526 2467 nostra
1542 2412 1810 2467 habentia

216 2499 412 2555 facilius
440 2502 738 2557 memoria
758 2502 1143 2569 tradimus,ita
1158 2502 1242 2557 illi
1262 2519 1298 2556 a
1316 2519 1490 2574 parva
1508 2506 1670 2556 aetate
1688 2518 1808 2556 ver-

214 2591 397 2644 nacula
414 2591 544 2645 suis
584 2591 858 2646 sermonis
882 2590 1156 2645 vocabula
1181 2591 1523 2663 plenissimis
1549 2590 1806 2646 sensibus

212 2678 569 2747 imbiberant,
605 2686 662 2735 et
688 2681 758 2734 ab
800 2680 1024 2735 exordio
1069 2682 1251 2736 Adam
1298 2697 1477 2753 usque
1506 2681 1577 2735 ad
1628 2686 1808 2736 extre-

212 2782 352 2821 mum
371 2768 690 2822 Zorobabel
710 2769 959 2823 omnium
972 2772 1365 2838 generationes
1382 2769 1461 2823 ita
1480 2768 1807 2823 memoriter

213 2856 586 2928 velociterque
607 2864 961 2929 percurrunt,
998 2863 1063 2912 ut
1094 2874 1189 2912 eos
1219 2874 1384 2912 suum
1403 2862 1568 2929 putes
1593 2857 1805 2913 referre

208 2961 417 3000 nomen.
451 2947 584 3000 Hoc
613 2963 734 3013 nos,
776 2947 911 3017 quia
939 2952 1040 3000 aut
1079 2946 1219 3001 alias
1246 2947 1464 3001 litteras
1485 2946 1801 3015 didicimus,

1892 1786 2082 1842 Graece
2102 1787 2172 1842 ab
2196 1789 2468 1844 electione
2487 1790 2712 1858 dicitur,
2746 1791 2894 1862 quod
2931 1790 3144 1846 scilicet
3195 1790 3495 1862 unusquis-

1892 1892 2001 1946 que
2029 1876 2087 1930 id
2116 1876 2222 1931 sibi
2252 1877 2443 1949 eligat,
2475 1879 2624 1950 quod
2640 1880 2692 1934 ei
2705 1879 2907 1934 melius
2937 1896 3059 1934 esse
3069 1878 3343 1935 videatur.
3357 1879 3493 1935 Phi-

1891 1965 2111 2037 losophi
2141 1982 2363 2038 quoque
2401 1968 2595 2034 Stoici,
2637 1968 3015 2041 Peripatetici,
3061 1968 3383 2023 Academici
3437 1974 3496 2023 et

1895 2055 2172 2126 Epicurei,
2195 2056 2348 2111 illius
2376 2057 2462 2111 vel
2480 2057 2633 2111 illius
2677 2057 2952 2112 hareseOs
2987 2056 3362 2129 appellantur.
3394 2058 3497 2112 Su-

1893 2145 2174 2215 perﬂuum
2187 2151 2272 2200 est
2305 2145 2388 2199 ire
2408 2161 2512 2217 per
2531 2145 2773 2216 singula,
2794 2150 2853 2200 et
2879 2144 3496 2213 Marcionem,Valenti-

1892 2250 2028 2288 num
2048 2274 2063 2300 ,
2077 2234 2330 2306 Apellen,
2349 2234 2681 2302 Hebionem,
2693 2235 3024 2290 Montanum
3045 2239 3105 2289 et
3122 2233 3493 2289 Manicheum

1890 2338 2019 2377 cum
2035 2324 2154 2378 suis
2182 2340 2516 2379 enumerare
2561 2322 2936 2394 dogmatibus,
2960 2340 3089 2378 cum
3124 2320 3388 2395 perfacile
3418 2323 3496 2378 sit

1888 2412 2191 2483 unicuique
2212 2428 2568 2483 cognoscere,
2591 2412 2796 2484 quibus
2804 2411 3014 2483 singuli
3034 2411 3315 2467 ducantur
3340 2427 3493 2467 erro-

1889 2500 2064 2556 ribus.
2093 2501 2262 2557 Arius
2290 2507 2348 2557 et
2381 2503 2688 2558 Eunomius
2708 2507 2766 2556 et
2782 2518 2938 2557 novae
2964 2507 3161 2557 auctor
3192 2501 3489 2569 haereseos,

1888 2590 2108 2644 utinam
2134 2594 2257 2645 tam
2275 2590 2396 2646 noti
2444 2607 2559 2645 non
2596 2595 2802 2659 essent,
2836 2591 3025 2645 minus
3049 2589 3286 2644 forsitan
3313 2589 3487 2662 pluri-

1887 2695 2010 2733 mos
2036 2680 2387 2752 decepissent
2409 2680 2423 2734 !
2445 2680 2785 2735 Haereticum
2818 2680 2994 2750 igitur
3046 2678 3335 2734 hominem
3363 2684 3494 2752 post

1885 2785 2059 2823 unam
2083 2770 2512 2841 correptionem,
2545 2770 2662 2824 sive
2696 2775 2763 2824 ut
2782 2769 2842 2824 in
2866 2768 3060 2824 Graec
3086 2768 3290 2824 melius
3313 2767 3490 2824 habe-
3556 2828 3573 2841 ε

1884 2862 1997 2925 tur,
2020 2860 2312 2925 νουθεσίαν,
2349 2859 2569 2914 devita:
2596 2859 2841 2920 νουθεσία
2874 2864 3066 2913 autem
3095 2858 3492 2914 commonitio-

1884 2962 2015 3003 nem
2028 2949 2209 3019 magis
2239 2953 2297 3003 et
2324 2948 2639 3004 doctrinam
2676 2948 2887 3020 absque
2907 2947 3291 3020 increpatione
3316 2946 3489 3018 signi-

207 3040 295 3087 aut
316 3040 467 3088 certe
503 3050 629 3087 sero
642 3034 984 3088 credidimus
1013 3035 1072 3089 in
1092 3035 1400 3101 Christum,
1435 3039 1534 3089 aut
1558 3035 1730 3089 etiam
1758 3027 1871 3090 siC
1888 3037 2035 3090 ﬁcat.
2069 3037 2302 3108 Legitur
2314 3037 2374 3091 in
2392 3037 2586 3092 latinis
2606 3036 2907 3105 codicibus,
2931 3035 3082 3108 quod
3098 3051 3296 3091 verum
3331 3035 3488 3108 Papa

208 3122 435 3177 infantes
465 3140 677 3178 sumus
705 3123 962 3178 Ecclesia
990 3125 1316 3196 mancipati,
1352 3125 1535 3196 magis
1563 3124 1806 3195 scriptu-

204 3228 381 3266 rarum
424 3229 668 3267 sensum
707 3230 875 3283 quam
921 3213 1093 3267 verba
1142 3220 1445 3268 sectamur.
1494 3214 1801 3279 Dialectici,

205 3317 429 3370 quorum
461 3302 804 3357 Aristoteles
834 3303 1093 3374 princeps
1105 3309 1210 3369 est,
1236 3304 1419 3358 solent
1437 3308 1802 3373 argumenta-

200 3388 406 3455 tionum
435 3390 595 3443 retia
614 3391 867 3457 tendere,
899 3397 959 3446 et
996 3407 1195 3462 vagam
1233 3391 1524 3446 rhetoricae
1578 3391 1804 3447 liberta-

202 3486 304 3533 tem
323 3480 382 3534 in
439 3481 906 3552 syllogismorum
934 3483 1158 3553 spineta
1185 3481 1537 3536 concludere.
1572 3481 1645 3536 Hi
1669 3499 1801 3552 ergo

201 3569 353 3638 quiin
389 3586 458 3623 eo
484 3574 640 3623 totos
651 3570 770 3624 dies
813 3575 871 3624 et
888 3576 1078 3625 noctes
1098 3577 1309 3638 terunt,
1350 3576 1416 3625 ut
1433 3571 1519 3624 vel
1556 3570 1800 3625 interro-

198 3663 339 3726 gent,
372 3660 463 3713 vel
512 3659 908 3729 respondeant,
941 3660 1025 3713 vel
1057 3660 1192 3713 dent
1218 3659 1682 3731 propositionem,
1714 3659 1801 3714 vel

198 3747 500 3818 accipiant,
531 3756 842 3815 assumant,
877 3749 1215 3803 conﬁrment
1244 3753 1414 3819 atque
1443 3747 1798 3817 concludant,

200 3838 468 3905 quosdam
499 3837 881 3891 contentiosos
892 3844 1110 3903 vocant,
1135 3838 1231 3908 qui
1252 3842 1317 3892 ut
1329 3837 1484 3903 libet,
1504 3854 1618 3892 non
1632 3838 1802 3892 ratio-

197 3941 277 3991 ne,
299 3926 397 3980 sed
419 3927 721 3981 stomacho
748 3926 1037 3998 disputent
1064 3925 1427 3998 litigantium.
1453 3926 1512 3981 Si
1536 3926 1801 3996 igiturilli

197 4014 292 4068 hoc
321 4015 547 4069 faciunt
579 4033 817 4087 quorum
843 4016 1069 4087 proprie
1097 4033 1189 4070 ars
1217 4016 1502 4070 contentio
1532 4021 1636 4082 est,
1666 4015 1801 4086 quid

197 4103 354 4159 debet
382 4105 581 4160 facere
621 4105 992 4171 Christianus,
1034 4106 1143 4159 nisi
1168 4106 1399 4159 omnino
1424 4105 1618 4175 fugere
1666 4122 1800 4159 con-

197 4196 411 4249 tention
421 4212 518 4249 em
541 4195 566 4248 ?
586 4195 737 4249 Rixaa
756 4211 979 4265 quoque
998 4195 1206 4266 legales
1226 4195 1448 4266 penitus
1473 4194 1803 4265 respuendae

198 4290 338 4343 sunt,
365 4291 427 4338 et
444 4286 474 4338 J
484 4285 772 4338 udauorum
796 4284 1048 4338 stultitiae
1069 4284 1451 4354 relinquendae
1473 4303 1484 4337 :
1505 4289 1640 4338 sunt
1650 4283 1802 4339 enim

1890 3141 2111 3196 quoque
2147 3125 2491 3181 Athanasius
2546 3124 2912 3198 approbabat,
2965 3144 2992 3178 α
3041 3130 3171 3197 post
3215 3141 3391 3180 unam
3427 3129 3488 3180 et

1888 3214 2126 3269 alteram
2151 3216 2580 3287 correptionem,
2604 3234 2630 3268 »
2664 3215 2813 3286 quod
2835 3214 3048 3269 scilicet
3073 3229 3188 3269 non
3243 3212 3488 3269 sufficiat

1886 3308 2110 3358 tantum
2139 3303 2314 3359 semel
2341 3320 2472 3358 eum
2514 3303 2717 3376 corripi
2762 3304 2850 3359 vel
2877 3303 3221 3359 commoneri
3250 3303 3348 3375 qui
3382 3302 3486 3357 ali-

1888 3408 1998 3463 quo
2038 3392 2113 3446 sit
2155 3392 2491 3463 depravatus
2545 3409 2736 3447 errore
2778 3412 2791 3460 ;
2830 3393 2930 3447 sed
2959 3397 3019 3447 et
3055 3391 3305 3447 secunda
3330 3392 3384 3448 ei
3410 3391 3488 3447 sit

1883 3480 2203 3535 adhibenda
2218 3481 2494 3549 doctrina,
2523 3481 2657 3536 utin
2686 3497 2783 3536 ore
2811 3482 3054 3536 duorum
3065 3487 3168 3536 aut
3191 3481 3367 3536 trium
3394 3486 3481 3535 te-

1884 3570 2055 3625 stium
2075 3576 2362 3624 stetomne
2374 3570 2626 3624 verbum.
2656 3570 2842 3635 Quare
2867 3574 3059 3625 autem
3088 3575 3217 3642 post
3239 3569 3484 3641 primam

1884 3664 1942 3712 et
1974 3659 2278 3714 secundam
2322 3659 2733 3731 correptionem
2772 3658 3104 3713 devitandus
3160 3658 3255 3726 sit,
3295 3656 3482 3713 reddit

1883 3764 2081 3803 causas
2103 3748 2293 3802 dicens
2319 3767 2332 3802 :
2369 3768 2395 3800 «
2428 3748 2575 3820 quod
2604 3747 2906 3802 subversas
2954 3752 3043 3801 est
3068 3746 3369 3819 ejusmodi,
3420 3752 3480 3800 'et

1882 3842 2077 3909 peccat
2102 3854 2231 3892 cum
2257 3838 2333 3891 sit
2358 3854 2394 3892 a
2422 3837 2724 3909 semetipso
2761 3837 3082 3891 damnatus.
3124 3855 3152 3889 »
3184 3834 3293 3901 Qui
3324 3835 3478 3890 enim

1882 3927 2057 3981 semel
2074 3926 2270 3998 bisque
2303 3931 2612 3998 correptus,
2634 3926 2828 3981 audito
2856 3940 3046 3980 errore
3072 3940 3198 3994 suo,
3220 3939 3335 3979 non
3362 3924 3487 3980 vult

1883 4016 2105 4087 corrigi,
2121 4032 2310 4071 errare
2337 4015 2582 4071 aestimat
2606 4015 3000 4087 corrigentem,
3052 4019 3111 4069 et
3136 4030 3168 4068 e
3195 4013 3480 4069 contrario

1883 4119 1943 4157 se
1973 4104 2044 4158 ad
2073 4120 2290 4176 pugnas
2305 4110 2364 4159 et
2382 4104 2577 4176 jurgia
2600 4103 2900 4160 verborum
2930 4120 3162 4176 parans,
3185 4118 3317 4160 eum
3361 4101 3484 4158 vult

1883 4192 2209 4248 lucrifacere
2228 4210 2264 4247 a
2287 4210 2397 4265 quo
2445 4194 2697 4249 docetur.
2734 4194 3039 4266 Propterea
3056 4208 3189 4249 vero
3207 4209 3244 4249 a
3270 4196 3479 4248 semet-

1884 4282 2004 4354 ipso
2018 4283 2226 4337 dicitur
2247 4299 2369 4339 esse
2383 4284 2703 4351 damnatus,
2720 4282 2852 4355 quia
2880 4284 3200 4349 fornicator,
3234 4282 3477 4349 adulter,

196 4371 417 4427 inutiles
451 4380 513 4427 et
539 4389 713 4438 vanae,
750 4390 873 4443 quae
900 4379 1127 4427 tantum
1152 4345 1393 4444 speciem
1422 4372 1668 4427 scientiae
1696 4372 1800 4428 ha-
1816 4345 1867 4405 Β
1884 4345 2182 4439 homicida,
2207 4376 2267 4426 et
2278 4377 2483 4427 cetera
2498 4372 2652 4440 vitia,
2667 4345 2770 4445 per
2795 4373 3112 4426 sacerdotes
3144 4345 3214 4424 de
3233 4345 3481 4425 Ecclesia

198 4458 339 4527 bent,
364 4467 641 4516 caeterum
660 4478 759 4516 nec
801 4461 1136 4530 dicentibus,
1160 4478 1262 4516 nec
1289 4460 1649 4516 audientibus
1676 4479 1803 4533 pro-

194 4558 335 4604 sunt.
361 4551 518 4615 Quid
532 4551 683 4605 enim
713 4551 850 4605 mihi
872 4551 1101 4623 prodest
1117 4551 1262 4605 scire
1281 4556 1419 4622 quot
1445 4567 1622 4605 annos
1644 4551 1794 4606 vixe-

195 4638 621 4706 ritMathusala,
647 4645 817 4710 quoto
858 4641 1040 4694 aetatis
1071 4658 1184 4695 suae
1212 4657 1360 4694 anno
1388 4641 1651 4695 Salomon
1681 4657 1798 4695 sor-

190 4728 323 4783 titus
352 4736 447 4783 est
478 4730 795 4800 conjugem,
838 4746 909 4784 ne
935 4730 1171 4784 forsitan
1187 4728 1454 4783 'Roboam
1499 4730 1795 4784 undecimo

193 4819 369 4872 aetatis
399 4818 559 4872 illius
605 4835 754 4873 anno
809 4825 976 4873 natus
1016 4837 1136 4874 esse
1187 4819 1450 4874 credatur
1477 4820 1503 4872 Ἰ
1530 4825 1587 4873 et
1615 4819 1795 4873 multa

192 4905 532 4973 istiusmodi,
563 4924 686 4978 quae
714 4914 813 4962 aut
861 4900 1085 4963 difﬁcile
1134 4913 1221 4962 est
1268 4908 1520 4963 invenire
1567 4914 1796 4980 propter

192 4994 464 5051 librorum
488 4997 837 5063 varietatem,
879 5004 937 5051 et
965 4998 1121 5065 (dum
1150 4998 1424 5069 paulatim
1444 4997 1513 5052 de
1538 4998 1794 5052 inemen-

191 5084 329 5139 datis
359 5086 730 5139 inemendata
777 5085 1118 5154 scribuntur)
1151 5103 1372 5141 errores
1416 5087 1671 5155 inolitos;
1696 5092 1797 5141 aut

190 5174 353 5227 etiam
387 5175 439 5228 si
474 5174 852 5229 inveniremus
880 5192 1086 5246 magno
1118 5175 1303 5229 studio
1318 5181 1377 5229 et
1406 5175 1617 5242 labore,
1652 5175 1795 5230 nihil

189 5263 491 5330 profutura
501 5263 878 5334 cognovimus.
901 5264 1248 5335 Frequenter
1265 5264 1469 5318 accidit
1496 5270 1562 5318 ut
1584 5263 1793 5318 habea-

189 5366 307 5403 mus
325 5368 559 5423 pugnas
578 5353 737 5423 legis,
768 5369 881 5407 non
904 5353 974 5407 ob
1026 5352 1368 5407 desiderium
1394 5353 1666 5421 veritatis,
1696 5353 1794 5408 sed

187 5436 252 5492 ob
266 5441 613 5509 jactantinrn
669 5442 881 5512 gloriae,
913 5442 1049 5496 dum
1098 5441 1248 5513 apud
1270 5459 1365 5496 eos
1395 5442 1491 5514 qui
1533 5442 1792 5511 audiunt,

189 5527 331 5581 docti
351 5530 615 5585 volumus
630 5530 925 5587 aestimari:
948 5537 1050 5586 aut
1076 5535 1229 5585 certe
1254 5548 1321 5586 ex
1347 5532 1453 5587 hoc
1471 5532 1794 5587 rumusculo

1882 4461 2290 4532 prOpelluntur.
2313 4461 2573 4516 Haeretici
2594 4466 2784 4516 autem
2812 4460 2874 4514 in
2894 4460 3108 4530 seipsos
3137 4457 3478 4513 sententiam

1880 4550 2069 4604 ferunt
2094 4565 2197 4604 suo
2227 4549 2458 4604 arbitrio
2485 4549 2554 4603 de
2569 4549 2817 4604 Ecclesia
2859 4546 3211 4615 recedentes;
3237 4561 3362 4617 quae
3381 4561 3474 4601 re-

1878 4638 2054 4693 cessio
2080 4638 2319 4710 proprie
2350 4637 2699 4693 conscientiae
2744 4636 2968 4691 videtur
2996 4652 3119 4691 esse
3162 4633 3472 4690 damnatio.

1877 4729 2032 4783 Inter
2051 4727 2311 4782 haeresim
2331 4732 2390 4781 et
2414 4726 2660 4781 schisma
2678 4726 2784 4781 hoc
2792 4742 2913 4781 esse
2931 4725 3299 4793 arbitrantur,
3325 4725 3475 4796 quod

1875 4817 2103 4872 heresis
2121 4833 2446 4889 perversum
2475 4816 2683 4886 dogma
2712 4814 2936 4882 habeat,
2969 4815 3214 4871 schisma
3242 4818 3474 4887 propter

1877 4906 2249 4978 episcopalem
2297 4905 2705 4959 dissensionem
2745 4904 2818 4959 ab
2879 4905 3128 4961 Ecclesia
3154 4909 3468 4976 separetur.

1877 4996 2025 5067 quod
2056 4996 2282 5068 quidem
2324 4995 2385 5049 in
2412 4994 2686 5067 principio
2719 4993 2909 5066 aliqua
2934 5011 3001 5049 ex
3044 4998 3206 5066 parte
3232 4991 3472 5063 intelligi

1874 5090 2078 5157 potest.
2111 5085 2392 5147 Caeterum
2421 5083 2644 5139 nullum
2678 5083 2925 5139 schisma
2942 5099 3056 5138 non
3084 5080 3192 5136 sibi
3219 5079 3470 5152 aliquam

1875 5175 2145 5246 conﬁngit
2160 5174 2422 5229 haeresim
2438 5179 2504 5228 ut
2533 5179 2684 5229 recte
2711 5172 2784 5228 ab
2810 5171 3059 5228 Ecclesia
3073 5169 3368 5225 recessisse
3384 5170 3470 5224 vi-

1875 5264 2092 5319 deatur.

1951 5370 1977 5404 a
2008 5352 2152 5407 Cum
2178 5352 2387 5407 misero
2410 5353 2685 5408 Arteman
2702 5352 2774 5407 ad
2800 5357 2858 5407 te
2889 5351 2977 5407 vel
3002 5349 3329 5424 Tychicum,
3386 5351 3471 5407 fe-

1881 5460 1907 5494 «
1938 5441 2091 5497 stina
2107 5439 2300 5495 venire
2327 5440 2400 5495 ad
2430 5457 2521 5495 me
2541 5440 2874 5512 Nicopolim,
2902 5439 2982 5496 ibi
3002 5439 3153 5496 enim
3171 5440 3346 5497 statui
3355 5439 3473 5497 hie-

1880 5551 1907 5584 ς(
1938 5546 2115 5585 mare.
2138 5549 2164 5584 ι)
2184 5530 2378 5601 (Hiera)
2412 5530 2675 5599 Legimus
2706 5530 2767 5584 in
2796 5529 3023 5586 exordio
3038 5530 3202 5588 istius
3248 5530 3472 5603 Episto-
