3848 6164
253 331 335 387 693

542 637 1082 768 LIBER

602 331 1178 387 ENARRATIONUM
1212 333 1292 386 IN
1328 331 1481 386 EPP.
1527 331 1738 386 PAULI
1777 331 1913 386 LIB.
1957 329 2151 384 XXVI.
2195 359 2259 370 —
2307 330 2385 384 IN
2414 327 2636 384 EPIST.
2668 329 2764 384 AD
2804 329 3103 390 PHILEM.

3389 331 3490 387 694

2346 517 3484 544 mm

1256 619 2277 766 VICESIMUSI
2423 637 3156 772 SEXTUS.

1670 858 2056 875 ’ἡ

657 938 1214 1018 EXPOSITIO
1267 937 1385 1014 ΙΝ
1427 937 2032 1015 EPISTOLAM
2074 939 2223 1014 AD
2274 938 3032 1022 PHILEMONEM.

1664 1081 2054 1101 ﬂ

751 1182 1272 1237 ARGUMENTUM.

301 1271 520 1338 (Ambr.)
533 1273 948 1340 Argumentum
970 1271 1228 1344 Epistolas
1249 1287 1417 1343 quam
1439 1271 1508 1324 ad
1529 1270 1810 1326 Philemo-

241 1377 347 1414 nem
371 1360 570 1420 beatus
599 1360 822 1432 scripsit
835 1361 1134 1432 Apostolus
1155 1361 1362 1414 Paulus
1376 1360 1431 1413 in
1453 1359 1540 1413 his
1551 1359 1806 1414 habetur.

241 1449 734 1514 Onesimus,servus
757 1449 1098 1504 Philemonis
1111 1449 1426 1522 cujusdam,
1450 1448 1630 1502 ﬁdelis
1651 1455 1707 1502 et
1729 1466 1811 1501 re-

239 1539 394 1608 ligiosi
421 1539 551 1605 viri,
585 1539 797 1596 malum
820 1538 1032 1592 habens
1043 1538 1412 1610 propositum,
1445 1555 1546 1608 per
1567 1537 1754 1610 fugam
1779 1555 1813 1590 a

238 1644 320 1680 suo
342 1627 598 1682 discessit
624 1627 869 1682 domino.
901 1629 1062 1682 Hunc
1101 1635 1158 1681 et
1191 1629 1526 1700 procedente
1557 1634 1811 1700 tempore

235 1733 556 1786 cognoscens
589 1716 787 1770 beatus
841 1717 1140 1788 Apostolus
1187 1716 1256 1769 de
1303 1716 1468 1768 domo
1507 1721 1565 1768 et
1602 1715 1816 1768 familia

237 1822 337 1858 esse
363 1806 713 1859 Philemonis
737 1823 863 1860 cum
894 1811 1041 1858 esset
1072 1805 1131 1858 in
1170 1805 1406 1858 vinculis
1459 1804 1612 1868 vidit,
1647 1821 1814 1876 quem

235 1893 458 1948 consiliis
481 1895 602 1948 suis
623 1901 680 1948 et
691 1893 1170 1948 exhortationibus
1188 1893 1246 1948 in
1259 1898 1478 1948 tantum
1491 1893 1744 1966 placavit,
1754 1898 1818 1946 ut

235 1983 514 2054 pristinam
546 1983 822 2037 malitiam
838 1983 922 2036 sui
945 1982 1162 2040 arbitrii
1193 1982 1534 2052 relinquens,
1560 1999 1816 2036 reversus

225 2071 383 2125 libero
413 2071 655 2126 arbitrio
686 2089 786 2125 suo
817 2071 1232 2142 obtemperaret
1260 2071 1506 2138 domino,
1543 2088 1706 2124 omne
1742 2071 1810 2136 ei,

227 2167 279 2214 ut
296 2159 552 2215 convenit
573 2161 896 2231 persolvens
915 2161 1272 2231 obsequium:
1294 2177 1459 2234 quem
1483 2161 1711 2232 placans
1732 2167 1813 2214 at-

224 2267 316 2320 que
345 2251 640 2304 instruens
673 2250 888 2304 remisit
932 2250 1001 2303 ad
1045 2249 1449 2314 Philemonem,
1480 2266 1591 2302 non
1631 2249 1811 2308 solum

223 2338 495 2410 obsequiis
524 2341 650 2409 ejus
680 2339 944 2394 idoneum
967 2355 1093 2394 eum
1125 2337 1515 2404 exhibens,sed
1547 2345 1603 2392 et
1631 2339 1810 2412 pieta-

221 2428 282 2480 tis
327 2445 454 2482 eum
522 2428 732 2482 habere
787 2428 977 2481 docuit
1021 2427 1392 2498 diligentiam.
1428 2427 1632 2481 Scribit
1678 2444 1810 2498 ergo

1820 1183 2165 1243 Avoluerint
2193 1183 2334 1248 fieri,
2371 1182 2510 1250 erit;
2541 1199 2664 1253 quae
2692 1187 2894 1236 cuncta
2922 1181 2982 1238 in
3009 1198 3111 1236 suo
3136 1181 3334 1240 ordine
3368 1197 3484 1236 ma-

1895 1289 2028 1326 nere
2055 1271 2290 1326 volebat.
2325 1271 2485 1326 Unde
2515 1277 2572 1324 et
2595 1270 2946 1342 diligentiam
2975 1269 3248 1326 adhibens
3285 1286 3486 1326 conve-

1893 1362 2162 1428 nientem,
2191 1378 2386 1414 omnes
2415 1360 2628 1431 pariter
2655 1359 2970 1418 instruebat
3004 1378 3016 1414 :
3052 1359 3178 1416 ideo
3198 1365 3256 1414 et
3286 1359 3490 1434 princi-

1893 1449 2054 1522 pibus
2073 1449 2448 1523 obtemperari
2460 1449 2640 1520 jubet,
2667 1466 2761 1503 eos
2780 1447 3040 1522 inquiens
3060 1465 3285 1503 omnem
3310 1454 3494 1524 potes-

1891 1544 2068 1592 tatem
2090 1556 2123 1592 a
2152 1539 2266 1592 Deo
2295 1555 2414 1594 esse
2444 1537 2792 1614 dispositam,
2807 1543 2866 1592 et
2893 1539 2964 1592 ad
2990 1539 3221 1610 plenum
3241 1537 3493 1612 praecipit

1895 1634 1961 1681 ut
1987 1627 2287 1700 unicuique
2315 1627 2567 1681 debitum
2599 1627 3000 1702 persolvamus,
3033 1626 3148 1680 sive
3192 1625 3488 1694 tributum,

1897 1716 2008 1770 sive
2040 1717 2293 1788 vectigal,
2328 1718 2439 1772 sive
2491 1717 2774 1782 timorem,
2807 1717 2921 1770 sive
2960 1716 3250 1784 honorem,
3283 1715 3496 1788 plenis-
3552 1783 3564 1806 τ

1897 1806 2036 1859 sime
2061 1805 2386 1880 praecipiens
2415 1811 2480 1858 ut
2517 1805 2787 1878 quidquid
2815 1805 2873 1858 in
2911 1804 3162 1862 debitum
3189 1810 3246 1860 et
3274 1808 3494 1864 contra-

1898 1900 2050 1950 ctum
2087 1894 2326 1951 habetur
2361 1893 2726 1964 persolvatur.
2757 1893 2866 1950 Sed
2896 1910 3078 1968 neque
3119 1895 3188 1948 de
3230 1893 3496 1968 largitate

1900 2001 2023 2056 qua:
2050 1985 2114 2037 ﬁt
2143 1984 2200 2037 in
2229 2000 2504 2056 pauperes
2526 1981 2772 2042 scribens
2801 1984 3132 2055 praeceptive
3169 1983 3226 2036 id
3257 1983 3381 2042 ﬁeri
3405 1984 3494 2056 ju-

1899 2072 2011 2140 bet,
2038 2073 2136 2126 sed
2167 2073 2368 2126 melius
2412 2089 2532 2126 esse
2572 2071 2910 2130 existimavit
2958 2071 3262 2128 concedere
3290 2071 3403 2126 illis
3430 2079 3494 2126 ut

1896 2162 2284 2234 unusquisque
2331 2161 2602 2236 pr0positi
2639 2160 2724 2215 sui
2756 2165 2889 2229 agat
2928 2159 3178 2218 arbitrio.
3210 2160 3407 2216 Adhuc
3438 2166 3496 2214 et

1895 2251 2034 2304 illud
2061 2251 2285 2320 adjecit,
2305 2256 2368 2304 ut
2393 2249 2703 2306 secundum
2726 2249 2871 2304 vires
2899 2265 3030 2302 suas
3053 2247 3364 2324 praebeant:
3389 2265 3490 2306 nec

1895 2335 2084 2392 autem
2107 2339 2320 2412 patitur
2349 2344 2411 2392 ut
2438 2338 2534 2392 alii
2577 2337 2802 2410 quidem
2829 2338 2944 2392 sint
2979 2338 3039 2392 in
3076 2337 3349 2412 requiem,
3381 2337 3491 2414 ipsi

1893 2445 2024 2482 vero
2039 2427 2136 2499 qui
2166 2427 2418 2500 praebent
2437 2427 2674 2499 penuria
2701 2431 3084 2480 conterantur.
3104 2427 3303 2484 Servos
3323 2443 3490 2486 omne

219 2517 347 2570 hanc
371 2517 692 2588 Epistolam
724 2517 1058 2581 Philemoni,
1102 2517 1390 2590 postulans
1430 2522 1493 2570 ut
1527 2516 1635 2586 ipsi
1667 2516 1810 2570 One-
1829 2503 1873 2561 Β
1899 2517 2097 2570 servile
2127 2516 2456 2586 obsequium
2484 2516 2600 2570 suis
2627 2513 2868 2569 dominis
2897 2515 3143 2588 praebere
3183 2531 3312 2570 cum
3337 2515 3492 2572 omni

219 2607 366 2669 simo,
400 2624 514 2678 pro
545 2605 749 2676 quibus
779 2605 988 2659 dudum
1020 2605 1336 2675 deliquerat
1363 2605 1578 2658 veniam
1607 2604 1813 2658 tribue-

221 2703 314 2761 ret,
341 2696 632 2766 reciperet
651 2711 780 2752 eum
819 2695 878 2748 in
906 2694 1106 2752 affectu
1145 2693 1216 2746 ob
1253 2699 1584 2764 praesentem
1619 2711 1814 2765 propo-

213 2784 296 2837 siti
337 2787 460 2854 ejus
527 2783 950 2837 correctionem.
987 2783 1096 2836 Sed
1143 2789 1540 2853 argumentum
1588 2783 1812 2854 quidem

212 2873 464 2946 EpiStolze
491 2875 556 2927 in
585 2873 674 2926 his
703 2872 959 2928 habetur.
984 2873 1113 2927 Haec
1142 2878 1226 2925 est
1247 2889 1378 2942 ergo
1405 2871 1618 2926 utilitas
1639 2872 1809 2926 etiam

213 2961 369 3033 hujus
401 2963 489 3034 Ep
499 2962 678 3016 istolze
699 2967 762 3019 ut
777 2978 970 3021 omnes
999 2961 1094 3032 qui
1115 2961 1174 3016 in
1206 2961 1590 3016 Ecclesiastica
1605 2961 1812 3017 haben-

207 3058 291 3108 tur
317 3052 640 3116 functione,
665 3051 904 3104 maxime
942 3050 1023 3104 illi
1061 3051 1156 3120 qui
1188 3067 1424 3121 praeesse
1457 3050 1713 3104 Ecclesiis
1739 3050 1811 3102 vi-

209 3140 423 3203 dentur,
436 3147 516 3194 ut
533 3140 717 3194 sciant
735 3139 1208 3210 quemadmodum
1225 3143 1480 3210 oporteat
1500 3155 1666 3210 agere
1685 3155 1812 3192 cum

207 3228 309 3282 illis
329 3230 429 3300 qui
461 3229 638 3284 nobis
661 3229 768 3284 ﬁde
789 3229 974 3300 juncti
1005 3234 1154 3296 sunt,
1191 3228 1414 3300 quando
1455 3229 1540 3282 vel
1571 3229 1812 3284 maxime

205 3318 268 3371 de
295 3319 554 3388 negotiis
584 3318 773 3388 agitur
801 3318 928 3382 illis,
959 3335 1080 3388 quae
1119 3317 1190 3372 ad
1218 3317 1344 3372 illos
1373 3318 1596 3388 proprie
1643 3318 1812 3389 perti-

203 3424 327 3462 nere
357 3409 657 3469 videntur,
673 3423 912 3480 quorum
933 3407 1237 3460 utilitatem
1259 3412 1390 3460 tunc
1421 3406 1660 3462 maxime
1688 3406 1812 3478 quis

203 3498 404 3566 poterit
457 3481 807 3568 perspicere,
865 3495 909 3548 si
952 3495 1258 3566 respexerit
1294 3494 1410 3561 illa,
1445 3513 1566 3567 quae
1603 3495 1811 3554 nostris

197 3585 562 3658 temporibUs
589 3603 624 3638 a
652 3584 844 3638 multis
861 3584 1323 3656 geruntur.Nunc
1345 3590 1534 3640 autem
1563 3585 1709 3638 sicut
1727 3585 1811 3638 in-

198 3682 525 3736 aructores
553 3673 814 3728 utilitatis
843 3673 1083 3727 aliorum
1127 3673 1416 3728 constituti
1454 3691 1810 3728 commonere

195 3765 448 3820 volemus
481 3781 608 3829 eos,
643 3763 738 3836 qui
767 3761 925 3816 nobis
965 3763 1072 3820 ﬁde
1106 3761 1288 3833 juncti
1319 3767 1469 3828 sunt,
1511 3763 1580 3815 de
1610 3761 1811 3838 quibus

1893 2605 2147 2677 prmcipit
2175 2604 2571 2674 sollicitudine,
2592 2604 2706 2660 sive
2735 2603 2938 2675 impios
2955 2603 3340 2670 habeant,sive
3370 2604 3493 2678 pios

1895 2695 2171 2748 dominos.
2206 2695 2350 2749 Nam
2377 2699 2435 2748 et
2463 2695 2521 2747 in
2550 2695 2811 2766 praesenti
2839 2693 3081 2765 Epistola
3108 2693 3358 2750 scribens
3375 2693 3494 2750 viro

1896 2783 2047 2836 fideli
2080 2788 2136 2838 et
2156 2800 2257 2836 suo
2286 2783 2560 2856 discipulo
2585 2799 2824 2853 magnus
2845 2783 2939 2837 ille
2970 2783 3198 2848 Paulus,
3213 2788 3272 2838 et
3297 2782 3401 2836 hoc
3425 2781 3494 2838 de

1895 2890 2053 2928 servo
2080 2864 2141 2927 in
2166 2873 2385 2928 meliori
2415 2877 2566 2926 statu
2598 2889 2840 2940 reverso,
2872 2877 2930 2926 et
2954 2871 3495 2946 promittente,quod

1893 2962 1960 3014 de
1990 2967 2191 3016 caetero
2221 2963 2439 3032 integro
2469 2960 2701 3016 arbitrio
2729 2977 2858 3014 cum
2878 2961 3032 3016 omni
3053 2959 3346 3019 devotione
3373 2977 3496 3017 ser-

1893 3050 2008 3103 viat
2036 3051 2294 3115 Domino,
2317 3067 2430 3104 non
2451 3050 2614 3122 jubet
2642 3055 2705 3104 ut
2730 3051 2980 3104 dimittat
2997 3067 3221 3108 servum
3250 3048 3489 3130 liberum

1893 3156 1994 3216 per
2019 3139 2237 3192 arbitrii
2285 3139 2723 3194 mutabilitatem
2770 3139 2827 3193 in
2861 3139 3081 3208 melius,
3112 3139 3333 3200 veniam
3360 3155 3493 3192 vero

1893 3228 2028 3281 dare
2057 3228 2107 3282 ei
2135 3233 2397 3298 precatur
2425 3233 2646 3282 tantum
2684 3227 2752 3282 de
2781 3228 2892 3283 illis
2918 3245 3040 3300 quae
3069 3235 3200 3282 ante
3229 3245 3492 3304 peccave-

1896 3323 2001 3382 rat,
2026 3318 2132 3374 hoc
2160 3317 2279 3370 ﬁeri
2313 3334 2440 3370 cum
2474 3317 2654 3372 multa
2696 3317 2946 3388 postulat
2981 3317 3492 3394 supplicatione._Si

1893 3423 2024 3458 vero
2055 3405 2258 3476 aliquis
2277 3405 2346 3460 de
2376 3405 2484 3471 his,
2519 3405 2614 3478 qui
2658 3422 2808 3460 nunc
2851 3412 3002 3474 sunt,
3044 3405 3218 3460 talem
3263 3423 3492 3462 causam

1893 3494 2213 3558 invenisset,
2248 3494 2467 3548 veniam
2496 3494 2725 3569 quidem
2751 3511 2911 3548 servo
2930 3495 3054 3549 dari
3072 3511 3108 3548 a
3133 3494 3361 3549 domino
3390 3511 3496 3550 nec

1893 3584 2232 3656 supplicaret
2260 3599 2361 3636 nec
2406 3586 2644 3654 peteret,
2680 3582 2777 3636 sed
2823 3599 2952 3637 cum
3003 3584 3183 3640 multo
3223 3582 3493 3642 scriberet

1890 3673 2146 3744 imperio,
2179 3672 2446 3744 quoniam
2480 3677 2704 3744 oportet
2744 3689 2965 3726 servum
3006 3671 3167 3732 nobis
3213 3670 3323 3726 ﬁde
3353 3673 3490 3746 jun-

1895 3767 2068 3826 ctum,
2110 3765 2168 3816 et
2199 3761 2270 3814 ad
2307 3759 2572 3832 pietatem
2603 3765 2802 3832 sponte
2846 3767 3166 3817 currentem
3199 3759 3427 3820 liberari
3459 3777 3493 3815 a

193 3855 506 3911 convenire
541 3858 762 3928 Oportet
785 3869 912 3906 cum
933 3868 998 3906 eo
1028 3851 1286 3904 instituto
1309 3868 1437 3904 cum
1461 3867 1572 3924 quo
1603 3825 1809 3906 Paulus
1833 3825 1874 3886 Ο
1895 3850 2138 3906 servitio.
2166 3849 2328 3906 Tales
2357 3848 2508 3904 enim
2538 3849 2700 3906 multi
2727 3855 2861 3905 sunt
2879 3851 3170 3924 praesentis
3194 3850 3488 3926 temporis,

195 3943 304 3996 Vult
333 3957 586 4002 summa
603 3957 730 3993 cum
761 3937 1143 3992 obsecratione
1187 3955 1281 3992 eos
1329 3937 1642 3995 convenire.
1682 3939 1809 3993 Plu-

191 4031 312 4084 rimi
347 4049 492 4085 vero
531 4029 740 4084 nostris
769 4027 1115 4100 temporibus
1143 4027 1456 4080 nescientes
1490 4029 1814 4100 quze.quali—

190 4123 289 4174 ter.
318 4128 378 4173 et
410 4118 655 4190 quando
689 4117 808 4170 fieri
832 4116 1090 4182 debeant,
1111 4116 1432 4168 existimant
1473 4117 1813 4195 contempla-

185 4209 336 4262 tione
389 4207 638 4280 pietatis
685 4211 942 4276 oportere
990 4205 1179 4258 omnia
1209 4204 1497 4275 praesentis
1539 4207 1811 4276 temporis

108 4329 119 4338 ι
188 4299 488 4364 confundi,
526 4303 588 4350 et
619 4296 831 4352 nullam
859 4311 978 4347 esse
1007 4293 1400 4346 discretionem
1446 4293 1595 4346 inter
1624 4311 1811 4348 servos

188 4395 242 4440 et
267 4388 575 4448 dominos,
597 4383 800 4438 divites
823 4389 878 4436 et
907 4399 1180 4456 pauperes
1205 4401 1215 4434 :
1243 4399 1337 4436 eos
1357 4383 1452 4456 qui
1480 4383 1582 4436 sub
1613 4383 1814 4454 princi-

191 4477 422 4546 patibus
457 4480 621 4540 sunt,
653 4479 712 4527 et
741 4473 837 4544 qui
873 4471 1174 4546 principari
1213 4471 1336 4528 aliis
1383 4472 1678 4526 videntur:
1715 4473 1810 4527 sed

185 4550 287 4618 hoc
317 4567 527 4619 solum
559 4563 667 4616 sibi
699 4567 1013 4632 competere
1037 4560 1377 4621 existimant,
1396 4565 1458 4614 ut
1479 4578 1607 4615 cum
1630 4563 1808 4616 multa

187 4655 549 4707 auctoritate
579 4653 650 4705 de
675 4651 764 4704 his
795 4668 916 4722 quae
945 4649 1048 4703 sibi
1078 4649 1338 4703 videntur
1366 4649 1645 4720 imperent
1676 4650 1807 4718 illis,

181 4744 378 4797 nescio
410 4743 580 4796 unde
603 4741 747 4794 hanc
777 4744 1114 4816 potestatem
1145 4737 1248 4790 sibi
1285 4737 1643 4793 vindicantes.
1673 4740 1815 4798 Pau-

184 4832 268 4885 lus
299 4847 447 4885 vero
484 4847 520 4882 e
551 4827 832 4885 contrario
863 4827 1142 4900 optimum
1173 4844 1292 4880 esse
1323 4826 1695 4894 existimabat,
1749 4834 1813 4880 ut

175 4921 412 4991 singula
436 4921 511 4974 in
541 4935 644 4972 suo
666 4923 961 4971 manerent
985 4915 1197 4977 ordine,
1234 4915 1384 4970 salvo
1415 4915 1640 4990 pietatis
1678 4933 1810 4988 pro-

177 5012 386 5080 posito.
407 5008 591 5064 Unde
612 5013 800 5060 autem
831 5015 953 5060 erat
980 5006 1248 5076 placatus,
1265 5004 1531 5076 quoniam
1555 5004 1811 5058 differen-

1893 3938 1989 4010 qui
2010 3944 2204 3992 cautos
2231 3957 2291 3992 se
2310 3939 2505 3992 volunt
2517 3937 2690 3992 videri
2721 3938 2848 3996 aliis
2879 3955 3117 3998 onerosa
3134 3938 3488 4012 imperando,

1895 4030 2039 4082 Nam
2060 4027 2120 4082 in
2149 4028 2410 4098 praesenti
2440 4027 2691 4098 Epistula
2719 4028 2844 4100 quis
2874 4029 2954 4084 sic
2995 4026 3490 4097 insuadibilisest,

1895 4123 1994 4174 aut
2022 4117 2273 4174 animum
2294 4115 2504 4172 habens
2523 4117 2872 4188 induratum,
2902 4117 2999 4194 qui
3032 4134 3146 4176 non
3181 4117 3494 4177 demiretur

1896 4207 2136 4261 Paulum
2154 4212 2272 4264 tam
2294 4223 2564 4278 magnum
2593 4213 2650 4260 et
2673 4207 3032 4282 perspicuum
3059 4225 3162 4281 per
3183 4208 3372 4268 omnia
3395 4225 3490 4264 ex-

1895 4301 2139 4350 stantem
2167 4301 2224 4349 et
2249 4295 2549 4350 virtutibus
2569 4296 2795 4372 pietatis
2809 4295 3068 4351 omnibus
3083 4297 3489 4370 propemodum

1895 4384 2216 4439 hominibus
2247 4384 2672 4460 prmcellentem,
2705 4385 2901 4440 videns
2928 4378 3201 4459 discipulo
3230 4401 3330 4442 suo
3361 4401 3490 4443 cum

1897 4479 2018 4530 tota
2046 4473 2288 4528 scribere
2309 4474 2713 4546 supplicatione
2741 4472 2812 4527 ob
2842 4471 3201 4545 praebendam
3219 4489 3378 4528 servo
3402 4490 3492 4530 ve-

1897 4563 2071 4630 niam,
2095 4568 2152 4616 et
2179 4563 2282 4615 hoc
2307 4579 2420 4616 non
2451 4562 2702 4632 apostolo
2740 4562 3021 4629 existenti,
3053 4561 3151 4616 sed
3179 4561 3296 4616 viro
3336 4558 3490 4616 ﬂdeli

1899 4657 1955 4705 et
1983 4651 2232 4704 moribus
2265 4655 2482 4720 ornato,
2519 4667 2872 4706 communem
2904 4652 3050 4707 hanc
3091 4656 3492 4723 exsequentem

1895 4739 2088 4801 vitam,
2112 4739 2256 4794 sicut
2279 4743 2366 4794 est
2392 4739 2448 4792 id
2474 4739 2734 4810 colligere
2765 4756 2828 4793 ex
2850 4740 2960 4794 illis
2980 4739 3182 4816 quibus
3201 4739 3393 4820 scribit
3412 4737 3487 4808 ei,

1895 4845 2022 4882 cum
2051 4845 2220 4882 uxore
2241 4835 2300 4882 et
2327 4828 2463 4894 ﬁlio,
2500 4834 2557 4881 et
2593 4827 2818 4900 quidem
2840 4835 2898 4883 et
2910 4829 3016 4884 hoc
3043 4830 3113 4884 de
3135 4829 3490 4884 servo.Nam-

1896 4935 2003 4990 que
2031 4917 2125 4988 qui
2158 4916 2353 4970 eodem
2381 4922 2634 4988 tempore
2653 4922 2816 4971 erant
2828 4919 3080 4989 perfecti,
3097 4917 3167 4972 ab
3185 4917 3273 4974 his
3301 4915 3491 4974 omnia

1893 5007 1996 5060 bus
2033 5013 2195 5060 erant
2232 5005 2420 5062 alieni.
2462 5007 2657 5076 Itaque
2695 5007 2918 5061 videtur
2965 5008 3107 5062 mihi
3149 5006 3220 5061 ad
3258 5007 3364 5059 hoc
3400 5005 3488 5060 vel

177 5100 252 5154 tia
286 5101 419 5155 haec
453 5099 650 5152 inesse
672 5094 994 5149 hominibus
1022 5109 1377 5166 nequaquam
1394 5099 1614 5164 poterat
1632 5093 1677 5146 si
1700 5111 1810 5150 non
1830 5131 1878 5189 Β
1895 5096 2132 5149 maxime
2155 5095 2461 5168 respexisse
2488 5095 2544 5149 hi
2573 5097 2668 5169 qui
2698 5097 2758 5150 in
2779 5095 3086 5172 primordio
3117 5096 3186 5149 de
3232 5093 3486 5168 legendis

177 5189 327 5242 Deus
364 5205 518 5242 eam
550 5203 670 5240 esse
703 5185 1006 5238 voluisset?
1032 5185 1078 5238 si
1114 5189 1307 5238 tamen
1336 5183 1439 5235 hoc
1485 5183 1680 5236 scisset
1715 5184 1810 5236 ho-
1834 5181 1872 5189 ⁷
1891 5185 1948 5237 in
1981 5185 2225 5238 Ecclesia
2255 5184 2517 5256 Epistolis
2543 5185 2866 5240 statuebant
2879 5184 3206 5257 jussisse,ut
3219 5183 3330 5236 ista
3352 5181 3484 5255 Epi-

173 5278 443 5332 minibus
489 5273 776 5348 expedire.
811 5274 1002 5328 Sciens
1022 5290 1151 5326 vero
1173 5272 1309 5325 illud
1337 5273 1486 5343 quod
1513 5272 1644 5324 talis
1659 5271 1811 5324 dill‘e-

175 5369 372 5438 rentia
407 5364 588 5419 nulla
623 5365 682 5418 in
710 5370 869 5433 parte
910 5361 1133 5442 pietatis
1157 5361 1328 5415 laedat
1355 5361 1650 5424 rationem,
1686 5377 1813 5414 cum

175 5456 414 5526 possint
448 5457 523 5507 et
541 5452 735 5506 divites
747 5458 801 5505 et
832 5469 1123 5525 pauperes,
1144 5458 1201 5504 et
1219 5450 1361 5504 servi
1382 5449 1633 5512 et‘liberi,
1660 5450 1706 5503 si
1728 5455 1816 5503 ta-

1894 5273 2039 5326 stola
2060 5273 2115 5326 in
2143 5272 2380 5327 Ecclesia
2407 5273 2708 5344 legeretur,
2731 5275 2877 5328 sicut
2903 5279 2962 5328 et
2977 5277 3210 5340 caetera,
3245 5287 3310 5326 eo
3336 5271 3484 5344 quod

1895 5363 2020 5432 plus
2040 5378 2209 5434 quam
2237 5367 2449 5416 caetera
2490 5363 2748 5434 Epistolas
2773 5364 2891 5417 haec
2919 5359 3169 5433 Epistola
3195 5360 3487 5416 humilita-

1898 5457 2012 5504 tem
2041 5450 2240 5506 docere
2262 5455 2483 5524 poterat
2509 5451 2810 5505 auditores.
2842 5452 2989 5505 Nam
3025 5466 3140 5504 non
3165 5455 3252 5505 est
3287 5449 3484 5504 verisi-

175 5563 311 5599 men
331 5542 792 5603 velint,studere
821 5541 1014 5614 pietati
1039 5561 1048 5593 :
1081 5540 1244 5594 sicuti
1263 5546 1320 5593 et
1340 5559 1364 5626 ς
1393 5539 1675 5593 contrario
1696 5556 1818 5610 pos-
1899 5538 2032 5592 mile
2062 5544 2125 5594 ut
2143 5538 2212 5591 ad
2241 5538 2520 5610 integram
2540 5535 2838 5594 Ecclesiam
2858 5539 2928 5594 de
2946 5539 3298 5614 tammagnis
3320 5554 3489 5612 nego-

177 5641 316 5690 sunt
351 5631 526 5688 illud
563 5631 709 5702 quod
737 5630 986 5684 deterius
1009 5635 1096 5684 est
1137 5628 1537 5700 praeeligere,si
1569 5628 1644 5693 id,
1670 5629 1816 5698 quod
1897 5627 1993 5680 tiis
2019 5626 2264 5682 scribens
2295 5628 2618 5683 humiliaret
2646 5646 2725 5697 se,
2756 5628 2854 5684 sed
2895 5629 3002 5684 hoc
3031 5633 3117 5683 est
3152 5627 3486 5682 miraculum
