3866 6158
407 269 512 326 695

937 245 976 256 ρ
1005 268 1065 322 Β.
1109 267 1380 350 RABANI
1418 267 1649 322 MAURI
1687 266 2024 349 ARCHIEP.
2065 264 2389 321 MOGUNT.
2432 265 2731 322 OPERUM
2769 267 2954 322 PARS
2993 269 3088 323 ΙΙΙ.

3523 278 3609 334 696

412 393 561 465 quod
591 393 662 448 ad
686 408 860 446 unum
890 390 1154 453 scribens,
1181 395 1237 445 et
1266 391 1414 444 hunc
1453 391 1790 462 discipulum
1812 396 1869 445 et
1893 407 2007 446 non
2029 391 2068 449 A
2086 389 2258 460 lisper
2294 390 2719 445 necessitatibus
2762 392 3085 448 serviamus.
3131 412 3153 442 «
3183 395 3372 460 Nolite,
3404 418 3426 449 »
3458 400 3614 471 inquit

409 483 550 538 adeo
569 481 960 552 egregium,de
989 485 1107 534 tam
1138 481 1242 534 levi
1269 481 1495 550 negotio
1523 481 1672 552 quod
1700 497 1828 534 cum
1848 486 2009 536 tanta

411 571 732 627 humilitate
752 570 948 626 fecisse
974 570 1214 636 videtur,
1249 569 1319 624 de
1342 570 1453 624 illis
1484 571 1534 624 ei
1567 571 1844 642 imperare
1873 587 2008 642 quo-

411 677 538 716 rum
559 665 806 732 potestas
833 677 1004 732 penes
1032 659 1191 715 illum
1214 675 1336 714 esse
1346 658 1658 713 videbatur.
1686 662 1885 728 (Hier.)
1899 661 2006 724 Qui

409 750 611 805 nolunt
644 749 792 804 inter
839 749 1115 820 Epistolas
1147 749 1306 804 Pauli
1334 765 1461 802 eam
1490 748 1738 820 recipere
1767 767 1890 820 quae
1936 749 2007 804 ad

409 837 798 894 Philemonem
817 837 1098 904 scribitur,
1117 837 1278 892 aiunt
1289 854 1400 892 non
1412 854 1636 909 semper
1652 838 2002 909 Apostolum,

410 943 513 982 nec
531 927 722 982 omnia
751 927 974 984 Christo
1004 927 1064 982 in
1089 943 1149 981 se
1181 927 1444 998 loquente
1477 927 1702 993 dixisse,
1753 928 1888 998 quia
1905 944 2005 981 ne-

411 1033 521 1090 que
550 1015 803 1072 humana
828 1015 1181 1070 imbecillitas
1207 1032 1384 1070 unum
1412 1022 1666 1070 tenorem
1685 1016 1863 1070 sancti
1887 1017 2008 1087 Spi-

409 1106 554 1161 ritus
581 1105 727 1160 ferre
752 1105 1045 1177 potuisset,
1078 1121 1260 1177 neque
1278 1105 1447 1176 hujus
1475 1105 1788 1176 corpusculi
1819 1122 2006 1160 neces-

409 1196 548 1250 sitas
577 1194 680 1250 sub
721 1195 1019 1266 priesentia
1064 1211 1286 1265 semper
1327 1193 1552 1248 Domini
1608 1195 2001 1266 compleretur,

408 1285 564 1340 velut
591 1284 888 1356 disponere
901 1283 1219 1354 prandium,
1244 1283 1430 1338 cibum
1451 1284 2006 1355 capere,esurire.sa-

408 1373 562 1440 tiari,
585 1374 805 1445 ingesta
844 1373 1119 1444 digerere,
1143 1373 1412 1427 exhausta
1467 1374 1766 1444 complere.
1825 1374 2006 1428 Taceo

407 1462 477 1517 de
496 1463 844 1538 ueterisque;
873 1461 1145 1532 exquisite
1157 1467 1214 1515 et
1230 1462 1723 1534 coactareplicant,
1754 1469 1820 1517 ut
1848 1463 2006 1516 afﬁr-

411 1557 570 1606 ment
598 1551 768 1606 fuisse
790 1551 1018 1622 aliquod
1060 1556 1304 1622 tempus,
1337 1551 1394 1604 in
1416 1568 1526 1622 quo
1559 1552 1765 1605 Paulus
1820 1552 2005 1606 dicere

409 1657 523 1695 non
550 1641 786 1695 auderet
807 1657 818 1692 :
848 1656 875 1690 (
896 1640 1034 1694 Vivo
1055 1656 1167 1694 non
1181 1641 1303 1710 jam
1323 1656 1445 1710 ego,
1465 1641 1598 1694 vivit
1617 1646 1806 1694 autem
1829 1641 1888 1694 in
1915 1658 2005 1695 me

2087 478 2406 549 Apostolus,
2442 499 2466 531 «
2500 481 2834 535 contristare
2865 481 3131 552 Spiritum
3167 491 3418 550 sanctum,
3445 488 3494 542 in
3524 507 3614 560 quo

2090 566 2296 636 signati
2319 568 2452 622 estis
2471 569 2530 623 in
2547 570 2636 623 die
2657 571 3058 641 redemptionis
3081 573 3277 640 (Ephcs.
3300 579 3382 641 iv).
3400 595 3422 626 ι)
3439 577 3617 641 Quibus

2090 657 2242 727 operi
2249 656 2597 729 busSpiritus
2611 666 2838 715 sanctus
2853 661 3239 716 constristetur
3247 665 3620 734 prophetacom-

2090 752 2384 812 memorat,
2434 748 2628 802 multis
2660 749 2719 803 in
2749 749 3006 803 ordinem
3041 750 3186 804 vitiis
3214 754 3528 824 peccatisque
3551 755 3620 808 di~

2086 835 2281 905 gestis,
2313 836 2383 890 ad
2413 843 2728 892 extremum
2755 837 2948 892 infert:
2979 857 3002 889 (ι
3023 840 3085 892 In
3115 840 3360 895 omnibus
3385 843 3492 896 istis
3513 861 3622 898 con-

2087 923 2352 978 tristabas
2409 942 2498 980 me
2551 928 2682 995 (Jer.
2733 930 2863 997 vm).
2901 947 2928 980 »
2977 928 3235 1000 Alioquin
3260 931 3468 984 calicem
3493 947 3623 1003 aqua:

2087 1013 2304 1082 frigida:
2333 1015 2640 1085 porrigere,
2673 1017 2841 1086 pedes
2873 1017 3076 1081 lavare,
3110 1017 3386 1073 immolare
3406 1021 3622 1081 vitulum.

2087 1102 2388 1172 prandium
2410 1121 2746 1175 praeparare,
2772 1112 3061 1176 peccatum
3085 1107 3176 1173 sit,
3197 1125 3318 1162 cum
3346 1108 3558 1163 sciamus
3574 1128 3626 1164 ex

2087 1190 2174 1244 his
2203 1190 2370 1246 rebUs
2398 1193 2454 1246 in
2487 1193 2587 1248 Dei
2619 1195 2890 1265 quosdam
2918 1195 3058 1249 filios
3088 1196 3366 1267 adoptari?
3393 1198 3488 1252 Sed
3516 1200 3627 1252 mihi

2085 1279 2364 1348 videntur,
2379 1281 2514 1336 dum
2536 1282 2831 1353 epistolam
2851 1284 3224 1354 simplicitatis
3244 1293 3628 1355 arguunt,suam

2087 1367 2430 1440 imperitiam
2454 1372 2709 1442 prodere,
2736 1389 2848 1426 non
2876 1373 3251 1444 intelligentes
3269 1375 3392 1445 quid
3412 1375 3465 1429 in
3483 1376 3636 1446 singu-

2089 1456 2158 1510 lis
2195 1459 2550 1513 sermonibus
2579 1461 2805 1515 virtutis
2853 1468 2910 1516 et
2955 1463 3239 1534 sapientia:
3275 1465 3436 1517 lateat
3471 1485 3480 1517 :
3513 1481 3630 1535 quae,

2088 1547 2380 1601 orantibus
2411 1548 2582 1614 vobis,
2601 1556 2658 1602 et
2687 1551 2809 1620 ipso
2839 1550 2999 1604 nobis
3031 1552 3238 1622 Spiritu
3270 1559 3450 1606 sancto
3474 1571 3638 1624 sugge-

2087 1641 2266 1702 rente,
2287 1654 2396 1708 quo
2420 1639 2629 1709 scripta
2658 1645 2810 1706 sunt,
2843 1641 2960 1694 suis
2991 1641 3126 1694 locis
3155 1643 3438 1712 explanare
3456 1642 3640 1696 conabi-

409 1730 667 1785 Christus
682 1729 880 1792 (Galat.
915 1732 972 1797 II)
999 1748 1011 1795 ;
1050 1748 1073 1781 ι
1099 1735 1158 1783 et
1187 1729 1356 1783 illud:
1380 1751 1401 1779 ι
1439 1730 1529 1783 An
1560 1729 2003 1800 experimentum
2023 1710 2068 1769 Β
2088 1739 2234 1778 mur.
2254 1725 2310 1779 Si
2327 1733 2519 1780 autem
2541 1727 2781 1782 brevitas
2802 1727 3042 1782 habetur
3061 1710 3640 1801 conteinptui,contem-

409 1818 660 1890 quaeritis
706 1819 829 1889 ejus
857 1818 954 1888 qui
974 1817 1032 1872 in
1067 1833 1159 1871 me
1215 1817 1482 1889 loquitur,
1527 1818 1784 1872 Christus
1813 1821 1866 1886 (Ι
1883 1819 2002 1873 Cor.

408 1909 525 1976 xm)
543 1907 611 1963 7»
635 1907 830 1974 Quale,
860 1906 1142 1978 inquiunt,
1189 1906 1633 1978 experimentum
1663 1907 1892 1974 Christi,
1923 1915 2009 1962 est

409 1996 632 2052 audire:
666 2014 692 2049 α
714 1995 986 2052 Penulam
1017 2012 1186 2066 quam
1217 1995 1419 2067 reliqui
1445 1996 1677 2051 Troadae
1697 1996 1846 2067 apud
1874 1997 2008 2050 Car-

406 2101 544 2160 pum
564 2085 795 2139 veniens
821 2091 1008 2138 tecum
1038 2083 1175 2137 affer
1197 2085 1278 2152 (ΙΙ
1307 2086 1446 2138 Tim.
1470 2090 1549 2154 Vl)
1579 2103 1588 2137 :
1623 2105 1650 2138 ››
1683 2090 1740 2138 et
1767 2085 1905 2142 illud
1937 2085 2007 2139 ad

408 2173 672 2228 Galatas:
701 2190 728 2225 ι
758 2173 989 2230 Utinam
1019 2179 1076 2227 et
1093 2173 1462 2227 excindantur
1497 2173 1592 2244 qui
1635 2191 1730 2228 vos
1777 2180 2008 2228 contur-

405 2262 545 2319 bant
565 2263 767 2332 (Galat.
809 2266 888 2332 v),
925 2282 948 2314 ι
987 2267 1045 2316 et
1071 2263 1130 2316 in
1151 2263 1256 2317 hac
1284 2262 1406 2334 ipsa
1435 2263 1687 2334 Epistola
1717 2283 1728 2317 :
1768 2283 1794 2316 ι
1827 2264 2007 2320 Simul

407 2359 598 2408 autem
611 2358 669 2407 et
681 2369 936 2424 praepara
967 2351 1106 2406 mihi
1119 2351 1444 2422 hospitium.
1483 2371 1508 2405 ι
1533 2353 1650 2406 Hoc
1666 2359 1856 2406 autem
1893 2370 2007 2408 non

407 2442 591 2496 solum
621 2441 909 2512 apostolis,
929 2441 1029 2494 sed
1044 2440 1333 2512 prophetis
1344 2457 1566 2512 quoque
1589 2441 1849 2496 similiter
1870 2443 2010 2497 acci-

405 2530 574 2585 disse.
616 2529 776 2585 Unde
831 2530 1036 2600 saepius
1065 2529 1336 2600 scriptum
1366 2530 1599 2596 feratur,
1631 2547 1658 2582 α
1683 2531 1894 2585 factum
1923 2537 2010 2586 est

412 2617 645 2674 verbum
691 2617 918 2673 Domini
965 2618 1038 2670 ad
1083 2617 1354 2683 Ezechiel,
1387 2635 1415 2671 ι
1447 2619 1562 2672 sive
1590 2619 1660 2672 ad
1702 2619 2011 2690 quemlibet

361 2763 368 2768 _
409 2707 585 2762 alium
614 2705 1039 2778 prophetarum,
1072 2705 1205 2776 quia
1231 2712 1357 2777 post
1377 2708 1660 2778 expletum
1681 2709 2008 2764 vaticinium

406 2811 635 2850 rursum
655 2795 713 2849 in
725 2801 904 2850 semet
915 2800 1218 2858 revertens,
1234 2795 1402 2849 homo
1427 2797 1741 2852 communis
1752 2799 1786 2851 fi
1795 2805 1916 2852 eret
1942 2817 2008 2853 ex

405 2885 708 2956 Propheta,
760 2889 988 2955 excepto
1015 2884 1256 2939 Domino
1285 2890 1478 2940 nostro
1507 2886 1640 2940 Jesu
1671 2887 1914 2954 Christo,
1949 2875 2008 2943 in

405 2974 560 3028 nullo
581 2978 837 3028 sanctum
859 2973 1132 3046 Spiritum
1169 2975 1544 3045 permansisse
1570 2993 1582 3027 :
1608 2976 1758 3046 quod
1782 2977 2006 3047 signum

406 3069 465 3116 et
483 3061 740 3134 Baptista
759 3062 1002 3116 Joannes
1049 3068 1341 3134 acceperat
1387 3065 1578 3131 (Marc.
1631 3067 1688 3132 ι),
1719 3071 1785 3119 ut
1833 3082 2004 3136 super

405 3167 574 3223 quem
601 3150 836 3206 vidisset
864 3151 1134 3223 Spiritum
1163 3158 1421 3206 sanctum
1465 3153 1897 3208 descendentem
1945 3161 2003 3210 et

404 3245 729 3296 manentem
760 3241 819 3294 in
840 3257 925 3307 eo,
973 3241 1160 3312 ipsum
1191 3258 1312 3296 esse
1359 3248 1736 3314 cognosceret.
1782 3243 1859 3296 Ex
1889 3261 2000 3314 quo

404 3329 721 3384 ostenditur
746 3346 916 3401 super
942 3331 1152 3384 multos
1201 3331 1428 3402 quidem
1459 3330 1796 3385 descendere
1827 3332 1999 3403 Spiri-

404 3425 524 3472 tum
547 3419 928 3485 sanctum,sed
939 3420 1163 3491 proprie
1175 3421 1280 3474 hoc
1293 3437 1414 3474 esse
1431 3420 1733 3474 Salvatoris
1755 3421 1994 3492 insigne,

404 3507 539 3578 quia
565 3514 897 3579 permaneat
914 3510 1072 3562 ineo.
1099 3509 1200 3563 His
1215 3515 1273 3562 et
1300 3508 1516 3562 caeteris
1547 3509 1870 3578 hujusmodi
1901 3527 1997 3564 vo—

2089 1818 2261 1867 natur
2288 1815 2515 1882 Abdias,
2558 1817 2763 1884 Naum,
2806 1817 3137 1888 Sophonias,
3171 1825 3226 1873 et
3268 1820 3358 1872 alii
3387 1819 3640 1873 duodecim

2090 1903 2511 1974 prophetarum,
2527 1905 2584 1959 in
2607 1906 2809 1976 quibus
2829 1913 2945 1960 tam
2973 1907 3137 1971 mira,
3154 1915 3268 1962 tam
3288 1909 3641 1979 grandiasunt.

2092 2007 2215 2061 quae
2243 1991 2518 2060 feruntur,
2555 1999 2620 2048 ut
2647 1996 2862 2050 nescias
2893 2002 3084 2050 utrum
3115 1997 3435 2072 brevitatem
3463 2013 3642 2051 sermo-

2089 2095 2226 2134 num
2257 2081 2315 2136 in
2337 2083 2446 2136 illis
2467 2084 2735 2138 admirari
2758 2084 2980 2150 debeas,
2999 2103 3070 2140 an
3099 2085 3522 2156 magnitudinem
3545 2103 3646 2139 sen-

2088 2185 2274 2224 suum.
2328 2171 2486 2236 Quod
2531 2173 2577 2226 si
2625 2174 3005 2246 intelligerent
3056 2175 3116 2229 hi
3151 2176 3246 2247 qui
3287 2175 3558 2246 epistolam
3589 2175 3647 2228 ad

2087 2257 2475 2315 Philemonem
2495 2262 2812 2334 repudiant,
2839 2280 3131 2335 nunquam
3155 2263 3474 2318 brevitatem
3498 2264 3649 2334 despi-

2087 2355 2312 2402 cerent:
2339 2367 2462 2420 quae
2482 2369 2584 2422 pro
2604 2351 3045 2423 laciniosislegis
3076 2353 3342 2408 oneribus
3371 2353 3650 2424 evangelise

2089 2435 2288 2492 decore
2337 2441 2652 2511 conscripta
2679 2447 2782 2506 est,
2815 2441 2951 2495 dum
2987 2441 3303 2497 breviatum
3340 2458 3649 2496 consumma-

2091 2530 2322 2597 tumqne
2347 2545 2665 2584 sermonem
2685 2529 2819 2584 facit
2844 2531 3118 2586 Dominus
3149 2549 3320 2603 super
3347 2538 3560 2586 terram.

2601 2673 2836 2728 CAPUT
2864 2673 3172 2728 UNICUM.

2091 2793 2508 2867 Defhilemone,
2532 2802 2582 2850 et
2603 2798 2799 2864 Appia,
2814 2803 2862 2850 et
2884 2799 3179 2867 Archippo,
3196 2805 3244 2852 et
3264 2800 3539 2852 domestica
3559 2801 3654 2864 ejus

2161 2865 2416 2938 Ecclesia.
2449 2868 2523 2920 De
2544 2869 2857 2922 Philemone
2886 2873 2936 2922 et
2954 2865 3224 2938 Apos’tolo,
3259 2886 3358 2938 pro
3393 2886 3447 2922 eo
3475 2871 3529 2921 in
3557 2883 3658 2920 ora-

2161 2937 2403 2991 tionibus
2430 2955 2639 3006 semper
2676 2937 3007 2993 memoriam
3045 2937 3302 3007 faciente.
3347 2941 3416 2994 De
3445 2940 3658 3008 Apostoto

2021 3025 2069 3089 Ο
2157 3021 2280 3089 sene
2295 3013 2344 3062 et
2361 3012 2544 3089 pineta
2561 3011 2874 3089 Philemoni
2888 3013 3216 3089 imperante,
3226 3012 3565 3089 eamdemque
3577 3025 3658 3089 po:

2158 3081 2300 3132 riter
2319 3083 2627 3135 obsecrante
2641 3097 2746 3150 pro
2768 3083 3018 3136 Onesimo
3036 3099 3191 3136 ser-vo
3211 3087 3402 3152 ipsius,
3418 3088 3465 3136 et
3483 3081 3658 3150 parari

2161 3168 2206 3204 si
2215 3152 2512 3220 bihospitiu
2521 3169 2572 3205 m
2583 3169 2698 3206 com
2707 3154 3094 3206 mendante.1)e
3107 3155 3366 3224 Epaphra
3379 3153 3660 3219 concaptiro

2153 3226 2410 3292 Apostoli.
2441 3227 2491 3276 et
2509 3224 2712 3286 Marco,
2738 3228 2788 3276 et
2809 3225 3152 3290 Aristarcho,
3174 3231 3225 3279 ct
3246 3227 3430 3290 Dema,
3454 3229 3497 3276 et
3517 3225 3656 3280 Luca.

2158 3294 2512 3363 adjutoribus
2544 3296 2729 3348 Pauli.

2155 3437 2182 3471 «
2214 3419 2422 3472 Paulus
2450 3418 2667 3472 vinctus
2686 3419 2818 3473 Jesu
2841 3420 3070 3486 Christi,
3095 3427 3155 3475 et
3171 3421 3495 3476 Timotheus
3509 3421 3659 3473 frater

2084 3527 2111 3558 «
2140 3507 2458 3562 Philemoni
2490 3507 2693 3560 dilecto
2715 3513 2773 3560 et
2797 3509 3148 3579 cooperatori
3181 3517 3396 3578 nostro,
3419 3515 3475 3563 et
3492 3506 3659 3579 Appiae

402 3596 546 3662 lunt,
560 3602 662 3652 aut
679 3597 986 3668 Epistolam
1001 3614 1115 3652 non
1132 3613 1252 3652 esse
1269 3597 1450 3663 Pauli,
1474 3614 1597 3668 quae
1617 3597 1688 3651 ad
1719 3597 2004 3652 Philemo-
2089 3616 2116 3650 «
2147 3597 2346 3658 sorori,
2380 3602 2438 3650 et
2465 3596 2748 3667 Archippo
2775 3597 3146 3652 commilitoni
3181 3605 3395 3661 nostro,
3425 3605 3479 3652 et
3505 3597 3660 3651 Eccle-

401 3701 534 3740 nem
564 3685 846 3753 scribitur,
879 3693 980 3741 aut
1007 3687 1053 3740 si
1091 3687 1262 3741 etiam
1291 3687 1452 3741 Pauli
1510 3686 1600 3753 sit,
1629 3687 1768 3740 nihil
1798 3686 2005 3742 habere
2089 3706 2113 3737 ι
2143 3685 2240 3740 sise
2269 3702 2392 3756 qua).
2424 3685 2481 3739 in
2507 3685 2673 3738 domo
2700 3691 2802 3739 tua
2841 3692 2945 3740 est.
2981 3706 3007 3739 »
3039 3687 3248 3758 (Hicr.)
3284 3687 3557 3752 Quaeritur
3579 3700 3663 3738 cur

403 3774 552 3846 quod
567 3775 844 3830 aediﬁcare
869 3777 1065 3846 possit,
1096 3779 1154 3829 et
1181 3791 1216 3828 a
1234 3776 1514 3846 plerisque
1543 3774 1824 3829 veteribus
1843 3792 2006 3847 repu‘
2087 3780 2186 3828 aut
2215 3791 2324 3844 quo
2347 3773 2580 3844 jubente
2604 3774 2810 3828 Paulus
2831 3776 2914 3828 vel
2943 3776 3247 3847 antiquum
3270 3794 3472 3832 nomen
3491 3775 3664 3829 amise-

403 3863 633 3930 diatam,
658 3863 796 3918 dum
851 3863 1280 3918 commendandi
1305 3870 1528 3917 tantum
1576 3863 1770 3918 scribit
1797 3865 1995 3930 ofﬁcio,
2080 3864 2174 3930 rit,
2206 3865 2292 3917 vel
2336 3879 2540 3917 novum
2581 3863 2920 3934 sumpserit?
2949 3865 3023 3918 Ut
3052 3882 3122 3920 ex
3153 3866 3372 3921 Abram
3407 3864 3664 3920 Abraham

403 3959 517 4007 non
545 3952 802 4007 docendi.
835 3955 910 4006 At
931 3969 960 4006 e
989 3953 1270 4007 contrario
1287 3953 1382 4022 qui
1401 3969 1683 4021 germanze
1703 3955 2002 4008 auctorita-
2081 3952 2363 4006 diceretur
2383 3951 2481 4006 Dei
2491 3952 2743 4022 jussione
2759 3953 3066 4024 perfectum
3078 3962 3186 4022 est,
3207 3962 3274 4010 ut
3286 3973 3352 4010 ex
3365 3955 3518 4010 Sarai
3535 3954 3664 4007 Sane

401 4041 476 4095 tis
505 4057 632 4094 eam
660 4057 780 4094 esse
801 4039 1126 4107 defendunt,
1188 4039 1383 4094 dicunt
1428 4057 1723 4112 nunquam
1775 4042 1833 4095 in
1880 4048 1999 4098 toto
2080 4040 2410 4096 vocabulum
2441 4042 2618 4107 fieret,
2647 4059 2804 4112 aeque
2845 4043 2944 4096 Dei
2989 4042 3300 4114 imperium
3342 4045 3480 4109 fuit;
3511 4048 3580 4106 et,
3607 4045 3662 4094 ut

401 4128 601 4184 orbe~a
629 4130 845 4183 cunctis
884 4129 1142 4183 Ecclesiis
1169 4128 1340 4183 fuisse
1355 4136 1671 4200 susceptam
1704 4130 1811 4184 nisi
1839 4132 2001 4185 Pauli
2081 4131 2153 4184 ad
2181 4147 2384 4184 novum
2415 4131 2861 4184 Instrumentum
2889 4131 3134 4196 veniam,
3182 4140 3250 4186 ut
3291 4133 3484 4188 Simon
3527 4129 3660 4185 Petri

401 4217 640 4290 apostoli
663 4217 1026 4286 crederetur;
1059 4224 1116 4272 et
1135 4218 1240 4272 hac
1263 4219 1386 4288 lege
1435 4235 1505 4272 ne
1534 4220 1838 4273 secundam
1883 4221 2002 4292 qui—
2082 4236 2286 4274 nomen
2332 4219 2626 4290 acciperet,
2682 4227 2739 4273 et
2781 4220 2882 4273 ﬁlii
2919 4219 3172 4275 Zebedaei
3215 4223 3550 4292 Boanerges,
3579 4219 3666 4272 hoc

400 4307 531 4362 dem
551 4306 621 4362 ad
647 4307 1024 4374 Timotheum,
1057 4313 1116 4362 et
1132 4307 1205 4362 ad
1227 4308 1455 4362 Galatas
1487 4326 1582 4362 eos
1595 4307 1799 4363 debere
1825 4309 2001 4363 susci-
2018 4346 2066 4404 Β
2083 4315 2168 4362 est
2193 4311 2279 4376 ﬁli
2283 4311 2303 4360 ι’
2320 4311 2532 4362 tonitru
2541 4311 2562 4360 ι’
2578 4309 3162 4374 vocarentur,Domini
3187 4311 3370 4365 nostri
3391 4311 3420 4365 J
3425 4327 3519 4364 esu
3532 4306 3667 4363 Chri-

400 4413 552 4470 pere,
573 4397 644 4452 de
654 4395 859 4468 quibus
888 4401 946 4450 et
971 4396 1077 4468 ipsi
1103 4397 1364 4452 humanae
1390 4397 1790 4452 imbecillitatis
1819 4415 2000 4452 exem-
2021 4395 2062 4404 ”
2081 4398 2153 4451 sti
2173 4414 2302 4451 voce
2321 4403 2663 4468 praeceptum
2686 4403 2788 4451 est.
2814 4398 2998 4462 Quare
3017 4405 3210 4453 autem
3236 4418 3268 4453 e
3293 4401 3463 4456 Saulo
3480 4397 3663 4452 Paulus

400 4486 495 4557 pla
516 4486 1177 4558 protulerint,¢penulam
1189 4503 1357 4558 quam
1375 4487 1578 4558 reliqui
1597 4487 1828 4542 Troada:
1849 4488 1999 4558 apud
2081 4487 2265 4545 dictus
2283 4486 2375 4552 sit,
2397 4487 2553 4540 nulla
2574 4485 2864 4556 Scriptura
2881 4495 3317 4544 commemorat.
3342 4490 3533 4560 Neque
3554 4500 3666 4539 vero

402 4576 648 4646 Carpum
663 4574 910 4642 ,veniens
922 4580 1108 4629 tecum
1121 4575 1294 4644 defer,
1307 4596 1329 4627 ι
1345 4582 1421 4642 et,
1441 4595 1462 4627 ι
1472 4576 1690 4630 utinam
1705 4575 2000 4630 excindan-
2081 4576 2394 4646 putandum
2413 4581 2518 4641 est,
2533 4581 2642 4629 uta
2661 4575 3094 4646 simplicioribus
3107 4577 3307 4632 latinis
3319 4579 3539 4648 legitur,
3548 4577 3666 4630 Sau-

401 4667 497 4720 tur
507 4664 603 4734 qui
622 4680 718 4718 vos
731 4666 1087 4734 conturbant,
1109 4685 1132 4716 ι
1147 4665 1384 4720 inveniri
1395 4665 1557 4736 plura
1567 4671 1625 4718 et
1633 4665 1702 4717 ad
1715 4664 1999 4720 Romanos

401 4757 699 4807 etcaateras
721 4753 1010 4821 Ecclesias,
1045 4755 1287 4809 maxime
1317 4770 1440 4824 qua:
1469 4753 1543 4807 ad
1565 4753 1885 4807 Corinthios
1913 4770 1998 4808 re-

403 4841 1059 4922 missius,etquotidia_1_io
1079 4860 1222 4915 pene
1251 4859 1508 4897 sermone
1529 4842 1756 4906 dictata,
1787 4841 1845 4896 in
1869 4843 1994 4914 qui-

399 4926 506 4988 bus
514 4932 1107 5005 Apostolusloquatur,
1119 4953 1141 4985 ι
1159 4933 1388 4988 Caeteris
1400 4937 1591 4986 autem
1604 4949 1706 5002 ego
1718 4931 1862 4999 dico,
1881 4948 1995 4985 non

396 5021 691 5089 Dominus,
712 5041 742 5077 io
769 5038 908 5094 quas
935 5027 995 5076 et
1008 5022 1157 5092 ipsas
1187 5020 1320 5092 quia
1344 5020 1557 5092 aliquid
1587 5021 1700 5074 tale
1730 5019 1993 5088 habeant,

395 5117 496 5165 aut
521 5110 682 5166 Pauli
718 5111 983 5182 epistolas
1011 5126 1124 5164 non
1165 5111 1464 5181 putandas,
1501 5116 1600 5163 aut
1636 5109 1683 5162 si
1713 5109 1834 5163 istae
1863 5111 1998 5163 reci-

395 5199 650 5270 piuntur,
666 5200 1043 5271 recipiendam
1062 5215 1186 5254 esse
1206 5206 1264 5254 et
1285 5199 1354 5253 ad
1375 5199 1761 5253 Philemonem
1777 5215 1841 5251 ex
1860 5215 1998 5269 prae-

377 5288 607 5361 judicio
635 5287 905 5344 similium
936 5289 1498 5361 receptarum.Valde
1529 5294 1718 5342 autem
1751 5304 1846 5341 eos
1865 5287 1996 5342 sim-

393 5377 616 5449 pliciter
642 5393 850 5446 errare,
874 5379 922 5433 si
951 5384 1156 5450 putent
1181 5377 1365 5433 cibum
1416 5394 1622 5444 emere,
1684 5376 1992 5448 hOSpitium

382 5481 719 5538 praeparare,
749 5469 1085 5523 vestimenta
1101 5468 1431 5540 conquirere
1447 5484 1567 5520 esse
1594 5472 1904 5537 peccatum,
1937 5471 1995 5520 et

383 5571 634 5612 asserere
660 5555 844 5627 fugari
877 5557 1148 5628 Spiritum
1165 5563 1440 5621 sanctum,
1466 5556 1510 5608 si
1523 5555 1835 5626 corpusculi
1853 5571 1991 5627 pau-

2081 4664 2199 4717 lum
2228 4669 2358 4717 ante
2380 4662 2590 4716 dictum
2614 4679 2754 4730 esse,
2780 4669 2837 4717 et
2866 4680 2978 4718 non
3010 4665 3162 4732 Saul,
3193 4667 3334 4737 quia
3364 4672 3420 4720 et
3447 4666 3514 4720 de
3531 4661 3665 4719 tribu

2079 4752 2372 4822 Benjamin
2404 4758 2526 4808 erat
2555 4752 2613 4806 in
2645 4769 2757 4822 qua
2786 4753 2890 4806 hoc
2918 4770 3120 4808 nomen
3148 4754 3491 4809 familiarius
3510 4752 3664 4807 liabe-

2077 4841 2272 4910 batur;
2297 4841 2574 4912 siquidem
2605 4847 2662 4895 et
2687 4841 2781 4896 ille
2814 4841 2948 4896 Saul
2979 4860 3075 4896 rex
3103 4843 3337 4911 Judaeae,
3363 4849 3666 4916 persecutor

2078 4929 2252 4984 David
2281 4931 2348 4982 de
2371 4929 2522 4982 tribu
2549 4930 2844 5000 Benjamin
2865 4931 2990 4985 fuit.
3023 4932 3182 4996 Quod
3206 4939 3405 4986 autem
3432 4932 3621 4987 Saulus
3639 4946 3668 4982 a

2079 5019 2236 5073 nobis
2264 5019 2488 5085 dicitur,
2513 5035 2626 5072 non
2649 5020 2856 5072 mirum
2881 5025 2965 5074 est
2996 5020 3234 5076 Hebraea
3253 5022 3489 5077 nomina
3516 5020 3582 5076 ad
3609 5018 3670 5072 si-

2079 5108 2457 5163 militudinem
2486 5108 2808 5162 Grmcorum
2830 5113 2887 5162 et
2905 5109 3295 5164 Romanorum
3323 5111 3564 5182 :casuum
3591 5109 3672 5162 de-

2079 5198 2293 5263 clinari,
2312 5203 2376 5250 ut
2397 5197 2540 5250 sicut
2560 5214 2660 5268 pro
2680 5197 2886 5268 Joseph
2903 5199 3198 5269 Iosephus,
3225 5217 3332 5270 pro
3352 5198 3522 5255 Jacob
3535 5199 3673 5252 Jaco-

2075 5285 2200 5353 bus,
2216 5287 2295 5339 ita
2311 5302 2411 5357 pro
2445 5286 2578 5340 Saul
2614 5279 2837 5356 quoque
2867 5287 3070 5341 Saulus
3091 5288 3150 5342 in
3180 5296 3384 5343 nostra
3413 5289 3602 5358 lingua
3617 5300 3671 5338 ac

2077 5392 2336 5429 sermone
2368 5375 2590 5430 dicatur
2625 5393 2636 5427 :
2675 5382 2739 5429 ut
2769 5377 2918 5429 enim
2952 5377 3154 5448 Scipio,
3187 5377 3450 5448 subjecta
3481 5375 3671 5435 Africa,

2073 5464 2318 5518 Africani
2339 5464 2444 5518 sibi
2463 5481 2668 5518 nomen
2684 5466 2992 5536 assumpsit
3010 5484 3020 5518 :
3041 5473 3098 5520 et
3111 5467 3394 5530 Metellus,
3421 5468 3585 5520 Creta
3600 5463 3673 5516 in-

2073 5553 2198 5609 sula
2207 5553 2331 5625 subj
2339 5554 2755 5628 ugata.insigne
2767 5555 2972 5608 Cretici
2984 5573 3098 5610 suae
3108 5555 3338 5610 familiae
3351 5552 3663 5625 reportavit:
