3866 6158
179 283 265 339 697

542 275 1117 332 ΕΝΑΒΒΑΤΙΟΝΗΜ
1154 279 1231 334 ΙΝ
1271 281 1424 335 ΕΡΡ.
1467 280 1681 335 PAULI
1721 281 1734 334 ]

1819 282 1838 333 3
1875 282 2072 336 XXVI.
2108 312 2173 323 --
2195 283 2271 337 IN
2311 282 2532 337 EPIST.
2574 281 2672 335 AD
2709 280 3000 335 PHILEM.

3306 282 3408 337 698

180 414 224 460 et
241 408 579 477 imperatores
591 418 737 455 nunc
755 418 929 471 usque
948 403 1183 457 Romani
1197 422 1259 457 ex
1273 404 1728 474 subjectisgenti-
1744 420 1921 478 Anon
1951 406 2168 460 sincere
2222 407 2605 461 existimantes
2658 421 2977 475 pressuram
3034 421 3093 458 se
3138 406 3409 460 suscitare

174 497 335 561 bus,ut
348 492 678 548 Adiabenici.
698 492 965 553 Parthici,
992 494 1286 547 Sarmatici
1300 499 1722 564 nuncupantur:

175 585 239 638 ita
263 593 310 636 et
337 582 528 639 Saulus
558 581 625 633 ad
658 581 1111 650 prsedicationem
1140 584 1395 651 gentium
1443 583 1665 649 missus,
1698 601 1731 636 a

174 674 322 745 primo
340 671 587 725 Ecclesiae
615 670 790 740 spolio
806 672 1135 740 proconsule
1167 672 1361 740 Sergio
1380 673 1554 726 Paulo
1565 673 1732 726 victo-

176 763 252 815 riae
264 766 379 813 sunt
395 759 645 829 trOphaea
666 759 1166 831 retulit,erexitque
1180 761 1440 815 vexillum
1450 768 1514 815 ut
1527 762 1732 815 Paulus

174 852 459 904 dicereture
482 848 670 901 Saulo.
697 848 753 902 Si
776 854 965 901 autem
989 854 1045 902 et
1070 849 1458 921 interpretatio
1491 851 1732 904 nominis

174 939 418 1013 quaeritur,
442 938 650 992 Paulus
664 938 719 990 in
737 937 969 992 Hebraeo
982 941 1297 993 mirabilem
1319 946 1512 1006 sonat;
1539 957 1733 994 revera

174 1031 343 1084 mirum
357 1034 417 1081 ut
430 1028 694 1098 postSaul
708 1026 802 1098 qui
817 1027 1220 1098 interpretatur
1230 1036 1374 1097 cape!
1384 1033 1491 1082 itus
1507 1047 1572 1082 eo
1584 1030 1731 1099 quod

174 1120 227 1172 ad
244 1118 531 1171 vexandam
555 1117 858 1170 Ecclesiam
889 1117 1131 1171 fuisseta
1151 1118 1373 1172 diabolo
1396 1120 1726 1189 postulatus,

174 1209 227 1261 de
268 1212 609 1277 persecutore
648 1223 745 1259 vas
786 1207 945 1259 ﬁeret
984 1207 1292 1261 electionis.
1332 1208 1461 1261 Plus
1500 1208 1733 1261 forsitan

176 1312 309 1366 quam
320 1295 686 1365 oportuit,sed
710 1295 1023 1349 necessarie
1044 1296 1443 1366 disputandum
1462 1297 1733 1361 est.Quod

175 1394 325 1437 autem
345 1384 618 1453 sequitur,
650 1402 675 1433 (ί
695 1384 912 1437 vinctus
926 1386 954 1437 J
960 1401 1059 1438 esu
1084 1386 1313 1451 Christi,
1346 1406 1369 1437 »
1395 1386 1451 1438 in
1472 1387 1733 1456 praesenti

175 1474 356 1543 negotio
374 1473 454 1525 vel
480 1473 725 1526 maxime
762 1480 848 1526 est
880 1474 1273 1528 demirandum
1310 1475 1378 1527 de
1416 1475 1735 1546 Apostolica

174 1563 425 1634 prudentia
441 1579 558 1631 quo
574 1562 800 1633 scripsit
820 1563 1044 1632 quidem
1073 1569 1130 1617 et
1149 1564 1217 1617 ad
1240 1564 1378 1618 alios
1399 1566 1586 1635 plures
1608 1581 1733 1617 cum

172 1660 287 1704 esset
304 1652 352 1703 in
376 1651 789 1715 vinculis,sicut
805 1668 869 1704 ex
890 1652 1024 1723 ipsis
1048 1653 1308 1723 Epistolis
1332 1655 1591 1725 quodque
1614 1671 1735 1724 per-

1811 496 2044 549 vinculis
2077 496 2215 549 meis
2249 498 2413 563 (Phil.
2446 504 2504 563 1),
2530 513 2695 566 porro
2723 494 2792 547 ad
2828 495 3185 547 Colossenses
3210 496 3412 565 princi-
3488 527 3499 535 -

1812 585 1968 656 pium
2025 585 2204 637 simile
2256 588 2384 655 (σοι.
2421 588 2497 651 l):
2527 604 2550 635 «
2599 584 2806 637 Paulus
2862 584 3145 653 apostolus
3204 584 3412 637 Christi

1813 675 1943 726 Jesu
1970 691 2071 744 per
2098 676 2442 727 voluntatem
2473 674 2573 727 Dei
2620 680 2675 725 et
2704 672 3031 726 Timotheus
3078 672 3271 730 frater.
3302 694 3327 723 »
3358 678 3415 726 et

1812 762 1871 815 in
1901 763 2263 833 sequentibus
2296 782 2306 815 :
2348 782 2373 813 «
2406 764 2564 832 cujus
2593 763 2771 815 factus
2801 779 2925 813 sum
2947 778 3048 830 ego
3080 762 3287 814 Paulus
3314 762 3415 815 mi-

1815 852 2012 917 nister,
2047 853 2142 922 qui
2173 869 2321 906 nunc
2350 853 2567 922 gaudeo
2611 851 2667 904 in
2720 849 3070 922 passionibus
3108 868 3209 920 pro
3238 850 3408 915 vobis,

1816 948 1873 995 et
1903 942 2180 1012 adimpleo
2195 958 2261 994 ea
2284 959 2404 1011 qua:
2425 942 2630 994 desunt
2645 940 2972 1011 passionum
2991 940 3199 993 Christi
3223 940 3280 993 in
3299 957 3416 994 car-

1815 1048 1885 1083 ne
1916 1048 2059 1095 mea,
2090 1047 2191 1102 pro
2214 1048 2444 1102 corpore
2466 1032 2604 1099 ejus,
2627 1030 2878 1099 quodest
2908 1029 3182 1095 Ecclesia;
3221 1049 3246 1081 »
3280 1036 3337 1082 et
3356 1030 3413 1083 in

1816 1122 1925 1173 fine
1958 1140 1968 1173 :
2009 1144 2031 1169 ς(
2067 1120 2340 1173 Salutatio
2362 1136 2487 1172 mea
2517 1136 2685 1172 manu
2714 1118 2890 1181 Pauli,
2922 1135 3199 1171 memores
3237 1125 3414 1172 estote

1814 1209 2163 1263 vinculorum
2191 1226 2464 1261 meorum.
2502 1229 2526 1259 »
2561 1210 2678 1261 Hoc
2732 1208 2874 1271 ideo,
2922 1214 2985 1260 ut
3033 1208 3277 1261 sciamus
3314 1208 3416 1261 has

1817 1316 2036 1369 quoque
2066 1300 2341 1370 Epistolas
2372 1299 2440 1350 de
2470 1314 2691 1350 carcere
2723 1302 2778 1350 et
2809 1297 2955 1349 inter
2994 1296 3217 1350 vincula
3244 1297 3414 1350 fuisse

1816 1389 2071 1442 dictatas.
2109 1388 2249 1442 Illud
2280 1394 2469 1461 autem
2502 1387 2723 1457 proprie
2756 1385 2921 1438 habet
2937 1386 3005 1438 ad
3040 1386 3411 1453 Colossenses,

1820 1478 1967 1547 quod
1998 1477 2145 1531 idem
2162 1477 2457 1532 Onesimus
2489 1476 2585 1546 qui
2616 1492 2763 1528 nunc
2797 1475 3112 1528 Philemoni
3140 1492 3419 1529 commen-

1818 1567 2002 1629 datur,
2040 1567 2209 1619 etiam
2241 1567 2487 1636 perlator
2517 1565 2769 1634 ejusdem
2797 1563 3071 1616 sermonis
3101 1564 3224 1616 fuit.
3257 1564 3419 1617 Deni-

1819 1672 1926 1725 que
1958 1657 2055 1721 ait,
2095 1680 2117 1703 α
2153 1672 2274 1725 quae
2304 1656 2450 1708 circa
2471 1671 2559 1706 me
2591 1660 2742 1713 sunt,
2777 1654 2965 1706 omnia
2998 1653 3148 1705 vobis
3182 1660 3313 1705 nota
3336 1652 3418 1705 fa-

171 1741 341 1811 spicere
360 1746 458 1792 est.
498 1741 549 1793 Ν
554 1740 667 1793 ullo
689 1758 818 1793 vero
841 1741 898 1794 in
920 1742 1039 1795 loco
1062 1742 1308 1796 vinctum
1328 1742 1385 1797 in
1410 1744 1732 1813 praefatione
1752 1741 1798 1800 B
1817 1745 1925 1798 ciet
1951 1744 2221 1815 Tychicus
2250 1744 2609 1798 charissimus
2636 1743 2826 1807 frater,
2859 1748 2916 1795 et
2945 1742 3123 1795 ﬁdelis
3164 1741 3421 1794 minister

171 1847 270 1882 cum
287 1828 507 1881 nomine
530 1846 632 1882 suo
649 1830 837 1900 posuit
858 1831 1135 1900 inquiens,
1171 1852 1195 1881 «
1220 1833 1427 1885 Paulus
1448 1833 1681 1899 vinctus,
1703 1852 1729 1884 »

168 1921 248 1972 hoc
264 1935 377 1970 vero
397 1918 453 1970 in
482 1918 608 1971 loco
631 1936 813 1989 neque
854 1937 1074 1973 servum
1116 1938 1296 1990 neque
1316 1923 1645 1991 Apostolum
1675 1940 1733 1975 se

166 2008 429 2061 dixit.sicut
442 2014 571 2060 erat
593 2009 645 2060 ei
667 2009 1013 2062 consuetudo
1030 2009 1427 2066 scribendi.sed
1448 2011 1516 2063 de
1529 2012 1735 2081 specia-

166 2098 278 2151 libus
297 2096 536 2165 negotiis
557 2097 838 2150 scribebat
859 2099 928 2151 ad
950 2115 1098 2161 eum,
1126 2106 1181 2151 et
1196 2099 1263 2152 de
1283 2099 1391 2152 illis
1414 2116 1534 2169 quze
1556 2100 1611 2152 in
1636 2117 1735 2170 po-

164 2187 417 2241 testatibus
433 2186 619 2257 ipsius
634 2187 977 2240 Philemonis
991 2188 1169 2257 posita
1182 2190 1485 2241 erant.Hoc
1497 2188 1600 2242 sibi
1624 2207 1736 2242 ma-

163 2278 228 2345 gis
247 2278 413 2332 dicere
431 2278 816 2341 arbitrans,ut
832 2294 943 2329 non
956 2278 1287 2330 auctoritate
1302 2278 1620 2348 Apostolica
1643 2278 1736 2331 ab-

165 2368 569 2439 usus,imperare
592 2367 643 2419 ei
668 2383 733 2419 ex
754 2366 854 2419 tali
876 2366 1311 2437 praesumptione
1330 2367 1735 2430 videretur,sed

166 2456 270 2509 illud
290 2457 454 2527 magis
475 2456 630 2528 quod
652 2455 972 2527 ponendum
998 2472 1117 2508 esse
1128 2456 1365 2519 censuit,
1391 2456 1538 2525 quod
1561 2462 1617 2509 et
1628 2457 1736 2509 val-

164 2546 216 2597 de
250 2547 468 2600 suadere
514 2552 756 2617 poterat.
792 2545 1119 2597 Philomene
1145 2545 1426 2613 cogitante
1459 2562 1570 2599 non
1612 2563 1733 2599 ma-

161 2651 300 2703 gnum
319 2654 433 2689 esse
450 2642 577 2689 tam
600 2634 867 2688 vilissima
888 2632 1135 2704 praebere
1158 2634 1207 2686 ei
1229 2634 1467 2703 viro,qui
1481 2651 1581 2705 pro
1603 2635 1736 2688 alio-

163 2739 260 2777 rum
277 2726 442 2778 salute
464 2723 719 2777 habetur
738 2723 798 2776 in
818 2723 1052 2776 vinculis
1074 2739 1199 2776 cum
1221 2722 1483 2777 etliceret
1498 2724 1547 2776 ei
1578 2724 1624 2776 si
1646 2741 1735 2777 vo-

164 2813 325 2867 luisset
340 2815 443 2867 ista
460 2813 704 2867 minime
724 2813 860 2883 pati,
876 2813 1025 2865 sicut
1042 2812 1160 2883 ipse
1182 2812 1423 2881 quodam
1443 2812 1501 2865 in
1520 2813 1638 2865 loco
1652 2813 1733 2866 di-

167 2902 481 2971 εἱὶζΙσογκιδ)ᾳ
497 2919 664 2956 «nam
686 2919 813 2955 cum
835 2919 1015 2955 essem
1028 2901 1172 2954 liber
1190 2919 1254 2955 ex
1272 2900 1528 2955 omnibus
1550 2902 1731 2955 homi-

1816 1840 1873 1887 et
1900 1851 2197 1887 conservus
2226 1834 2283 1887 in
2322 1833 2578 1898 Domino,
2613 1850 2779 1903 quem
2810 1832 2931 1884 misi
2965 1832 3035 1883 ad
3065 1849 3159 1883 vos
3190 1831 3261 1883 ad
3292 1831 3414 1895 hoc,

1816 1929 1881 1976 ut
1910 1928 2209 1992 cognoscat
2233 1940 2354 1992 quae
2387 1922 2533 1974 circa
2561 1939 2657 1974 vos
2687 1926 2837 1984 sunt,
2872 1927 2928 1973 et
2957 1921 3276 1973 consoletur
3296 1936 3419 1972 cor-

1821 2013 1894 2064 da
1919 2018 2104 2065 vestra
2133 2029 2260 2064 cum
2285 2012 2549 2065 Onesimo
2580 2010 2910 2062 charissnno
2942 2015 2999 2061 et
3044 2009 3196 2062 fideli
3224 2008 3415 2071 fratre,

1819 2101 1915 2171 qui
1946 2109 2031 2154 est
2062 2119 2127 2154 ex
2178 2100 2352 2154 vobis.
2389 2119 2415 2153 ι
2450 2100 2507 2153 Si
2538 2107 2728 2152 autem
2788 2098 3101 2163 Philemon,
3134 2097 3205 2150 ad
3254 2114 3421 2166 quem

1819 2190 1933 2243 haec
1968 2191 2216 2261 Epistola
2243 2190 2524 2251 scribitur,
2554 2188 2803 2241 Onesimi
2853 2188 3113 2239 dominus
3163 2192 3266 2250 est,
3309 2186 3420 2238 imo

1818 2279 1994 2332 frater
2022 2296 2142 2331 esse
2175 2279 2343 2347 coepit
2372 2278 2430 2331 in
2459 2278 2697 2331 Domino
2725 2295 2736 2342 ;
2772 2283 2829 2328 et
2852 2275 2921 2327 ad
2952 2276 3309 2329 Colossenses
3337 2290 3421 2326 re-

1817 2368 2012 2431 fertur,
2050 2368 2198 2437 quod
2231 2368 2529 2421 Onesimus
2559 2383 2621 2418 ex
2655 2366 2734 2418 eis
2779 2364 2871 2427 sit,
2911 2365 3053 2417 ratio
3085 2380 3186 2417 nos
3218 2364 3340 2434 ipsa
3364 2369 3421 2416 et

1819 2458 1955 2509 ordo
1986 2457 2213 2510 deducit
2241 2457 2389 2526 quod
2440 2464 2495 2508 et
2535 2455 2826 2508 Philemon
2876 2453 3220 2507 Colossensis
3247 2452 3338 2515 sit,
3364 2458 3421 2505 et

1819 2563 1883 2599 eo
1914 2552 2167 2617 tempore
2194 2561 2549 2599 communem
2580 2545 2648 2597 ad
2680 2559 2905 2595 omnem
2945 2542 3245 2596 Ecclesium
3277 2541 3421 2594 One-

1817 2637 1994 2689 simus
2031 2635 2337 2705 Epistolam
2370 2634 2581 2698 tulerit,
2619 2648 2727 2703 quo
2761 2632 3004 2702 privatas
3042 2638 3099 2683 et
3133 2631 3218 2683 sui
3265 2646 3419 2684 com-

1818 2724 2191 2778 mendatrices
2212 2724 2281 2777 ad
2312 2724 2602 2777 dominum
2634 2723 2851 2775 litteras
2878 2725 3211 2789 sumpserat.
3246 2719 3345 2773 Est
3365 2726 3422 2773 et

1815 2814 1968 2867 aliud
1998 2814 2285 2877 indicium,
2317 2813 2467 2884 quod
2500 2812 2558 2865 in
2590 2812 2695 2865 hac
2725 2812 2921 2864 eadem
2954 2809 3201 2880 Epistola
3229 2814 3284 2861 et
3322 2810 3423 2863 Ar-

1815 2903 2050 2974 chippus
2078 2904 2424 2965 nominatur,
2456 2900 2545 2953 cui
2578 2901 2667 2953 hic
2705 2917 2831 2955 cum
2855 2899 3181 2952 Philemone
3223 2898 3420 2951 scribi-

162 2991 310 3056 nibus,
332 3010 416 3046 me
430 2992 543 3047 feci
561 3009 783 3045 servum
803 2998 865 3045 ut
892 2992 1082 3062 plures
1120 2991 1484 3045 lucrifaciam.
1504 3011 1526 3040 ι
1555 3010 1579 3039 ‹‹
1599 2992 1731 3044 Vin-
1768 3061 1777 3062 ί
1814 2998 1909 3045 tur
1936 3011 1947 3044 ε
1990 3012 2011 3042 ι
2048 2991 2246 3057 Dicite,
2270 2991 2472 3061 inquit,
2490 2989 2779 3061 Archippo
2805 3007 2816 3040 :
2853 2988 2992 3041 Vide
3023 2987 3415 3052 ministerium,

159 3081 507 3151 ctus,inquit,J
516 3098 615 3134 esu
630 3061 956 3145 Christi,nin
973 3080 1507 3151 nullaEpistolahoc
1520 3097 1727 3149 cogno-
1750 3061 1792 3119 Ο
1814 3081 1965 3151 quod
1996 3081 2260 3151 accepisti
2291 3081 2349 3132 in
2381 3079 2641 3141 Domino,
2675 3084 2738 3132 ut
2765 3078 2901 3131 illud
2923 3077 3175 3147 impleas.
3203 3096 3229 3127 »
3262 3076 3421 3139 Quod

160 3169 279 3223 mine
292 3188 417 3224 usus
428 3177 542 3233 est,
568 3170 700 3223 licet
716 3170 774 3222 in
792 3186 1023 3239 corpore
1047 3170 1443 3240 Epistolarum,
1467 3170 1535 3222 ad
1556 3171 1729 3240 Ephe-
1810 3176 1897 3223 est
1926 3170 2309 3223 ministerium
2343 3169 2491 3238 quod
2522 3168 2840 3238 Archippus
2868 3166 3081 3236 accepit
3098 3183 3130 3218 a
3146 3164 3379 3219 Domino
3400 3165 3423 3216 ?

160 3259 246 3310 sius
258 3260 577 3313 videlicetet
597 3259 985 3329 Philippenses
1007 3265 1063 3311 et
1076 3259 1564 3312 Colossensesesse
1583 3276 1641 3312 se
1670 3260 1727 3311 in
1809 3260 1893 3312 Ad
1924 3260 2316 3312 Philemonem
2348 3258 2593 3326 legimus
2627 3276 2651 3305 ‹‹
2690 3256 3037 3325 etArchippo
3056 3253 3421 3308 commilitoni

159 3346 356 3402 vinculis
371 3366 474 3419 pro
488 3348 842 3401 confessione
855 3353 1111 3402 testetur.
1138 3348 1367 3417 Majoris
1383 3356 1572 3402 autem
1590 3349 1724 3401 mihi

159 3437 343 3490 videtur
353 3438 923 3510 supercilii,vinctum
940 3437 1283 3491 JesuChristi
1298 3438 1552 3491 sedicere
1566 3455 1733 3508 quam

160 3524 476 3595 Apostolum.
497 3526 906 3580 Gloriabantur
925 3526 1129 3596 quippe
1141 3526 1398 3597 apostoli,
1415 3528 1561 3597 quod
1584 3527 1736 3597 digni

162 3616 351 3669 fuerant
371 3634 473 3687 pro
512 3616 743 3669 nomine
762 3616 894 3669 Jesu
930 3615 1138 3668 Christi
1157 3616 1553 3669 contumeliam
1584 3617 1735 3687 pati;

159 3704 235 3756 sed
255 3706 567 3759 necessaria
587 3705 893 3758 auctoritas
914 3704 1285 3760 vinculorum.
1305 3705 1625 3774 Rogaturus
1642 3722 1740 3776 pro

159 3792 409 3862 Onesimo,
452 3794 592 3848 talis
622 3810 822 3863 rogare
853 3792 1169 3863 debuit,qui
1216 3799 1407 3864 posset
1436 3794 1740 3864 impetrare

159 3883 277 3951 quod
298 3890 581 3959 posceret.
613 3883 765 3936 Felix
789 3883 1059 3936 nimirum
1095 3882 1189 3952 qui
1213 3899 1326 3935 non
1354 3883 1411 3936 in
1443 3882 1737 3953 sapientia,

155 3972 312 4025 nonin
333 3973 690 4033 divitiis,non
704 3972 763 4025 in
781 3972 1100 4041 eloquentia
1124 3978 1179 4025 et
1197 3972 1450 4041 potentia
1465 3972 1736 4039 szeculari,

156 4060 230 4111 sed
242 4061 292 4113 in
307 4062 519 4115 Christi
537 4060 894 4131 passionibus
907 4059 1338 4130 gloriatur.Non
1358 4061 1539 4113 omnis
1550 4066 1738 4113 autem

154 4149 231 4217 qui
248 4150 458 4204 vinctus
495 4157 601 4215 est,
641 4150 856 4203 vinctus
892 4154 976 4202 est
1008 4149 1244 4202 Christi:
1286 4150 1381 4201 sed
1425 4149 1740 4219 quicunque

154 4254 235 4305 pro
252 4240 454 4294 Christi
480 4239 709 4293 nomine
731 4244 786 4293 et
819 4256 919 4309 pro
943 4239 1065 4308 ejus
1100 4238 1444 4291 confessione
1476 4238 1736 4304 vincitur,

1818 3355 2008 3402 nostro
2043 3355 2099 3401 et
2128 3348 2384 3401 Ecclesiae
2410 3364 2532 3417 quae
2582 3346 2641 3398 in
2680 3346 2845 3398 domo
2874 3351 2974 3398 tua
3019 3350 3122 3408 est,
3161 3362 3183 3392 ι
3219 3360 3284 3396 ex
3312 3360 3423 3413 quo

1821 3442 1956 3506 puto
1974 3442 2073 3489 aut
2088 3435 2409 3505 episc0pum
2423 3450 2551 3486 eum
2580 3434 2754 3486 fuisse
2776 3432 3030 3485 Ecclesiae
3056 3431 3419 3493 Colossensis,

1822 3527 1910 3579 cui
1940 3526 2277 3578 admonetur
2317 3523 2564 3576 studiose
2603 3522 3011 3590 diligenterque
3039 3536 3294 3589 praaesse,
3328 3526 3427 3574 aut

1822 3613 2105 3684 Evangelii
2139 3613 2581 3683 praedicatorem.
2614 3612 2728 3663 Aut
2774 3610 2819 3662 si
2867 3609 2946 3661 ita
2990 3625 3102 3661 non
3150 3614 3252 3671 est,
3286 3608 3424 3662 illud

1824 3703 1961 3755 mihi
1993 3700 2051 3755 in
2080 3700 2507 3772 praesentiarum
2531 3698 2756 3763 sufficit,
2792 3697 2939 3767 quod
2968 3702 3024 3749 et
3056 3696 3345 3749 Philemon
3366 3703 3425 3749 et

1824 3792 2141 3862 Archippus
2173 3796 2229 3842 et
2249 3789 2547 3844 Onesimus
2579 3788 2695 3857 ipse
2728 3786 2822 3857 qui
2845 3786 3061 3838 litteras
3074 3784 3418 3855 praeferebat,

1824 3880 2034 3934 fuerint
2062 3880 2420 3932 Colossenses
2453 3883 2509 3930 et
2545 3876 2741 3929 eodem
2786 3881 3041 3943 tempore
3070 3879 3330 3943 quatuor,
3363 3880 3427 3927 ut

1823 3976 1954 4023 ante
1982 3969 2242 4033 diximus,
2276 3967 2535 4037 Epistola:
2581 3965 2799 4034 scriptae
2846 3970 2996 4016 sunt.
3030 3964 3115 4016 Ad
3158 3963 3427 4033 Ephesios

1822 4076 1953 4111 vero
1984 4059 2134 4111 illam
2168 4057 2237 4110 ob
2266 4073 2513 4121 causam,
2547 4054 2695 4125 quod
2728 4070 2827 4123 pro
2860 4053 3082 4106 Christo
3112 4058 3169 4105 et
3204 4052 3426 4106 hicvin-

1822 4153 1945 4200 tum
1972 4164 2090 4200 esse
2118 4165 2175 4199 se.
2196 4147 2361 4211 dicat,
2387 4152 2443 4198 et
2465 4145 2657 4197 eadem
2684 4159 2806 4213 qua:
2837 4143 2907 4195 ad
2938 4143 3294 4196 Colossenses
3311 4143 3427 4211 jus-

1825 4242 1994 4299 serat,
2028 4236 2085 4288 in
2116 4236 2287 4304 hujus
2319 4252 2540 4305 quoque
2590 4232 2849 4303 Epistola:
2892 4234 3002 4285 fine
3026 4230 3330 4301 prmeipiat,
3364 4235 3427 4283 ut

155 4325 229 4379 ille
248 4345 367 4381 vere
389 4330 616 4382 vinctus
636 4328 845 4381 dicitur
863 4329 890 4381 J
897 4345 993 4380 esu
1009 4327 1235 4391 Christi,
1272 4332 1327 4379 et
1346 4327 1575 4395 sanguis
1595 4328 1734 4380 eil'u-
1753 4327 1801 4384 D
1820 4342 2019 4378 uxores
2050 4325 2422 4394 subjiciuntur
2450 4323 2602 4385 viris,
2641 4330 2698 4375 et
2724 4321 2827 4373 viri
2856 4337 3055 4373 uxores
3076 4314 3330 4387 diligant,
3364 4324 3427 4371 ut

154 4431 232 4467 sus
249 4416 302 4469 in
313 4426 541 4472 tantum
562 4423 868 4487 martyrem
890 4415 1144 4486 facit,qui
1159 4432 1258 4487 pro
1278 4415 1488 4469 Christi
1510 4416 1738 4469 nomine

152 4501 397 4558 funditur.
422 4505 636 4560 Scribit
665 4505 840 4575 igitur
868 4506 936 4558 ad
974 4505 1362 4559 Philemonem
1394 4505 1587 4558 Romae
1618 4505 1737 4560 vin-

155 4599 255 4645 ctus
282 4594 337 4647 in
365 4612 613 4661 carcere,
632 4612 741 4665 quo
770 4600 1023 4664 tempore
1056 4594 1196 4647 mihi
1223 4594 1486 4646 videntur
1514 4594 1583 4647 ad
1608 4594 1738 4647 Phi-

158 4677 427 4750 lippenses,
462 4683 842 4748 Colossenses,
861 4689 917 4736 et
936 4682 1202 4753 Ephesios
1221 4682 1480 4753 Epistola:
1511 4700 1631 4735 esse
1653 4683 1737 4735 (li-

157 4776 309 4824 ctatae.
340 4773 425 4825 Ad
458 4772 847 4842 Philippenses
878 4772 977 4825 illa
1010 4789 1075 4824 ex
1101 4787 1289 4837 causa,
1313 4772 1557 4842 primum
1591 4773 1739 4841 quod

156 4873 260 4912 cum
287 4861 403 4914 solo
433 4862 732 4915 Timotheo
758 4860 969 4925 scribit,
1004 4860 1152 4930 quod
1192 4867 1249 4913 et
1276 4860 1334 4912 in
1364 4861 1467 4913 hac
1496 4860 1742 4930 Epistola

157 4945 282 5000 facit.
315 4950 549 5019 Dehinc,
585 4950 731 5019 quod
762 4950 985 5002 vincula
1029 4966 1133 5002 sua
1176 4949 1472 5001 manifesta
1500 4949 1637 5001 dicit
1664 4948 1742 5001 fa-

158 5042 229 5086 cta
255 5053 348 5106 pro
381 5039 608 5092 Christo
639 5038 695 5091 in
743 5038 895 5091 omni
929 5039 1208 5108 prmtorio.
1242 5038 1387 5100 Quid
1436 5038 1510 5091 sit
1548 5043 1738 5091 autem

160 5127 455 5189 praetorium
485 5128 542 5180 in
564 5127 744 5197 ipsius
773 5127 1034 5198 Epistolre
1065 5128 1175 5179 ﬁne
1207 5127 1487 5195 significat
1522 5145 1533 5178 :
1574 5146 1598 5176 «
1636 5128 1737 5180 Sa-

162 5210 321 5266 lutant
346 5232 446 5268 vos
468 5232 662 5269 omnes
684 5216 884 5281 sancti,
910 5216 1150 5270 maxime
1182 5200 1373 5269 autem
1402 5216 1495 5285 qui
1529 5216 1596 5268 de
1628 5216 1739 5269 Cae-

304 5304 469 5357 domo
499 5311 633 5358 sunt
662 5306 883 5373 (Philip.
918 5310 985 5371 1v)
1015 5324 1027 5367 ;
1065 5324 1087 5355 ι
1122 5323 1155 5358 a
1186 5305 1405 5358 Caesare
1436 5305 1638 5357 missus
1679 5305 1737 5357 in

159 5403 434 5453 (arcerem,
470 5394 653 5447 notior
689 5393 915 5447 familiae
969 5395 1090 5463 ejus
1133 5394 1333 5459 factus,
1367 5394 1739 5464 persecutoris

160 5476 363 5533 domum
396 5481 679 5537 Christum
708 5483 839 5537 fecit
868 5483 1416 5537 Ecclesiam.Deinde
1434 5483 1546 5536 ait:
1572 5483 1739 5546 ηρυί-

164 5565 274 5619 dam
301 5577 489 5623 autem
517 5589 581 5626 ex
639 5553 995 5627 contentiohe
1041 5573 1330 5627 Christum
1378 5573 1732 5637 annuntiant,

1822 4414 1921 4467 filii
1950 4413 2215 4466 obediant
2244 4412 2590 4483 parentibus,
2613 4417 2677 4463 ut
2698 4416 2959 4480 parentes
2982 4425 3094 4461 non
3125 4413 3425 4476 provocent

1821 4504 1889 4556 ad
1922 4503 2270 4556 iracundiam
2302 4501 2445 4553 ﬁlios
2476 4516 2624 4563 suos,
2652 4504 2716 4550 ut
2734 4497 2875 4549 servi
2894 4496 3159 4548 obediant
3176 4495 3419 4548 dominis

1822 4591 2156 4655 carnalibus,
2191 4596 2253 4643 ut
2279 4589 2511 4653 domini,
2547 4586 2755 4639 relictis
2783 4585 2970 4649 minis,
3004 4600 3072 4637 ea
3098 4584 3271 4636 servis
3303 4600 3423 4653 quae

1817 4681 1972 4750 justa
2026 4686 2160 4733 sunt
2216 4677 2520 4749 praebeant,
2555 4682 2610 4729 ct
2653 4675 2721 4727 ad
2772 4680 3083 4727 extremum
3119 4673 3424 4743 Epistolam

1823 4786 1982 4823 suam
2006 4762 2110 4822 hoc
2143 4768 2250 4820 Iide
2277 4765 2573 4819 concludat
2604 4783 2613 4816 :
2654 4784 2679 4813 «
2712 4763 2858 4827 Quid
2890 4779 3077 4831 agam,
3106 4767 3305 4815 notum
3326 4778 3422 4813 vo-

1826 4858 1907 4910 bis
1937 4858 2103 4910 faciet
2130 4855 2405 4927 Tychicus
2432 4853 2793 4906 charissimus
2821 4852 2996 4904 frater
3030 4857 3088 4903 et
3116 4850 3295 4903 fidelis
3322 4850 3424 4902 mi-

1823 4947 2000 5000 nister
2024 4946 2078 4999 in
2103 4946 2341 4999 Domino
2368 4963 2379 5009 ;
2414 4960 2580 5013 quem
2617 4942 2740 4994 misi
2782 4941 2850 4994 ad
2877 4958 2973 4994 vos
3000 4940 3057 4993 in
3083 4940 3187 4992 hoc
3213 4939 3416 5008 ipsum,

1824 5043 1887 5089 ut
1914 5035 2263 5105 cognoscatis
2295 5050 2416 5104 qua)
2437 5032 2583 5085 circa
2608 5048 2697 5083 me
2728 5035 2877 5095 sunt,
2894 5036 2950 5083 et
2975 5029 3421 5082 consoleturcor-

1821 5126 1893 5179 da
1922 5130 2124 5177 vestra.
2146 5143 2168 5173 ι
2189 5123 2461 5193 Tychicus
2491 5127 2680 5174 autem
2711 5126 2795 5173 est
2824 5119 2917 5189 qui
2949 5124 3006 5171 et
3034 5116 3104 5169 ad
3134 5116 3420 5169 Colossen-

1822 5231 1909 5267 ses
1938 5231 2063 5267 cum
2078 5213 2342 5267 Onesimo
2365 5210 2627 5275 mittitur,
2649 5217 2705 5263 et
2721 5226 2785 5261 eo
2807 5214 3057 5277 tempore
3089 5202 3417 5259 Onesimum

1820 5303 2021 5356 habuit
2049 5301 2331 5365 comitem,
2367 5317 2476 5370 quo
2508 5299 2805 5353 Onesimus
2835 5298 2905 5349 ad
2934 5295 3301 5348 Philemonen
3332 5293 3419 5347 lit-

1820 5399 1971 5445 teras
2000 5389 2346 5462 prazferebat.
2387 5409 2408 5439 ι
2447 5389 2516 5442 Et
2551 5387 2879 5441 Timotheus
2925 5384 3118 5437 frater.
3155 5402 3175 5431 ι
3209 5385 3414 5450 (Αηιῡ.)

1822 5483 1890 5535 Et
1917 5482 1975 5534 in
2006 5481 2148 5533 hanc
2177 5485 2393 5549 partem
2410 5479 2567 5547 justa
2596 5476 2813 5549 ratione
2835 5473 3003 5527 debet
3028 5470 3245 5525 laudari
3276 5471 3417 5523 Pau-

1822 5572 1925 5635 lus,
1956 5568 2105 5640 quod
2130 5569 2187 5621 in
2213 5566 2435 5639 speciali
2461 5565 2706 5636 Epistola
2735 5580 2847 5618 non
2868 5562 3206 5632 dedignatur
3232 5559 3415 5613 Timo-
