3848 6164
481 256 587 313 699

1073 255 1136 311 Β.
1177 253 1454 310 MBAN!
1497 254 1731 313 MAURI
1767 250 2105 314 AROHIEP.
2146 256 2469 313 MOGUN'I‘.
2515 257 2814 313 OPERUM
2851 258 3033 314 PARS
3069 259 3172 314 ΠΙ.

3625 269 3706 324 700

481 382 679 438 theam
723 383 829 438 sibi
875 386 934 440 in
980 389 1272 450 scribendo
1307 394 1582 450 associare
1636 392 1833 459 (Ηίεν.)
1865 388 1930 442 In
1960 384 2151 445 aliisA
2169 386 2369 455 (Amb.)
2388 385 2647 440 Custodit
2666 401 2794 440 vero
2815 386 3115 460 Apostolus
3135 387 3420 445 ordinem:
3445 389 3708 448 sicutenim

367 495 384 504 ·
485 470 749 542 Epistolis
779 477 1082 535 Sosthenes
1111 489 1170 536 et
1199 485 1478 548 Silvanus,
1503 478 1788 534 interdum
1814 482 1871 530 et
1894 475 2082 530 Timo-

485 560 650 616 theus
679 567 1004 636 assumitur,
1036 571 1094 625 in
1123 573 1228 626 hac
1247 574 1446 644 [llier.,
1481 571 1538 624 in
1570 567 1831 642 quatuor]
1861 571 2084 619 tantum

483 650 832 716 Timotheus.
849 657 980 726 quia
996 661 1082 714 vel
1110 663 1307 716 eodem
1335 663 1394 716 in
1423 657 1795 730 tempore,vel
1812 660 2085 726 praesente

485 738 778 797 Timotheo
797 747 1142 818 caeterisque,
1165 751 1388 806 dictatas
1407 750 1549 816 sint;
1585 746 1734 819 quod
1755 761 1859 816 ego
1877 743 2088 816 duplici

486 845 552 881 ex
582 846 754 886 causa
767 832 976 889 factum
995 845 1150 908 puto,
1176 845 1243 895 ut
1261 845 1319 894 et
1351 838 1601 910 Epistola
1619 837 1890 906 majorem
1920 833 2088 887 habe-

487 924 576 972 ret
594 922 1137 997 auctoritatemque:
1156 945 1270 983 non
1289 929 1359 982 ab
1371 945 1486 982 uno
1508 924 1872 988 scribebatur,
1889 929 1946 977 et
1955 923 2088 994 quia

487 1007 644 1061 nulla
663 1013 948 1068 aemulatio
967 1022 1091 1070 erat
1107 1017 1257 1072 inter
1277 1017 1573 1088 Apostolos
1585 1015 1778 1085 siquid
1791 1014 1934 1067 forte
1947 1014 2087 1066 Pau-

487 1095 542 1148 lo
565 1097 814 1154 dictante
835 1103 931 1156 alii
954 1106 1186 1175 spiritus
1201 1106 1589 1176 suggessisset,
1604 1103 1815 1173 absque
1849 1103 1962 1155 ulla
1988 1103 2085 1155 tri-

489 1185 646 1240 stitia
667 1188 908 1245 addebat
926 1193 1133 1248 Paulus
1154 1196 1211 1249 in
1231 1195 1435 1249 litteris
1447 1211 1586 1267 quas
1603 1192 1868 1246 dictabat.
1885 1191 2089 1246 Secun-

490 1273 624 1328 dum
645 1276 702 1330 id
718 1280 868 1348 quod
889 1281 1008 1352 ipse
1029 1284 1336 1338 Corinthiis
1355 1283 1636 1354 praecepit,
1667 1287 1732 1336 ut
1753 1281 1798 1334 si
1820 1281 1929 1334 alio
1955 1296 2088 1354 pro-

488 1364 774 1433 phetante,
797 1369 892 1422 alii
912 1371 1084 1426 fuerit
1122 1374 1448 1438 revelatum,
1471 1377 1656 1426 taceat
1695 1371 1786 1427 ille
1809 1369 1905 1442 qui
1933 1369 2088 1440 prius

2168 475 2436 528 maritum
2458 481 2590 530 ante
2611 492 2840 529 uxorem
2867 475 3022 542 dixit,
3039 481 3098 530 et
3117 482 3374 552 parentes
3401 485 3524 536 ante
3545 480 3706 549 ﬁlium,

2166 563 2245 618 sic
2271 570 2399 635 post
2426 565 2684 619 dominos
2712 565 2883 618 etiam
2921 570 3256 622 caeterorum
3283 575 3604 626 memoratus
3627 578 3709 640 est,

2169 652 2264 723 qui
2293 653 2352 707 in
2379 653 2595 707 familia
2622 670 2817 708 eorum
2845 653 3039 708 haberi
3071 654 3323 728 qualibet
3344 657 3547 711 ratione
3565 660 3713 713 existi-

2169 741 2504 796 mabantur:
2536 748 2594 796 et
2620 759 2734 796 non
2762 743 2900 798 dixit
2927 743 3123 796 domui
3139 750 3272 812 tuae,
3303 744 3398 799 sed
3423 763 3448 798 α
3481 745 3712 814 Ecclesia,

2170 847 2292 900 quze
2313 831 2466 885 estin
2481 832 2647 886 domo
2665 837 2784 898 tua,
2806 851 2828 882 ι
2845 833 3148 890 ostendens
3179 833 3442 908 quoniam
3462 834 3716 890 Ecclesiam

2169 935 2291 972 esse
2310 920 2595 974 existimat
2612 920 2860 988 domum,
2895 922 2954 974 in
2975 937 3088 992 qua
3117 938 3316 978 omnes
3347 921 3527 976 fideles
3549 923 3718 979 habere

2169 1007 2468 1078 [habitare]
2486 1009 2764 1076 videntur,
2790 1015 2846 1063 et
2863 1010 2942 1064 ita
2952 1009 3084 1082 dign
3091 1027 3154 1064 os
3167 1026 3264 1064 eos
3275 1010 3610 1066 existimabat
3625 1030 3721 1068 suo-

2169 1113 2294 1150 rum
2311 1113 2430 1151 esse
2452 1099 2808 1169 scriptorum,
2825 1099 2984 1174 quasi
3008 1116 3134 1173 quae
3165 1099 3422 1154 Ecclesiae
3440 1099 3605 1154 locum
3621 1102 3722 1158 reti-

2169 1193 2387 1240 nerent.
2423 1187 2536 1241 Nec
2556 1188 2706 1240 enim
2728 1187 3153 1242 multitudinem
3165 1188 3415 1246 virorum
3445 1188 3631 1243 Paulus
3644 1191 3721 1244 Ec-

2170 1275 2399 1329 clesiam
2429 1293 2550 1330 esse
2571 1277 2786 1344 deﬁnit,
2816 1277 2914 1330 sed
2931 1278 3290 1352 propositum
3321 1277 3536 1332 illorum
3563 1279 3643 1354 qui
3656 1280 3722 1350 pie

2168 1363 2225 1415 in
2254 1363 2498 1434 idipsum
2529 1365 2884 1418 conveniunt.
2913 1367 3062 1438 «Nam
3091 1371 3152 1420 et
3179 1366 3239 1419 in
3267 1365 3590 1428 circensibus
3614 1373 3660 1420 et
3681 1367 3723 1421 in

487 1454 878 1525 prophetabat.
895 1459 982 1514 Ita
1000 1461 1119 1532 ipse
1139 1479 1361 1532 quoque
1381 1467 1719 1532 prmeeptum
1733 1475 1895 1514 suum
1921 1473 2087 1529 opere
2167 1452 2406 1506 theatris
2430 1459 2515 1507 est
2540 1454 2959 1508 multitudinem
2983 1455 3309 1529 prospicere
3327 1455 3725 1514 hominum.con-

491 1545 825 1614 complebat,
848 1555 904 1602 et
925 1555 1155 1620 propter
1171 1567 1350 1622 pauca
1371 1567 1493 1622 quae
1515 1549 1625 1604 alio
1643 1548 1938 1602 addiderat
1954 1564 2087 1616 sug-
2171 1542 2487 1606 ﬂuentium,
2522 1543 2618 1596 sed
2649 1547 2838 1597 tamen
2865 1560 2976 1597 non
3009 1551 3239 1614 poterat
3265 1543 3374 1598 dici
3405 1544 3496 1598 illa
3514 1544 3724 1598 multitu-

489 1639 723 1700 gerente
751 1641 816 1689 ut
833 1653 1014 1704 suam,
1034 1639 1114 1693 ita
1142 1640 1374 1694 alterius
1403 1656 1624 1710 quoque
1641 1638 1944 1708 Epistolam
1960 1653 2088 1710 per-
2171 1630 2242 1683 du
2274 1631 2517 1684 Ecclesia
2549 1632 2650 1684 Dei
2699 1638 2926 1703 propter
2965 1631 3185 1686 arbitrii
3218 1633 3540 1710 pravitatem
3571 1650 3725 1686 eorum

492 1720 787 1790 scribebat,
815 1742 842 1778 α
873 1726 1188 1782 Philemoni
1236 1729 1563 1784 charissimo
1611 1726 1958 1797 cooperatori
1988 1715 2272 1790 no-Bqlﬁ
2325 1721 2422 1773 illo
2470 1721 2879 1774 Confluxerunt-
2914 1721 3161 1775 EcoleSia
3210 1738 3342 1775 Vero
3395 1722 3488 1776 Dei
3523 1725 3722 1777 Vocatur.

491 1814 627 1864 atro.
647 1827 674 1862 ι
702 1815 762 1879 (Α
773 1816 904 1878 mb.)
921 1817 1322 1887 Cooperarium
1339 1824 1500 1872 vocat
1513 1834 1579 1870 ea
1602 1816 1820 1870 ratione
1841 1832 1951 1886 qua
1962 1832 2096 1884 erga
2177 1807 2396 1862 etiamsi
2414 1810 2526 1863 duo
2537 1811 2622 1862 vel
2633 1815 2978 1864 trestantum
2990 1811 3204 1864 intuitu
3219 1810 3444 1889 pietatis
3455 1810 3508 1866 in
3528 1809 3723 1884 idipsum

493 1905 814 1956 sanctorum
837 1903 1104 1975 obsequia
1130 1906 1563 1960 sollicitudinem
1590 1903 1966 1976 impendebat,
1983 1921 2095 1957 non
2176 1899 2554 1964 convenerint.
2587 1916 2654 1952 eo
2675 1900 2822 1969 quod
2851 1916 3048 1953 verum
3081 1904 3186 1965 est,
3212 1899 3362 1970 quod
3381 1916 3416 1952 3
3443 1898 3652 1954 Domino
3667 1897 3726 1954 ἀί·

493 1989 730 2045 minima
749 1992 1042 2047 conferens
1075 1995 1206 2059 illis,
1243 1994 1445 2066 quibus
1479 1993 1762 2064 Evangelii
1794 1991 1978 2046 fuerat
2006 1992 2093 2045 in-
2177 1993 2330 2041 ctum
2358 1993 2462 2052 est,
2491 2008 2517 2038 (ι
2542 1987 2637 2041 ubi
2657 1988 2870 2042 fuerint
2883 1989 2994 2042 duo
3014 1994 3117 2042 aut
3143 1994 3262 2044 tres
3291 1989 3348 2041 in
3376 1987 3586 2044 nomine
3611 2003 3724 2048 ωεο,

491 2079 690 2147 juncta
708 2082 1048 2152 praedicatio.
1067 2084 1124 2138 Si
1147 2083 1216 2137 ad
1241 2083 1626 2155 Philippenses
1645 2081 1890 2136 scribens
1919 2080 2055 2134 dicit
2077 2099 2087 2133 :
2177 2075 2289 2128 illic
2319 2093 2441 2130 sum
2465 2077 2522 2130 in
2545 2077 2730 2130 medio
2743 2093 2958 2130 eorum.
2985 2097 3014 2129 ν
3047 2077 3116 2131 Et
3147 2078 3286 2148 quia
3312 2081 3534 2140 caeteros
3550 2075 3598 2128 in
3625 2091 3727 2150 pre

499 2185 527 2220 α
552 2169 703 2224 Bene
717 2170 898 2226 facitis
913 2174 1391 2228 communicantes
1401 2172 1751 2228 tribulationi
1771 2187 1910 2225 meae
1924 2172 2088 2239 (Phil.
2174 2163 2382 2218 fatione
2414 2165 2673 2236 Epistolae
2701 2166 2941 2220 credidit
2966 2165 3077 2220 illis
3097 2167 3168 2219 ad
3170 2165 3506 2237 jungendos,
3522 2181 3622 2218 non
3636 2179 3728 2219 mo-

499 2256 590 2327 tv).
615 2279 642 2309 ι)
674 2259 1256 2316 Communicationem
1279 2279 1480 2316 vocans
1511 2262 1606 2316 illa
1626 2261 1862 2327 ratione,
1898 2276 2008 2330 qua
2035 2260 2093 2313 in
2176 2253 2361 2308 dicum
2383 2255 2434 2308 ei
2458 2255 2725 2309 auxilium
2751 2257 2820 2308 ad
2851 2272 3096 2326 praesens
3116 2255 3340 2310 confert
3367 2259 3726 2325 argumentum.

497 2345 732 2402 vinculis
753 2351 935 2420 posito
947 2368 1014 2404 ea
1029 2369 1152 2422 quae
1171 2352 1240 2405 ad
1264 2369 1398 2405 usus
1412 2351 1766 2422 quotidianos
1784 2349 2098 2404 necessaria
2178 2341 2238 2395 Si
2267 2342 2417 2396 enim
2447 2343 2576 2397 ﬁdei
2602 2344 2916 2398 communis
2943 2349 3165 2398 tantum
3199 2344 3461 2398 ﬁdUClam
3497 2339 3728 2412 Ρΐωδθδδί

501 2450 622 2488 esse
653 2437 704 2490 ei
733 2438 1085 2505 videbantur,
1118 2439 1176 2492 id
1212 2439 1487 2493 miserint.
1525 2441 1722 2506 (Ηνέν.)
1753 2440 1878 2494 Non
1927 2437 2100 2491 habe-
2182 2431 2311 2496 illis,
2345 2437 2410 2485 ut
2437 2438 2490 2486 et
2511 2434 2996 2503 conjungerentur
3011 2433 3126 2486 suis
3148 2433 3414 2496 dominis,
3429 2433 3625 2502 justum
3639 2434 3731 2481 erat

498 2527 594 2575 tur
621 2523 678 2577 in
707 2525 900 2580 Graeco
921 2522 1272 2600 ἠγαπημένῳ,
1297 2529 1444 2598 quod
1468 2531 1696 2582 dilectus
1726 2528 1952 2592 dicitur,
1979 2527 2096 2590 sed,
2183 2525 2241 2573 et
2261 2519 2587 2574 Onesimum
2613 2521 2682 2574 de
2709 2527 2909 2579 caetero
2937 2521 3244 2575 affectuose
3289 2521 3491 2582 videre,
3523 2518 3605 2590 qui
3629 2532 3728 2588 pro-

501 2605 767 2683 ἀγαπητῷ
797 2613 852 2667 id
883 2620 968 2668 est
1009 2617 1308 2683 dilz‘gz'bili;
1341 2617 1492 2670 inter
1532 2615 1797 2670 dilectum
1828 2623 2017 2669 autem
2045 2619 2103 2668 et
2181 2609 2349 2679 positi
2380 2610 2466 2663 sui
2494 2611 2906 2678 communione,
2929 2611 3078 2665 idem
3108 2628 3170 2664 se
3201 2609 3600 2682 exsequendum
3619 2605 3729 2660 solii-

497 2697 828 2769 diligibilem
845 2703 1373 2774 hocinterest,quod
1389 2705 1623 2758 dilectus
1635 2705 1902 2776 appellari
1919 2709 2102 2778 potest
2181 2698 2488 2752 citudinem
2509 2707 2848 2770 susceperat.
2867 2700 3070 2771 (Hier.)
3084 2700 3250 2766 Quod
3271 2706 3457 2754 autem
3477 2697 3565 2762 ait,
3589 2718 3610 2748 (ί
3628 2711 3728 2766 gra-

499 2791 557 2840 et
576 2787 669 2840 ille
689 2789 783 2859 qui
813 2790 1169 2846 dilectionem
1185 2809 1299 2846 non
1314 2797 1580 2857 meretur,
1597 2791 1885 2862 diligibilis
1908 2809 2034 2845 vero
2049 2792 2098 2846 is
2181 2787 2258 2840 tia
2289 2787 2445 2842 vobis
2475 2794 2532 2842 et
2555 2805 2661 2860 pax
2686 2805 2720 2841 a
2747 2789 2864 2843 Deo
2886 2789 3054 2843 Patre
3085 2796 3284 2844 nostro
3315 2795 3371 2843 et
3396 2787 3614 2844 Domino
3629 2785 3728 2838 les“

501 2881 724 2930 tantum
747 2879 843 2948 qui
865 2879 1064 2933 merito
1088 2879 1360 2950 diligitur.
1384 2881 1638 2951 Denique
1655 2886 1712 2935 et
1729 2880 1984 2934 inimicos
2005 2897 2100 2933 no-
2183 2877 2426 2942 Christo,
2448 2897 2468 2927 ι
2492 2877 2675 2932 adhuc
2695 2895 2727 2932 a
2747 2877 2965 2932 duobus
2986 2879 3056 2931 ad
3085 2879 3279 2950 plures
3324 2877 3588 2940 scribitur,
3619 2878 3664 2934 et,
3686 2873 3726 2924 in

499 2970 646 3019 stros
679 2966 913 3036 diligere
955 2969 1326 3046 praecipimur,
1346 2970 1442 3040 qui
1472 2975 1606 3023 sunt
1629 2969 1836 3035 dilecti,
1860 2969 1958 3024 sed
1986 2986 2101 3023 non
2130 3037 2164 3046 ﬂ
2183 2965 2445 3020 omnibus
2473 2983 2616 3038 pene
2646 2966 2908 3037 Epistolis
2944 2967 3157 3037 aequale
3207 2965 3536 3039 principium
3571 2969 3658 3024 est,
3682 2967 3728 3013 ut

501 3053 833 3124 diligibiles;
860 3037 1343 3134 amamus—quippe
1362 3037 1626 3125 illos,non
1648 3058 1781 3129 quia
1797 3059 1975 3112 amari
1989 3073 2105 3111 me-
2124 3037 2166 3094 C
2183 3055 2428 3124 gratiam
2450 3037 2530 3108 eis
2551 3061 2608 3108 et
2630 3071 2824 3134 pacem
2857 3072 2890 3109 a
2912 3057 3028 3110 Deo
3049 3037 3241 3122 Patre,
3266 3062 3324 3110 et
3352 3037 3397 3109 ad
3419 3053 3620 3108 Christo
3645 3049 3728 3104 Do-

500 3149 715 3211 rentur,
736 3145 833 3198 sed
865 3146 998 3216 quia
1025 3147 1346 3218 praecipitur
1367 3164 1462 3201 eos
1492 3148 1620 3201 odio
1651 3165 1763 3202 non
1793 3147 2097 3201 habendos.
2184 3143 2718 3213 minoimprecetur;
2743 3159 2808 3196 ex
2825 3160 2935 3214 quo
2957 3143 3278 3199 ostenditur
3289 3159 3456 3198 unam
3469 3137 3728 3210 ﬂliipatris-

501 3231 646 3286 Illud
677 3250 898 3305 quoque
921 3235 1068 3306 quod
1099 3235 1159 3289 in
1187 3252 1312 3290 xuv
1333 3236 1534 3306 psalmi
1565 3237 1727 3291 titulo
1755 3241 2102 3308 praenotatur
2185 3247 2293 3307 que
2305 3248 2426 3286 esse
2443 3239 2724 3302 naturam,
2747 3249 2876 3287 cum
2890 3233 2947 3287 id
2969 3240 3157 3304 potest
3179 3235 3331 3288 illius
3351 3237 3598 3304 praestare
3616 3224 3726 3298 quod

504 3341 533 3370 α
555 3337 658 3392 pro
684 3321 906 3389 dilecto,
933 3342 954 3374 ι
976 3323 1174 3377 melius
1213 3324 1383 3378 habet
1411 3325 1470 3378 in
1501 3324 1711 3386 Graeco,
1733 3345 1755 3376 ι
1792 3341 1893 3396 pro
1923 3324 2103 3394 diligi-
2183 3325 2360 3391 pater,
2376 3327 2433 3374 et
2452 3321 2508 3374 id
2528 3322 2736 3375 dicitur
2750 3328 2912 3400 pater
2927 3328 3196 3398 praestare
3230 3321 3378 3395 quod
3398 3320 3556 3374 ﬁlius.
3576 3313 3727 3370 Gratia

499 3408 600 3462 bili
627 3429 640 3476 ;
666 3428 693 3463 ι
723 3411 818 3481 qui
847 3413 1002 3466 locus
1024 3411 1476 3467 manifestissime
1505 3414 1574 3467 de
1598 3414 1820 3468 Christo
1841 3413 2104 3484 intelligi-
2183 3417 2370 3464 autem
2393 3417 2478 3464 est
2503 3427 2613 3482 qua
2623 3411 2778 3465 nullo
2795 3411 2996 3466 merito
3015 3428 3118 3466 nec
3129 3429 3304 3484 opere
3327 3411 3729 3498 salvantur;

502 3505 622 3552 tur:
647 3499 779 3552 licet
805 3501 955 3554 enim
975 3501 1152 3555 Judaei
1176 3502 1690 3573 Ididia[ldz’thum],
1713 3504 1818 3556 hoc
1829 3510 1914 3557 est
1941 3520 2102 3558 ama-
2185 3517 2296 3572 qua
2322 3499 2665 3553 reconciliati
2693 3501 2808 3554 Deo
2847 3516 2949 3570 per
2990 3500 3286 3555 Christum
3341 3515 3541 3561 sumus,
3573 3499 3626 3548 ut
3656 3489 3726 3544 ibi.

507 3593 626 3640 tum
658 3589 774 3655 Dei,
807 3588 1162 3644 Salomonem
1193 3590 1302 3644 dici
1329 3596 1546 3662 putent,
1574 3592 1722 3663 quod
1749 3593 1800 3645 ei
1826 3609 1860 3646 a
1887 3592 2003 3646 Deo
2031 3592 2107 3645 sit
2193 3609 2216 3638 ‹
2249 3587 2606 3644 obsecramus
2636 3605 2736 3658 pro
2757 3589 3001 3654 Christo,
3025 3587 3638 3643 reconciliaminiDeOJ
3658 3579 3727 3631 δι’·

505 3675 574 3730 ob
596 3676 932 3747 sapientiam
961 3695 1166 3733 nomen
1194 3679 1749 3751 impositum;tamen
1772 3687 1993 3736 amatus
2011 3683 2108 3734 Dei
2187 3675 2380 3747 quitur
2409 3695 2420 3729 :

504 3765 631 3835 quis
649 3765 830 3836 magis
849 3767 956 3820 dici
977 3773 1180 3838 potest,
1193 3768 1303 3822 nisi
1322 3769 1372 3822 is
1393 3770 1464 3823 de
1483 3785 1592 3840 quo
1612 3773 1670 3823 in
1685 3769 2102 3840 EvangelioPa-
2261 3785 2285 3815 ι
2320 3765 2544 3819 Gratias
2574 3781 2679 3835 ago
2709 3765 2823 3819 Deo
2843 3780 2970 3819 meo
2992 3781 3232 3837 semper,
3264 3763 3579 3820 memoriam
3595 3758 3663 3812 tui
3673 3754 3727 3807 fa-

503 3858 594 3906 ter
623 3854 908 3925 loquitur:
939 3875 961 3906 ι
998 3857 1100 3910 Hie
1114 3863 1200 3910 est
1217 3858 1390 3911 Filius
1424 3875 1583 3912 meus
1620 3859 1874 3930 dilectus,
1907 3859 1966 3912 in
1995 3875 2104 3930 quo

506 3942 648 3995 mihi
667 3930 807 3996 bene
827 3945 1162 4014 complacui,
1183 3946 1334 3999 hunc
1361 3948 1550 4000 audite
1564 3949 1779 4012 (Matth.
1797 3965 1905 4014 xm,
1923 3950 2064 4014 xvn).
2077 3967 2101 3998 »

506 4030 771 4084 Scribunt
789 4032 964 4101 igitur
981 4033 1188 4087 Paulus
1217 4041 1273 4088 et
1301 4035 1628 4088 Timotheus
1657 4036 1970 4090 Philemoni
1981 4036 2107 4090 cha-

504 4119 730 4172 rissima
759 4125 817 4173 et
842 4111 1210 4191 cooperatori,
1237 4123 1332 4192 qui
1361 4123 1487 4177 ideo
1529 4125 1891 4177 charissimus
1921 4120 2104 4178 dictus

507 4213 612 4272 est,
637 4209 785 4278 quod
811 4209 870 4262 in
899 4209 1096 4263 eodem
1127 4210 1334 4264 Christi
1367 4228 1534 4286 opere
1578 4219 1868 4279 versetur;
1912 4214 2104 4284 Appiae

506 4313 729 4368 quoque
757 4299 936 4352 sorori
964 4315 1076 4352 non
1096 4299 1324 4353 habenti
1349 4300 1406 4354 in
1433 4317 1492 4353 se
1506 4301 1657 4355 falsa
1670 4301 1880 4372 aliquid
1897 4309 1954 4356 et
1963 4304 2104 4356 ﬁctae

505 4387 916 4457 germanitatis,
955 4395 1012 4442 et
1038 4389 1318 4460 Archippo
1347 4390 1730 4456 commilitoni,
1759 4407 1925 4462 quem
1955 4392 2106 4445 arbi-

507 4481 629 4530 tror
651 4493 777 4531 cum
809 4478 984 4532 Paulo
1014 4483 1070 4532 et
1096 4478 1390 4532 Timotheo
1419 4485 1614 4533 contra
1639 4480 1987 4536 adversarios
2007 4499 2108 4552 pro

510 4565 714 4620 Christi
753 4567 982 4622 nomine
1028 4568 1385 4622 dimicantem
1417 4569 1694 4622 exstitisse
1735 4570 2020 4636 victorem,
2053 4578 2110 4625 et

2191 3874 2213 3904 ι
2248 3855 2399 3908 ciens
2411 3854 2466 3908 in
2489 3853 2836 3908 orationibus
2856 3855 3014 3920 meis,
3034 3855 3275 3910 audiens
3285 3853 3725 3909 charitatemtuam

2192 3964 2215 3994 ι
2247 3950 2305 3998 et
2333 3944 2501 3998 ﬁdem
2531 3959 2699 4014 quam
2715 3943 2886 3998 habes
2913 3943 2973 3997 in
2993 3943 3232 3998 Domino
3263 3946 3414 4013 Jesu,
3437 3947 3490 3995 et
3507 3940 3558 3992 in
3575 3947 3726 3990 omnes

2193 4055 2215 4086 ι
2250 4039 2470 4088 sanctos
2493 4035 2634 4106 ejus,
2670 4039 2734 4087 ut
2761 4033 3192 4086 communicatio
3240 4033 3371 4087 ﬁdei
3419 4037 3522 4084 tua;
3549 4023 3726 4118 evidens

2191 4144 2216 4174 «
2251 4125 2350 4176 ﬁat
2375 4123 2432 4176 in
2464 4121 2750 4193 agnitione
2779 4121 2960 4175 omnis
2987 4121 3138 4188 boni,
3172 4122 3323 4192 quod
3343 4121 3398 4174 in
3427 4116 3573 4172 nobis
3595 4117 3662 4166 est
3683 4116 3726 4160 in

2192 4230 2216 4260 ‹‹
2247 4211 2486 4266 Christo.
2510 4228 2537 4262 ››
2554 4211 2794 4279 (Ambr.)
2817 4212 2864 4263 A
2881 4209 3195 4280 gratiarum
3209 4211 3428 4265 actione
3447 4195 3726 4274 incipitscri—

2187 4300 2337 4365 bere,
2372 4315 2544 4370 agens
2567 4317 2667 4372 pro
2697 4299 2792 4353 illo
2819 4299 3032 4368 gratias
3059 4300 3194 4365 Deo,
3225 4299 3390 4354 sicuti
3420 4302 3474 4351 et
3497 4295 3549 4348 in
3576 4284 3725 4344 multis

2190 4389 2451 4463 Epistolis
2477 4389 2535 4442 id
2557 4388 2752 4442 fecisse
2773 4388 3011 4442 videtur.
3037 4389 3113 4443 Ut
3140 4394 3330 4442 autem
3361 4403 3469 4442 non
3493 4381 3726 4436 videretur

2189 4495 2336 4533 nunc
2364 4479 2836 4556 contemplatione
2868 4478 3185 4532 litterarum
3213 4478 3426 4548 gratias
3469 4484 3615 4542 agere
3634 4476 3722 4556 Pro

2190 4585 2276 4632 eo,
2312 4569 2522 4638 optime
2549 4553 2760 4638 adjicit,
2791 4586 2817 4620 ‹
2849 4583 3071 4638 semper
3097 4567 3426 4620 memoriam
3457 4561 3533 4616 tui
3558 4553 3723 4610 faciens

509 4659 809 4722 propterea
837 4672 985 4710 nunc
1012 4657 1451 4711 commilitonem
1483 4657 1612 4724 dici,
1647 4659 1796 4729 quod
1822 4659 1881 4714 in
1910 4660 2107 4714 eodem
2189 4659 2248 4712 in
2269 4657 2612 4712 orationibus
2641 4656 2798 4710 meis.
2828 4675 2854 4708 »
2889 4657 2951 4710 In
2985 4656 3334 4710 orationibus
3378 4652 3526 4718 meis,
3563 4643 3721 4720 inqvit»

509 4741 814 4796 certamine
845 4743 1100 4815 belloque
1127 4748 1491 4817 superaverit.
1517 4747 1790 4802 Scribitur
1813 4751 1983 4804 etiam
2015 4750 2110 4804 Ec—
2191 4764 2406 4802 memor
2433 4763 2558 4800 sum
2579 4745 2664 4800 tui
2688 4751 2746 4799 et
2763 4745 2976 4816 gratias
2989 4761 3088 4816 pro
3107 4750 3163 4798 te
3185 4762 3292 4814 ago
3311 4745 3450 4808 Deo;
3476 4743 3528 4792 et
3543 4741 3722 4790 causam

509 4828 691 4882 clesize
703 4846 826 4900 quis
841 4831 900 4884 in
925 4833 1090 4887 domo
1111 4837 1231 4904 ejus
1275 4842 1377 4889 est.
1411 4837 1621 4890 Verum
1640 4836 1746 4891 hoc
1762 4839 2104 4909 ambiguum,
2191 4837 2312 4910 ipsa
2335 4837 2586 4891 indicans
2604 4852 2704 4906 pro
2726 4852 2835 4905 qua
2850 4834 3064 4904 gratias
3097 4835 3215 4904 agit
3251 4835 3386 4898 Deo,
3402 4847 3466 4884 ne
3493 4825 3723 4910 videretur

509 4924 702 4972 utrum
733 4920 988 4974 Ecclesiae
1017 4939 1140 4992 quae
1161 4924 1217 4977 in
1247 4926 1692 4997 domoArchippi
1719 4927 1811 4992 sit,
1827 4943 1898 4980 an
1918 4928 1969 4980 ei
1987 4944 2108 4997 qum

508 5006 571 5062 in
599 5007 764 5062 domo
793 5009 1154 5064 Philemonis.
1199 5013 1306 5066 Sed
1345 5014 1486 5068 mihi
1515 5015 1736 5070 videtur
1762 5032 1874 5069 non
1903 5016 1972 5068 ad
2000 5017 2108 5069 Ar-

510 5097 717 5168 chippi,
749 5115 944 5152 verum
975 5099 1045 5153 ad
1073 5100 1414 5157 Philemonis
1442 5104 1796 5158 referendum
1827 5121 1948 5158 esse
1977 5120 2106 5174 per-

513 5201 728 5251 sonam,
762 5187 852 5241 cui
877 5188 1000 5259 ipsa
1027 5204 1248 5259 quoque
1279 5190 1526 5260 Epistola
1540 5194 1859 5263 deputatur.
1883 5193 2026 5246 Nam
2044 5193 2108 5246 li-

513 5277 602 5324 eet
631 5273 838 5330 Paulus
861 5282 917 5330 et
945 5278 1270 5332 Timotheus
1297 5280 1507 5352 pariter
1532 5281 1781 5335 scribant
1807 5282 1875 5334 ad
1918 5281 2106 5335 Phile-

513 5375 758 5426 monem,
784 5367 1042 5445 Appiam,
1059 5368 1402 5438 Archippum
1421 5377 1477 5422 et
1505 5370 2027 5434 Ecclesiam,tamcn
2048 5371 2107 5423 in

517 5450 880 5519 sequentibus
892 5457 1238 5526 approbatur
1247 5459 1484 5512 Paulum
1501 5459 1889 5513 tantummodo
1901 5459 1968 5511 ad
1982 5459 2108 5512 Phi-

519 5539 796 5596 lemonem
837 5542 1098 5612 scribere,
1129 5551 1186 5598 et
1211 5563 1390 5602 unum
1417 5563 1546 5600 cum
1575 5563 1686 5602 uno
1723 5548 2102 5602 sermocinari.

2189 4907 2444 4980 absolute
2473 4925 2688 4978 donans
2717 4924 2774 4977 id
2799 4924 2982 4977 dicere
3016 4943 3026 4977 :
3066 4941 3092 4975 α
3123 4922 3390 4988 Audiens,
3421 4914 3600 4992 inquit,
3619 4907 3721 4960 cha-

2189 5015 2415 5069 ritatem
2447 5020 2603 5068 tuam
2633 5019 2690 5066 et
2717 5013 2885 5066 fidem
2909 5029 3078 5086 quam
3098 5013 3269 5066 habes
3291 5011 3359 5066 ad
3379 5005 3644 5064 Dominum
3657 4994 3721 5046 Je‘

2189 5122 2312 5158 sum
2334 5105 2619 5158 Christum
2644 5122 2656 5171 ;
2691 5122 2718 5155 υ
2749 5108 2807 5156 et
2834 5103 2981 5156 unde
3010 5103 3114 5155 hoc
3139 5101 3477 5172 cognovisset
3495 5091 3717 5146 incertum

2189 5209 2311 5246 esse
2323 5193 2624 5253 videretur,
2642 5192 2686 5246 si
2700 5208 2811 5245 non
2825 5192 3034 5245 donata
3053 5191 3102 5244 ei
3144 5192 3252 5244 ista
3263 5207 3302 5244 a
3315 5186 3539 5244 Domino
3552 5175 3710 5268 θεεειξα

2188 5299 2253 5336 eo
2284 5282 2432 5353 quod
2466 5281 2709 5336 charitas
2729 5287 2785 5334 et
2815 5281 2971 5346 fides,
3005 5297 3127 5352 quae
3159 5281 3217 5334 in
3253 5277 3536 5334 Dominum
3561 5271 3644 5328 est:
3672 5272 3714 5310 m

2188 5372 2536 5443 propositum
2561 5372 2762 5424 animae
2781 5370 3037 5440 habetur,
3056 5391 3080 5423 α
3104 5377 3162 5423 et
3184 5371 3243 5422 in
3271 5383 3458 5422 omnes
3474 5361 3674 5416 sanctas,
3689 5365 3710 5400 ν

2189 5477 2254 5513 ex
2280 5461 2384 5514 hoc
2413 5477 2566 5530 ergo,
2600 5465 2656 5513 et
2680 5459 2817 5512 illud
2849 5459 3219 5530 cognoscitur.
3245 5460 3386 5513 Nam
3406 5467 3526 5522 erga
3539 5444 3712 5500 sanctos

2188 5549 2434 5604 charitas
2471 5550 2530 5602 in
2566 5547 2830 5621 operibus
2867 5549 3267 5616 demonstrata,
3309 5548 3550 5603 allectum
3583 5542 3713 5607 quem
