3848 6164
177 271 250 328 1M
500 260 1067 321 ENABRATIONUM
1101 266 1182 322 IN
1215 267 1370 323 EPP.
1410 267 1626 325 PAULI
1662 267 1801 324 LIB.
1839 267 2036 326 XXVI.
2063 300 2129 316 —-
2165 269 2247 326 IN
2284 269 2507 326 EPIUI‘.
2547 269 2646 327 AD
2683 268 2978 326 PHILEM.
3269 271 3372 328 102

132 374 136 379 ’
172 387 616 464 ergaDeumhabas
633 387 980 458 comprobat.
1000 389 1159 445 Unde
1173 396 1231 445 et
1245 393 1456 463 optime
1475 394 1686 464 adjicit,
1706 397 1758 456 Α
1776 397 1893 450 tam
1933 411 2073 461 esse,
2117 395 2253 467 quia
2284 396 2494 453 Christi
2525 401 2630 461 est,
2657 399 2721 450 ut
2769 395 3044 466 quidquid
3071 395 3202 453 boni
3234 397 3372 451 etin

173 503 193 536 ε
215 488 264 537 ut
292 477 692 534 communicatio
711 477 844 532 ﬁdei
875 484 987 534 tum
1017 480 1266 551 perfecta
1297 484 1397 536 ﬁat
1423 484 1480 538 in
1499 483 1690 552 cogni-
1774 483 2099 538 Philemone
2138 486 2420 550 laudatur,
2473 490 2532 538 et
2577 485 2647 538 de
2701 485 3083 556 apostolorum
3128 493 3375 540 sumitur

169 573 290 626 tione
311 567 472 623 omnis
514 566 792 633 bonitatis,
838 584 962 639 quae
993 569 1054 624 in
1083 569 1243 625 nobis
1267 577 1353 625 est
1380 571 1436 625 in
1454 573 1689 626 Christo
1773 573 2402 643 exemplo,indebonum
2416 573 2938 646 sitquoddeChristi
2949 573 3368 629 fonteducatur.

169 657 504 725 Jesu.o(llier.)
537 657 786 726 Haecjam
816 675 930 712 non
955 664 1020 713 ut
1039 659 1248 714 Paulus
1272 667 1330 714 et
1365 661 1690 721 Timotheus
1787 665 1823 702 ι’
1848 681 1870 712 ι
1897 662 2177 716 Gaudium
2208 663 2360 718 enim
2392 680 2663 733 magnum
2709 662 3006 717 habuimus
3031 668 3090 716 et
3118 665 3373 724 consola-

171 746 424 804 Philemoni
455 751 510 800 et
546 745 775 812 ceteris,
799 747 897 802 sed
916 755 981 802 ut
1008 750 1162 803 solus
1183 751 1391 804 Paulus
1409 751 1480 804 ad
1509 753 1690 806 solum
1777 769 1803 801 α
1833 751 2046 805 tionem
2075 753 2135 806 in
2163 752 2436 807 charitate
2465 760 2584 819 tua,
2637 751 2769 823 quia
2797 753 3009 806 viscera
3049 757 3371 808 sanctorum

169 837 486 893 Philemonem
499 835 776 906 loquitur:
799 855 823 888 (ι
839 837 1358 910 gmtias,inquiens,
1379 846 1557 910 agoet
1580 858 1693 895 me-
1777 859 1802 891 ι
1823 841 2220 910 requieverunt
2247 858 2348 913 per
2373 848 2448 904 te,
2481 842 2675 896 frater.
2705 861 2732 895 ι
2779 841 3019 910 (Anulum)
3076 841 3253 908 Juste,
3282 843 3370 896 in-

168 925 356 982 moriam
385 925 460 978 tui
487 923 695 979 faciens
722 925 783 978 in
813 926 1160 982 orationibus
1187 929 1346 982 meis.
1369 949 1394 981 ν
1417 930 1692 1001 Ambigua
1775 929 1914 999 quit,
1938 930 2204 997 delector,
2231 947 2333 1002 pro
2367 931 2570 1002 quibus
2589 947 2719 985 cum
2765 931 2944 984 multo
2981 931 3182 985 affectu
3219 947 3370 985 sem-

167 1031 264 1070 vero
279 1013 481 1075 dictum,
502 1020 694 1068 utrum
724 1015 938 1084 gratias
953 1023 1086 1085 agat
1099 1018 1215 1070 Deo
1229 1035 1584 1090 suosemper,
1619 1037 1690 1074 an
1773 1035 1874 1089 per
1927 1019 2251 1090 obsequeris
2286 1022 2514 1085 sanctis,
2548 1038 2613 1078 ex
2643 1019 2847 1090 quibus
2875 1019 3048 1074 etiam
3085 1019 3369 1074 sufﬁcien-

167 1103 436 1160 memoriam
466 1104 587 1172 ejus
605 1103 778 1157 faciat
795 1104 856 1158 in
874 1105 1222 1159 orationibus
1243 1108 1360 1160 suis
1375 1125 1615 1178 semper;
1636 1117 1693 1163 et
1773 1114 1886 1160 tem
1908 1108 1967 1161 in
1982 1109 2123 1162 meis
2154 1109 2614 1164 tribulationibus
2644 1109 3083 1163 consolationem
3123 1110 3364 1176 invenio,

166 1199 408 1261 utrumque
419 1191 652 1262 intelligi
670 1197 870 1262 potest.
892 1193 998 1257 Qui
1029 1195 1180 1247 enim
1201 1197 1454 1266 pmcipit
1480 1198 1605 1251 aliis
1633 1205 1694 1253 ut
1775 1197 2009 1250 audiens
2027 1198 2397 1252 intentionem
2420 1199 2591 1256 studii
2633 1199 2717 1252 tui
2749 1217 2761 1264 ;
2809 1199 2930 1252 haec
2946 1199 3139 1252 dicens
3167 1199 3225 1252 in
3253 1200 3370 1252 lau-

165 1283 206 1338 in
227 1280 448 1336 omnibus
459 1280 670 1350 gratias
684 1288 858 1350 agant
883 1282 1018 1346 Deo,
1039 1283 1207 1337 nullis
1231 1287 1506 1353 angustiis
1533 1295 1691 1358 pote-
1774 1285 1902 1339 dem
1932 1291 1990 1340 et
2015 1289 2458 1342 exhortationem
2485 1288 2853 1342 Philemonis:
2877 1288 3020 1342 solet
3036 1293 3226 1342 autem
3247 1289 3370 1346 laus

164 1369 458 1425 ritcoarctari
472 1375 536 1423 ut
559 1371 777 1438 gratias
805 1372 1152 1442 sempeer
1183 1372 1301 1444 ipse
1323 1390 1434 1428 non
1461 1377 1686 1431 referat.
1773 1375 2040 1444 pimteriti
2065 1379 2334 1448 temporis
2364 1378 2638 1449 explicata
2670 1377 2970 1430 alacriores
2989 1393 3083 1432 eos
3102 1377 3284 1432 facere
3313 1377 3370 1432 in

163 1459 206 1514 Si
223 1464 380 1514 autem
397 1474 492 1528 pro
511 1459 724 1513 sanctis
736 1460 1130 1514 etmelioribus
1141 1462 1454 1534 quibusque
1485 1465 1691 1520 Paulus
1773 1463 2262 1535 subsequentibus.
2289 1469 2510 1533 (Ilion).
2546 1466 2773 1520 Plenius
2819 1465 3064 1519 inculcat
3093 1471 3150 1518 et
3178 1467 3374 1521 edocet

159 1564 334 1616 semper
357 1547 544 1602 orabat
557 1550 807 1615 (sanctus
824 1555 1017 1604 autem
1030 1557 1087 1604 et
1107 1551 1398 1606 Philemon
1425 1560 1528 1617 est,
1562 1561 1690 1609 tan-
1773 1569 1948 1622 quare
1976 1555 2180 1608 dixerit
2205 1573 2216 1608 :
2245 1575 2270 1606 «
2305 1555 2530 1610 Gratias
2546 1571 2652 1625 ago
2681 1556 2798 1612 Deo
2819 1571 2963 1620 meo,
2997 1571 3220 1625 semper
3247 1571 3369 1609 me-

157 1643 244 1692 tam
266 1635 453 1690 habens
481 1637 538 1690 in
566 1654 631 1690 se
661 1637 828 1691 fidem
858 1644 916 1692 et
934 1639 1283 1706 charitatem,
1303 1649 1368 1696 ut
1386 1645 1690 1700 nonsolum
1773 1643 2013 1699 moriam
2033 1644 2116 1698 tui
2145 1644 2354 1698 faciens
2389 1645 2448 1698 in
2499 1644 2849 1698 orationibus
2881 1644 3040 1698 meis.
3069 1662 3092 1694 ›
3127 1643 3372 1714 Dignum

157 1725 308 1780 auditu
322 1726 580 1790 ei,verum
593 1727 766 1780 etiam
778 1744 946 1798 opere
957 1735 1390 1797 nosceretur),et
1399 1749 1499 1802 pro
1513 1734 1693 1789 Phile—
1708 1717 1758 1776 Β
1775 1731 1822 1786 si
1844 1732 2071 1802 quidem
2101 1739 2226 1787 erat
2263 1750 2429 1802 agere
2458 1734 2672 1803 gratias
2729 1733 2844 1787 Deo
2894 1749 3062 1804 super
3101 1733 3374 1788 cbaritate

156 1815 512 1870 monePaulum
543 1833 975 1887 semperorasse
990 1819 1256 1874 credibile
1275 1827 1388 1888 est;
1416 1839 1528 1891 quo
1550 1824 1693 1878 scili-
1774 1820 2134 1887 Philemonis,
2169 1822 2263 1892 qui
2293 1823 2580 1876 internum
2630 1822 2816 1876 cordis
2861 1822 3143 1887 allectum,
3168 1826 3226 1877 et
3252 1838 3376 1894 pro-

156 1904 348 1958 cetfides
358 1905 666 1962 etcharitas
677 1922 846 1976 quam
861 1906 1173 1962 habebatin
1190 1909 1564 1976 Christo,etin
1576 1930 1691 1966 om-
1773 1909 1960 1963 fundis
1985 1911 2158 1964 animi
2203 1917 2522 1968 sanctorum
2564 1927 2818 1965 recessus
2845 1911 3198 1982 suscipiendo
3227 1911 3376 1965 refe-

153 1995 1691 2072 ncssanctosejus,percommunicationemfideietopera-
1774 2005 1946 2053 cerat.
1973 2000 2042 2053 Et
2071 2000 2175 2053 hoc
2210 1999 2418 2054 idioma
2465 2000 2834 2070 apostolicum
2885 2006 2986 2063 est,
3049 2006 3112 2054 ut
3148 2016 3372 2070 semper

149 2081 316 2136 tionem
335 2083 634 2152 agnitionis
652 2084 713 2138 in
735 2085 889 2139 omni
919 2086 1063 2140 bono
1085 2087 1294 2141 Christi
1311 2090 1694 2148 misericordia
1775 2088 1988 2142 Viscera
2013 2095 2188 2152 vocet.
2219 2090 2409 2144 volens
2429 2089 2652 2159 plenam
2688 2089 2896 2142 mentis
2925 2089 3220 2144 ostendere
3244 2089 3373 2142 Cha-

149 2177 429 2225 servaretur.
458 2172 526 2226 Et
543 2173 617 2227 de
634 2174 911 2230 charitate
922 2176 1150 2246 quidem
1173 2193 1342 2248 quam
1375 2179 1615 2234 habebat
1633 2183 1692 2236 in
1776 2177 2021 2234 ritatem.
2059 2179 2215 2232 Unde
2235 2179 2488 2249 gaudens
2506 2194 2633 2231 cum
2653 2176 3030 2248 gaudentibus
3059 2183 3117 2230 et
3138 2193 3266 2231 cum
3286 2177 3372 2233 bis

148 2259 324 2313 Christo
335 2261 479 2326 Jesu,
503 2269 563 2316 et
590 2263 654 2316 in
678 2280 873 2318 omnes
901 2272 1122 2320 sanctos
1139 2268 1280 2337 ejus,
1315 2285 1426 2322 non
1449 2269 1691 2328 difficilis
1776 2267 1870 2336 qui
1883 2267 2274 2338 requieverant
2284 2285 2343 2321 se
2359 2268 2626 2322 refectum
2657 2283 2778 2319 esse
2810 2267 3061 2330 credens,
3087 2265 3256 2324 habet
3275 2266 3370 2319 lae—

145 2347 478 2418 interpretatio
492 2352 744 2422 est,quia
759 2359 888 2422 post
907 2354 1086 2409 Deum
1111 2355 1346 2426 diligere
1354 2357 1690 2427 jubemuret
1775 2356 1959 2409 titiam
1976 2373 2087 2410 non
2116 2357 2498 2410 transitoriam
2514 2357 2776 2419 etlevem,
2793 2361 2850 2410 et
2869 2371 2992 2426 quae
3002 2355 3232 2412 fortuito
3250 2371 3374 2425 pos-

144 2437 396 2505 proximus.
457 2441 624 2494 Nunc
662 2441 768 2494 hoc
820 2443 1090 2512 qumritur
1117 2447 1398 2515 quomodo
1431 2449 1688 2504 eamdem
1775 2445 1850 2497 sit
1877 2445 2144 2510 accidere,
2176 2446 2273 2498 sed
2322 2461 2604 2514 magnam,
2639 2451 2696 2498 et
2744 2451 2911 2515 prout
2938 2451 3062 2498 erat
3091 2444 3149 2497 in
3181 2443 3370 2497 Phile-

143 2525 272 2579 fidem
283 2527 334 2580 in
347 2528 566 2583 Christo
581 2529 612 2582 J
617 2546 720 2583 esu
741 2530 948 2584 habere
979 2533 1102 2602 quis
1125 2535 1301 2604 possit
1320 2542 1378 2590 et
1390 2536 1448 2590 in
1469 2545 1691 2593 sanctos
1774 2550 1941 2588 mone
1955 2535 2218 2598 Charitas,
2235 2534 2576 2588 eminentem
2597 2551 2608 2586 :
2625 2549 2794 2604 quam
2807 2531 3051 2602 augebat
3064 2531 3369 2586 consolatio

139 2609 550 2683 οῇιιεεάπὸιιοὶνοῦ
582 2619 1430 2694 enimsonatcharitatemquam
1448 2625 1617 2681 habes
1632 2628 1691 2682 in
1773 2640 1944 2694 super
1961 2623 2303 2678 Philemonis
2340 2622 2613 2676 charitate
2643 2622 3004 2676 descendens.
3030 2621 3196 2692 plena
3217 2637 3252 2674 a
3270 2621 3370 2675 Pa-

141 2703 334 2758 Domino
347 2707 473 2760 Jesu
495 2707 628 2761 etin
641 2724 838 2762 omnes
849 2715 1072 2764 sanctos
1083 2713 1232 2780 ejus;
1257 2719 1315 2767 et
1333 2715 1500 2769 fidem
1521 2733 1691 2787 quam
1771 2703 1860 2766 tre
1890 2712 2330 2769 misericordiam
2355 2717 2414 2765 et
2431 2712 2548 2766 Deo
2569 2711 2744 2765 totius
2767 2709 3183 2790 consolationis.

139 2791 273 2847 habes
285 2795 338 2848 in
348 2795 586 2850 Domino
601 2797 632 2850 εἰ
637 2813 737 2850 esu
747 2805 806 2852 et
817 2815 1013 2854 omnes
1024 2806 1248 2856 sanctos
1259 2803 1400 2872 ejus.
1424 2805 1510 2858 Ad
1523 2822 1691 2876 expo-
1848 2821 1874 2854 ι
1906 2802 2143 2872 Propter
2162 2801 2309 2872 quod
2341 2802 2577 2856 multam
2599 2800 2864 2858 ﬁduciam
2893 2799 3105 2853 habens
3127 2799 3187 2852 in
3209 2797 3370 2852 Chri-

138 2882 355 2937 Iitionem
390 2885 562 2956 hujus
583 2886 783 2940 locide
805 2887 990 2952 Exodo
1021 2905 1290 2944 sumanus
1326 2894 1642 2965 exemplum
1678 2914 1688 2948 :
1777 2909 1804 2941 (ί
1825 2895 1912 2944 sto
1966 2891 2099 2944 Jesu
2131 2890 2443 2961 imperandi
2492 2889 2615 2955 tibi,
2667 2889 2816 2960 quod
2861 2889 3090 2960 prodest
3140 2893 3371 2959 propter

139 2988 158 3023 ι
185 2971 406 3028 Credidit
431 2977 682 3046 populus
702 2975 818 3030 Deo
847 2983 906 3030 et
946 2977 1122 3049 Moysi
1146 2995 1305 3033 servo
1338 2983 1480 3050 ejus.
1499 2984 1688 3050 (Exod.
1719 3035 1756 3050 ﬂ
1781 2999 1806 3029 α
1836 2979 2380 3050 charitatem,magis
2408 2978 2658 3043 obsecro,
2699 2995 2824 3032 cum
2857 2979 2933 3032 sis
2957 2979 3107 3044 talis,
3141 2983 3205 3031 ut
3224 2977 3366 3031 Pau-

139 3063 221 3125 ιη)
249 3079 272 3114 ι
305 3063 606 3135 Unaatque
620 3065 817 3119 eadem
829 3066 1442 3140 credulitasinMoysen
1455 3072 1695 3127 refertur
1714 3063 1760 3096 υ
1779 3088 1806 3119 α
1839 3070 1925 3122 lus
1953 3085 2140 3134 senex,
2174 3084 2322 3122 nunc
2352 3073 2542 3122 autem
2570 3074 2628 3121 et
2660 3068 2878 3122 vinctus
2905 3069 3040 3122 Jesu
3071 3067 3299 3121 Christi.
3341 3085 3365 3118 ι

137 3149 1693 3233 etinDeum,utpopulusquicredebatinDominum,aaque
1778 3157 2012 3226 fAmbr.)
2043 3158 2296 3212 Primum
2319 3157 2579 3228 equidem
2595 3157 3234 3222 nondixit,Potestatem
3265 3156 3369 3208 ha-

133 3239 391 3296 credidisse
403 3242 761 3297 scribaturin
780 3260 1022 3298 servum.
1060 3246 1373 3301 Hocautem
1389 3251 1692 3305 nonsolum
1774 3244 1877 3299 beo
1905 3245 2393 3316 pmcipiendi,sed
2431 3264 2454 3294 ‹‹
2485 3244 2746 3299 fiduciam
2771 3263 2782 3312 ;
2811 3265 2835 3296 ι)
2871 3245 3075 3298 deinde
3091 3260 3204 3297 non
3230 3243 3372 3296 dixit

131 3325 373 3400 inMoyse,
391 3333 490 3386 sed
521 3333 584 3386 in
606 3333 871 3387 omnibus
893 3334 1101 3388 sanctis
1133 3341 1235 3400 est,
1270 3342 1335 3390 ut
1375 3339 1693 3411 quicunque
1774 3340 2004 3404 propter
2021 3335 2418 3404 apostolatum,
2438 3351 2620 3405 neque
2641 3333 2711 3387 ob
2725 3333 2878 3387 illam
2899 3333 3372 3403 dignitatem,qua

130 3417 273 3472 credit
293 3420 421 3485 Deo,
453 3422 629 3476 aliter
647 3423 770 3492 ejus
790 3423 960 3476 fidem
973 3424 1222 3494 recipere
1235 3442 1346 3480 non
1361 3433 1548 3497 queat,
1584 3430 1691 3484 nisi
1774 3424 2041 3494 pmditus
2067 3439 2189 3476 esse
2211 3423 2420 3489 videor,
2439 3423 2534 3476 sed
2554 3439 2654 3493 per
2681 3423 3016 3480 charitatem
3047 3437 3216 3492 quam
3237 3437 3372 3491 erga
3443 3453 3459 3469 ο

129 3506 284 3560 credat
299 3510 420 3563 etin
448 3515 682 3566 sanctos
697 3513 838 3581 ejus.
865 3512 1084 3566 Nonest
1101 3515 1251 3567 enim
1267 3515 1324 3568 in
1355 3516 1533 3570 Deum
1563 3535 1692 3588 per-
1773 3529 1968 3565 omnes
1997 3511 2254 3574 habebat,
2281 3517 2344 3564 ut
2372 3511 2447 3564 sit
2495 3511 2818 3580 hujusmodi
2849 3511 3072 3576 ﬁducia,
3095 3511 3182 3563 vel
3202 3525 3371 3564 causa

127 3593 239 3649 facta
253 3598 472 3654 dilectio
501 3606 562 3653 et
589 3600 749 3658 fides.
783 3617 906 3671 qua:
934 3602 994 3655 in
1017 3603 1303 3657 ministros
1334 3607 1456 3674 ejus
1479 3607 1610 3660 odio
1635 3614 1691 3661 et
1772 3600 1842 3654 ab
1884 3601 2006 3670 ipso
2036 3600 2364 3653 Philemone
2394 3599 2626 3656 tributa.
2669 3599 2827 3652 Unde
2883 3604 2941 3656 et
2969 3599 3027 3652 in
3066 3598 3290 3652 laudem
3315 3605 3371 3651 et

126 3681 412 3742 infidelitate
424 3695 721 3743 tenuatur.
745 3691 904 3753 Quod
923 3696 1114 3744 autem
1125 3691 1268 3758 dico,
1292 3694 1403 3747 tale
1430 3700 1534 3760 est,
1575 3713 1692 3749 cpe-
1773 3689 2217 3744 exhortationem
2244 3690 2366 3758 ejus
2394 3687 2604 3758 adjicit,
2639 3707 2662 3739 ι
2697 3694 2927 3758 propter
2956 3687 3106 3758 quod
3133 3686 3368 3743 multam

121 3771 184 3825 dit
206 3777 474 3847 quispiam
504 3778 568 3832 in
607 3778 956 3833 conditorem
1003 3780 1200 3847 Deum,
1225 3799 1336 3836 non
1364 3789 1548 3854 potest
1569 3803 1691 3838 cre-
1772 3779 1831 3832 in
1861 3778 2086 3833 Christo
2117 3777 2380 3836 fiduciam
2422 3775 2653 3842 habens,
2695 3796 2720 3826 ρ
2769 3781 2873 3834 etc.
2921 3776 2999 3830 Eo
3043 3776 3191 3846 quod
3219 3775 3368 3831 idem

121 3860 224 3915 dere
247 3865 348 3920 nisi
377 3869 542 3937 prius
569 3867 875 3925 crediderit
903 3869 974 3922 de
1011 3870 1219 3924 sanctis
1251 3873 1374 3941 ejus
1404 3889 1536 3926 vera
1563 3891 1684 3928 esse
1768 3869 2060 3924 Philemon
2071 3868 2185 3920 tale
2200 3866 2412 3926 habens
2435 3865 2756 3920 institutum
2771 3871 2828 3919 et
2841 3864 3369 3936 propositum,pm-

118 3966 212 4019 quae
237 3954 440 4026 scripta
472 3961 634 4010 sunt.
662 3956 806 4010 Sunt
826 3958 991 4012 hodie
1011 3975 1234 4030 quoque
1265 3961 1518 4032 plerique
1549 3963 1684 4016 sim-
1767 3960 1953 4030 cipere
1985 3973 2113 4010 eum
2136 3956 2242 4010 sibi
2269 3972 2398 4010 cum
2431 3955 2637 4009 fiducia
2667 3954 3092 4021 adhortabatur,
3126 3969 3237 4025 qua
3267 3970 3370 4007 nec

118 4039 325 4109 plicium,
358 4046 458 4115 qui
489 4045 713 4098 faciunt
757 4062 929 4116 opera
953 4047 1206 4115 justitiaa,
1242 4055 1299 4102 et
1340 4066 1449 4104 non
1478 4052 1686 4107 habent
1769 4053 1957 4119 posset
1983 4045 2284 4118 aliquando
2329 4045 2693 4116 postulationi
2744 4045 2996 4115 ejusdem
3045 4043 3206 4098 Pauli
3237 4044 3371 4097 resi-

115 4143 275 4186 eorum
301 4150 426 4204 qua;
439 4135 554 4205 ipsi
575 4142 886 4206 operantur
904 4136 1217 4192 scientiam.
1240 4139 1398 4193 Unde
1421 4141 1640 4195 addidit
1673 4160 1683 4194 :
1769 4144 1916 4192 stere
1946 4155 1958 4203 ;
1994 4137 2090 4206 qui
2119 4141 2310 4188 autem
2343 4151 2477 4205 erga
2507 4151 2700 4188 omnes
2745 4140 2968 4190 sanctos
3015 4133 3096 4188 sic
3124 4132 3372 4188 liberalis

119 4235 136 4263 α
156 4219 216 4272 Ut
238 4224 679 4278 communicatio
714 4225 843 4278 fidei
870 4230 981 4279 tua:
1002 4228 1282 4296 operatrix
1322 4229 1422 4282 fiat
1441 4229 1498 4283 in
1526 4231 1686 4300 agni-
1770 4233 1873 4290 est,
1901 4241 2193 4296 nunquam
2225 4223 2294 4276 ob
2326 4240 2571 4294 praesens
2591 4224 2878 4294 negotium
2900 4222 3143 4293 gratiam
3185 4228 3372 4293 postu-

115 4305 290 4364 tionem
319 4314 510 4366 omnis
547 4313 709 4366 boni:
739 4335 761 4362 ι
800 4315 1026 4385 quantis
1057 4316 1326 4384 gradibus
1351 4319 1752 4390 quantisqueh
1770 4316 1942 4369 latam
1963 4315 2100 4368 dare
2122 4313 2335 4385 pigebit
2367 4333 2377 4366 :
2409 4313 2599 4384 itaque
2619 4321 2779 4366 tuum
2809 4312 3158 4382 propositum
3171 4316 3228 4364 et
3245 4311 3372 4364 cha-

113 4397 417 4461 profectibus
447 4402 797 4472 apostolicus
834 4403 892 4456 in
919 4403 1120 4458 altiora
1153 4423 1338 4460 sermo
1367 4425 1426 4460 se
1464 4409 1645 4464 tendit
1671 4409 1683 4462 l
1705 4397 1750 4422 ν
1768 4405 1926 4468 ritas,
1963 4421 2084 4475 quae
2115 4419 2250 4473 erga
2278 4419 2474 4456 omnes
2505 4401 2786 4458 sufficiens
2805 4407 2909 4462 est,
2937 4400 3196 4454 fiduciam
3228 4399 3368 4452 mihi

112 4481 250 4540 habet
263 4489 553 4560 quispiam
576 4491 928 4557 charitatem,
965 4499 1022 4546 et
1053 4494 1220 4547 ﬁdem
1258 4495 1316 4547 in
1337 4496 1516 4549 Deum
1542 4501 1601 4549 et
1629 4498 1687 4552 in
1769 4493 1998 4566 prabet,
2033 4499 2097 4546 ut
2117 4491 2434 4563 praecipiam
2463 4491 2532 4544 de
2559 4489 2761 4560 quibus
2783 4489 3058 4554 convenit,
3095 4505 3200 4558 ego
3236 4504 3367 4542 vero

112 4583 300 4630 sanctos
312 4580 440 4647 ejus
461 4597 473 4630 :
497 4579 600 4632 sed
620 4579 852 4635 forsitan
874 4597 986 4636 non
1015 4583 1216 4653 aequali
1252 4601 1377 4637 eam
1416 4585 1473 4638 in
1495 4602 1688 4639 omnes
1770 4584 1875 4637 hoc
1903 4600 2016 4638 non
2045 4581 2206 4647 facio,
2232 4581 2325 4634 sed
2360 4580 2590 4633 obsecro
2619 4578 2818 4647 magis.
2852 4577 3065 4631 Deinde
3095 4583 3152 4630 et
3179 4577 3249 4630 ad
3279 4592 3369 4630 ve-

113 4659 239 4718 lance
261 4668 669 4722 communicet.
685 4669 1075 4725 Communicet
1093 4672 1326 4728 forsitan
1349 4674 1405 4726 in
1436 4680 1682 4739 cunctos,
1771 4672 2096 4726 recundiam
2123 4687 2252 4724 eum
2282 4669 2544 4729 invitans,
2573 4667 2703 4721 talis
2725 4683 2851 4720 cum
2887 4666 2982 4730 sis,
3016 4665 3198 4737 qualis
3219 4666 3366 4722 Pau-

111 4753 359 4824 SedOpere
392 4775 516 4811 non
545 4758 766 4828 expleat
797 4777 808 4824 ;
845 4761 1190 4816 voluntatem
1220 4762 1454 4834 impleat
1483 4763 1686 4834 aliquis
1767 4762 1855 4814 lus
1874 4761 2096 4824 senior;
2149 4763 2365 4812 tantam
2391 4758 2502 4813 vim
2531 4755 2772 4810 habebat
2794 4756 2914 4809 sola
2962 4755 3122 4809 Pauli
3155 4771 3368 4810 nuncu-

112 4849 152 4890 ει
164 4858 334 4912 opere,
350 4848 454 4900 sed
467 4855 766 4916 gestorum
781 4865 1012 4902 suorum
1027 4851 1328 4920 perfectam
1343 4851 1551 4906 habere
1572 4869 1684 4906 non
1767 4849 1920 4920 patio
1939 4849 1950 4900 l
1981 4848 2128 4912 Quid
2161 4847 2312 4900 enim
2339 4863 2453 4901 non
2474 4845 2745 4917 expressit
2763 4861 3033 4914 magnum
3051 4850 3110 4898 et
3128 4845 3367 4901 demira-

111 4937 258 4995 potest
272 4937 594 4990 notionem.
621 4937 708 4991 Sit
729 4937 860 4991 talis
881 4955 1102 5008 quoque
1131 4939 1224 5010 qui
1247 4945 1304 4993 et
1316 4957 1456 5011 opus
1478 4941 1684 4995 habeat
1767 4939 1919 4992 tione
1951 4937 2187 5008 dignum
2219 4937 2276 4990 in
2299 4953 2430 4990 voce
2463 4936 2583 5000 hac,
2619 4951 2730 5006 qua
2749 4934 2891 4989 dixit
2912 4933 3196 4988 Paulum?
3217 4934 3362 4989 Nam

107 5023 148 5067 et
169 5022 475 5090 scientiam,
491 5027 594 5079 sed
623 5043 735 5080 non
755 5025 926 5080 habet
942 5028 1287 5095 agnitionem
1314 5030 1495 5083 omnis
1516 5030 1674 5083 boni:
1765 5045 1931 5082 omne
1955 5027 2325 5098 quodcunque
2338 5043 2621 5080 summum
2643 5024 2851 5079 bonum
2868 5023 3106 5093 intelligi
3122 5028 3362 5093 poterat,

105 5109 249 5164 multa
265 5114 418 5167 enim
447 5115 628 5184 juste,
650 5121 942 5170 mansuete
965 5117 1325 5188 studioseque
1349 5125 1678 5189 perpetrans
1765 5119 1868 5172 hoc
1895 5123 2019 5170 erat
2061 5116 2117 5170 in
2150 5117 2345 5180 Paulo,
2388 5121 2446 5168 et
2493 5117 2640 5184 quod
2670 5115 2893 5186 adjecit,
2919 5112 3219 5176 seniorem,
3253 5128 3366 5165 non

105 5192 351 5267 ίωμτεεῐ
379 5203 509 5257 suis
544 5203 602 5257 in
637 5205 826 5274 aliqua
869 5211 1028 5276 parte
1077 5206 1399 5260 virtutibus.
1448 5209 1534 5260 An
1567 5225 1676 5262 non
1760 5206 2013 5260 absolute
2036 5222 2162 5258 eum
2220 5204 2291 5257 ad
2331 5203 2702 5257 reverentiam
2747 5201 3006 5257 invitavit
3033 5200 3214 5255 etatis
3243 5217 3358 5255 suae

102 5286 512 5348 illisPhilemon
529 5291 555 5344 ’I
568 5293 736 5346 habet
747 5295 951 5366 quippe
964 5295 1529 5350 communicationem
1551 5314 1679 5368 ορθ-
1760 5311 2080 5349 memorans
2100 5292 2530 5364 longaevitatem,
2565 5292 2662 5343 sed
2683 5292 2800 5344 voci
2834 5290 2994 5344 Pauli
3019 5290 3192 5346 etiam
3217 5289 3357 5347 illud

105 5378 286 5437 attici:
301 5381 544 5446 ﬁdei,et
575 5382 863 5437 charitatis
891 5384 951 5437 in
980 5384 1269 5454 agnitione
1289 5386 1472 5440 omnis
1493 5385 1623 5439 boni
1659 5406 1671 5452 ;
1757 5385 1944 5456 ipsum
1975 5384 2182 5437 faciens
2215 5380 2590 5436 venerabilem
2616 5397 2630 5430 :
2667 5379 2760 5450 qui
2786 5380 2936 5432 enim
2960 5379 3240 5434 seniorem
3263 5397 3358 5434 au-

103 5477 197 5531 qne
228 5485 356 5522 cum
385 5470 450 5524 in
484 5471 757 5538 apostolis
795 5472 888 5538 sit,
937 5490 1050 5527 non
1080 5491 1206 5528 eam
1235 5481 1497 5544 putemus
1527 5473 1598 5528 ob
1620 5475 1675 5529 id
1757 5475 1844 5528 dit
1888 5474 2128 5528 Paulum
2175 5472 2315 5525 scire
2363 5475 2583 5541 poterat
2629 5486 2695 5523 eo
2726 5469 2874 5539 quod
2903 5469 3073 5540 longo
3103 5474 3356 5545 tempore

105 5559 292 5610 tantum
311 5575 439 5612 esse
474 5560 804 5629 perfectam,
838 5561 885 5615 si
919 5563 980 5616 in
1007 5563 1119 5617 illis
1138 5563 1230 5629 sit,
1264 5564 1360 5618 sed
1398 5564 1457 5617 in
1488 5580 1555 5617 eo
1584 5569 1674 5618 to-
1757 5563 1985 5638 pietatis
2015 5562 2202 5618 studio
2245 5560 2556 5626 inoleverit.
2605 5565 2664 5614 et
2715 5559 2896 5613 multa
2927 5559 3104 5614 fuerit
3158 5559 3263 5614 hac
3282 5559 3352 5616 de
