3866 6158
523 258 624 314 703
1115 259 1178 313 Β.
1220 257 1493 312 RABANI
1530 255 1764 311 MAURI
1801 254 2138 310 ARCHIEP.
2178 254 2504 312 MOGUNT.
2547 255 2846 312 OPERUM
2881 253 3066 310 PARS
3101 255 3194 310 III.
3612 265 3687 320 ’704

523 399 692 436 causa
719 398 936 452 passus.
985 379 1273 435 Inchoavit
1319 378 1470 436 enim
1517 377 1819 448 praedicare
1859 377 2112 446 Evange-
2130 379 2182 440 Α
2202 378 2360 432 Unde
2383 379 2463 432 ait
2495 395 2506 432 :
2539 398 2561 429 ι
2595 378 2702 442 Qui
2734 378 2836 432 tibi
2868 377 3164 448 aliquando
3185 379 3378 435 inutilis
3401 383 3508 436 fuit.
3534 403 3553 434 ι
3581 385 3690 452 Tibi,

524 473 684 537 lium,
715 487 843 524 cum
864 471 1044 524 adhuc
1067 474 1212 522 esset
1228 468 1550 522 adolescens
1585 484 1596 518 :
1631 466 1874 519 occurrit
1899 483 2029 519 vero
2062 467 2119 520 in
2169 499 2172 503 ι
2201 467 2402 538 inquit,
2425 467 2548 533 soli,
2581 484 2692 522 non
2721 467 2956 530 caeteris,
2999 482 3144 519 nunc
3187 473 3360 522 autem
3399 470 3488 523 tibi
3521 476 3568 524 et
3591 475 3695 528 mihi

525 559 828 613 senectutis
857 546 1082 612 aetatem
1110 573 1331 627 semper
1358 556 1412 610 in
1436 555 1678 620 Christo,
1695 555 1751 608 in
1765 553 2120 626 passionibus
2201 556 2374 610 utilis.
2395 556 2560 611 Utilis
2571 556 2893 623 domino,in
2914 573 2978 609 eo
3006 557 3136 626 quia
3171 562 3344 627 posset
3360 559 3511 612 Paulo
3529 563 3693 618 servire

521 648 846 720 persistens.
883 647 1041 702 Unde
1073 663 1142 700 ne
1176 663 1278 716 per
1309 651 1533 700 aetatem
1581 661 1714 698 eum
1757 643 2012 698 absolute
2033 643 2117 696 vi-
2200 663 2302 717 pro
2323 646 2552 700 domino
2591 663 2728 712 suo;
2777 647 2953 699 Paulo
2979 662 3108 699 vero
3144 646 3201 699 in
3231 663 3291 700 eo
3311 648 3468 714 utilis,
3495 650 3606 719 quia
3628 651 3699 705 illo

523 738 751 792 daretur
769 737 1026 802 suadere,
1061 735 1270 806 optime
1294 735 1501 803 adjecit
1526 753 1536 786 :
1605 754 1626 784 ι
1660 734 1823 787 Nunc
1853 737 2044 786 autem
2064 737 2120 786 et
2201 737 2260 790 in
2291 752 2513 789 carcere
2537 735 2881 805 vinculisque
2903 735 3148 795 detento,
3163 743 3341 806 posset
3361 737 3405 790 ei
3434 738 3482 791 in
3505 739 3699 810 Evange-

523 826 739 880 vinctus
751 827 779 879 J
787 843 884 880 esu
897 825 1125 890 Christi,
1165 845 1186 875 ν
1203 823 1383 878 solum
1398 825 1503 876 hoc
1537 839 1648 876 non
1661 821 1871 887 dicens,
1906 821 2118 875 Erube-
2201 825 2276 878 lio
2304 825 2646 878 ministrare.
2679 825 2858 878 Simul
2873 830 3063 878 autem
3085 831 3168 879 est
3180 825 3538 880 admirandum
3549 827 3606 881 de
3617 845 3703 881 ma-

523 932 612 968 sce
643 920 989 969 senectutem
1014 919 1073 966 et
1099 913 1363 967 canitiem
1383 913 1442 966 in
1457 911 1692 965 vinculis
1715 911 2114 976 connutritam,
2200 913 2572 985 gnanimitate
2624 913 2895 985 Apostoli,
2931 919 2988 967 et
3037 913 3096 968 in
3130 915 3397 968 Christum
3435 919 3592 969 mente
3620 916 3702 970 fer-

524 1009 581 1056 et
599 1008 824 1057 aetatem
847 1003 926 1056 sic
951 1003 1180 1072 longam
1209 1001 1268 1056 in
1299 1000 1654 1072 passionibus
1700 1000 1831 1065 illis,
1865 1016 1987 1068 quae
2017 1015 2119 1070 pro
2201 1004 2372 1058 venti.
2431 1004 2679 1057 Tenetur
2726 1019 2968 1068 carcere,
3001 1003 3232 1058 vinculis
3275 1004 3558 1074 stringitur,
3583 1021 3706 1076 squa-

523 1093 745 1146 Christo
803 1098 953 1157 sunt,
989 1092 1302 1145 educatam.
1349 1093 1550 1159 (Hicr.)
1610 1089 1802 1142 Multis
1832 1088 1889 1141 in
1929 1089 2118 1142 Phile-
2201 1093 2318 1146 lore
2347 1093 2614 1164 corporis,
2649 1093 2944 1146 charorum
2975 1093 3335 1164 separatione,
3358 1092 3622 1163 poenalibus
3643 1100 3706 1147 te-

523 1198 749 1236 monem
799 1173 1056 1235 laudibus
1095 1185 1224 1234 ante
1252 1179 1574 1250 praemissis,
1608 1195 1733 1231 cum
1772 1195 1862 1231 res
1891 1177 2020 1230 talis
2049 1177 2122 1230 sit
2203 1180 2390 1235 nebris
2419 1187 2755 1248 coarctatur,
2783 1187 2840 1236 et
2858 1199 2970 1236 non
2999 1182 3170 1236 sentit
3185 1181 3708 1252 injuriam,nondolone

521 1288 623 1341 pro
655 1288 766 1341 qua
787 1277 1016 1340 rogatus
1053 1277 1155 1335 est,
1191 1286 1313 1339 quae
1368 1275 1426 1322 et
1463 1269 1748 1338 praestanti
1780 1267 1853 1320 sit
1880 1266 2035 1320 utilis
2067 1271 2124 1319 et
2204 1271 2506 1336 cruciatur,
2549 1270 2689 1324 nihil
2725 1271 2881 1324 novit
2898 1271 3051 1324 aliud
3081 1271 3189 1324 nisi
3216 1271 3282 1324 de
3310 1270 3496 1324 Christi
3516 1271 3709 1340 Evange-

521 1359 764 1428 roganti,
788 1358 1229 1429 poteratPaulus
1243 1357 1712 1428 magisimperare
1727 1373 1894 1427 quam
1907 1362 2118 1426 petere.
2205 1360 2282 1414 lio
2319 1360 2584 1430 cogitare.
2650 1359 2874 1415 Sciebat
2929 1377 3170 1425 servum,
3219 1359 3417 1413 sciebat
3457 1359 3706 1429 fugitivum,

523 1447 593 1502 Et
624 1449 728 1501 hoc
757 1465 823 1501 ex
874 1448 1080 1501 ﬁducia
1107 1448 1205 1512 illa
1242 1446 1518 1513 veniebat,
1553 1445 1702 1516 quod
1735 1445 1829 1515 qui
1860 1449 2023 1498 tanta
2051 1443 2120 1497 ob
2207 1449 2420 1503 sciebat
2445 1449 2746 1520 aliquando
2777 1455 3082 1520 raptorem,
3114 1449 3184 1502 ad
3213 1449 3408 1502 Christi
3443 1448 3587 1502 ﬁdem
3622 1465 3710 1500 esse

523 1537 812 1591 Christum
835 1553 1006 1607 Opera
1058 1541 1428 1606 perpetrarat,
1465 1539 1660 1605 utique
1711 1534 1894 1604 impar
1939 1533 2026 1586 sui
2067 1533 2122 1586 in
2207 1537 3024 1608 conversum.Grandislaboris
3043 1538 3304 1592 esttalem
3322 1537 3574 1590 hominem
3597 1537 3644 1588 in
3665 1552 3711 1588 eo

523 1626 740 1680 caeteris
789 1643 910 1679 esse
949 1642 1062 1680 non
1101 1631 1338 1696 poterat.
1383 1625 1490 1678 Sed
1534 1623 1652 1677 vult
1702 1623 1883 1692 magis
1934 1627 2124 1693 petere
2207 1643 2564 1698 perseverare
2595 1627 2742 1696 quod
2773 1627 2959 1696 caepit.
2984 1627 3197 1680 Idcirco
3229 1625 3398 1680 ﬁlium
3429 1641 3588 1689 suum,
3616 1625 3715 1677 etii-

525 1730 697 1784 quam
723 1714 944 1784 jubere,
962 1715 1160 1785 grandi
1195 1714 1436 1785 petentis
1460 1713 1794 1767 auctoritate
1816 1712 2120 1783 proposita,
2141 1708 2188 1767 B
2207 1716 2346 1769 lium
2363 1715 2732 1780 vinculorum,
2752 1720 2810 1768 et
2823 1715 3149 1769 ministrum
3179 1713 3447 1784 Evangelii
3472 1713 3522 1766 in
3539 1711 3715 1766 vinculis

527 1820 628 1874 per
659 1820 828 1873 quam
860 1811 916 1857 et
946 1805 1246 1874 Apostolus
1290 1802 1560 1870 obsecrat,
1595 1809 1652 1854 et
1697 1818 1884 1867 senex,
1919 1807 1976 1854 et
2009 1801 2126 1853 vin-
2207 1804 2496 1858 constituti
2519 1804 2762 1858 inculcat
2781 1821 2846 1858 ac
2867 1804 3119 1876 replicat,
3145 1809 3209 1857 ut
3229 1803 3500 1858 Philemon
3516 1803 3596 1856 ille
3619 1818 3718 1872 pru-

527 1897 652 1946 ctus
681 1893 708 1946 J
715 1909 814 1946 esu
845 1893 1073 1946 Christi.
1107 1893 1309 1946 Totum
1330 1898 1518 1946 autem
1542 1908 1642 1962 pro
1673 1907 1782 1962 quo
1799 1896 1961 1960 rogat
1986 1890 2124 1943 illud
2207 1893 2408 1946 denter
2431 1899 2488 1946 et
2515 1893 2924 1964 dispensatorie
2943 1899 3168 1947 tantum
3189 1893 3247 1947 in
3265 1893 3559 1964 praefatione
3574 1890 3720 1942 lauda-

525 1987 612 2034 est
629 1999 640 2032 :
657 1982 954 2034 Onesimus
968 1998 1160 2035 servus
1177 1981 1540 2046 Philemonis,
1566 1980 1752 2049 fugam
1764 1980 1915 2033 furto
1928 1995 2125 2032 cumu-
2207 1988 2298 2037 tus
2319 1999 2430 2036 non
2443 1983 2677 2036 auderet
2690 1999 2918 2052 negare,
2935 2000 3006 2036 ne
3019 1983 3136 2036 suis
3148 1981 3399 2036 laudibus
3426 1979 3725 2034 videreturin-

525 2071 664 2136 lans,
685 2071 939 2140 quaedam
959 2071 1041 2124 rei
1057 2070 1375 2125 domesticae
1399 2069 1813 2140 compilaverat.
1847 2069 1990 2122 Hinc
2003 2085 2126 2138 per-
2208 2072 2598 2141 dignus.Quod
2613 2078 2804 2126 autem
2821 2073 2923 2138 ait,
2952 2089 2978 2122 ί(
2996 2080 3061 2126 tu
3073 2078 3260 2126 autem
3275 2072 3444 2136 illum,
3462 2071 3512 2123 id
3535 2077 3620 2130 est,
3635 2083 3726 2120 mea

523 2175 662 2228 gens
686 2159 755 2212 ad
778 2159 1002 2214 Italiam
1025 2175 1095 2213 ne
1126 2177 1155 2212 e
1186 2159 1439 2230 proximo
1467 2157 1684 2211 facilius
1713 2164 1902 2228 posset
1930 2173 2126 2227 appre-
2207 2163 2672 2230 viscera,suscipe,
2699 2179 2722 2212 ι
2740 2161 2844 2215 hoc
2857 2167 2944 2215 est
2955 2161 3104 2232 quod
3119 2161 3284 2232 paulo
3295 2167 3420 2214 ante
3431 2158 3549 2224 dixi,
3567 2157 3727 2210 viscera

526 2248 716 2314 hendi,
737 2249 1036 2319 pecuniam
1067 2249 1280 2302 domini
1309 2265 1410 2318 per
1431 2247 1710 2301 luxuriam
1740 2247 2077 2318 prodegerat
2108 2265 2119 2298 :
2208 2250 2524 2320 signiﬁcare
2553 2251 2842 2304 internum
2873 2251 3058 2304 cordis
3087 2251 3347 2304 affectum
3373 2254 3427 2302 et
3461 2247 3649 2319 plenam
3680 2261 3728 2297 ex

526 2337 630 2390 hoc
670 2353 741 2391 ne
774 2338 898 2408 quis
949 2342 1111 2408 putet
1155 2344 1388 2404 temere,
1435 2342 1492 2389 et
1539 2343 1603 2390 ut
1650 2336 1787 2389 libet
1815 2353 1848 2389 a
1877 2335 2037 2389 nobis
2068 2335 2129 2388 ﬁ-
2209 2339 2398 2393 animo
2429 2340 2793 2398 voluntatem,
2819 2356 2948 2393 cum
2970 2345 3154 2393 totum
3186 2337 3448 2410 quidquid
3465 2336 3516 2390 in
3531 2333 3730 2388 nobisest

527 2432 698 2492 ctum,
729 2427 788 2479 in
818 2427 1182 2497 sequentibus
1205 2427 1399 2480 discat.
1423 2427 1725 2496 Nunquam
1751 2425 1902 2479 enim
1922 2425 2130 2479 Paulus
2210 2428 2516 2498 suscipitur
2543 2445 2577 2481 a
2625 2433 2822 2496 rogato
2857 2446 2868 2480 :
2904 2428 3044 2481 alias
3093 2433 3285 2481 autem
3315 2441 3496 2480 omnes
3517 2421 3650 2476 liberi
3671 2421 3729 2474 vi-

528 2515 775 2568 diceret:
813 2534 840 2567 ((
873 2515 930 2570 Si
967 2516 1101 2585 quid
1143 2515 1334 2570 nocuit
1371 2515 1475 2568 tibi
1511 2520 1610 2568 aut
1638 2514 1821 2580 debet,
1858 2515 1961 2568 hoc
1989 2513 2130 2567 mihi
2208 2533 2368 2570 scera
2405 2523 2538 2571 sunt
2564 2523 2882 2588 parentum.
2906 2538 2932 2566 ι
2967 2517 3100 2572 Sine
3131 2515 3360 2570 consilio
3390 2519 3558 2568 autem
3573 2518 3654 2564 tuo
3669 2508 3730 2562 ni-

525 2603 886 2674 imputa.Ego
899 2605 1108 2657 Paulus
1123 2604 1512 2674 scripsimanu
1527 2621 1670 2666 mea,
1691 2621 1794 2674 ego
1822 2603 2072 2656 reddam.
2103 2625 2124 2651 ι
2215 2623 2245 2658 ι
2273 2607 2354 2659 hil
2381 2605 2530 2660 volui
2560 2605 2764 2672 facere,
2798 2611 2862 2660 ut
2900 2623 3012 2660 non
3064 2605 3227 2676 quasi
3268 2623 3333 2658 ex
3357 2602 3646 2658 necessitate
3665 2597 3733 2650 bo-

530 2695 646 2746 Nec
677 2709 913 2762 sponsor
945 2693 1026 2746 rei
1058 2693 1218 2746 ﬁeret
1232 2692 1430 2746 ablata:
1452 2693 1558 2746 nisi
1576 2699 1723 2746 esset
1743 2693 1799 2745 id
1815 2693 1962 2763 quod
1984 2691 2133 2745 abla-
2219 2714 2241 2746 ι
2280 2712 2415 2749 num
2443 2701 2606 2748 tuum
2635 2700 2801 2761 esset,
2827 2695 2925 2748 sed
2955 2695 3396 2748 voluntarium.»
3425 2693 3539 2746 Non
3559 2685 3732 2742 videba-

535 2787 658 2835 tum
680 2781 866 2834 fuerat
881 2781 1236 2852 dissipatum.
1261 2782 1364 2836 Hic
1385 2782 1560 2851 igitur
1589 2799 1716 2834 cum
1736 2781 1805 2835 ob
1835 2781 2132 2835 confessio-
2211 2790 2308 2837 tur
2336 2783 2472 2837 mihi
2521 2801 2640 2838 esse
2678 2785 2916 2854 justum,
2952 2790 3016 2837 ut
3053 2789 3253 2837 contra
3280 2782 3595 2836 voluntatem
3617 2781 3732 2830 tuam

533 2887 663 2924 nem
685 2869 892 2924 Christi
923 2871 1131 2924 Paulus
1152 2872 1342 2925 Romae
1372 2877 1520 2925 esset
1543 2871 1601 2924 in
1627 2887 1869 2936 carcere,
1895 2870 2132 2923 credidit
2215 2889 2344 2927 eum
2377 2873 2701 2938 retinerem,
2736 2873 2832 2944 qui
2860 2873 2930 2926 ad
2947 2878 3004 2926 te
3026 2871 3347 2943 pertinebat
3373 2888 3391 2926 :
3420 2885 3538 2923 nam
3563 2879 3735 2936 aequum
3827 2907 3829 2914 ι

531 2959 590 3014 in
607 2959 909 3013 Dominum
925 2961 1141 3012 Jesum:
1184 2967 1242 3014 et
1254 2959 1324 3014 ab
1355 2977 1420 3014 eo
1457 2960 1789 3030 baptizatus,
1819 2960 1992 3029 digna
2018 2975 2132 3030 pce-
2212 2979 2334 3016 esse
2365 2962 2622 3016 existimo
2652 2967 2717 3016 ut
2737 2963 3108 3033 quodcunque
3133 2961 3345 3016 bonum
3381 2977 3414 3014 a
3439 2966 3490 3012 te
3517 2953 3660 3010 fuerit
3682 2951 3737 3004 fa-

533 3048 772 3102 nitentia
800 3049 1050 3102 maculas
1078 3049 1204 3102 vitae
1227 3049 1429 3120 prioris
1447 3049 1728 3115 abstersit,
1757 3049 2047 3102 intantum
2065 3053 2128 3102 ut
2149 3034 2196 3098 Ο
2213 3058 2387 3116 ctum,
2421 3068 2522 3122 pro
2551 3057 2651 3105 tuo
2679 3052 2785 3105 hoc
2823 3051 3130 3122 impleatur
3159 3049 3408 3104 arbitrio.
3448 3047 3552 3102 Hoc
3573 3041 3691 3114 quod
3713 3057 3739 3091 ιι

530 3137 888 3208 isApostolus
913 3138 1288 3194 conversionis
1319 3140 1442 3208 ejus
1461 3139 1624 3192 testis
1641 3139 1822 3203 ﬁeret,
1847 3138 1942 3208 qui
1957 3153 2130 3208 quon—
2211 3140 2493 3211 plerisque
2524 3140 2812 3211 quaeritur,
2848 3145 2906 3194 et
2933 3140 3243 3211 saepissime
3263 3141 3596 3197 retractatur,
3608 3143 3738 3203 quare

533 3227 663 3280 dam
692 3227 923 3280 Petrum
952 3227 1340 3298 increpaverat
1367 3245 1478 3281 non
1518 3233 1670 3281 recto
1706 3227 1846 3297 pede
1867 3227 1926 3282 in
1948 3227 2130 3280 Evan-
2211 3230 2360 3283 Deus
2375 3229 2662 3283 hominem
2691 3228 2918 3294 faciens,
2937 3246 3050 3283 non
3070 3246 3206 3283 eum
3232 3229 3438 3282 bonum
3471 3229 3735 3288 rectumque

529 3315 663 3384 gelii
686 3315 918 3369 veritate
947 3316 1627 3384 gradientem.Quantum
1658 3316 1832 3385 igitur
1850 3316 1920 3368 ad
1939 3331 2132 3386 pecca-
2213 3318 2544 3384 condiderit,
2574 3319 2643 3372 de
2690 3319 2951 3389 praesenti
2992 3319 3114 3372 loco
3158 3317 3296 3372 solvi
3336 3320 3526 3388 potest.
3555 3311 3607 3366 Si
3629 3307 3741 3362 enim

528 3410 652 3457 tum
691 3409 749 3457 et
775 3405 846 3458 ad
875 3405 1092 3459 facinus
1122 3407 1386 3476 pertinet,
1413 3422 1522 3476 quo
1553 3405 1856 3460 Dominum
1887 3405 2126 3470 laeserat,
2213 3408 2362 3461 Deus
2393 3407 2704 3461 voluntarie
2736 3412 2793 3460 et
2847 3424 2960 3460 non
3005 3424 3070 3460 ex
3119 3406 3452 3460 necessitate
3489 3401 3643 3455 bonus
3665 3401 3740 3454 est,

531 3493 750 3546 veniam
781 3499 1156 3548 nonmeretur
1179 3513 1191 3561 ;
1218 3501 1492 3565 quantum
1514 3511 1643 3548 vero
1671 3495 1740 3547 ad
1769 3493 2021 3564 Apostoli
2050 3498 2131 3546 te—
2211 3496 2408 3550 debuit
2434 3495 2722 3550 hominem
2743 3496 2952 3550 faciens
2983 3496 3054 3550 ad
3067 3512 3234 3550 suam
3261 3493 3551 3564 imaginem
3567 3495 3616 3542 et
3629 3483 3743 3540 simi-

531 3582 860 3636 stimonium
918 3583 1012 3653 qui
1069 3584 1176 3636 scit
1219 3600 1348 3636 eum
1409 3584 1572 3654 plene
1603 3600 1725 3636 esse
1777 3599 2126 3648 conversum,
2211 3585 2510 3638 litudinem
2569 3585 2769 3652 facere,
2823 3585 2928 3639 hoc
2982 3590 3084 3650 est,
3135 3591 3200 3638 ut
3252 3585 3371 3655 ipse
3415 3576 3684 3636 voluntarie
3702 3578 3743 3624 et

529 3671 732 3742 grandi
760 3672 1006 3742 pondere
1033 3673 1432 3744 premitur,qui
1453 3678 1704 3743 rogatur,
1730 3677 1793 3726 ut
1813 3671 1950 3742 quie
1971 3687 2128 3724 servo
2211 3690 2324 3728 non
2353 3691 2419 3728 ex
2448 3674 2780 3728 necessitate
2799 3673 2980 3728 bonus
3001 3680 3181 3741 esset;
3217 3673 3314 3745 qui
3341 3676 3520 3726 autem
3537 3666 3743 3721 asserunt

530 3759 763 3831 fugitivo
783 3767 952 3832 atque
971 3767 1196 3832 raptore
1221 3762 1481 3815 minister
1503 3762 1757 3832 Apostoli
1789 3761 1972 3814 factus
2012 3760 2130 3813 fue-
2211 3763 2292 3816 ita
2319 3780 2449 3816 eum
2469 3763 2728 3817 debuisse
2749 3764 2891 3829 ﬁeri,
2927 3770 2990 3817 ut
3020 3764 3238 3817 malum
3257 3763 3497 3833 recipere
3534 3771 3630 3811 non
3655 3768 3744 3823 pos-

531 3855 622 3902 rat
642 3851 812 3920 (quod
845 3854 1036 3903 autem
1066 3851 1220 3904 aliud
1269 3850 1512 3904 habebat
1545 3851 1846 3920 Apostolus
1867 3849 2128 3902 ministe-
2211 3857 2314 3918 set,
2333 3853 2438 3905 hoc
2457 3851 2681 3908 dicunt:
2705 3853 2856 3906 Talis
2872 3851 3066 3906 debuit
3086 3853 3212 3906 ﬁeri
3237 3853 3336 3924 qui
3353 3847 3653 3904 necessitate
3678 3839 3745 3890 b0-

531 3939 680 3992 rium
709 3939 819 3992 nisi
841 3939 1126 4008 Evangelii
1140 3939 1347 3992 Christi
1373 3940 1577 4007 Jesu?),
1605 3941 1724 4008 jam
1758 3956 1870 3992 non
1905 3938 2062 4008 quasi
2095 3955 2130 3992 a
2211 3958 2317 3995 nus
2339 3946 2486 3996 esset
2505 3947 2562 3994 et
2581 3959 2693 3995 non
2720 3942 3034 4008 voluntate;
3066 3942 3219 4012 quod
3245 3942 3292 3995 si
3308 3939 3436 3994 talis
3457 3937 3631 3992 fuisset
3647 3929 3744 3984 effe—

533 4026 781 4093 domino,
842 4027 940 4079 sed
984 4028 1143 4096 quasi
1199 4045 1233 4080 a
1277 4044 1540 4080 conservo
1601 4033 1658 4080 et
1719 4027 2129 4097 coevangelista
2211 4036 2334 4084 ctus
2381 4031 2478 4101 qui
2533 4031 2746 4084 bonum
2804 4047 2917 4084 non
2978 4031 3291 4096 voluntate,
3328 4029 3424 4082 sed
3474 4021 3744 4080 necessitate

532 4115 920 4183 ignosceretur
939 4116 1010 4180 ei,
1045 4116 1138 4186 qui
1161 4132 1351 4170 servus
1381 4122 1530 4171 esset
1559 4115 1766 4170 Christi
1786 4116 2046 4170 similiter
2077 4123 2132 4169 ct
2213 4121 2526 4190 perﬁceret,
2544 4135 2656 4174 non
2673 4125 2819 4173 esset
2851 4120 2968 4174 Deo
2989 4119 3210 4186 similis,
3237 4119 3334 4190 qui
3350 4117 3471 4171 ideo
3501 4115 3653 4167 bonus
3669 4109 3743 4162 est.

533 4203 808 4258 minister.
2215 4209 2348 4279 quia
2363 4209 2497 4274 vult,
2523 4225 2634 4262 non
2657 4209 2789 4280 quia
2802 4209 3041 4278 cogitur.
3074 4208 3154 4261 Ex
3175 4225 3288 4278 quo
3316 4205 3648 4260 manifestum
3669 4198 3744 4253 est.

607 4312 630 4345 ι
665 4293 905 4348 Obsecro
927 4299 984 4347 te
1012 4295 1080 4348 de
1111 4309 1235 4347 meo
1261 4294 1394 4360 ﬁlio,
1427 4311 1594 4366 quem
1615 4295 1786 4364 genui
1821 4295 1878 4348 in
1891 4295 2127 4348 vinculis
2148 4359 2188 4368 _
2215 4314 2334 4350 rem
2364 4315 2459 4350 eos
2486 4297 2636 4351 inter
2663 4315 2722 4350 se
2754 4298 3037 4368 postulare
3065 4297 3444 4350 contrariam:
3473 4307 3593 4347 nam
3629 4303 3681 4340 ex
3703 4297 3749 4334 ρο

537 4401 560 4432 α
593 4381 877 4448 Onesimo,
925 4382 1022 4452 qui
1071 4381 1174 4434 tibi
1213 4359 1514 4452 aliquando
1553 4359 1769 4436 inutilis
1819 4381 1942 4447 fuit,
1978 4359 2361 4456 nunchuod
2390 4386 2602 4450 dicunt,
2636 4359 2830 4439 debuit
2882 4386 3050 4438 homo
3093 4386 3212 4440 Deo
3262 4385 3462 4438 similis
3497 4378 3622 4440 ﬁeri,
3647 4369 3748 4427 illi!d

536 4490 564 4524 α
595 4477 784 4525 autem
814 4469 916 4524 tibi
951 4476 1008 4524 et
1056 4470 1194 4524 mihi
1241 4470 1396 4524 utilis
1426 4477 1528 4537 est,
1560 4488 1726 4542 quem
1756 4471 1947 4524 remisi
1977 4471 2077 4524 tibi
2114 4489 2125 4522 :
2213 4480 2428 4546 petunt,
2461 4480 2528 4527 ut
2543 4473 2706 4528 liberi
2726 4476 2888 4528 ﬁeret
2915 4473 3154 4540 arbitrii,
3172 4475 3320 4529 sicut
3349 4475 3496 4528 Deus
3525 4471 3629 4540 ipse
3652 4467 3750 4515 est:

539 4575 561 4609 ι
593 4565 656 4615 tu
685 4567 875 4614 autem
905 4559 1084 4626 illum,
1109 4559 1164 4612 id
1185 4564 1289 4626 est,
1309 4577 1436 4613 mea
1449 4561 1679 4626 viscera,
1703 4561 1940 4630 suscipe,
1962 4577 2128 4630 quem
2213 4581 2279 4616 ex
2307 4581 2371 4617 eo
2402 4569 2594 4617 autem
2641 4563 2790 4634 quod
2820 4563 3088 4630 inferunt,
3129 4564 3262 4616 talis
3309 4561 3498 4616 debuit
3525 4555 3646 4618 ﬁeri,
3681 4546 3753 4618 qui

537 4667 558 4698 α
588 4665 690 4717 ego
705 4649 991 4702 volueram
1023 4665 1244 4702 mecum
1273 4648 1546 4714 detinere,
1567 4653 1630 4702 ut
1651 4666 1751 4718 pro
1770 4655 1826 4702 te
1860 4648 1996 4702 mihi
2021 4648 2128 4701 mi—
2212 4653 2424 4706 malum
2456 4653 2704 4722 recipere
2750 4669 2862 4706 non
2903 4656 3109 4723 posset,
3147 4653 3286 4706 dum
3338 4647 3694 4704 necessitatem
3716 4634 3753 4688 εί

537 4737 862 4790 «'nistraret
891 4737 950 4790 in
967 4737 1200 4790 vinculis
1223 4737 1526 4806 Evangelii.
1559 4761 1578 4784 θ
1596 4738 1802 4792 Volens
1823 4739 2130 4808 impetrare
2213 4741 2344 4796 boni
2372 4742 2702 4812 important,
2734 4741 2876 4795 illud
2903 4743 3117 4806 volunt,
3153 4747 3218 4796 ut
3263 4741 3431 4795 homo
3470 4738 3576 4792 Deo
3601 4724 3755 4785 similis

535 4825 681 4894 quod
713 4827 976 4896 postulat,
1006 4827 1126 4895 jam
1157 4843 1268 4880 non
1297 4843 1397 4896 pro
1438 4843 1596 4880 servo
1634 4827 1996 4894 Philemonis,
2031 4829 2129 4882 sed
2215 4848 2327 4884 non
2359 4832 2536 4884 ﬁeret.
2557 4831 2748 4885 Potuit
2771 4830 2964 4900 itaque
2988 4836 3046 4884 et
3060 4832 3352 4901 apostolus
3373 4827 3571 4883 Paulus
3591 4819 3756 4885 absqm‘

535 4931 635 4984 pro
657 4913 770 4968 ﬁlio
791 4931 891 4968 suo
913 4933 970 4968 se
996 4916 1198 4969 asserit
1215 4915 1534 4985 deprecari;
1554 4921 1611 4968 et
1625 4915 1694 4968 de
1715 4915 1810 4968 illo
1836 4917 1949 4970 (ilio
1963 4933 2131 4986 quem
2214 4921 2503 4974 voluntate.
2527 4919 2870 4973 Philemonis
2891 4919 3218 4974 Onesimum
3241 4919 3352 4972 sibi
3366 4919 3425 4972 in
3437 4907 3756 4970 ministerium

533 5003 794 5074 genuerit
822 5004 880 5056 in
927 5003 1158 5057 vinculis
1207 5003 1513 5073 Evangelii,
1565 5004 1670 5057 hoc
1701 5011 1803 5069 est,
1853 5021 1974 5074 quae
2029 5022 2131 5076 pro
2215 5009 2484 5075 retinere;
2536 5009 2633 5062 sed
2655 5008 2702 5062 si
2727 5009 2832 5062 hoc
2863 5009 2984 5062 sine
3015 5008 3367 5062 Philemonis
3403 5005 3664 5058 voluntate
3697 4992 3757 5044 ft"

535 5093 744 5147 Christi
763 5093 1060 5162 Evangelio
1090 5091 1403 5146 sustinebat
1430 5111 1440 5144 :
1466 5092 1560 5162 qui
1589 5110 1718 5147 cum
1747 5100 1878 5147 ante
1915 5095 2130 5149 inutilis
2215 5099 2398 5165 cisset,
2431 5097 2641 5152 bonum
2673 5097 2900 5167 quidem
2933 5103 3073 5162 erat,
3110 5097 3208 5150 sed
3241 5114 3357 5150 non
3384 5087 3724 5147 voluntarium
3749 5097 3757 5129 ε

535 5181 763 5235 domino
777 5181 1292 5236 suotantumfuerit
1317 5184 1514 5252 (neque
1538 5183 1688 5236 enim
1711 5201 1901 5237 servus
1927 5184 2018 5236 fur
2050 5189 2130 5238 at-
2215 5188 2362 5258 quod
2394 5195 2582 5241 autem
2606 5203 2718 5240 non
2749 5193 2871 5240 erat
2913 5185 3314 5252 voluntarium,
3357 5183 3466 5238 alio
3485 5189 3668 5250 genere
3690 5183 3758 5263 ar:

537 5287 644 5340 que
671 5272 940 5342 fugitivus
957 5271 1121 5325 alteri
1141 5271 1350 5338 nocuit,
1367 5273 1474 5326 nisi
1504 5274 1730 5328 domino
1751 5277 1898 5343 suo),
1923 5292 2070 5329 nunc
2099 5292 2130 5328 e
2213 5277 2494 5348 guebatur
2507 5294 2618 5330 non
2648 5293 2768 5328 esse
2797 5275 3009 5330 bonum
3041 5292 3054 5330 :
3090 5275 3231 5328 nihil
3247 5274 3454 5344 quippe
3475 5269 3664 5323 bonum
3680 5259 3762 5352 dif?

535 5361 816 5414 contrario
847 5361 1106 5416 utilitatis
1162 5363 1618 5432 compensatione
1654 5381 1766 5434 qua
1803 5370 1860 5416 et
1897 5363 2004 5434 ipsi
2035 5365 2131 5418 do-
2216 5344 2417 5436 potest,
2447 5365 2553 5419 nisi
2585 5364 2732 5436 quod
2781 5366 3104 5419 ultroneum
3161 5369 3267 5417 est.
3317 5363 3394 5416 Ex
3425 5375 3531 5431 quo
3555 5344 3760 5424 Apostoli

537 5451 691 5504 mino
721 5456 778 5504 et
812 5451 984 5505 Paulo
1040 5451 1194 5504 utilis
1220 5459 1324 5518 est,
1357 5453 1683 5524 ceeterisque
1743 5471 1844 5524 per
1872 5454 2130 5519 Paulum,
2218 5455 2623 5508 consideranda
2653 5454 2974 5524 prudentia,
3007 5454 3103 5524 qui
3134 5453 3344 5507 idcirco
3371 5446 3650 5519 fugitivum
3671 5449 3763 5489 ser-

536 5540 661 5610 plus
685 5541 976 5596 charitatis
1004 5546 1271 5606 meretur,
1308 5559 1476 5612 quam
1511 5544 1625 5598 odii
1665 5551 1795 5597 ante
1827 5548 2130 5598 meruerat.
2220 5561 2352 5598 vum
2374 5544 2614 5600 remittit
2641 5543 2712 5599 ad
2751 5543 3061 5608 dominum,
3094 5549 3158 5600 ut
3187 5541 3370 5612 prosit
3399 5535 3616 5593 domino
3649 5534 3760 5580 suo:
