3848 6164
179 252 262 306 705
526 245 1096 301 ENARRATIONUM
1133 245 1211 300 IN
1249 245 1402 300 EPP.
1445 244 1659 300 PAULI
1698 244 1836 299 LIB.
1878 243 2074 300 XXVI.
2112 275 2177 285 —
2200 245 2279 300 IN
2317 246 2546 320 ΕΡΙΞΤζ
2581 247 2677 302 ΑΒ
2717 248 3012 302 PHILEM.
3302 251 3405 306 706

173 375 251 446 qui
273 374 518 444 prodesse
548 389 657 427 non
685 377 906 443 poterat
941 371 987 424 si
1028 371 1257 425 domino
1301 375 1591 424 teneretur
1627 369 1720 424 ab-
1735 369 1916 432 Ativo
1938 369 2125 424 dicere
2156 387 2336 436 servo,
2370 371 2469 424 sed
2493 376 2558 424 ut
2579 371 2815 442 recipias
2835 389 2964 428 eum
2979 389 3400 444 superservum,

171 468 318 518 sente.
348 462 604 534 Superior
649 478 778 531 ergo
827 460 1063 531 quaestio
1102 461 1182 514 ita
1234 460 1486 524 solvitur,
1536 458 1718 530 potuit
1799 457 1905 512 hoc
1929 464 2032 522 est,
2062 459 2299 530 recipias
2333 476 2463 512 eum
2485 476 2597 514 non
2627 461 2811 513 solum
2841 461 3040 514 servile
3071 461 3402 532 obsequium

173 554 294 606 Deus
321 551 596 604 hominem
625 551 744 603 sine
771 551 1058 603 voluntate
1087 549 1210 619 ejus
1247 549 1429 602 facere
1457 547 1665 602 bonum
1699 567 1712 614 ;
1798 546 1899 599 tibi
1944 549 2373 618 persolventem,
2409 549 2558 618 quod
2603 549 2745 624 servi
2777 550 2960 603 solent
3001 552 3118 605 suis
3158 551 3400 605 dominis

171 659 306 713 porro
331 640 372 694 si
401 640 502 693 hoc
519 639 738 693 fecisset
765 655 877 692 non
909 643 1033 692 erat
1074 638 1284 692 bonum
1315 637 1712 703 voluntarium,
1799 635 2080 700 exhibere,
2113 637 2262 706 quod
2285 638 2414 706 jure
2446 637 2682 690 docebat
2706 645 2934 708 propter
2960 656 3178 694 morum
3201 645 3258 694 et
3275 657 3400 711 pro-

172 731 249 783 sed
287 728 634 782 necessitatis.
686 728 845 790 Quod
887 733 1078 781 autem
1131 717 1462 780 necessitate
1509 725 1717 780 bonum
1800 725 1966 794 positi
1989 727 2111 794 ejus
2129 725 2585 779 mutabilitatem.
2611 727 2755 790 Quid
2776 729 3226 782 autemvultesse
3249 729 3398 800 quod

173 825 251 882 est,
271 834 368 872 non
393 821 476 870 est
495 815 722 879 bonum,
756 822 814 870 et
832 816 944 869 alio
961 833 1169 886 genere
1190 816 1404 869 malum
1434 816 1710 886 arguitur.
1797 813 1942 866 dixit
1979 831 2149 884 super
2179 831 2422 879 servum,
2473 835 2493 865 ι
2524 816 2756 868 fratrem
2787 817 3198 883 charissimum,
3237 837 3260 868 ι
3293 819 3397 871 hoc

172 909 314 977 Igitur
327 905 540 976 proprio
556 904 791 959 arbitrio
805 922 908 958 nos
923 905 1452 976 relinquens,magis
1468 905 1537 958 ad
1551 921 1714 958 suam
1795 907 1882 954 est
1899 901 2132 956 fratrem
2163 904 2322 957 valde
2352 909 2658 969 amantem,
2692 910 2756 958 ut
2783 905 2954 958 dicat.
2978 906 3253 969 Quoniam
3290 907 3395 960 etsi

171 996 426 1067 imaginem
453 999 510 1047 et
557 993 980 1048 similitudinem
1020 995 1185 1061 fecit;
1237 994 1480 1048 similem
1523 999 1712 1048 autem
1795 1008 1898 1061 per
1923 991 2115 1062 fugam
2164 993 2412 1058 recessit,
2461 994 2558 1046 sed
2588 998 2747 1046 tanto
2787 994 2874 1048 sui
2907 995 3107 1049 melior
3143 1000 3230 1049 est
3269 996 3396 1048 elle-

169 1085 258 1138 Deo
281 1101 386 1137 esse
412 1081 664 1136 absolute
694 1081 904 1136 bonum
933 1088 1036 1136 est.
1796 1085 1938 1146 ctus,
1972 1086 2036 1134 ut
2054 1097 2167 1135 non
2189 1082 2370 1136 solum
2401 1081 2652 1136 debitum
2683 1083 2783 1136 tibi
2811 1083 3161 1154 obsequium,
3193 1089 3258 1138 ut
3283 1101 3397 1138 ser-

225 1193 242 1223 ι
278 1172 514 1226 Forsitan
544 1171 694 1225 enim
734 1170 862 1225 ideo
891 1170 1146 1226 discessit
1173 1171 1244 1225 ad
1275 1171 1472 1225 horam
1495 1187 1530 1224 a
1549 1176 1624 1237 te,
1647 1176 1714 1226 ut
1795 1185 1917 1234 vus,
1949 1186 2076 1223 cum
2108 1170 2260 1224 omni
2303 1170 2412 1224 fide
2460 1172 2756 1242 persolvat,
2811 1172 2909 1226 sed
2951 1178 3006 1226 et
3039 1173 3185 1227 sicut
3221 1174 3396 1227 frater

170 1279 190 1312 α
220 1269 458 1316 etei-num
485 1261 647 1314 illum
679 1261 975 1332 reciperes,
996 1267 1270 1332 tanquam
1299 1278 1412 1314 non
1436 1260 1580 1315 sicut
1600 1277 1713 1313 ser-
1795 1258 1954 1312 valde
1985 1275 2176 1313 amore
2208 1265 2306 1313 tuo
2315 1260 2546 1329 junctus
2562 1260 2752 1314 omnia
2771 1278 2872 1330 pro
2891 1266 2950 1315 te
2963 1261 3081 1332 pati
3103 1262 3170 1316 de
3192 1268 3393 1317 caetero

173 1373 188 1401 ι
221 1367 342 1415 vum,
371 1350 465 1403 sed
497 1350 624 1420 plus
656 1367 814 1404 servo
857 1351 1092 1404 fratrem
1133 1350 1546 1414 charissimum,
1597 1367 1712 1404 ma—
1793 1347 1870 1400 sit
1900 1354 2150 1418 paratus.
2203 1349 2272 1402 Et
2311 1349 2443 1420 quia
2474 1349 2752 1402 incertum
2781 1355 2921 1412 erat,
2963 1351 3009 1402 si
3051 1351 3166 1405 haec
3205 1351 3286 1406 ita
3333 1369 3393 1406 se

172 1459 190 1491 ι
220 1440 339 1492 xime
363 1437 493 1492 mihi
525 1456 538 1491 :
575 1445 786 1509 quanto
815 1444 1006 1492 autem
1033 1439 1214 1510 magis
1244 1439 1345 1492 tibi
1375 1444 1432 1492 et
1460 1439 1518 1492 in
1546 1455 1712 1492 carne
1795 1435 2086 1501 haberent,
2121 1437 2473 1491 conformans
2503 1438 2718 1492 dictum
2752 1456 2916 1492 suum
2937 1439 3128 1509 adjicit
3159 1459 3170 1492 :
3213 1460 3234 1490 ι
3273 1441 3392 1494 Ma-

171 1547 190 1578 ε
220 1529 338 1581 etin
357 1527 594 1581 Domino
626 1528 639 1580 !
673 1547 702 1580 ν
734 1529 1152 1599 Nonnunquam
1171 1529 1382 1582 malum
1413 1527 1627 1581 occasio
1649 1528 1714 1582 fit
1793 1524 1940 1578 xime
1968 1525 2127 1591 mihi,
2163 1532 2372 1596 quanto
2403 1527 2582 1596 magis
2613 1527 2734 1594 tibi,
2763 1533 2819 1580 et
2839 1528 2896 1581 in
2929 1546 3094 1582 carne
3126 1529 3260 1583 etin
3288 1531 3394 1584 Do-

168 1617 409 1683 bonorum,
432 1623 488 1670 et
507 1617 807 1671 hominum
819 1634 988 1688 prava
1009 1617 1241 1670 consilia
1268 1617 1418 1671 Deus
1444 1617 1614 1671 vertit
1639 1615 1709 1670 ad
1793 1613 1966 1667 mino.
2006 1633 2028 1665 ι
2065 1615 2164 1668 Est
2191 1615 2418 1684 quidem
2447 1615 2768 1683 obscurum,
2797 1618 2946 1687 quod
2967 1617 3177 1672 dictum
3209 1624 3296 1672 est
3323 1618 3393 1672 ob

161 1713 347 1760 lectum.
377 1706 534 1770 Quod
597 1706 720 1760 dico
775 1707 1126 1760 manifestius
1173 1707 1424 1777 exemplo
1463 1708 1577 1760 ﬁet.
1613 1695 2029 1760 Jo-Bnimium
2061 1705 2472 1774 compendium,
2508 1722 2573 1758 eo
2603 1706 2753 1776 quod
2789 1708 3090 1776 Apostolus
3128 1724 3274 1778 saepe
3303 1724 3394 1761 cu-

160 1795 264 1866 seph
285 1795 490 1861 fratres,
515 1795 612 1849 sui
641 1795 743 1849 zeli
771 1795 1013 1849 stimulis
1034 1795 1271 1861 incitati,
1305 1795 1603 1850 Ismaelitis
1631 1795 1707 1848 vi-
1787 1792 2150 1864 piens'aliqua
2162 1793 2862 1865 compendioseexplicare,
2881 1795 3225 1852 obscuritate
3243 1797 3393 1852 dicta

154 1884 264 1952 ginti
287 1885 458 1938 aureis
502 1885 899 1939 vendiderunt.
936 1883 1054 1938 Hoc
1101 1884 1324 1938 initium
1372 1890 1428 1938 et
1475 1885 1619 1956 patri
1651 1889 1708 1938 et
1789 1898 1892 1935 sua
1922 1882 2169 1935 involvit.
2190 1883 2453 1936 Testatur
2482 1888 2672 1936 autem
2703 1885 2770 1937 de
2802 1885 3086 1952 Onesimo,
3127 1887 3393 1956 quoniam

155 1971 375 2028 lintribus
393 1981 448 2026 et
473 1974 590 2028 toti
620 1974 861 2044 .Egypto
891 1972 1167 2027 bonorum
1189 1973 1442 2039 omnium
1457 1972 1580 2027 fuit.
1601 1974 1708 2026 De-
1788 1971 1962 2024 etiam
1989 1971 2093 2024 sibi
2131 1971 2302 2024 fuerit
2321 1971 2496 2035 utilis,
2527 1978 2650 2042 post
2691 1973 3138 2028 exhortationem
3169 1981 3228 2028 et
3253 1993 3388 2029 con-

153 2063 285 2132 nique
311 2063 420 2134 ipse
465 2067 671 2133 postea
699 2063 772 2116 ad
801 2063 1002 2116 fratres
1033 2081 1044 2116 :
1084 2081 1111 2114 α
1147 2062 1279 2128 Vos,
1319 2061 1517 2132 inquit,
1553 2062 1706 2131 cogi-
1789 2059 1996 2126 silium,
2021 2061 2170 2130 quod
2201 2078 2235 2114 a
2254 2077 2314 2114 se
2336 2066 2645 2130 acceperat.
2679 2063 2814 2115 Vult
2843 2063 2993 2115 enim
3022 2063 3227 2130 dicere,
3254 2081 3390 2135 quo-

152 2151 279 2204 tastis
302 2151 364 2204 de
394 2168 481 2204 me
513 2152 581 2205 in
608 2153 776 2216 mala,
800 2152 949 2206 Deus
970 2167 1100 2204 vero
1130 2151 1394 2221 cogitavit
1423 2151 1491 2204 de
1520 2168 1610 2204 me
1648 2150 1707 2204 in
1787 2148 1941 2202 niam
1971 2149 2018 2203 si
2047 2166 2182 2219 erga
2210 2167 2300 2202 me
2321 2149 2451 2202 talis
2472 2149 2686 2202 exstitit
2707 2167 2890 2204 mores
2916 2168 3046 2204 suos
3065 2152 3383 2218 demutans,

151 2238 278 2294 bona.
310 2259 332 2290 ι
363 2241 558 2294 Simile
579 2240 713 2311 quid
739 2247 796 2294 et
823 2241 882 2294 in
903 2240 1166 2296 Onesimo
1187 2257 1484 2310 possumus
1505 2239 1708 2293 intelli-
1789 2237 1870 2290 ita
1901 2243 1967 2292 ut
2009 2244 2207 2308 sponte
2241 2239 2403 2291 vellet
2451 2238 2589 2291 mihi
2632 2255 2796 2292 omne
2831 2239 3162 2310 obsequium
3191 2241 3388 2295 servile

147 2345 267 2398 gere,
310 2329 450 2400 quod
500 2330 660 2383 mala
716 2329 992 2401 principia
1033 2329 1354 2384 occasiones
1379 2328 1592 2384 fuerint
1621 2329 1703 2382 rei
1789 2325 2055 2396 praebere,
2090 2327 2562 2397 quemadmodum
2607 2343 2722 2380 non
2750 2334 2960 2398 ergata
2997 2329 3175 2382 multo
3207 2330 3388 2400 magis

150 2416 288 2472 bonae.
323 2419 377 2472 Si
413 2418 574 2472 enim
605 2419 898 2472 dominum
937 2435 1048 2472 non
1104 2418 1357 2488 fugisset,
1411 2434 1704 2488 nunquam
1787 2415 1896 2469 erit
1919 2415 2068 2481 talis,
2100 2415 2189 2469 cui
2211 2421 2268 2469 et
2296 2421 2524 2486 pr0pter
2553 2416 2719 2469 ﬁdem
2753 2423 2816 2470 ut
2839 2423 2969 2487 pote
2999 2419 3248 2472 studiose
3266 2419 3384 2489 pie-

149 2506 349 2560 venisset
369 2507 632 2574 Romam,
651 2507 748 2561 ubi
763 2513 886 2561 erat
901 2508 1108 2562 Paulus
1121 2507 1339 2560 vinctus
1358 2506 1418 2560 in
1431 2513 1662 2576 Lcarcere
1689 2523 1700 2557 :
1787 2503 1920 2558 tatis
1953 2505 2284 2558 charitatem
2314 2505 2626 2575 persolvere
2655 2505 2841 2570 debet,
2885 2511 2944 2560 et
2971 2507 3118 2560 sicut
3153 2507 3382 2561 domino

145 2595 182 2647 si
203 2596 412 2650 Paulum
445 2597 505 2650 in
523 2596 768 2650 vinculis
794 2613 906 2650 non
936 2595 1184 2660 vidisset,
1219 2595 1388 2648 ﬁdem
1416 2612 1530 2649 non
1551 2611 1703 2649 rece-
1788 2592 2077 2646 servitium
2106 2610 2234 2646 cum
2277 2593 2430 2646 omni
2457 2593 2716 2648 exhibere
2747 2595 3062 2649 ﬁdelitate?
3092 2597 3196 2650 hoc
3233 2596 3383 2650 enim

146 2683 284 2752 pisset
307 2684 361 2738 in
387 2684 702 2738 Christum.
737 2684 796 2738 Si
828 2684 1034 2738 Christi
1063 2701 1175 2738 non
1205 2682 1494 2736 habuisset
1512 2683 1700 2749 ﬁdem,
1786 2681 1920 2735 dicit
1945 2681 2005 2735 in
2033 2698 2201 2736 carne
2219 2699 2341 2751 quae
2371 2688 2457 2736 est
2471 2683 2777 2737 secundum
2793 2683 3239 2754 dispositionem.
3257 2687 3385 2739 Fre—

145 2789 386 2843 nunquam
407 2773 574 2828 Pauli
595 2773 826 2827 effectus
854 2773 1000 2826 filius
1030 2773 1089 2826 in
1117 2789 1258 2842 opus
1280 2771 1704 2841 Evangeliimit-
1786 2776 2024 2841 quenter
2035 2787 2163 2825 vero
2180 2787 2426 2836 carnem,
2445 2773 2752 2842 apostolica
2763 2773 2910 2826 dicta
2921 2773 3378 2844 interpretantes,

143 2866 334 2915 teretur.
364 2863 440 2916 Ex
468 2879 588 2934 quo
616 2862 888 2933 paulatim
917 2867 974 2914 et
993 2878 1094 2932 per
1120 2861 1328 2930 gradus
1358 2877 1508 2926 suos,
1558 2861 1702 2913 reci-
1783 2851 2240 2930 signiﬁcavimus,
2275 2860 2410 2930 quia
2435 2865 2646 2914 statum
2677 2863 2825 2916 hunc
2864 2865 3249 2934 temporalem,
3286 2863 3383 2934 qui

141 2957 362 3019 procante
387 2951 696 3017 sententia,
729 2940 854 3005 ideo
882 2950 1140 3004 minister
1177 2949 1462 3019 Evangelii
1493 2955 1580 3002 est
1617 2949 1701 3003 fa-
1729 3015 1762 3022 _
1782 2948 1841 3002 in
1870 2949 2131 3019 praesenti
2161 2948 2276 3002 vita
2305 2948 2564 3016 habetur,
2595 2949 2674 3003 sic
2703 2951 2843 3004 solet
2881 2969 3226 3022 nuncupare.
3263 2970 3289 3003 ς(
3324 2951 3383 3006 Si

141 3045 237 3092 ctus
261 3041 573 3106 Onesimus,
593 3040 726 3111 quia
737 3039 883 3110 fugit
907 3056 941 3093 a
969 3039 1216 3093 domino.
1235 3035 1492 3093 Pulchrae
1511 3043 1701 3092 autem
1721 3015 1764 3075 Ο
1783 3054 1915 3108 ergo
1943 3037 2117 3091 habes
2151 3056 2242 3092 me
2285 3039 2518 3104 socium,
2567 3039 2786 3110 suscipe
2815 3039 2974 3094 illum
3023 3041 3173 3095 sicut
3215 3057 3325 3095 me.
3354 3060 3378 3092 ι

142 3127 332 3196 addens,
367 3147 393 3181 or
415 3129 679 3194 forsitan,
701 3147 728 3182 ι)
754 3127 1094 3182 sententiam
1117 3126 1471 3197 temperavit.
1499 3127 1700 3181 Occul-
1784 3127 1964 3198 Super
1988 3127 2249 3181 omnibus
2275 3127 2440 3181 dictis
2459 3127 2566 3181 hoc
2592 3129 2677 3182 vel
2705 3129 2944 3182 maxime
2965 3124 3114 3183 dicto
3143 3147 3379 3200 persua-

141 3220 187 3268 ta
207 3225 320 3272 sunt
345 3219 558 3290 quippe
582 3217 796 3287 judicia
825 3217 945 3284 Dei,
971 3223 1030 3271 et
1047 3215 1414 3272 temerarium
1435 3222 1521 3270 est
1540 3216 1700 3286 quasi
1782 3214 1950 3269 debat
1987 3216 2058 3282 ei,
2091 3233 2156 3269 eo
2189 3217 2338 3287 quod
2367 3217 2418 3270 ei
2447 3217 2698 3281 decebat,
2733 3221 2798 3270 ut
2838 3218 2909 3270 ad
2938 3234 3295 3273 communem
3321 3219 3382 3272 ﬁ-

139 3303 192 3358 de
217 3313 350 3362 certo
377 3306 754 3379 pronuntiare
785 3307 933 3378 quod
963 3305 1197 3360 dubium
1226 3311 1328 3360 est.
1360 3327 1384 3355 ι
1417 3305 1696 3371 Forsitan,
1783 3303 1910 3358 dem
1948 3303 2228 3368 universa,
2274 3321 2396 3375 quae
2443 3304 2548 3358 sibi
2624 3306 2847 3372 adsunt,
2897 3307 3219 3361 communia
3256 3323 3378 3362 esse

139 3391 302 3464 inquit,
330 3397 452 3451 ideo
482 3397 764 3462 discessit,
800 3415 828 3447 ν
859 3401 1040 3461 caute,
1073 3394 1290 3460 timide,
1327 3395 1697 3465 trepidanter,
1784 3392 2041 3447 omnibus
2060 3393 2316 3448 ﬁdelibus
2338 3399 2645 3464 reputaret,
2667 3395 2814 3464 quod
2835 3411 2948 3464 prae
2964 3396 3179 3450 ceteris
3207 3397 3378 3450 etiam

139 3489 181 3536 et
196 3499 290 3539 non
316 3492 495 3540 totum
530 3487 640 3539 leO
667 3485 867 3556 gradu,
899 3502 970 3539 ne
999 3484 1048 3538 si
1087 3501 1201 3538 non
1223 3485 1504 3554 posuisset
1537 3503 1559 3534 ι
1584 3483 1702 3537 for-
1782 3481 1906 3548 sibi,
1931 3489 1996 3536 ut
2023 3488 2150 3553 pote
2180 3482 2533 3552 praedicatori
2575 3488 2632 3536 et
2661 3483 2875 3536 doctori
2902 3484 3229 3553 dogmatum
3259 3485 3379 3554 pie-

138 3572 269 3638 sitan,
291 3591 318 3626 ι
339 3573 607 3629 omnibus
625 3574 799 3628 servis
816 3573 1147 3644 fugiendum
1170 3578 1317 3627 esset
1332 3579 1394 3626 ut
1411 3572 1701 3643 apostolici
1781 3570 1915 3624 tatis
1945 3571 2046 3625 Dei
2087 3571 2200 3625 veri
2249 3570 2605 3624 existimabat
2654 3589 2665 3623 :
2709 3571 2755 3624 si
2794 3571 2975 3641 inquit
3003 3573 3379 3627 communicas

140 3661 317 3715 tierent.
331 3663 490 3726 Quod
507 3670 706 3716 autem
733 3681 759 3714 τι
782 3663 852 3716 ad
872 3663 1072 3716 horam
1096 3681 1118 3714 ι
1137 3661 1342 3732 junxit,
1366 3662 1565 3715 horam
1600 3678 1700 3732 pro
1783 3659 2087 3713 secundum
2122 3660 2311 3726 ﬁdem,
2347 3665 2403 3712 et
2422 3660 2493 3712 ad
2515 3659 2744 3728 plenum
2764 3660 3049 3713 existimas
3079 3661 3239 3715 nobis
3262 3679 3380 3715 om-

137 3755 348 3821 tempore
399 3751 678 3805 debemus
732 3750 984 3821 accipere
1032 3767 1047 3801 :
1105 3751 1175 3803 ad
1223 3749 1700 3819 comparationem
1785 3749 1880 3801 nia
1907 3765 2027 3801 esse
2059 3747 2397 3812 communia,
2421 3748 2606 3818 recipe
2631 3753 2687 3800 et
2700 3748 2849 3801 hunc
2882 3755 3110 3819 propter
3129 3767 3238 3816 me;
3264 3767 3378 3805 non

137 3837 255 3891 enim
272 3839 603 3904 aeternitatis
633 3856 797 3894 omne
818 3844 1041 3910 tempus
1071 3838 1233 3891 breve
1264 3842 1368 3891 est.
1393 3859 1414 3889 ι
1435 3839 1511 3892 Ut
1539 3844 1703 3892 aeter-
1784 3837 1889 3890 hoc
1916 3837 2068 3902 dicit,
2092 3842 2156 3890 ut
2184 3837 2244 3890 in
2271 3837 2467 3890 ordine
2497 3854 2626 3890 eum
2670 3837 2904 3907 recipiat
2931 3824 3203 3908 Apostoli,
3237 3855 3378 3910 quo-

137 3941 245 3980 num
289 3928 445 3983 illum
496 3929 798 3998 reciperes.
833 3946 864 3981 ι
894 3928 1095 3982 Nullus
1153 3933 1400 3981 aeternus
1442 3927 1702 3981 dominus
1786 3927 1950 3979 modo
1971 3925 2121 3979 enim
2137 3925 2259 3979 ﬁeri
2271 3931 2570 3996 poteratut
2589 3926 2694 3979 hoc
2710 3926 3190 3990 suaderet?sedut
3205 3927 3370 3994 dicat,

137 4015 250 4067 seni
268 4018 380 4084 sui;
412 4023 667 4088 potestas
697 4016 900 4088 quippe
932 4017 1054 4085 ejus
1068 4021 1125 4069 et
1143 4017 1434 4086 utriusque
1453 4015 1700 4070 conditio
1786 4015 1862 4068 Eo
1888 4015 2036 4084 quod
2055 4031 2158 4084 ego
2181 4031 2309 4068 eum
2337 4015 2539 4086 recepi,
2563 4015 2747 4086 recipe
2767 4021 2825 4070 et
2837 4021 2918 4069 tu.
2943 4015 3000 4070 Si
3021 4021 3212 4070 tamen
3231 4034 3377 4071 com-

138 4109 285 4158 morte
321 4107 542 4160 finitur.
583 4104 882 4161 Onesimus
926 4122 1056 4158 vero
1097 4105 1193 4175 qui
1224 4123 1289 4158 ex
1334 4106 1443 4158 ﬁde
1491 4105 1700 4159 Christi
1782 4103 1978 4158 munia
2005 4103 2196 4158 omnia
2214 4103 2376 4158 nobis
2399 4121 2520 4158 esse
2537 4105 2840 4159 existimas.
2867 4106 3064 4174 (Hie-1'.)
3084 4106 3379 4162 Philemon

137 4189 282 4246 factus
305 4200 552 4250 aetemus
583 4200 687 4256 est,
709 4199 917 4249 aeterno
955 4193 1286 4259 Philemoni,
1312 4194 1444 4264 quia
1467 4194 1525 4247 in
1545 4193 1702 4248 Chri-
1783 4193 2022 4247 Paulum
2052 4193 2264 4256 socium
2276 4193 2484 4248 habere
2505 4193 2779 4266 cupiebat,
2806 4201 2864 4249 et
2879 4195 2936 4249 in
2953 4196 3239 4250 Christum
3254 4213 3377 4252 cre-

135 4285 258 4336 stum
283 4291 338 4337 et
363 4285 485 4356 ipse
513 4284 849 4349 crediderat,
891 4283 1094 4355 spiritu
1140 4283 1418 4337 libertatis
1452 4289 1696 4353 accepto,
1715 4333 1763 4391 D
1782 4281 1938 4348 dens,
1958 4283 2100 4336 tales
2121 4284 2316 4354 utique
2337 4283 2557 4337 volebat
2575 4284 2782 4338 habere
2797 4285 3094 4355 profectus,
3119 4291 3180 4339 ut
3201 4287 3376 4341 Paulo

131 4369 227 4436 jam
248 4389 352 4427 non
378 4391 594 4440 servus,
618 4373 718 4428 sed
748 4373 922 4427 frater
941 4373 1109 4443 cmpit
1127 4389 1250 4426 esse
1279 4373 1347 4426 de
1379 4389 1558 4438 servo,
1587 4373 1692 4425 fra-
1717 4369 1763 4391 “'
1781 4371 1982 4425 similis
2012 4375 2190 4439 ﬁeret,
2226 4379 2282 4426 et
2311 4372 2361 4426 ei
2391 4373 2830 4426 communicaret
2858 4373 2916 4426 in
2947 4374 3199 4427 vinculis.
3235 4376 3377 4428 Con-

134 4463 202 4510 ter
216 4460 590 4530 charissimus,
615 4462 788 4517 frater
815 4469 1074 4525 aeternus,
1111 4467 1320 4516 mterno
1341 4466 1399 4514 et
1416 4461 1525 4532 ipsi
1551 4462 1699 4531 Apo-
1779 4460 2094 4515 sideremus
2135 4477 2268 4530 ergo
2319 4467 2590 4530 quantum
2631 4461 2721 4513 hic
2762 4462 3023 4515 laudetur
3052 4461 3370 4528 Onesimus,

133 4548 247 4602 stolo
267 4551 602 4622 dominoque
632 4569 752 4617 suo,
777 4551 867 4606 cui
897 4551 1224 4606 Onesimum
1252 4556 1316 4604 ut
1345 4551 1530 4604 carnis
1563 4556 1694 4604 ante
1778 4555 2053 4622 quantum
2101 4549 2398 4622 profecisse
2446 4549 2682 4614 dicatur,
2715 4565 2843 4602 cum
2892 4550 2972 4602 ita
3020 4549 3373 4620 recipiendus

133 4637 358 4703 conditio,
391 4641 474 4694 ita
501 4646 698 4712 postea
725 4640 956 4711 spiritus
985 4639 1300 4710 copulabat,
1327 4646 1384 4693 et
1409 4644 1544 4693 tunc
1575 4639 1695 4710 qui-
1777 4639 1868 4704 sit,
1888 4645 1953 4692 ut
1968 4639 2286 4709 Apostolus,
2315 4643 2372 4692 et
2386 4638 2463 4691 sic
2484 4639 2606 4708 ejus
2627 4637 2888 4692 dominus
2907 4643 2971 4691 ut
2991 4639 3150 4692 Pauli
3171 4639 3374 4694 debeat

133 4721 234 4778 dem
259 4730 480 4798 quando
505 4735 628 4784 erat
648 4728 700 4782 ei
727 4729 1011 4799 subjectus
1039 4729 1098 4783 in
1123 4746 1310 4795 carne,
1343 4746 1456 4782 non
1493 4735 1615 4782 erat
1643 4728 1694 4782 ei
1776 4728 2095 4781 desiderare
2145 4727 2507 4781 consortium.
2571 4727 2826 4781 Breviter
2879 4727 3026 4797 quod
3071 4728 3223 4796 dicit,
3259 4730 3371 4783 tale

129 4810 322 4877 junctus
349 4817 406 4871 in
427 4818 689 4884 Domino,
725 4835 875 4872 nunc
903 4823 1094 4872 autem
1123 4824 1181 4872 et
1201 4817 1259 4872 in
1281 4834 1448 4872 carne
1481 4817 1531 4870 ei
1557 4819 1694 4888 jun-
1777 4823 1862 4871 est
1893 4833 1904 4868 :
1941 4817 2001 4872 Si
2033 4833 2122 4883 me
2151 4816 2232 4869 vis
2263 4815 2469 4870 habere
2503 4821 2837 4876 consortem,
2868 4816 3070 4871 habeto
3097 4824 3156 4871 et
3183 4819 3374 4874 Onesi-

132 4906 227 4955 ctus
248 4911 330 4958 est
355 4913 414 4960 et
433 4906 494 4960 in
521 4907 758 4961 Domino
788 4925 799 4959 :
833 4924 900 4960 ex
919 4923 1030 4977 quo
1061 4906 1430 4976 intelligimus
1467 4923 1691 4960 servum
1774 4923 1950 4972 mum,
1979 4922 2147 4976 quem
2177 4921 2279 4974 ego
2309 4911 2626 4958 consortem
2649 4911 2706 4959 et
2741 4905 2920 4959 lilium
2938 4911 2996 4958 et
3008 4905 3219 4960 viscera
3247 4923 3374 4961 mea

133 4990 206 5058 qui
221 4994 532 5060 crediderit,
565 4995 772 5066 duplici
803 4995 1029 5050 domino
1067 5012 1168 5050 suo
1199 4996 1322 5066 lege
1362 4995 1687 5066 constringi,
1773 4994 1980 5059 habeo;
2015 5010 2182 5065 quem
2214 4993 2260 5046 si
2295 5011 2406 5048 non
2427 4994 2758 5064 susceperis,
2785 5011 2887 5048 nec
2907 4994 3113 5048 habere
3132 4995 3372 5050 volueris

130 5085 179 5130 ut
198 5081 242 5133 ei
263 5088 316 5136 et
345 5085 531 5138 carnis
560 5085 892 5144 necessitate
909 5086 1184 5156 jungatur
1202 5085 1273 5138 ad
1294 5089 1536 5154 tempus,
1561 5084 1690 5139 etin
1775 5089 1832 5138 et
1876 5083 1994 5154 ipse
2037 5083 2303 5152 intelligis
2331 5085 2478 5154 quod
2508 5101 2598 5137 me
2627 5083 2834 5138 habere
2863 5101 2976 5138 non
3004 5083 3202 5154 possis.
3247 5104 3269 5135 α
3312 5085 3371 5139 Si

131 5173 368 5226 aeternum
412 5174 615 5244 spiritu
654 5175 964 5246 c0pu1etur.
994 5173 1242 5244 (Ambr.)
1279 5173 1692 5228 Intendendum
1780 5190 1804 5225 α
1846 5179 2038 5226 autem
2067 5173 2278 5243 aliquid
2314 5173 2506 5227 nocuit
2525 5173 2625 5226 tibi
2653 5178 2752 5227 aut
2778 5172 2961 5238 debet,
2979 5174 3083 5226 hoc
3112 5172 3249 5225 mihi
3261 5173 3372 5227 im-

130 5271 232 5312 vero
257 5267 358 5328 est,
398 5263 665 5334 quoniam
695 5280 807 5318 non
836 5263 993 5327 dixit,
1029 5268 1093 5317 ut
1121 5262 1345 5328 habeas,
1382 5263 1478 5316 sed
1513 5267 1574 5316 ut
1602 5280 1693 5316 re-
1781 5281 1807 5312 «
1847 5268 2002 5332 puta.
2040 5282 2065 5313 »
2099 5247 2216 5315 Hoc
2250 5266 2352 5324 est,
2400 5279 2433 5315 a
2480 5279 2570 5316 me
2601 5263 2759 5334 exige
2803 5262 2917 5316 illa.
2971 5261 3228 5316 Imitator
3257 5264 3370 5318 Do-

129 5343 290 5416 Cipias,
316 5367 431 5406 non
463 5353 610 5406 enim
641 5353 744 5407 hoc
771 5352 925 5418 dicit,
957 5351 1222 5424 quoniam
1260 5352 1508 5417 recessit,
1540 5357 1604 5406 ut
1624 5352 1693 5406 de
1775 5351 1916 5404 mini
1945 5351 2048 5412 sui,
2085 5359 2141 5404 et
2173 5351 2460 5406 Christum
2494 5351 2555 5406 in
2584 5369 2643 5406 se
2673 5353 2996 5422 loquentem
3034 5351 3263 5419 habens,
3305 5370 3372 5408 ea

129 5441 298 5491 aetero
327 5439 536 5495 habeas
564 5457 696 5496 eum
722 5458 824 5512 pro
857 5458 1032 5508 servo,
1078 5442 1352 5512 majorem
1379 5457 1515 5510 erga
1563 5457 1694 5495 eum
1768 5441 1930 5511 juxta
1957 5440 2104 5494 vires
2134 5456 2264 5494 suas
2294 5439 2461 5494 debet
2486 5440 2668 5496 facere
2690 5458 2813 5512 quae
2845 5440 3122 5496 Christus.
3140 5442 3195 5514 Si
3219 5442 3372 5497 enim

129 5522 360 5584 allectum
377 5531 675 5588 ostendens
694 5550 705 5585 :
728 5547 860 5586 nam
876 5531 1173 5586 ridiculum
1205 5535 1329 5585 erat
1343 5530 1449 5586 hoc
1460 5530 1529 5584 de
1550 5529 1694 5600 fugi-
1775 5530 1868 5584 ille
1884 5529 2241 5584 infirmitates
2253 5534 2474 5584 nostras
2488 5530 2750 5601 portavit,
2773 5536 2830 5586 et
2839 5532 3034 5603 plagas
3041 5538 3263 5587 nostras
3277 5533 3372 5586 do-
