3848 6164
469 234 570 305 707

1062 247 1124 301 Β.
1167 241 1438 301 RABANI
1477 241 1709 301 MAURI
1745 243 2085 300 ARCHIEP.

2127 242 2451 301 MOGUNT.
2493 240 2790 302 OP'ERUM
2827 245 3008 301 PARS
3045 243 3146 300 III.
3549 251 3556 267 '
3598 251 3681 305 708

467 373 592 442 luit,
618 375 772 446 justo
829 373 1133 445 Apostolus
1180 383 1284 442 pro
1325 371 1590 426 Onesimo
1633 386 1695 423 se
1743 369 1975 440 opponit
2011 373 2125 432 οιΑ
2148 383 2469 436 causarum,
2493 368 2826 442 sapientiam
2847 369 3124 434 videlicet,
3133 368 3420 439 justitiam,
3439 345 3686 426 continen-

468 464 707 536 Spondet
736 477 858 534 quze
889 462 986 516 ille
1013 460 1272 515 debebat.
1298 461 1374 514 Ut
1390 465 1582 513 autem
1602 474 1777 536 supra
1800 458 2065 524 diximus,

471 534 654 607 totum
685 551 824 606 illud
860 557 947 605 est
975 550 1122 621 quod
1151 549 1400 603 ablatum
1429 549 1598 612 furto,
1644 534 1760 618 per.
1789 547 2067 602 luxuriam

471 640 774 712 perditum,
790 655 901 694 non
916 644 1139 711 poterat
1153 637 1382 701 absolvi,
1397 638 1544 708 quod
1557 636 1851 691 Philemon
1865 637 2069 706 grandi

467 729 649 801 pretio
674 727 1073 800 compensabat
1100 729 1236 780 dum
1267 743 1368 797 pro
1397 740 1556 780 servo
1601 724 1858 794 fugitivo,
1890 731 1948 778 et
1977 741 2072 795 pe-

469 817 636 873 cunia
665 818 905 890 perdita,
936 818 1168 871 fratrem
1203 815 1595 870 charissimam
1631 820 1689 867 et
1725 814 1956 867 fratrem
1985 830 2072 866 re-

469 907 680 978 ciperet
704 913 996 972 aeternum,
1030 912 1086 959 et
1117 922 1216 976 per
1235 921 1364 960 eum
1392 903 1498 958 sibi
1516 903 1846 975 Apostolum
1863 903 2074 957 faceret

469 995 801 1051 debitorem.
835 1015 858 1048 ι
883 997 1000 1066 Ego
1020 995 1229 1049 Paulus
1247 993 1445 1064 scripsi
1467 1009 1637 1046 manu
1659 1009 1804 1057 mea,
1819 1007 1922 1062 ego
1937 992 2068 1045 red-

469 1085 621 1152 dam,
635 1091 702 1140 ut
737 1100 849 1139 non
865 1084 1049 1138 dicam
1060 1083 1181 1148 tibi,
1206 1083 1339 1153 quia
1349 1089 1408 1137 et
1419 1083 1603 1153 ipsum
1615 1087 1672 1136 te
1685 1080 1826 1134 mihi
1841 1079 2029 1135 debes.
2043 1099 2066 1131 ι

469 1177 712 1247 (Arabia)
743 1174 1015 1228 Promisit
1059 1191 1120 1227 se
1155 1172 1528 1238 redditurum,
1577 1171 1758 1224 sciens
1805 1170 2072 1240 quoniam

469 1263 710 1318 dominis
736 1263 984 1334 reposita
1014 1267 1102 1316 est
1121 1261 1268 1332 apud
1298 1261 1479 1315 Deum
1501 1275 1714 1314 merces
1733 1259 1958 1329 copiosa
1971 1273 2072 1330 pro

471 1353 570 1406 illa
597 1352 851 1406 bonitate
897 1367 1072 1422 quam
1121 1367 1256 1420 erga
1310 1365 1497 1402 servos
1535 1365 1669 1403 suos
1715 1353 1990 1410 exercent,
2017 1352 2074 1400 et

477 1441 720 1496 maxime
747 1441 792 1494 si
823 1441 1048 1511 quando
1084 1437 1542 1508 delinquentibus
1571 1437 1682 1490 illis
1716 1437 1934 1490 veniam
1967 1437 2072 1490 tri-

474 1530 648 1584 buere
696 1529 992 1593 voluerint,
1037 1533 1095 1581 et
1123 1527 1422 1581 ostendens
1454 1527 1727 1596 quoniam
1767 1541 1878 1580 non
1907 1525 2075 1579 debet

475 1619 737 1674 haesitare
765 1619 834 1671 de
863 1617 1168 1671 tribuenda
1212 1615 1535 1686 huiusmodi
1561 1615 1764 1685 gratia,
1806 1639 1832 1668 ι
1865 1621 1930 1667 ut
1960 1631 2074 1668 non

2149 459 2306 520 tiam,
2361 459 2873 523 mansuetudinem,
2905 458 3353 529 temperantiam,
3393 459 3683 520 castitatem.

2148 547 2252 601 has
2272 549 2616 618 imprecatur
2642 549 2975 614 Philemoni,
3001 554 3068 601 ut
3093 563 3218 601 cum
3239 547 3324 600 his
3349 546 3684 610 abundaverit,

2150 638 2271 707 ipse
2291 651 2358 690 eo
2385 637 2678 707 perfruens
2707 637 3028 707 impleatur.
3061 637 3130 690 Et
3151 652 3222 690 ne
3248 643 3403 706 putes
3430 636 3567 690 illam
3581 637 3690 690 frui-

2151 726 2364 779 tionem
2391 726 2516 791 dici,
2549 741 2662 797 qua
2689 742 2790 780 nos
2819 743 2964 796 saepe
2993 725 3174 779 nostri
3195 725 3340 778 inter
3363 741 3460 778 nos
3485 741 3689 795 prasen-

2151 815 2234 868 tia
2259 815 2606 868 delectamur
2636 823 2695 869 et
2721 815 2983 879 fruimur,
3017 813 3256 876 addidit,
3273 832 3301 865 ι
3323 813 3381 866 in
3400 813 3641 867 Domino:
3671 837 3688 864 ι

2152 910 2218 958 ut
2245 919 2310 956 ex
2338 921 2405 957 eo
2428 905 2576 973 quod
2603 903 2828 958 Domini
2854 919 3064 957 nomen
3089 903 3409 972 adjunctus:
3444 908 3539 967 est,
3558 902 3693 956 inteb

2153 991 2424 1062 ligaretur
2451 997 2510 1046 et
2539 993 2654 1046 alia
2680 1009 2803 1046 esse
2847 992 3038 1046 fruitio
3088 1005 3202 1062 qua
3239 991 3364 1062 quis
3391 989 3582 1061 absque
3605 992 3696 1045 Do-

2153 1081 2308 1135 mino
2334 1080 2671 1152 perfruatur.
2703 1103 2722 1132 ι
2751 1083 2936 1136 Reﬁce
2966 1081 3180 1134 viscera
3207 1081 3405 1134 meain
3431 1079 3644 1134 Christo.
3675 1098 3694 1130 ι

2154 1171 2312 1225 Sicut
2340 1171 2459 1242 ipse
2487 1170 2595 1224 frui
2624 1171 2741 1224 vult
2771 1168 3101 1224 Philemone
3142 1169 3204 1222 in
3247 1169 3492 1232 Domino,
3519 1169 3590 1222 ita
3617 1169 3699 1222 vis-

2155 1275 2286 1314 cera
2311 1275 2415 1313 sua
2441 1260 2788 1324 Onesimum,
2821 1275 2990 1330 quem
3033 1265 3093 1312 et
3129 1257 3384 1330 superius
3411 1258 3588 1312 eodem
3618 1274 3700 1310 no-

2157 1349 2308 1402 mine
2361 1348 2692 1420 appellarat,
2745 1349 2896 1402 reﬁci
2955 1349 3076 1402 vult
3126 1364 3229 1418 per
3259 1347 3632 1412 Philemonem,
3658 1352 3702 1398 et

2155 1437 2420 1508 ambiguo
2457 1438 2668 1492 dictum
2717 1444 2907 1491 utrum
2964 1437 3182 1491 viscera
3219 1436 3376 1490 Pauli
3423 1435 3476 1489 in
3519 1435 3702 1488 Christo

2156 1527 2454 1581 Onesimus
2483 1528 2576 1594 sit,
2609 1543 2683 1580 an
2712 1527 2925 1580 viscera
2957 1525 3122 1580 Pauli
3152 1525 3445 1578 Onesimus
3487 1540 3579 1596 per
3604 1523 3705 1577 Phi-

2156 1617 2432 1670 lemonem
2453 1617 2508 1670 in
2533 1616 2758 1670 Christo
2785 1615 3094 1670 reﬁcienda
3122 1615 3256 1668 sint.
3299 1615 3357 1669 Si
3381 1613 3615 1684 superius
3636 1629 3705 1666 ac»

475 1707 660 1761 dicam
679 1706 803 1772 tibi,
839 1705 1106 1777 quoniam
1139 1705 1280 1759 mihi
1311 1704 1554 1774 teipsum
1582 1703 1770 1768 debes,
1815 1721 1842 1756 ιν
1876 1710 1934 1757 et
1960 1692 2136 1757 haecB
2155 1705 2342 1775 cipere
2369 1705 2630 1770 volueris,
2682 1711 2833 1759 recte
2863 1704 3024 1758 Pauli
3073 1704 3130 1757 in
3173 1703 3396 1758 Christo
3431 1701 3623 1755 viscera
3642 1701 3704 1754 di-

471 1796 696 1867 quidem
760 1795 1048 1866 promitto,
1081 1794 1280 1860 sciens,
1329 1795 1596 1864 quoniam
1624 1799 1683 1847 et
1727 1793 1845 1864 ipse
1893 1793 2074 1863 perci-

477 1885 638 1956 piens
657 1901 761 1956 per
787 1885 888 1939 Dei
918 1883 1361 1939 misericordiam
1389 1883 1640 1954 copiosas
1669 1882 1960 1936 mercedes
1975 1897 2076 1954 pro

478 1991 546 2028 ea
574 1973 845 2039 bonitate,
879 1969 1049 2044 quam
1079 1989 1214 2044 erga
1242 1973 1414 2027 istum
1442 1987 1591 2026 nunc
1623 1984 1864 2037 exerces,
1897 1979 1954 2025 te
1981 1986 2078 2024 au-

480 2069 600 2118 tem
625 2063 882 2118 convenit
927 2063 1176 2133 cogitare
1207 2061 1471 2132 quoniam
1501 2067 1560 2115 et
1601 2067 1785 2114 totum
1828 2066 1885 2114 te
1936 2060 2075 2113 mihi

479 2152 804 2218 debes,licet
823 2167 1048 2222 egonon
1069 2151 1486 2219 dicam.([lt’er.)
1499 2151 1659 2214 Quod
1676 2150 1814 2204 dicit
1825 2149 1939 2203 tale
1949 2153 2038 2202 est
2059 2167 2070 2200 :

485 2241 642 2306 Quod
659 2242 960 2296 Onesimus
977 2241 1132 2294 furto
1143 2240 1350 2311 rapuit,
1373 2255 1476 2310 ego
1498 2255 1588 2293 me
1623 2239 1870 2310 spondeo
1896 2238 2078 2292 reddi-

481 2331 870 2400 turum,hujus
890 2329 1206 2402 sponsionis
1229 2329 1477 2400 Epistola
1497 2330 1614 2384 haec
1633 2333 1692 2382 et
1709 2343 1911 2382 manus
1919 2329 2082 2382 testis

482 2427 569 2474 est
599 2419 845 2491 propria,
879 2435 1051 2490 quam
1081 2435 1195 2472 non
1226 2418 1390 2473 solito
1411 2433 1566 2472 more
1587 2417 1810 2480 dictavi,
1835 2418 1933 2471 sed
1953 2433 2083 2470 mea

494 2523 665 2563 manu
693 2508 814 2580 ipse
853 2508 1176 2578 conscripsi,
1211 2507 1376 2562 crede
1425 2507 1600 2576 igitur
1631 2505 1767 2560 mihi
1806 2521 1908 2577 pro
1939 2506 2082 2560 One-

482 2598 624 2652 simo
637 2597 919 2668 pollicenti
944 2597 1078 2650 :hoc
1106 2601 1299 2650 autem
1329 2595 1452 2649 dico
1473 2595 1630 2666 quasi
1662 2595 1731 2648 ad
1753 2601 2081 2649 extraneum

482 2687 716 2758 loquens
743 2705 757 2752 ;
791 2692 1056 2740 caeterum
1083 2685 1130 2739 si
1161 2685 1232 2738 ad
1257 2685 1352 2754 jus
1371 2699 1558 2738 meum
1582 2685 1831 2749 redeam,
1853 2689 2082 2754 propter

481 2789 800 2830 sermonem
811 2774 1216 2845 Christi,un
1226 2773 1328 2827 tibi
1341 2773 1709 2844 evang-elizavi
1731 2778 1787 2826 et
1805 2772 2082 2827 Christia-

483 2879 589 2919 nus
599 2863 830 2918 eti‘ectus
841 2869 984 2924 es,te
993 2863 1133 2916 mihi
1145 2863 1329 2934 ipsum
1343 2861 1686 2932 debes:quod
1697 2862 1743 2915 si
1755 2868 1818 2916 tu
1830 2877 1988 2915 meus
1999 2879 2078 2927 es,

2157 1801 2357 1848 centur
2383 1794 2701 1858 Onesimus,
2731 1809 2901 1864 quem
2921 1794 2978 1846 in
3008 1793 3247 1847 vinculis
3267 1791 3482 1846 Christo
3502 1790 3702 1860 genuit:

2157 1883 2205 1936 si
2235 1883 2532 1953 posterius,
2557 1883 2616 1936 in
2653 1882 2878 1937 Christo
2909 1883 3251 1937 reﬁciendas
3277 1886 3364 1935 est
3399 1879 3661 1935 Onesimus
3680 1894 3706 1930 a

2160 1972 2646 2037 Philemone,dum
2667 1972 2860 2042 ejusin
2871 1971 3104 2026 Christo
3114 1969 3464 2025 sermonibus
3472 1969 3704 2023 eruditur.

2237 2081 2260 2111 ι
2294 2062 2594 2115 Conﬁdens
2623 2061 2692 2114 de
2719 2060 3039 2116 obedientia
3072 2066 3175 2114 tua
3209 2058 3403 2130 scripsi
3429 2057 3542 2124 tibi,
3562 2057 3708 2110 sciens

2163 2167 2189 2203 α
2220 2150 2484 2221 quoniam
2517 2165 2687 2221 super
2715 2149 2769 2203 id
2803 2150 2954 2220 quod
2981 2149 3108 2204 dico
3132 2149 3320 2203 facies.
3344 2169 3365 2198 ι
3390 2145 3708 2214 (Ambr.)llac

2161 2244 2350 2293 autem
2369 2239 2450 2292 sic
2459 2239 2640 2293 scribo
2653 2255 2766 2293 non
2787 2237 3054 2293 dubitans
3077 2239 3230 2308 quod
3245 2236 3502 2290 velociter
3507 2234 3708 2306 gratiam

2161 2327 2380 2382 tribuas
2411 2345 2422 2380 :
2457 2328 2778 2382 econtrario
2804 2344 2936 2382 veno
2965 2327 3045 2382 sic
3066 2327 3435 2398 scripsissem,
3463 2324 3504 2378 si
3522 2340 3619 2377 non
3635 2339 3710 2376 no-

2162 2433 2311 2470 scam
2333 2417 2599 2486 quoniam
2619 2433 2734 2471 non
2751 2417 2932 2471 solum
2953 2417 3060 2471 hoc
3075 2417 3268 2480 facies,
3289 2415 3386 2470 sed
3405 2423 3461 2468 et
3475 2413 3519 2467 si
3537 2410 3708 2482 aliquid

2163 2507 2288 2577 plus
2307 2507 2696 2577 postulassent.
2729 2508 2934 2574 (Ηὶσν.)
2960 2505 3070 2570 Qui
3092 2505 3383 2577 pmumit
3409 2503 3475 2557 de
3502 2518 3562 2556 eo
3577 2515 3710 2570 quem

2163 2601 2464 2666 rogaturus
2484 2600 2588 2662 est,
2608 2595 2732 2665 ipsa
2742 2595 3160 2665 quodammodo
3176 2591 3593 2666 praesumptione
3606 2604 3714 2659 prm-

2158 2684 2392 2754 judicat,
2426 2699 2497 2737 ne
2534 2683 2586 2738 ei
2609 2699 2816 2754 negare
2836 2683 3016 2750 liceat,
3042 2685 3195 2755 quod
3224 2687 3470 2752 rogatur.
3505 2680 3654 2734 Porro
3675 2675 3710 2728 si

2165 2774 2272 2826 scit
2307 2773 2400 2827 ille
2429 2773 2525 2844 qui
2556 2773 2808 2844 postulat
2835 2774 2962 2844 plus
3008 2789 3183 2844 quam
3217 2772 3447 2842 rogavit,
3495 2773 3712 2837 rogatum

2165 2879 2286 2916 esse
2305 2861 2604 2928 facturum,
2633 2863 2760 2916 ideo
2788 2863 3010 2916 minora
3037 2862 3202 2933 petit,
3219 2867 3285 2916 ut
3310 2859 3506 2914 habeat
3521 2859 3710 2926 rogatus

479 2959 538 3008 et
553 2959 654 3007 tua
669 2953 860 3008 omnia
880 2957 1151 3006 measunt
1167 2970 1177 3004 :
1194 2951 1242 3005 si
1263 2956 1455 3005 autem
1475 2957 1576 3004 tua
1585 2951 1774 3005 omnia
1783 2965 1912 3004 mea
1927 2956 2079 3018 sunt,
2105 3008 2142 3021 η
2163 2951 2537 3005 voluntariam
2567 2958 2624 3004 et
2661 2951 2932 3021 majorem
2951 2951 3316 3021 praestatione
3341 2945 3645 3003 mercedem.
3665 2940 3709 2996 Si

488 3042 788 3096 Onesimus
799 3057 1022 3112 quoque
1039 3041 1136 3112 qui
1149 3047 1282 3094 tuus
1292 3046 1395 3106 est,
1413 3053 1573 3094 meus
1587 3045 1690 3094 est.
1707 3037 1966 3094 Poteram
1981 3039 2082 3110 igi-

481 3138 579 3185 tur
589 3148 656 3185 eo
675 3131 762 3184 uti
781 3136 846 3185 ut
863 3147 988 3185 meo
1015 3148 1027 3182 ε
1053 3130 1150 3184 sed
1173 3129 1443 3183 voluntati
1456 3134 1566 3182 tua:
1577 3129 1835 3199 relinquo
1854 3135 1918 3182 ut
1937 3145 2083 3183 mer-

477 3219 671 3274 cedem
711 3219 918 3273 habeas
959 3219 1315 3289 ig'noscendo.
1343 3235 1370 3270 «
1395 3219 1482 3272 Ita
1508 3219 1702 3283 frater,
1720 3234 1829 3288 ego
1851 3223 1908 3270 te
1925 3216 2082 3272 fruar

480 3308 537 3362 in
547 3308 976 3376 Domino,reﬁce
987 3307 1200 3362 viscera
1211 3323 1339 3361 mea
1348 3307 1632 3361 inChristo
1641 3309 1752 3376 .»(Α
1763 3307 2080 3376 mbr.)Nam

480 3396 629 3467 quod
643 3397 802 3462 dixit,
813 3413 840 3449 α
854 3395 1050 3467 egotui
1064 3395 1290 3449 fruarin
1302 3395 1560 3460 Domino,
1573 3414 1596 3444 ι
1613 3410 1714 3465 pro
1727 3395 1816 3465 adj
1824 3395 2080 3449 aratione

481 3485 670 3556 posuit
686 3503 698 3538 :
711 3485 846 3540 dicit
855 3491 1067 3548 autem,
1088 3485 1238 3555 quod
1258 3485 1330 3538 do
1351 3484 1432 3538 illi
1449 3484 1667 3538 veniam
1679 3485 1749 3538 de
1761 3483 2076 3555 praeteritis,

482 3575 794 3645 suscipiens
823 3589 972 3641 eum,
1006 3573 1360 3645 requiescere
1379 3589 1600 3626 mecum
1626 3573 1792 3626 facito
1819 3573 2004 3644 :cEgo
2025 3580 2082 3627 te

480 3663 636 3718 fruar
643 3663 704 3717 in
715 3663 973 3728 Domino,
987 3664 1121 3718 nhoc
1133 3663 1322 3729 est,sic
1333 3663 1553 3716 videam
1564 3670 1620 3716 te
1631 3662 1690 3715 in
1703 3662 1962 3716 omnibus
1971 3663 2082 3716 illis

483 3766 606 3822 quae
625 3753 934 3808 secundum
963 3757 1098 3806 sunt
1114 3752 1422 3822 profectum
1443 3750 1742 3805 habentem
1771 3751 2082 3821 spiritalem

482 3841 631 3910 quod
643 3857 830 3896 meum
842 3857 962 3896 esse
975 3841 1228 3896 existimo
1241 3841 1476 3895 lucrum.
1486 3839 1553 3894 Et
1561 3839 1695 3910 quia
1708 3841 1864 3909 larga
1873 3839 2084 3910 suppli-

2100 3008 2144 3068 Ο

2121 3030 2144 3068 ³
2161 3045 2350 3095 autem
2381 3041 2672 3094 Philemon
2703 3041 2806 3094 hoc
2841 3041 2912 3093 ad
2942 3039 3190 3094 hominis
3217 3043 3546 3111 prmceptum
3587 3030 3707 3089 facit.

2163 3135 2375 3200 quanto
2405 3129 2582 3198 magis
2628 3129 2797 3182 faciet
2831 3129 2904 3182 ob
2930 3129 3291 3182 dilectionem
3321 3127 3420 3180 Dei
3459 3126 3482 3177 ?
3508 3121 3637 3177 unde
3668 3122 3712 3171 et

2162 3219 2364 3272 merito
2373 3218 2624 3289 Apostoli
2643 3233 2772 3271 voce
2786 3218 3049 3272 laudatur
3060 3218 3212 3289 quod
3225 3216 3485 3270 mandata
3493 3213 3711 3282 ejusope-

2162 3323 2222 3361 re
2238 3312 2551 3378 praevertat,
2578 3313 2638 3361 et
2667 3307 2844 3377 possit
2864 3306 3049 3360 dicere
3089 3327 3113 3356 ι
3151 3305 3480 3365 Voluntaria
3496 3300 3598 3355 oris
3622 3295 3708 3351 mei

2163 3397 2547 3467 complaceant
2559 3395 2682 3462 tibi,
2701 3396 2938 3450 Domine
2959 3397 3122 3466 (Psal.
3142 3399 3355 3463 cxvm).
3389 3413 3414 3446 ν
3445 3393 3506 3446 In
3521 3389 3598 3443 his
3614 3401 3710 3457 pos-

2162 3485 2493 3539 tulationem
2521 3500 2683 3538 suam
2703 3485 3017 3538 terminans
3043 3484 3242 3554 adjicit
3273 3502 3284 3536 :
3311 3479 3519 3537 (Simul
3539 3484 3591 3530 et
3602 3488 3710 3546 para

2163 3574 2303 3627 mihi
2333 3575 2655 3644 hospitium.
2683 3596 2707 3626 ι
2723 3575 2848 3628 Non
2875 3579 3012 3645 puto
3035 3579 3154 3626 tam
3175 3573 3404 3627 divitem
3419 3569 3577 3624 fuisse
3591 3567 3710 3633 Apo-

2164 3664 2390 3728 stolum,
2425 3669 2480 3716 et
2499 3663 2674 3717 tantis
2705 3663 2941 3716 sarcinis
2970 3669 3325 3732 occupatum,
3357 3667 3422 3714 ut
3447 3656 3711 3730 praeparato

2165 3759 2356 3822 egeret
2369 3751 2633 3823 hospitio,
2656 3758 2714 3805 et
2731 3767 2843 3806 non
2866 3767 2980 3805 una
3008 3758 3308 3806 contentus
3330 3748 3537 3811 cellula,
3556 3743 3714 3797 breves

2165 3841 2414 3913 corporis
2448 3841 2534 3895 sui
2568 3841 2750 3912 spatio
2788 3842 2953 3906 sedes,
2988 3841 3366 3911 amplissimas
3409 3833 3710 3892 aisﬁmaret:

481 3931 700 3983 catione
711 3931 946 3984 decebat
955 3947 1154 4000 rogare
1171 3931 1408 3984 Paulum
1419 3929 1891 3998 contemplatione
1903 3929 2083 3982 humi-
2163 3931 2259 3984 sed
2289 3936 2354 3984 ut
2381 3931 2514 3984 dum
2545 3945 2675 3984 eum
2695 3935 2980 4000 exspectat
2996 3929 3292 3984 Philemon
3304 3928 3374 3982 ad
3401 3942 3458 3979 se
3482 3937 3590 3978 esse
3607 3932 3712 3971 ven-

478 4018 976 4083 litatis,videbatur
993 4023 1184 4072 autem
1203 4017 1450 4088 aliquam
1465 4017 1670 4070 habere
1681 4017 2075 4088 suspicionem,
2162 4024 2374 4084 turum,
2395 4020 2574 4090 magis
2596 4019 2765 4073 faciat
2793 4020 2939 4090 quod
2963 4025 3194 4088 rogatus
3219 4025 3324 4072 est.
3355 4016 3412 4070 Si
3438 4019 3611 4068 autem
3633 4007 3712 4059 hoc

481 4105 746 4160 utforsan
758 4105 1054 4160 Philemon
1065 4122 1178 4160 non
1201 4105 1362 4160 facile
1379 4106 1643 4160 annuerit
1655 4107 1779 4175 ejus
1790 4107 2078 4176 petitioni-
2163 4123 2274 4162 non
2304 4107 2728 4179 dispensatorie,
2763 4109 2858 4162 sed
2888 4123 3018 4161 vere
3065 4108 3194 4178 quis
3239 4106 3476 4162 aestimat
3507 4101 3709 4168 impera-

482 4194 605 4261 bus,
629 4194 864 4266 ideoque
885 4195 961 4248 sit
977 4195 1280 4265 Apostolus
1293 4199 1516 4248 coactus
1532 4194 1928 4265 superabunde
1949 4209 2079 4250 eum
2162 4203 2303 4264 tum,
2335 4204 2400 4252 ut
2427 4197 2530 4251 sibi
2559 4197 2865 4268 hospitium
2897 4203 3262 4268 praepararet,
3286 4191 3542 4266 Apostolo
3566 4183 3709 4253 ωυεξίε

479 4283 717 4355 precari.
737 4285 940 4355 (Ηίεν.)
955 4283 1365 4354 Proprietatem
1382 4284 1634 4338 Graecam
1653 4283 1886 4338 Latinus
1895 4301 2079 4339 sermo
2093 4301 2331 4387 D[quam
2351 4287 2526 4342 Paulo
2552 4286 2856 4356 hospitium
2883 4286 3319 4357 prmparandum
3338 4289 3438 4338 est.
3467 4281 3706 4387 Ventum:

479 4389 593 4428 non
603 4373 1026 4445 explicat.Quod
1040 4373 1190 4427 enim
1203 4373 1780 4452 ait,Nul,d6alos,Nai
1793 4374 2075 4444 quoddam
2093 4363 2142 4387 υ
2164 4375 2234 4430 ad
2272 4391 2473 4429 novam
2521 4375 2821 4436 civitatem,
2861 4375 3264 4446 praedicaturus
3308 4371 3639 4428 Crucifixum,
3662 4363 3708 4412 et

485 4463 643 4534 quasi
663 4463 993 4518 adverbium
1007 4462 1443 4517 blandientisest
1461 4479 1472 4514 :
1489 4477 1592 4516 nos
1607 4466 1796 4516 autem
1810 4461 2082 4534 interpre-
2161 4465 2221 4519 in
2241 4463 2436 4519 audita
2453 4465 2719 4535 dogmata
2745 4465 3055 4530 delaturus,
3079 4463 3295 4518 sciebat
3311 4463 3382 4517 ad
3399 4477 3458 4515 se
3477 4453 3705 4530 plurimos

433 4541 438 4546 ’
482 4559 688 4619 tantes,
709 4572 730 4604 ι
757 4553 838 4608 ita
857 4553 1031 4608 frater
1067 4572 1094 4604 ι
1119 4552 1391 4624 aequalius
1419 4557 1476 4606 et
1489 4551 1786 4606 dilucidius
1803 4551 2074 4621 [Hz'cron.,
2163 4569 2548 4620 concursuros,
2581 4560 2640 4607 et
2676 4569 2904 4608 necesse
2933 4561 3056 4606 erat
3085 4552 3332 4622 primum
3366 4556 3430 4605 ut
3453 4549 3629 4602 domus
3659 4538 3704 4589 in

481 4641 742 4712 aquatius
755 4642 1078 4713 etdilutius]
1098 4641 1284 4696 nescio
1301 4640 1433 4713 quid
1459 4642 1638 4713 magis
1660 4641 1813 4696 aliud
1833 4657 2002 4712 quam
2020 4643 2078 4697 id
2161 4643 2364 4698 celebri
2385 4648 2535 4696 esset
2558 4643 2714 4696 urbis
2731 4641 2872 4709 loco,
2891 4643 2962 4716 ad
2975 4657 3145 4712 quam
3166 4643 3326 4696 facile
3343 4633 3700 4696 conveniretur;

483 4729 630 4798 quod
649 4729 1024 4800 estscrlptum
1043 4744 1327 4784 sonamus.
1346 4729 1501 4784 Sicut
1513 4731 1804 4793 cuinam:
1821 4730 1957 4785 illud
1974 4732 2080 4784 He-
2161 4733 2362 4786 deinde
2390 4738 2455 4787 ut
2481 4733 2553 4786 ab
2579 4731 2733 4786 omni
2756 4731 3185 4803 importunitate
3205 4747 3377 4785 vacua
3405 4747 3416 4780 :
3447 4731 3508 4780 ut
3531 4716 3700 4788 amplae

363 4869 378 4885 ,
483 4815 732 4870 braicum
753 4833 854 4887 pro
869 4834 979 4888 quo
1010 4819 1334 4890 frequenter
1358 4819 1718 4890 septuaginta
1739 4821 2081 4890 Interpretes
2163 4839 2286 4892 quae
2316 4821 2586 4892 plurimos
2614 4827 2844 4892 caperet
2869 4821 3252 4888 audientium;
3284 4836 3354 4874 ne
3367 4814 3702 4890 proximisl’e'

481 4896 526 4965 ὧ
543 4906 607 4978 δή
627 4906 1058 4972 transtulerunt,
1073 4904 1132 4961 in
1147 4907 1342 4978 lingua
1353 4924 1460 4962 sua
1475 4909 1755 4977 signiﬁcat
1771 4908 2078 4979 deprecan-

479 4996 554 5050 tis
563 4995 1004 5060 ad’ectummnde
1031 5011 1435 5067 nonnunquam
1450 4997 1821 5068 Symmachus
1834 5010 1934 5067 pro
1942 5001 2078 5060 nm

482 5085 688 5159 δέομαι,
702 5085 807 5140 hoc
817 5089 920 5148 est,
945 5086 1473 5149 obsecro,transtulit
1495 5103 1506 5138 :
1527 5085 1608 5138 ita
1625 5091 1685 5139 et
1703 5101 1806 5139 nos
1817 5086 2077 5140 eamdem

483 5172 543 5226 in
563 5174 758 5228 Graeca
777 5174 971 5245 lingua
990 5173 1102 5226 vim
1123 5172 1372 5244 patimur
1399 5190 1570 5245 quam
1597 5174 1775 5229 Graeci
1796 5175 2078 5228 sustinent

479 5260 538 5315 in
549 5263 804 5318 Hebraea.
827 5263 986 5328 Quod
1005 5268 1196 5317 autem
1215 5261 1313 5327 ait,
1325 5281 1351 5314 α
1366 5280 1468 5333 ego
1479 5271 1535 5317 te
1545 5263 1702 5316 fruar
1709 5263 1769 5316 in
1781 5263 2036 5330 Domino,
2051 5287 2072 5314 ι

481 5349 634 5404 aliud
653 5352 832 5404 multo
853 5352 1380 5423 intelligitur,quam
1391 5353 1952 5423 putatur.Apostolus
1961 5368 2076 5408 non

481 5438 705 5503 ﬂ'uitur,
711 5439 818 5493 nisi
829 5456 896 5494 eo
909 5443 1004 5512 qui
1034 5443 1240 5496 multas
1261 5441 1320 5496 in
1347 5441 1590 5499 sehabet
1605 5441 2077 5513 concinentesque

483 5528 738 5596 virtutes,
754 5531 1163 5600 ettotmnquod
1181 5531 1440 5587 Christus
1458 5531 1668 5586 dicimur
1683 5547 1788 5603 pro
1803 5531 2076 5588 varietate

2161 4912 2510 4965 ctaculorum
2539 4911 2702 4976 locis;
2736 4926 2807 4964 ne
2835 4909 2989 4981 turpi
3017 4909 3202 4964 vicina
3226 4902 3556 4964 detestabilis
3587 4907 3702 4964 =.P°‘

2160 5005 2370 5054 stremo
2395 5007 2462 5054 ut
2489 5001 2548 5054 in
2575 5001 2744 5071 plano
2758 5000 2946 5070 potius
2963 5005 3114 5054 esset
3135 4999 3262 5064 sita,
3295 5011 3459 5070 quam
3487 4991 3704 5046 incisus-

2159 5089 2302 5142 culo.
2335 5091 2518 5154 Quam
2548 5089 2618 5143 ob
2659 5105 2888 5143 causam
2925 5104 3057 5148 cum
3101 5088 3315 5143 aestimo
3339 5085 3502 5140 etiam
3545 5078 3700 5131 Romae

2159 5177 2218 5231 in
2245 5179 2522 5233 conducto
2535 5179 2809 5232 mansisse
2837 5178 3082 5242 biennio,
3099 5193 3204 5231 nec
3219 5192 3386 5249 parva
3405 5178 3464 5228 ut
3481 5181 3594 5224 reor
3605 5165 3700 5215 θηί

2159 5268 2395 5333 mansio,
2415 5268 2487 5322 ad
2509 5284 2677 5338 quam
2705 5267 3026 5322 Judaeorum
3043 5266 3221 5321 turbae
3240 5262 3480 5338 quotidie
3496 5253 3698 5312 conﬂue-

2158 5355 2312 5410 bant.
2351 5377 2372 5407 ι
2401 5357 2575 5426 Spero
2601 5358 2751 5410 enim
2782 5355 3180 5428 perorationes
3205 5361 3415 5410 vestras
3431 5341 3606 5405 donari
3623 5350 3696 5428 βε

2159 5445 2329 5500 vobis.
2358 5464 2382 5496 ι
2406 5445 2609 5500 Filium
2639 5449 2787 5517 patri
2815 5447 2964 5500 Deus
2995 5451 3226 5516 rogatus
3253 5443 3509 5512 indulget.
3539 5437 3587 5487 et
3608 5427 3692 5481 ίαν

2159 5539 2250 5589 ter
2276 5550 2423 5606 saepe
2449 5533 2644 5589 ﬁ'atris
2669 5534 2924 5590 omtione
2966 5539 3244 5590 servatur.
3281 5526 3561 5606 Apomlnﬂ
3589 5527 3693 5570 τσο
