3848 6164
106 243 192 298 709
457 237 1032 296 ENARRATIONUM
1067 239 1148 294 IN
1197 239 1355 296 EPP.
1396 239 1612 298 PAULI
1649 240 1790 297 LIB.
1821 239 2105 296 XXVL—
2140 243 2219 298 IN
2254 239 2480 296 EPIST.
2519 240 2618 296 AD
2655 241 2951 299 PHJLEM.
3255 244 3362 301 710

102 367 251 420 totius
275 365 518 420 Ecclesiae
547 364 808 436 precibus
855 363 1199 430 conceditur,
1235 364 1304 420 ob
1335 381 1532 419 eorum
1563 365 1721 436 quiA
1742 369 1854 417 tur:
1892 384 1918 416 (ί
1954 365 2414 428 Hebmisunt,et
2429 382 2560 437 ego:
2583 368 2850 425 Israelita
2871 376 3204 442 sunt,etego
3229 391 3356 440 ;sa-

107 473 215 509 eum
227 453 455 509 audituri
474 461 611 508 sunt
631 453 949 507 utilitatem.
973 454 1041 507 Et
1057 454 1161 508 hoc
1177 453 1388 507 donum
1411 471 1524 508 non
1551 459 1669 507 tam
1753 470 1880 506 men
1897 453 2134 508 Abrahae
2167 461 2319 519 sunt,
2341 461 2399 508 et
2426 472 2530 524 ego
2553 458 2605 523 (Ι
2632 457 2753 510 Cor.
2781 463 2860 523 x1)
2884 478 2896 526 ;
2937 479 2960 511 »
2994 465 3051 514 et
3077 476 3306 516 rursum
3337 481 3348 515 :

109 546 154 599 in
180 561 294 597 eum
321 543 520 597 dicitur
539 559 680 608 esse,
709 542 805 613 qui
824 542 1126 596 differtura
1153 542 1507 614 martyrio'ad
1528 559 1671 596 mar—
1761 561 1778 590 I
1806 541 2072 598 Hebraeus
2093 560 2154 596 ex
2177 543 2429 598 Hebraeis
2465 567 2488 595 »
2517 543 2738 614 (Philip.
2769 550 2865 614 Ill),
2897 555 2956 601 et
2983 554 3202 612 caetera,
3237 569 3361 621 quae

109 633 286 704 tyrium
315 639 675 703 praeparatus,
708 648 876 702 quam
896 631 955 686 in
984 648 1079 686 eos
1109 631 1182 686 ad
1213 649 1352 702 quos
1369 632 1669 702 Apostolus
1752 629 1914 685 illum
1953 632 2210 686 Judaeum
2249 633 2431 703 magis
2458 632 2728 700 indicant,
2758 652 2928 706 quam
2958 637 3352 694 Tharsensem.

109 723 334 776 mittitur.
359 721 516 785 Quod
541 727 733 775 autem
767 719 962 774 crebro
983 721 1193 775 Paulus
1219 721 1276 774 in
1307 737 1528 775 carcere
1557 721 1670 775 fue-
1753 721 1912 785 Quod
1937 721 1986 774 si
2013 721 2093 774 ita
2115 729 2218 787 est,
2233 738 2532 792 possumus
2560 730 2616 775 et
2639 724 2958 795 Epaphram
2975 726 3072 782 illo
3101 732 3354 800 tempore

113 812 169 864 rit
188 817 235 864 et
251 811 312 864 de
334 811 565 864 vinculis
598 809 868 864 liberatus
891 810 982 874 sit,
1009 810 1128 880 ipse
1155 809 1214 863 in
1246 809 1356 863 alio
1382 811 1502 863 loco
1536 809 1673 863 dicit
1753 814 1982 880 captum
2031 811 2322 881 suspicari,
2385 827 2496 882 quo
2525 817 2724 882 captus
2763 820 2849 868 est
2876 815 3102 878 Paulus,
3142 823 3200 870 et
3227 834 3358 872 cum

116 929 131 945 ιι
153 901 200 954 in
226 899 528 954 carceribus
557 898 884 970 frequenter
904 899 988 964 (ΙΙ
1011 899 1132 953 Cor.
1163 902 1261 967 x1).
1297 917 1324 950 ι
1358 899 1438 952 De
1469 898 1672 969 quibus
1756 897 2083 968 parentibus
2112 899 2228 953 suis
2266 899 2324 952 in
2379 899 2622 954 Colossis
2651 901 2787 955 urbe
2815 903 2962 957 Asiae
3002 905 3355 973 collocatum,

113 1004 470 1058 nonnunquam
496 987 721 1041 Domini
741 987 968 1052 auxilio,
986 986 1180 1041 crebro
1200 987 1337 1058 ipsis
1361 993 1676 1058 persecuto-
1757 987 1966 1040 Christi
2016 993 2211 1058 postea
2259 989 2535 1060 recepisse
2575 1005 2897 1045 sermonem
2941 1011 2953 1059 ;
3010 994 3159 1049 unde
3203 1000 3261 1050 et
3286 996 3358 1049 ad

111 1077 236 1130 ribus
259 1077 390 1130 nihil
419 1075 657 1146 dignum
683 1076 739 1130 in
760 1092 825 1130 eo
846 1081 1025 1130 morte
1051 1075 1463 1130 invenientibus
1483 1075 1676 1130 dimit-
1759 1075 2134 1141 Colossenses,
2166 1083 2232 1132 ut
2259 1093 2432 1148 supra
2467 1077 2729 1144 diximus,
2762 1080 3045 1136 scribitur.
3083 1105 3106 1132 ι
3140 1083 3362 1139 Salutat

1755 1181 1850 1217 vos
1867 1165 2172 1236 Epaphras,
2206 1165 2302 1236 qui
2332 1171 2419 1220 est
2437 1184 2500 1220 ex
2537 1167 2710 1232 vobis,
2747 1186 2940 1223 servus
2977 1171 3186 1226 Christi
3217 1189 3360 1226 sem-

1757 1270 1856 1323 per
1873 1253 2144 1308 sollicitus
2174 1271 2274 1324 pro
2303 1254 2460 1334 vobis
2480 1255 2539 1309 in
2561 1255 2909 1311 orationibus
2946 1261 3161 1320 (Colon.
3197 1267 3290 1332 IV).
3331 1283 3355 1312 »

1759 1343 1876 1396 Hoc
1885 1341 1932 1396 si
1954 1359 2014 1395 se
2035 1343 2116 1396 ita
2131 1343 2738 1411 habeat,Aristarchus,
2759 1346 3222 1418 quiconcaptivus
3237 1351 3360 1419 ejus

113 1437 204 1485 tate
219 1430 620 1502 praedicationis
635 1430 797 1484 sivea
815 1429 1021 1486 Iudaeis
1050 1431 1445 1496 invidentibus,
1479 1432 1572 1485 sed
1605 1429 1674 1485 ab
1757 1429 1813 1482 in
1835 1430 2034 1484 eadem
2054 1431 2536 1502 Epistoladicimr,
2556 1433 2625 1486 ad
2647 1435 2906 1488 eamdem
2926 1435 3354 1508 intelligentiam

114 1521 180 1572 his
202 1521 281 1590 qui
307 1536 404 1573 sua
435 1519 706 1574 videbant
721 1519 870 1574 idola
889 1520 1122 1585 destrui,
1142 1520 1214 1574 ad
1231 1521 1479 1574 furorem
1496 1537 1674 1591 popu-
1757 1519 2186 1584 deducitur,nisi
2208 1520 2348 1574 forte
2371 1522 2720 1576 reconditum
2743 1523 2954 1593 aliquid
2980 1531 3037 1578 et
3057 1533 3355 1588 sacratum,

113 1609 165 1661 lis
187 1609 478 1674 concitatis,
509 1609 669 1662 missi
695 1609 754 1662 in
783 1625 1084 1674 carcerem,
1117 1625 1342 1663 rursum
1382 1609 1595 1680 impetu
1619 1615 1676 1663 et
1759 1607 2060 1677 utquidam
2085 1610 2368 1679 putant,in
2389 1609 2556 1663 verbo
2569 1611 2911 1680 captivitatis
2933 1615 3194 1678 ostendit,
3211 1616 3358 1686 quod

111 1695 262 1751 fuiore
286 1698 542 1768 deposito
573 1697 925 1752 laxabantur.
957 1695 1026 1751 Et
1053 1697 1158 1750 hoc
1189 1697 1270 1752 ita
1298 1715 1418 1751 esse
1447 1702 1510 1751 ut
1536 1697 1676 1752 dici-
1691 1686 1740 1746 B
1756 1695 1906 1766 capti
1929 1696 2141 1766 pariter
2161 1703 2217 1750 et
2241 1697 2408 1750 vincti
2427 1697 2486 1752 in
2505 1699 2706 1753 vallem
2727 1701 2871 1754 hanc
2889 1702 3117 1756 adducti
3137 1704 3252 1757 sint
3275 1705 3357 1758 la-

111 1803 210 1839 mus
231 1787 608 1858 apostolorum
631 1787 771 1840 Acta
797 1791 1098 1853 testantur,
1123 1787 1181 1840 in
1210 1786 1412 1858 quibus
1441 1791 1499 1840 et
1523 1786 1676 1840 Felix
1756 1785 2266 1856 crymarum.Quod
2286 1787 2612 1841 sineutrum
2637 1789 2997 1860 recipitur,ex
3013 1808 3080 1845 eo
3101 1793 3251 1863 quod
3271 1793 3360 1846 hic

111 1875 316 1946 loquitur
333 1875 403 1929 ad
433 1875 783 1947 Agrippam:
814 1896 836 1926 ι
871 1875 1127 1930 Potuisse
1154 1875 1363 1944 dimitti
1412 1875 1672 1940 Paulum,
1758 1873 2014 1928 additum
2036 1880 2122 1928 est
2138 1875 2963 1948 ainChristoJesu,»possumus
2976 1880 3250 1952 suspicari
3261 1898 3360 1936 ea-

111 1165 324 1219 tebatur:
357 1165 602 1218 necdum
623 1165 775 1218 enim
793 1181 961 1236 super
990 1165 1216 1219 nomine
1247 1165 1568 1219 Christiano
1589 1182 1672 1218 se-

113 1254 493 1308 natusconsulta
534 1258 952 1324 praecesserant,
999 1269 1102 1307 nec
1129 1254 1266 1308 dum
1289 1253 1672 1307 Christianum

113 1342 395 1412 sanguinem
417 1343 664 1396 Neronis
679 1343 903 1413 gladius
930 1343 1220 1400 dedicarat
1239 1361 1253 1409 ;
1275 1343 1375 1397 sed
1402 1359 1503 1413 pro
1524 1343 1676 1396 novi-

112 1964 254 2018 sinon
273 1964 612 2036 appellasset
639 1963 710 2018 ad
741 1963 1017 2020 Caesarem
1039 1963 1182 2027 (Act.
1216 1968 1384 2030 xxvx);
1414 1985 1434 2014 ι
1467 1970 1525 2018 et
1545 1964 1678 2035 quia

109 2053 281 2106 nullam
300 2053 583 2108 invenerit
595 2071 823 2108 causam
835 2061 1039 2125 praeter
1051 2054 1387 2124 quaestiones
1404 2053 1676 2124 quasdam

111 2142 163 2193 de
185 2141 437 2213 religione
471 2143 716 2214 pr0pria,
743 2149 798 2197 et
821 2143 890 2198 de
921 2143 1164 2214 quodam
1183 2143 1336 2206 Jesu,
1355 2159 1520 2212 quem
1537 2143 1680 2196 Pau-

111 2230 179 2282 lus
200 2230 364 2286 xivere
399 2227 767 2303 praedicabat.
801 2232 880 2285 Ex
909 2248 1018 2303 quo
1064 2231 1588 2295 animadvertimus,
1623 2236 1680 2286 et

111 2335 138 2371 a
156 2320 340 2375 caeteris
361 2319 660 2392 judicibus
687 2319 950 2374 similiter
979 2337 1072 2375 eos
1094 2320 1344 2392 potuisse
1371 2319 1602 2384 dimitti,
1621 2320 1678 2374 id

113 2415 276 2478 agente
301 2409 649 2470 Domino,ut
674 2409 734 2464 in
762 2415 882 2464 toto
908 2409 1040 2464 orbe
1070 2427 1214 2465 nova
1223 2409 1542 2481 praedicatio
1563 2409 1678 2463 dis-

115 2497 475 2553 seminaretur.

168 2603 190 2638 ε
218 2585 427 2642 Salutat
445 2594 506 2642 te
522 2587 810 2659 Epaphras
826 2589 1183 2659 concaptivus
1200 2604 1359 2642 meus
1379 2587 1438 2642 in
1460 2587 1680 2642 Christo

112 2675 233 2742 Jesu,
246 2675 486 2742 Marcus,
507 2677 886 2742 Aristarchus,
899 2677 1122 2741 Demas,
1147 2677 1346 2741 Lucas,
1362 2682 1684 2748 cooperato-

115 2780 182 2818 res
205 2766 321 2819 mei.
345 2785 368 2816 ι
394 2767 645 2834 (Ατηὺν.)
664 2765 1066 2836 Concaptivum
1097 2781 1264 2820 suum
1285 2765 1422 2819 dicit
1449 2771 1507 2819 et
1533 2765 1684 2836 quod

112 2855 592 2909 communicaverat
603 2855 654 2908 ei
667 2854 725 2908 in
741 2854 851 2908 illis
861 2853 1196 2909 mceroribus
1203 2871 1346 2926 quos
1356 2854 1684 2925 proChristo

113 2941 208 3012 ipse
225 2943 560 2998 sustinebat.
578 2943 818 3009 Marcus,
842 2943 1220 3008 Aristarchus,
1242 2943 1467 3008 Demas,
1483 2943 1682 3009 Lucas,

1758 1963 1886 2016 dem
1908 1980 2037 2017 eum
2060 1964 2248 2017 Romae
2260 1981 2359 2035 pro
2376 1964 2600 2019 Christo
2616 1965 2838 2020 vincula
2854 1969 3210 2036 sustinuisse,
3235 1986 3358 2041 qua

1761 2052 1984 2106 Paulus:
1995 2059 2052 2106 et
2064 2058 2126 2107 ut
2147 2053 2391 2107 vinctum
2410 2053 2726 2118 Christi,ita
2735 2057 3122 2127 concaptivum
3135 2075 3357 2130 quoque

1761 2141 1884 2210 ejus
1905 2141 2014 2196 dici
2033 2142 2424 2212 potuisse.Aut
2438 2143 2853 2214 certeita,quod
2874 2143 3080 2198 nobilis
3092 2146 3362 2217 etipsesit

1760 2229 1819 2282 in
1831 2230 2118 2300 apostolis,
2127 2236 2190 2284 ut
2200 2231 2552 2286 Andronicus
2567 2231 2869 2298 etJulia,de
2881 2232 3084 2304 quibus
3095 2234 3362 2290 scribitur

1761 2319 1833 2372 ad
1855 2319 2135 2374 Romanos
2159 2337 2170 2372 :
2205 2338 2232 2371 «
2262 2320 2515 2374 Salutate
2533 2320 2915 2375 Andronicum
2945 2328 3004 2376 et
3023 2323 3251 2390 Juliam,
3273 2340 3362 2378 co-

1760 2414 1961 2475 gnatos
1977 2414 2035 2462 et
2049 2408 2405 2479 concaptivos
2415 2409 2692 2480 meos,qui
2703 2416 2836 2464 sunt
2849 2409 3064 2464 nobiles
3075 2411 3132 2465 in
3140 2418 3362 2483 aposto-

1763 2497 1849 2561 lis,
1859 2497 1954 2567 qui
1971 2503 2028 2550 et
2044 2504 2175 2551 ante
2199 2514 2288 2551 me
2308 2497 2604 2552 fueruntin
2621 2498 2844 2553 Christo
2873 2500 2903 2553 J
2907 2516 3006 2554 esu
3029 2501 3202 2567 (Rom.
3225 2504 3357 2570 xvi).

1766 2586 1894 2640 Haec
1913 2586 1982 2640 de
2006 2585 2282 2657 Epaphra.
2308 2587 2586 2641 Caeterum
2601 2589 3282 2659 cooperatoresEvangelii
3305 2596 3363 2644 et

1763 2674 2114 2730 vinculorum
2135 2692 2387 2741 suorum,
2405 2693 2532 2730 cum
2555 2677 2625 2730 ad
2646 2676 3036 2731 Philemonem
3055 2677 3362 2750 Epistulam

1765 2762 2310 2830 scriberet,Marwm
2340 2764 2516 2834 ponit,
2535 2781 2703 2835 quem
2723 2771 2859 2838 puto
2879 2765 3163 2837 Evangelii
3177 2767 3364 2821 condi-

1765 2857 1965 2916 torem,
2001 2858 2057 2906 et
2098 2853 2504 2917 Aristarchnm,
2536 2855 2699 2924 cujus
2731 2871 2906 2925 supra
2927 2854 3163 2910 fecimus
3209 2872 3362 2911 men-

1765 2940 1996 3004 tionem,
2049 2947 2106 2994 et
2151 2942 2406 3007 Demam,
2455 2943 2525 2996 de
2572 2959 2682 3014 quo
2711 2943 2772 2996 in
2801 2942 2912 2996 alio
2940 2944 3061 2998 loco
3111 2943 3365 3014 queritur

113 3006 382 3102 cooperarii
413 3032 556 3094 mei,
588 3049 692 3086 nec
862 3038 920 3086 et
959 3049 992 3086 a
1033 3006 1238 3098 Marco,
1272 3036 1330 3087 et
1355 3006 1681 3086 Aristarcho
1700 3006 1741 3070 C
1766 3031 1842 3096 (II
1857 3031 2072 3098 Timuv)
2103 3048 2114 3082 :
2146 3049 2171 3082 «
2199 3006 2404 3085 Demas
2439 3047 2530 3085 me
2561 3006 2804 3102 reliquit,
2843 3031 3084 3102 diligens
3116 3006 3360 3103 praesens

113 3125 155 3171 et
175 3119 344 3186 Dema,
377 3128 444 3175 et
473 3121 625 3175 Luca
659 3138 670 3173 :
706 3137 846 3192 quos
876 3120 1047 3176 etiam
1078 3119 1366 3192 operarios
1408 3137 1538 3176 suos
1559 3137 1681 3174 esse

111 3208 233 3274 dicit,
265 3227 326 3264 eo
355 3210 518 3282 quod
549 3207 959 3264 collaborarent
985 3210 1036 3263 ei
1081 3208 1152 3263 ob
1193 3209 1436 3263 aliorum
1466 3209 1681 3264 utilita-

112 3303 219 3350 tem.
242 3300 441 3367 (Hier.)
476 3297 541 3354 Id
571 3297 721 3369 quod
765 3298 823 3351 in
869 3297 1142 3369 principio
1173 3297 1514 3364 dicebamus,
1550 3315 1684 3369 quo-

111 3386 234 3440 niam
256 3388 322 3442 ad
351 3388 722 3443 Colossenses
750 3387 1002 3458 Epistola
1031 3387 1228 3441 eodem
1256 3387 1313 3441 in
1344 3393 1596 3458 tempore
1624 3392 1682 3442 et

113 3491 190 3543 per
215 3477 474 3532 eumdem
503 3481 654 3531 esset
682 3475 890 3546 scripta
919 3475 1167 3546 bajulum
1197 3475 1534 3530 litterarum.
1576 3493 1685 3546 quo

111 3564 166 3618 ad
189 3565 574 3621 Philemonem
606 3582 827 3636 quoque
856 3566 1126 3636 scriptum
1153 3571 1260 3630 est,
1289 3565 1459 3618 etiam
1489 3581 1685 3619 eorum

113 3654 187 3723 qui
213 3656 524 3710 salutantes
555 3654 899 3708 inducuntur
945 3655 1174 3708 nomina
1199 3655 1422 3708 docent.
1456 3655 1598 3708 Nam
1630 3659 1688 3706 et

113 3741 156 3795 in
178 3744 285 3814 ipsa
312 3745 392 3800 ita
428 3743 804 3798 subscribitur
832 3762 842 3796 :
872 3763 896 3792 4
933 3744 1154 3798 Salutat
1201 3760 1298 3796 vos
1325 3743 1684 3797 Aristarchus

109 3835 439 3905 concaptivus
469 3849 651 3898 meus,
665 3838 723 3887 et
749 3833 968 3888 Marcus
990 3832 1354 3886 consobrinus
1393 3831 1682 3898 Barnabaa,

109 3925 152 3973 et
170 3922 452 3995 Epaphras
479 3922 576 3994 qui
605 3928 692 3976 est
726 3939 792 3976 ex
822 3921 974 3977 vobis
1003 3939 1196 3976 servus
1225 3921 1432 3975 Christi
1467 3923 1681 3987 (Coloss.

111 4015 184 4076 xv);
208 4032 227 4060 ι
257 4019 314 4066 et
341 4011 520 4083 paulo
553 4009 789 4065 inferius
824 4029 834 4062 :
875 4031 896 4061 ε
935 4011 1155 4065 Salutat
1181 4027 1276 4064 vos
1305 4011 1483 4064 Lucas
1513 4008 1686 4063 medi-

111 4113 186 4152 cus
207 4100 570 4156 charissimus
600 4105 657 4154 et
674 4097 897 4154 Demas.
919 4100 987 4153 Et
1008 4099 1176 4153 dicite
1202 4099 1485 4170 Archippo
1510 4118 1520 4152 :
1545 4098 1687 4152 Vide

111 4187 462 4244 ministerium
493 4188 642 4260 quod
673 4187 934 4260 accepisti
955 4187 1014 4241 in
1043 4188 1302 4253 Domino,
1335 4193 1400 4242 ut
1425 4187 1566 4242 illud
1578 4187 1688 4240 im-

109 4275 254 4343 pleas.
287 4279 356 4333 Et
386 4298 399 4332 :
447 4299 468 4329 ι
499 4293 780 4332 memores
809 4283 987 4331 estote
1032 4276 1384 4331 vinculorum
1431 4291 1690 4331 meorum

1761 3119 2050 3184 saeculum,
2074 3125 2132 3172 et
2150 3118 2288 3172 abiit
2303 3120 2778 3187 Thessalonicam,
2812 3143 2828 3166 ι
2866 3127 2924 3175 et
2953 3121 3160 3175 Lucam
3189 3121 3363 3176 medi-

1765 3223 1914 3272 cum,
1941 3207 2037 3278 qui
2066 3207 2430 3278 Evangelium
2461 3215 2524 3262 et
2549 3210 2724 3262 Actus
2751 3210 3135 3280 apostolorum
3165 3211 3352 3266 Eccle-

1765 3295 1864 3349 siis
1891 3296 2305 3366 derelinquens,
2339 3298 2618 3366 quomodo
2637 3297 2877 3368 apostoli
2903 3298 2973 3352 de
2993 3297 3365 3369 piscatoribus

1768 3384 2004 3455 piscium
2035 3385 2342 3455 piscatores
2367 3385 2657 3439 hominum
2697 3385 2828 3440 facti
2855 3393 3006 3451 sunt,
3033 3387 3116 3441 ita
3143 3387 3214 3442 de
3242 3404 3362 3442 me-

1768 3473 1892 3528 dico
1919 3489 2216 3546 corporum
2245 3474 2306 3528 in
2333 3473 2610 3528 medicum
2664 3481 2751 3528 est
2795 3491 2988 3529 versus
3022 3475 3360 3530 animarum.

1767 3562 1848 3615 De
1871 3577 1982 3632 quo
2001 3568 2059 3615 et
2084 3561 2142 3615 in
2171 3561 2281 3616 alio
2315 3562 2436 3616 loco
2463 3581 2474 3615 :
2503 3585 2525 3610 α
2559 3562 2704 3628 Misi,
2735 3562 2940 3634 inquit,
2975 3579 3102 3618 cum
3122 3564 3220 3618 illo
3257 3565 3370 3618 fra-

1767 3655 1915 3704 trem
1951 3651 2113 3721 cujus
2141 3651 2264 3705 laus
2285 3655 2371 3704 est
2393 3650 2454 3704 in
2483 3651 2782 3720 Evangelio
2812 3669 2912 3721 per
2941 3668 3137 3705 omnes
3187 3653 3370 3706 Eccle-

1767 3739 1879 3792 sias
1911 3741 1992 3805 (ll
2014 3741 2135 3794 Cor.
2169 3742 2300 3806 vm),
2337 3761 2354 3785 ο
2398 3740 2560 3808 cujus
2607 3739 2748 3793 liber
2795 3740 3236 3812 quotiescunque
3289 3742 3368 3795 le-

1766 3827 1922 3898 gitur
1947 3827 2005 3880 in
2053 3827 2327 3893 Ecclesiis,
2359 3827 2527 3882 toties
2571 3829 2694 3898 ejus
2733 3828 3014 3883 medicina
3040 3844 3154 3883 non
3185 3836 3368 3884 cessat

1769 3917 1935 3971 sumi.
1973 3935 1998 3968 «
2037 3917 2233 3972 Gratia
2257 3916 2480 3971 Domini
2493 3917 2626 3970 Jesu
2659 3917 2868 3971 Christi
2898 3934 3026 3972 cum
3047 3917 3251 3990 spiritu
3281 3935 3368 3972 ve-

1769 4010 1904 4058 stro.
1933 4026 1954 4056 ››
1981 4005 2135 4060 Sicut
2150 4023 2185 4060 a
2203 4005 2420 4060 meliori
2441 4011 2600 4077 parte
2629 4006 2873 4060 hominis
2893 4007 3075 4078 capite
3105 4023 3366 4062 numera-

1769 4095 2114 4165 turpopulus
2127 4095 2538 4158 lsrael,dicente
2555 4095 2865 4166 Scriptura,
2889 4115 2911 4148 (ι
2937 4097 3246 4174 secundum
3274 4113 3368 4150 ca-

1769 4183 1889 4254 pita
1915 4200 2130 4250 eorum,
2159 4204 2185 4236 »
2218 4184 2298 4238 ita
2318 4183 2378 4238 in
2400 4189 2519 4238 toto
2554 4183 2780 4255 quidem
2793 4184 3038 4252 homine,
3061 4191 3119 4240 et
3135 4185 3196 4240 in
3215 4186 3372 4242 omni

1770 4278 1928 4343 parte
1979 4278 2302 4328 sanctorum
2327 4273 2516 4344 gratia
2553 4277 2640 4328 est
2679 4273 2906 4328 Domini
2941 4275 3072 4328 Jesu
3136 4274 3366 4330 Christi.

109 4364 302 4435 (Ibid).
319 4368 378 4423 Si
391 4372 589 4422 autem
607 4383 674 4421 ex
689 4365 973 4437 eoaliquis
987 4382 1101 4420 non
1119 4370 1284 4436 putat
1299 4365 1511 4436 pariter
1539 4365 1739 4423 scri-D
1759 4361 1869 4418 Sed
1915 4379 1950 4414 α
1989 4363 2202 4432 majore
2233 4367 2292 4416 et
2317 4363 2549 4416 meliore
2580 4367 2758 4433 parte,
2793 4363 2851 4416 id
2879 4368 2968 4416 est
2996 4362 3223 4433 spiritu,
3265 4379 3368 4433 per

109 4459 230 4520 ptas,
249 4457 394 4525 quod
413 4457 486 4510 ad
502 4457 860 4510 Colossenses
880 4471 1060 4526 pauca
1073 4454 1187 4508 sint
1207 4453 1585 4524 nomina,quae
1596 4454 1686 4508 hic

109 4556 202 4596 non
219 4543 476 4600 ferantur
496 4544 763 4615 ascripta,
787 4543 928 4597 sciat
939 4560 1054 4598 non
1077 4559 1270 4598 omnes
1300 4542 1560 4597 omnibus
1591 4548 1690 4598 aut

113 4633 296 4688 amicos
324 4651 449 4690 esse
477 4639 578 4688 aut
607 4638 790 4697 notos,
843 4638 900 4687 et
929 4632 1082 4686 aliud
1137 4649 1258 4687 esse
1307 4631 1586 4704 privatum
1617 4631 1687 4685 ad

113 4734 265 4776 unum
281 4723 593 4788 hominem,
613 4722 768 4776 aliud
788 4720 1066 4792 publicam
1079 4721 1150 4775 ad
1165 4721 1482 4777 universam
1501 4720 1688 4775 Eccle-

116 4809 236 4864 sium
263 4812 577 4882 Epistolam
601 4812 726 4866 ﬁeri
757 4830 769 4864 :
811 4832 833 4862 ι
873 4811 1093 4865 Salutat
1120 4817 1197 4876 te,
1245 4828 1272 4862 ι
1322 4826 1454 4880 ergo
1483 4809 1688 4880 inquit,

117 4915 140 4945 ι
150 4897 428 4972 Epaphras
443 4901 806 4972 concaptivus
817 4917 978 4955 meus
996 4899 1055 4954 in
1066 4898 1289 4954 Christo
1316 4900 1345 4954 J
1350 4917 1448 4954 esu
1482 4918 1493 4953 :
1513 4918 1540 4951 »
1567 4898 1693 4970 quis

118 4987 173 5036 sit
195 4989 476 5062 Epaphras
497 4989 860 5061 concaptivus
917 4988 1098 5052 Pauli,
1123 4988 1294 5042 talem
1324 4987 1571 5044 fabulam
1598 5004 1692 5041 ac-

119 5077 344 5146 cepimus
379 5099 390 5133 :
424 5080 588 5134 aiunt
617 5084 878 5150 parentes
907 5077 1146 5150 apostoli
1165 5077 1327 5132 Pauli
1343 5077 1412 5132 de
1444 5075 1694 5149 Gyscalis

121 5166 325 5235 regione
351 5169 524 5224 misse
553 5168 777 5234 Judmae,
820 5174 878 5222 et
914 5184 1028 5232 eos,
1062 5183 1192 5221 cum
1236 5171 1358 5220 tota
1411 5164 1697 5237 provincia

125 5251 356 5312 Romana
385 5264 698 5313 vastaretur
715 5275 905 5322 manu,
931 5263 989 5311 et
1007 5257 1469 5328 dispergerentur
1485 5254 1543 5308 in
1563 5253 1696 5308 orbe

123 5342 296 5413 Judaei,
325 5346 385 5402 in
413 5347 688 5402 Thai-sum
720 5346 917 5401 urbem
948 5346 1154 5402 Ciliciae
1171 5345 1345 5400 fuisse
1373 5343 1694 5409 translatos;

127 5441 404 5500 [mentum
415 5437 790 5492 conditionem
799 5435 1280 5490 adolescentulum
1291 5432 1531 5489 Paulum
1545 5447 1702 5486 secu-

128 5527 230 5578 tum
255 5543 269 5577 z
301 5530 364 5580 et
388 5525 466 5580 sic
488 5541 654 5598 posse
681 5531 834 5582 stare
849 5523 990 5580 illud
1018 5524 1167 5596 quod
1194 5524 1262 5579 de
1293 5539 1352 5578 se
1381 5522 1504 5594 ipse
1532 5525 1702 5577 testa-

1769 4451 2156 4521 synecdochen
2201 4451 2270 4504 de
2318 4456 2437 4506 toto
2465 4451 2692 4505 homine
2719 4450 2942 4514 dicitur,
2980 4468 3004 4500 «
3039 4449 3236 4504 Gratia
3263 4451 3371 4505 Do-

1771 4539 1910 4594 mini
1937 4540 1966 4593 J
1972 4556 2068 4594 esu
2104 4539 2314 4595 Christi
2341 4557 2470 4595 cum
2490 4539 2692 4611 spiritu
2711 4544 2912 4593 vestro.
2949 4560 2972 4589 ι
3005 4539 3148 4592 Cum
3178 4543 3366 4593 autem

1766 4627 1830 4682 in
1858 4628 2058 4700 spiritu
2087 4628 2274 4699 gratia
2311 4628 2687 4694 fuerit,totum
2715 4627 2848 4681 facit
2879 4627 3165 4682 hominem
3203 4627 3371 4700 spiri-

1770 4717 2031 4783 talem,ut
2049 4717 2334 4772 adhaereat
2347 4717 2484 4780 Deo,
2508 4716 2640 4788 quia
2665 4734 2694 4768 ι
2716 4716 2813 4786 qui
2833 4716 3084 4772 adhaeret
3106 4717 3370 4786 Domino,

1773 4820 1919 4859 unus
1947 4803 2176 4876 spiritus
2197 4809 2300 4858 est.
2321 4821 2353 4858 ν
2376 4805 2828 4876 Interpretantur
2853 4811 3043 4860 autem
3063 4806 3372 4862 secundum

1776 4893 2055 4959 Hebraeos,
2115 4893 2323 4948 Paulus
2370 4895 2744 4958 admirabilis,
2795 4894 3126 4950 Timotheus
3183 4898 3376 4962 beneﬁ-

1775 4999 1886 5047 cus,
1948 4982 2242 5037 Philemon
2297 4985 2439 5036 mire
2491 4985 2728 5036 donatus
2787 4982 2902 5037 sive
2946 5001 3002 5036 os
3063 4985 3250 5052 panis,
3303 4982 3374 5037 ab

1775 5085 1872 5125 ore
1903 5087 2015 5125 non
2050 5071 2120 5125 ab
2151 5088 2295 5137 osse,
2320 5071 2503 5141 Appia
2550 5073 2834 5126 continens
2863 5077 2963 5126 aut
2993 5073 3235 5138 libertas,
3265 5073 3373 5126 Ar-

1777 5160 2012 5230 chippus
2025 5163 2308 5227 longitudo
2334 5163 2532 5228 operis,
2548 5159 2850 5214 Onesimus
2871 5161 3218 5228 respondens,
3234 5160 3374 5231 Epa-

1778 5249 2205 5320 phrasfrugifcr
2227 5255 2284 5302 et
2309 5250 2496 5302 videns
2517 5248 2630 5302 sive
2660 5265 3016 5313 succrescens,
3037 5249 3261 5303 Marcus
3279 5266 3376 5302 su-

1781 5340 1965 5392 blimis
1987 5340 2268 5402 mandato,
2289 5337 2648 5392 Aristarchus
2669 5354 2825 5392 mam
2848 5340 3028 5406 aperis
3058 5341 3378 5408 amplioris,

1781 5427 1987 5480 Demas
2013 5429 2200 5494 silens,
2235 5426 2415 5482 Lucas
2443 5429 2552 5495 ipse
2584 5442 2934 5494 consurgens.
2986 5427 3120 5491 Quae
3147 5428 3380 5482 nomina

1782 5515 1830 5570 si
1858 5515 2168 5573 secundum
2184 5515 2709 5588 interpretationem
2727 5531 2888 5572 suam
2903 5515 3192 5573 volueritis
3216 5516 3380 5573 intel-
