3848 6164
512 317 606 370 711

509 441 699 510 ligere,
733 457 846 493 non
887 445 973 493 est
1003 439 1226 493 difficile
1273 437 1665 492 admirabilem
1693 444 1863 508 atque
1893 437 2105 492 benefi-

511 547 634 583 cum
676 529 951 599 praecipue
997 530 1066 582 ad
1111 546 1240 582 eum
1293 526 1532 582 scribere
1568 527 1656 580 cui
1687 527 1947 580 universa
1978 545 2106 581 con-

513 635 665 671 cessa
713 618 825 670 sint
875 618 1028 683 vitia,
1071 623 1129 670 et
1176 635 1237 671 os
1285 617 1407 686 ejus
1466 622 1658 686 pateat
1706 616 1774 669 ad
1821 617 2102 670 cmlestem

511 707 954 778 panem.Deinde
971 707 1040 760 ad
1056 705 1433 760 continentem
1447 712 1504 758 et
1522 705 1754 758 liberam
1769 712 1825 759 et
1837 706 1905 758 ad
1921 706 2103 775 longi-

512 796 766 849 tudinem
798 795 1000 866 operis,
1027 796 1175 865 quod
1203 811 1492 864 nunquam
1513 811 1547 847 a
1567 799 1760 848 sancto
1797 794 1984 848 labore
2013 796 2106 847 de-

514 886 693 938 sistat.
739 884 990 938 Scribere
1010 890 1200 938 autem
1229 901 1332 954 pro
1357 900 1422 936 eo
1461 883 1554 952 qui
1591 883 1927 953 respondeat
1946 885 2104 937 testi—

513 974 936 1028 moniosuonec
957 991 1067 1028 non
1099 974 1148 1027 ei
1187 973 1275 1028 cui
1316 972 1632 1043 specialiter
1673 971 1919 1042 Epistola
1956 973 2108 1026 dedi-

515 1069 692 1127 catur,
739 1064 970 1116 salutari
1013 1062 1083 1116 ab
1128 1062 1382 1116 ubertate
1429 1067 1728 1126 crescente,
1763 1066 1819 1114 et
1847 1079 1976 1115 eum
2007 1062 2106 1132 qui

515 1153 692 1206 factus
738 1151 813 1205 sit
844 1168 944 1222 per
983 1152 1251 1205 mandata
1295 1148 1604 1212 sublimior,
1639 1149 1844 1218 illoque
1881 1149 1975 1220 qui
2005 1166 2106 1220 per

1103 315 1165 370 B.
1210 312 1481 369 RABANI
1520 312 1752 369 MAURI
1787 315 2124 370 ARCHIEP.

2165 315 2490 370 MOGUNT.
2533 313 2831 369 OPERUM
2867 293 3049 370 PARS
3087 312 3184 370 n1.
3625 322 3706 380 τ’ιῖ

2127 444 2166 500 Α
2193 441 2409 509 majora
2438 457 2611 510 opera
2631 439 2689 494 in
2728 445 2976 494 montem
3006 458 3182 511 usque
3228 443 3552 510 succreverit,
3581 445 3640 498 ab
3660 464 3708 500 eo

2189 545 2411 599 quoque
2433 530 2528 600 qui
2561 529 2748 600 posuit
2775 530 3086 584 custodiam
3117 531 3198 584 ori
3227 537 3408 592 suo’,et
3425 533 3606 588 ostium
3619 553 3712 588 mu-

2186 617 2366 670 nitum
2389 617 2549 670 labiis
2573 619 2709 682 suis,
2745 619 2839 689 qui
2897 619 3100 672 idcirco
3148 619 3376 672 forsitan
3399 622 3576 688 tacuit,
3611 623 3715 693 quia

2186 707 2256 760 ad
2288 706 2569 760 modicum
2614 707 2947 778 Apostolum
2976 707 3361 778 dereliquerat.
3401 709 3464 764 Et
3487 711 3548 764 ad
3569 718 3715 765 extre-

2188 812 2344 849 mum
2372 795 2442 848 ab
2472 812 2537 848 co
2558 795 2652 866 qui
2675 813 2774 866 per
2801 813 2860 849 se
2889 796 3007 867 ipse
3038 813 3371 867 consurgens
3400 799 3618 868 quotidie
3644 818 3719 854 au-

2186 891 2389 954 geatur
2418 901 2822 955 processusque
2871 884 3093 951 habeat,
3135 885 3268 939 dum
3315 886 3586 957 Evangelia
3623 890 3718 956 ejus

2190 972 2339 1026 orbis
2371 973 2654 1044 impletur,
2683 979 2740 1027 et
2768 975 2934 1028 toties
2965 974 3166 1028 crescit
3203 975 3413 1045 quoties
3455 976 3649 1030 auditus
3677 985 3718 1030 et

2187 1063 2363 1116 lectus
2383 1062 2640 1116 aediﬁcat.
2673 1064 2871 1118 Amen.

996 1340 1471 1551 LIBER
1550 1421 2410 1558 VICESIMUS
2489 1426 3314 1562 SEPTIMUS.
3381 1531 3391 1544 .

1094 1675 1654 1752 EXPOSITIO
1693 1676 1810 1751 IN
1852 1677 2458 1804 EPISTOLa—M
2496 1678 2648 1752 AD
2692 1679 3240 1755 HEBRzEOS.

1051 1863 1575 1917 ARGUMENTUM.

459 2026 464 2031 _
594 1954 789 2021 (Hiera)
799 1953 859 2006 In
875 1951 1071 2023 primis
1082 1953 1381 2005 dicendum
1399 1958 1484 2004 est
1497 1969 1596 2005 cur
1609 1953 1893 2022 apostolus
1910 1953 2116 2005 Paulus

508 2043 579 2096 in
593 2042 946 2112 hacEpistola
956 2039 1250 2094 scribenda
1265 2058 1375 2094 non
1386 2040 1689 2094 servaverit
1699 2057 1913 2094 morem
1929 2058 2110 2106 suum,

520 2137 584 2184 ut
601 2132 686 2184 vel
707 2129 1036 2183 vocabulum
1057 2129 1300 2184 nominis
1320 2129 1425 2194 sui,
1448 2131 1533 2182 vel
1546 2129 1760 2182 ordinis
1775 2129 2114 2183 describeret

519 2220 868 2289 dignitatem.
902 2221 1031 2274 Haac
1076 2237 1245 2272 causa
1289 2225 1374 2272 est
1419 2219 1567 2288 quod
1606 2219 1676 2272 ad
1723 2236 1816 2272 eos
1867 2218 2114 2272 scribens

521 2309 613 2379 qui
664 2326 728 2361 ex
770 2309 1191 2362 circumcisione
1238 2307 1608 2372 crediderant,
1665 2307 1823 2378 quasi
1861 2308 2114 2376 gentium

519 2398 823 2467 apostolus,
877 2415 986 2451 non
1034 2397 1416 2459 Hebraeorum,
1449 2397 1632 2449 sciens
1659 2413 1880 2466 quoque
1919 2413 2113 2449 eorum

519 2486 859 2557 superbiam,
915 2503 1186 2556 suamque
1249 2486 1627 2539 humilitatem
1700 2484 2110 2550 demonstrans,

521 2575 782 2629 meritum
815 2575 980 2628 ofﬁcii
1010 2575 1096 2628 sui
1139 2575 1320 2629 noluit
1349 2575 1585 2628 auferre.
1620 2575 1778 2626 Hanc
1818 2590 1949 2642 ergo
1982 2573 2113 2644 Epi-

521 2665 721 2717 stolam
769 2665 948 2718 fertur
995 2665 1296 2733 Apostolus
1341 2664 1408 2716 ad
1442 2663 1704 2717 Hebrmos
1741 2661 2112 2732 conscriptam

522 2752 795 2806 Hebraica
817 2753 1008 2822 lingua
1029 2752 1265 2818 misisse,
1291 2753 1452 2822 cujus
1471 2768 1668 2804 sensus
1685 2758 1741 2804 et
1754 2751 2008 2804 ordinem
2029 2768 2114 2804 rc-

519 2841 703 2895 tinens
734 2843 910 2895 Lucas
947 2841 1288 2910 evangelista
1318 2846 1446 2911 post
1480 2857 1764 2894 excessum
1793 2839 1953 2893 Pauli
1985 2857 2114 2911 apo-

519 2931 668 3000 stoli,
702 2934 892 2984 Graeco
922 2947 1180 2984 sermone
1211 2929 1542 3000 composuit.

1033 3056 1265 3109 CAPUT
1297 3055 1602 3109 PRIMUM.

517 3149 748 3200 Ponitur
769 3148 1086 3199 ca'cettcntia
1119 3146 1342 3204 Christi,
1365 3147 1464 3212 qui
1483 3149 1556 3196 cst
1593 3144 1754 3194 dator
1789 3158 1934 3195 norm
1955 3145 2104 3208 legis,

587 3221 746 3271 Patri
770 3222 1062 3269 maternus
1095 3219 1140 3268 et
1179 3216 1580 3278 substantialis,
1611 3215 1836 3280 a’quatis
1874 3215 1935 3266 in
1960 3217 2109 3280 pote-

587 3294 722 3341 state
738 3294 783 3340 (rt
802 3289 1101 3354 dignitate:
1124 3292 1170 3339 ct
1194 3287 1336 3354 quod
1359 3289 1421 3338 in
1439 3287 1524 3338 his
1547 3286 1794 3338 Christus
1811 3287 2112 3352 prm/‘ertur

587 3362 816 3425 augetis.

593 3487 612 3510 α
672 3464 973 3518 Multifarie
1002 3463 1306 3533 multisque
1333 3461 1514 3516 modis
1537 3463 1772 3532 loquens
1803 3460 1934 3514 olim
1965 3461 2113 3514 Deus

521 3575 544 3605 ι(
578 3553 832 3624 patribus
861 3553 921 3606 in
953 3551 1258 3623 prophetis.
1299 3573 1322 3601 ι)
1369 3554 1624 3618 (Joannes
1646 3552 1941 3618 Ultrysost.)
1974 3551 2115 3603 Tota

517 3643 754 3697 intentio
771 3641 918 3696 beati
934 3641 1184 3712 Apostoli
1195 3641 1369 3695 fuitin
1389 3640 1746 3712 hacEpistola
1755 3639 2112 3705 adHebraeos,

517 3732 575 3786 id
621 3737 706 3785 est
734 3736 962 3802 gentem
992 3747 1172 3798 suam,
1218 3731 1290 3784 ad
1321 3729 1528 3784 Christi
1575 3745 1876 3782 convocare
1923 3729 2112 3794 ﬁdem,

518 3821 992 3891 eminentiamque
1010 3820 1356 3890 gratiae,qum
1369 3836 1470 3889 per
1491 3818 1693 3872 Filium
1711 3817 1842 3870 data
1863 3821 1965 3882 est,
1990 3833 2024 3869 a
2043 3816 2116 3868 le-

515 3909 734 3978 galibus
755 3909 1073 3962 discernere
1095 3907 1324 3971 umbris,
1336 3925 1458 3977 quae
1473 3906 1740 3976 angelicis
1754 3904 2117 3958 ministratio-

517 3999 681 4052 nibus
707 3999 956 4052 fuerunt.
983 3997 1052 4050 Et
1070 3997 1336 4066 quoniam
1351 3997 1508 4048 valde
1529 3995 1722 4048 afflicti
1744 3999 1906 4047 erant
1923 3993 2113 4046 multis

517 4087 679 4140 malis
707 4103 829 4156 quae
865 4085 974 4138 illis
1001 4085 1339 4150 acciderant,
1365 4091 1422 4138 et
1441 4084 1600 4136 valde
1619 4083 1865 4148 contriti,
1894 4089 1958 4135 ut
1983 4098 2112 4152 pos—

517 4181 643 4229 sent
653 4192 718 4228 ex
737 4175 840 4227 hoc
861 4179 1058 4244 putare
1081 4191 1139 4227 se
1161 4173 1455 4226 inferiores
1477 4172 1691 4226 caeteris
1705 4188 1769 4224 ac
1792 4170 2112 4224 miseriores

519 4264 785 4330 existere;
829 4261 1075 4316 ostendit
1102 4279 1202 4332 per
1225 4263 1327 4315 hoc
1355 4278 1450 4315 eos
1490 4261 1671 4330 magis
1694 4259 1895 4330 majori
1928 4259 2114 4330 gratia

519 4352 748 4425 perfrui,
773 4357 836 4406 ut
849 4369 914 4405 ex
932 4351 1052 4422 ipso
1068 4350 1340 4405 sermonis
1372 4350 1532 4403 initio
1550 4350 1789 4418 erigeret
1804 4349 2110 4403 auditores.

518 4443 822 4514 Propterea
838 4457 968 4510 ergo
981 4439 1138 4493 dicit:
1151 4459 1174 4490 «
1191 4439 1494 4493 Multifarie
1509 4443 1566 4492 et
1577 4438 1771 4491 multis
1787 4438 2117 4492 modisDeus

519 4533 653 4587 olim
666 4532 886 4586 locutus
908 4535 994 4584 est
1014 4529 1267 4601 patribus
1279 4527 1484 4583 nostris
1497 4527 1554 4582 in
1571 4527 1914 4599 prophetis.»
1929 4527 2115 4591 Quare

519 4621 820 4692 prophetas
840 4620 1138 4674 nominans
1163 4617 1524 4688 semetipsum
1553 4622 1751 4670 contra
1761 4633 1873 4670 non
1894 4616 2116 4688 posuit?

519 4709 795 4780 siquidem
841 4709 922 4764 eis
967 4714 1127 4762 tanto
1159 4709 1340 4778 major
1366 4705 1638 4770 exstabat,
1671 4712 1880 4777 quanto
1913 4705 1961 4760 ei
1992 4706 2113 4760 fue-

521 4804 610 4851 rat
638 4797 978 4867 dispensatio
1025 4798 1322 4852 commissa
1349 4796 1684 4867 praeclarior.
1728 4797 1838 4850 Sed
1868 4813 1980 4849 non
2011 4796 2114 4849 hoc

521 4887 685 4940 fecit:
728 4886 908 4957 primo
938 4887 1164 4956 quidem
1202 4887 1334 4958 quia
1373 4887 1442 4940 de
1473 4885 1654 4956 seipso
1683 4887 1901 4955 majora
1929 4884 2113 4938 dicere

522 4975 814 5030 recusavit.
852 4975 1104 5029 Secundo
1134 4993 1285 5042 vero,
1320 4975 1450 5046 quia
1483 4975 1722 5028 necdum
1771 4979 1934 5027 erant
1960 4972 2116 5026 audi-

521 5073 673 5120 tores
714 5064 964 5136 perfecti.
1015 5065 1204 5118 Tertio
1243 5071 1451 5130 autem,
1485 5063 1618 5134 quia
1669 5062 1889 5116 volebat
1921 5077 2114 5114 eorum

523 5160 738 5209 mentes
767 5154 982 5224 erigere
1009 5159 1066 5206 et
1091 5154 1383 5207 ostendere
1405 5169 1668 5222 magnam
1685 5168 1806 5204 esse
1827 5149 2115 5221 praesentis

523 5243 888 5298 eminentiam
917 5242 1206 5313 temporis.
1239 5242 1426 5296 Veluti
1469 5243 1516 5295 si
1562 5241 1808 5295 diceret:
1837 5239 1982 5302 Quid
2003 5257 2119 5292 ma-

521 5348 717 5400 gnum,
763 5333 810 5386 si
839 5333 1148 5404 Prophetas
1178 5331 1336 5385 misit
1383 5330 1635 5403 patribus
1665 5329 1870 5384 nostris
1891 5329 1916 5380 ?
1945 5328 2118 5382 Nobis

523 5419 672 5474 enim
703 5423 990 5492 proprium
1025 5421 1229 5476 Filium
1272 5419 1627 5490 unigenitum
1665 5417 1839 5472 misit.
1877 5417 1944 5472 Et
1973 5416 2112 5472 bene

523 5508 661 5563 satis
681 5522 910 5562 exorsus
927 5517 1028 5576 est,
1057 5530 1082 5562 «
1117 5508 1440 5574 multifarie,
1472 5507 1674 5577 inquit,
1698 5513 1755 5560 et
1774 5506 1968 5560 multis
2001 5523 2117 5560 mo-

524 5598 630 5661 dis,
664 5617 690 5652 »
725 5598 972 5652 ostendit
999 5600 1152 5654 enim
1177 5599 1443 5670 quoniam
1473 5585 1653 5668 neque
1680 5595 1786 5668 ipsi
1824 5595 2117 5666 Propheta;

2122 1866 2170 1925 B
2191 1867 2433 1935 gratiam
2463 1867 2642 1920 Deum
2669 1867 2894 1921 videndi
2913 1872 3351 1938 promeruerunt
3371 1885 3382 1920 :
3406 1866 3566 1920 Filius
3580 1871 3728 1920 autem

2199 1955 2354 2008 vidit.
2389 1956 2634 2009 Dicendo
2655 1955 2806 2010 enim
2842 1976 2864 2006 ι
2901 1957 3208 2010 multifaria
3237 1961 3294 2009 et
3322 1955 3504 2009 multis
3529 1955 3679 2008 modis
3711 1979 3726 2007 ιρ

2197 2043 2494 2113 signiﬁcat,
2521 2045 2670 2114 quod
2686 2043 2819 2098 alibi
2856 2044 3068 2098 dictum
3104 2050 3216 2098 est:
3258 2065 3280 2096 ι
3315 2044 3426 2114 Ego
3451 2043 3586 2097 enim
3609 2044 3732 2096 visio-

2197 2149 2295 2185 nes
2315 2132 2676 2203 multiplicavi
2705 2141 2761 2187 et
2789 2134 2847 2187 in
2875 2133 3136 2188 manibus
3151 2133 3540 2205 prophetarum
3565 2132 3733 2185 assimi-

2197 2220 2342 2274 latus
2363 2237 2487 2273 sum
2521 2221 2656 2287 (Usa.
2675 2225 2792 2288 xn).
2822 2223 3063 2276 Proinde
3091 2239 3207 2276 non
3236 2221 3528 2276 secundum
3555 2221 3644 2274 hoc
3665 2237 3732 2273 so-

2196 2310 2314 2364 lum
2347 2309 2656 2363 eminentia
2711 2310 2852 2363 Novi
2898 2311 3249 2365 Testamenti
3303 2311 3613 2374 declaratur,
3635 2308 3734 2379 quia

2197 2397 2450 2466 patribus
2481 2398 2706 2468 quidem
2737 2399 3032 2470 Propheta}
3061 2399 3220 2453 missi
3245 2405 3394 2466 sunt,
3418 2397 3562 2452 nobis
3586 2404 3734 2451 autem

2196 2485 2386 2553 Filius,
2419 2487 2517 2540 sed
2547 2487 2717 2541 etiam
2739 2488 2887 2558 quod
2916 2489 3324 2560 prophetarum
3343 2489 3424 2542 vel
3453 2486 3735 2558 patriarcha-

2197 2591 2324 2628 rum
2338 2592 2502 2629 nemo
2513 2575 2620 2629 nisi
2631 2577 2688 2629 in
2705 2577 3168 2631 similitudinibus
3191 2577 3328 2630 vidit
3358 2579 3524 2631 Deum
3544 2595 3555 2642 ;
3577 2573 3734 2629 Filium

2193 2680 2323 2717 vero
2345 2664 2697 2735 unigenitum
2717 2665 3072 2720 incarnatum
3105 2683 3230 2720 esse
3267 2674 3432 2736 atque
3446 2665 3505 2719 in
3526 2682 3586 2718 ea
3608 2678 3735 2717 carne

2195 2750 2376 2804 visum
2403 2757 2640 2817 constat,
2661 2770 2772 2823 qua
2791 2753 2938 2807 idem
2952 2755 3122 2808 homo
3143 2771 3179 2808 a
3193 2753 3360 2808 verbo
3382 2753 3476 2807 Dei
3493 2756 3731 2821 susceptus

2196 2839 2520 2910 unigenitus
2535 2849 2622 2895 est
2635 2841 2808 2895 Filius
2824 2843 2944 2896 Dei.
2961 2843 3080 2896 Imo
3096 2859 3228 2897 mox
3245 2841 3477 2896 addidit:
3507 2861 3528 2891 ί
3546 2837 3737 2894 Novissi-

2197 2930 2304 2982 mis
2333 2929 2528 2984 diebus
2541 2930 2664 2984 istis
2694 2931 2912 2985 locutus
2941 2936 3026 2984 est
3047 2931 3212 2985 nobis
3257 2931 3316 2984 in
3343 2930 3469 2984 lilio.
3491 2950 3512 2982 ι
3543 2925 3737 2982 Dicendo

2195 3035 2320 3072 cum
2334 3022 2398 3072 in
2409 3023 2523 3086 filio
2538 3020 2893 3074 tantumdem
2913 3021 3079 3085 valet,
3097 3020 3268 3090 quasi
3287 3021 3490 3074 diceret
3505 3015 3738 3088 perﬂlium

2193 3124 2356 3162 suum
2373 3108 2505 3178 quia
2514 3111 2576 3162 in
2597 3108 2914 3180 praepositio
2929 3124 3026 3178 per
3038 3109 3333 3180 accipitur,
3349 3108 3487 3162 sicut
3511 3103 3674 3159 multis
3695 3101 3738 3153 in

2127 3185 2171 3245 Ο
2193 3196 2326 3251 locis
2345 3197 2706 3268 epistolarum
2739 3199 2861 3267 ejus
2887 3197 3178 3252 invenitur
3205 3197 3294 3251 his
3314 3191 3738 3268 praepositionibus

2192 3285 2576 3340 indifferenter
2587 3286 2893 3342 uti.Tacuit
2901 3287 3084 3341 adhuc
3096 3287 3170 3340 de
3183 3286 3391 3341 Christi
3405 3284 3626 3348 nomine,
3642 3278 3738 3350 quia

2194 3374 2468 3444 plurimos
2482 3375 2704 3428 illorum
2717 3373 3175 3444 sciebatnegasse
3188 3373 3391 3428 Filium
3405 3372 3500 3427 Dei
3511 3387 3634 3426 esse.
3645 3369 3739 3422 Non

2196 3463 2344 3516 enim
2361 3463 2501 3517 dixit
2513 3463 2768 3518 Christus
2795 3464 3015 3516 locutus
3036 3469 3138 3527 est,
3156 3463 3414 3534 quamvis
3431 3462 3598 3533 ipsum
3623 3459 3738 3510 locu-

2195 3557 2318 3606 tum
2347 3557 2565 3606 constet
2589 3569 2710 3606 esse
2731 3551 3090 3605 manifestum
3121 3551 3144 3604 ?
3181 3553 3262 3606 ita
3293 3551 3524 3606 necdum
3565 3545 3740 3602 Judzeos

2198 3645 2392 3710 aperto
2412 3641 2638 3694 nomine
2658 3640 2862 3711 tetigit.
2878 3641 2928 3694 Ν
2931 3658 3020 3694 am
3037 3640 3217 3696 ferme
3242 3657 3434 3695 omnes
3455 3635 3742 3710 quibust-

2198 3729 2378 3799 phctze
2391 3729 2562 3806 locuti
2584 3735 2734 3796 sunt,
2753 3723 3041 3798 'malignos
3057 3747 3182 3783 esse
3214 3730 3556 3800 nefariosque
3573 3729 3742 3779 consta-

2197 3817 2312 3881 bat,
2338 3825 2394 3872 et
2415 3819 2653 3872 necdum
2684 3819 2752 3872 de
2781 3818 2903 3872 istis
2931 3819 3212 3872 rationem
3235 3835 3456 3874 movere
3483 3813 3651 3876 voluit,
3669 3808 3740 3864 sed

2197 3906 2422 3960 interim
2442 3907 2782 3977 generaliter
2808 3907 2877 3961 de
2907 3907 3240 3962 muneribus
3268 3908 3528 3978 disputat,
3547 3897 3742 3975 quaeillis

2197 3995 2384 4050 divina
2398 3997 2657 4066 largitate
2679 3995 3052 4050 donabantur.
3081 4017 3104 4048 ι
3127 3997 3312 4060 Quem
3325 3993 3600 4052 constituit
3611 3993 3742 4045 haere-

2201 4104 2224 4136 ι
2249 4085 2378 4138 dem
2394 4085 2802 4139 universorum.
2827 4104 2850 4137 ι
2866 4085 3012 4149 Quid
3031 4091 3118 4140 est
3137 4105 3164 4139 α
3181 4104 3353 4158 quem
3374 4081 3640 4140 constituit
3654 4079 3739 4132 llae-

2194 4173 2385 4227 redem
2408 4173 2840 4227 universorum?
2865 4192 2887 4223 ι
2912 4173 3014 4228 Hic
3035 4173 3396 4229 incarnatum
3406 4172 3534 4226 dicit
3559 4166 3736 4224 Filium.

2193 4262 2263 4315 de
2293 4278 2404 4332 quo
2423 4261 2680 4333 superius
2709 4261 2927 4316 locutus
2946 4268 3051 4328 est,
3076 4262 3223 4316 sicut
3241 4262 3414 4316 etiam
3437 4260 3504 4314 de
3531 4274 3590 4312 eo
3607 4255 3656 4308 in
3677 4267 3741 4304 se-

2197 4351 2379 4404 cundo
2402 4351 2609 4421 legitur
2637 4350 2856 4420 psalmo
2889 4369 2900 4404 :
2941 4369 2963 4402 ι
2995 4351 3229 4406 Postula
3257 4369 3294 4406 a
3323 4367 3413 4405 me
3445 4354 3501 4403 et
3526 4345 3650 4401 dabo
3665 4336 3741 4394 tibi

2202 4459 2228 4494 οι
2263 4446 2462 4510 gentes
2493 4440 2882 4495 luereditatem
2909 4447 3087 4494 tuam.
3126 4461 3149 4492 ι
3176 4429 3306 4496 Non
3328 4441 3447 4510 jam
3474 4435 3636 4509 portio
3659 4431 3742 4485 Do-

2129 4505 2334 4584 Dmini
2361 4535 2586 4583 tantum
2615 4529 2804 4595 Jacob,
2837 4535 2894 4583 et
2940 4545 3060 4584 sors
3105 4531 3230 4600 ejus
3277 4505 3430 4584 solus
3474 4505 3645 4586 lsmel,
3670 4516 3743 4572 sed

2199 4635 2394 4673 omnes
2424 4618 2609 4689 potius
2641 4618 2898 4673 nationes
2923 4638 2936 4687 ;
2963 4619 3068 4672 hoc
3087 4625 3190 4684 est,
3209 4619 3359 4674 hunc
3386 4617 3577 4672 Filium
3597 4604 3746 4666 Domi-

2195 4724 2332 4762 num
2357 4707 2648 4762 constituit
2671 4708 3063 4762 universorum
3086 4726 3098 4760 :
3132 4707 3374 4761 haeredis
3403 4710 3582 4760 autem
3603 4697 3746 4752 utitur

2195 4795 2438 4862 nomine,
2472 4800 2538 4850 ut
2565 4795 2676 4850 duo
2703 4796 2958 4866 quaedam
2987 4812 3088 4866 per
3131 4795 3238 4848 hoc
3278 4797 3494 4848 astruat
3519 4794 3571 4844 et
3595 4789 3745 4840 osten-

2195 4887 2310 4950 dat,
2345 4884 2494 4956 quod
2522 4885 2782 4956 proprius
2810 4883 2884 4938 sit
2907 4883 3098 4950 Filius,
3133 4889 3190 4937 et
3218 4883 3367 4954 quod
3399 4867 3743 4935 dominationis

2195 4974 2275 5029 illi
2305 4975 2462 5028 nulla
2486 4975 2774 5046 contingat
2819 4973 3064 5028 amissio.
3110 4973 3405 5026 Haeredem
3452 4975 3624 5024 autem
3656 4973 3745 5012 om-

2197 5063 2354 5117 nium
2385 5062 2535 5128 dicit,
2569 5064 2625 5117 id
2655 5069 2758 5129 est,
2784 5063 2978 5117 mundi
3009 5061 3200 5116 totius.
3242 5059 3454 5115 Deinde
3481 5057 3548 5110 ad
3583 5049 3745 5105 altiora

2199 5167 2514 5205 sermonem
2565 5151 2840 5205 convertit
2882 5150 3071 5204 dicens
3105 5168 3116 5202 :
3157 5168 3184 5200 «
3221 5149 3330 5202 Per
3361 5161 3524 5218 quem
3558 5138 3668 5194 fecit
3702 5137 3742 5184 et

2200 5241 2403 5294 saecula
2433 5259 2444 5292 :
2481 5257 2508 5292 ι)
2539 5246 2604 5293 ut
2632 5242 2955 5295 ostenderet
2979 5241 3243 5295 eumdem
3263 5233 3568 5292 novissimis
3584 5224 3742 5282 diebus

2199 5327 2416 5382 venisse
2438 5327 2494 5381 in
2523 5329 2816 5394 mundum,
2851 5347 2951 5400 per
3000 5345 3166 5400 quem
3220 5326 3348 5382 fecit
3403 5329 3458 5379 et
3495 5316 3739 5376 mundum.

2194 5417 2639 5488 Magnitudinem
2673 5419 2794 5488 ejus
2829 5418 3146 5483 ostendens,
3181 5417 3276 5488 qui
3302 5414 3410 5468 fuit
3436 5409 3567 5467 Novi
3591 5406 3744 5488 Testa-

2198 5487 2375 5562 menti
2407 5506 2566 5560 labor
2592 5513 2651 5560 et
2674 5487 2870 5562 auctor
2901 5527 2911 5562 :
2945 5514 3074 5579 post
3100 5487 3217 5562 haec
3245 5501 3568 5578 quibusdam
3593 5487 3742 5566 grndi'

2197 5597 2300 5652 bus
2329 5597 2616 5666 eleganter
2638 5601 2822 5661 utens,
2854 5597 3107 5668 pervenit
3141 5597 3212 5652 ad
3251 5596 3306 5650 id
3337 5591 3484 5666 quod
3523 5579 3740 5642 omnibus
