3848 6164
159 281 247 335 713
533 273 1104 330 ENARRATIONUM
1142 275 1221 328 IN
1259 275 1412 328 EPP.
1457 273 1671 328 PAULI
1709 272 1846 326 LIB.
1888 271 2111 324 XXVII.
2142 301 2206 310 ——
2237 271 2314 325 IN
2353 269 2575 325 EPIST.
2617 271 2714 324 AD
2752 270 2963 324 IIEBR.
3001 233 3008 235 ῃ
3273 271 3372 325 714

153 406 254 460 istis
279 419 388 475 quae
413 419 579 473 supra
604 401 759 464 dixit,
793 401 970 454 multo
1005 401 1191 470 majus
1221 407 1325 464 est,
1353 406 1410 452 et
1451 398 1697 454 insonuit
1713 397 2033 466 Agloriam.
2071 396 2165 450 Ait
2187 397 2338 468 enim
2363 415 2375 450 :
2411 415 2439 450 α
2463 397 2632 451 Sedet
2657 397 2728 450 ad
2748 396 3035 450 dexteram
3055 396 3370 467 majestatis

155 496 350 548 dicens:
393 510 418 542 ς(
453 491 559 556 Qui
597 508 723 545 cum
770 489 844 543 sit
881 490 1146 560 splendor
1184 489 1377 558 gloriae
1409 493 1467 543 et
1512 489 1695 559 ﬁgura
1777 487 1899 556 ejus
1922 485 1979 539 in
2001 486 2247 539 excelsis.
2287 504 2311 536 ι
2346 487 2454 540 Per
2493 485 2778 539 dexteram
2808 501 2920 538 non
2952 485 3130 539 Deum
3171 502 3370 557 corpo-

153 581 432 636 substantiae
470 581 607 650 ejus.
643 603 666 631 η
723 579 938 650 Ubique
977 579 1204 649 quidem
1244 578 1504 648 religioso
1535 577 1694 631 nobis
1777 575 1972 628 raliter
1998 573 2346 640 deformavit,
2369 575 2466 628 sed
2497 573 2944 643 magnitudinem
2971 574 3375 630 demonstravit

154 689 266 742 Opus
290 675 365 724 est
390 665 690 735 intellectu,
733 668 975 724 maxime
999 673 1190 722 autem
1225 667 1320 730 ibi,
1355 666 1450 720 ubi
1479 666 1550 722 de
1579 667 1694 720 Deo
1777 663 2185 718 honoris.Dum
2206 663 2382 718 dixit«
2409 664 2468 718 in
2483 663 2730 726 excelsis,
2751 682 2772 712 ι
2791 663 3038 718 ostendit
3051 665 3372 720 eumomni-

155 761 220 813 vel
242 759 512 829 loquimur,
549 759 632 811 vel
671 758 968 823 audimus;
1004 757 1272 829 quoniam
1298 773 1482 826 neque
1510 755 1580 810 ad
1611 756 1694 809 lo-
1775 752 1881 806 bus
1925 753 2181 806 altiorem
2231 758 2287 806 et
2333 752 2845 823 supereminentem
2882 770 3021 818 esse,
3056 754 3150 825 qui
3199 753 3372 808 etiam

156 847 390 918 quendum
409 847 574 916 digne
593 847 660 899 de
687 847 804 900 Deo
824 846 1018 916 lingua
1038 845 1260 912 sufﬁcit,
1288 861 1470 916 neque
1483 845 1554 898 ad
1572 861 1696 914 per—
1777 858 1953 912 usque
1970 842 2222 914 pervenit
2243 842 2442 896 solium
2473 848 2721 913 paterna;
2743 842 3035 897 claritatis.
3054 842 3212 898 Sicut
3236 860 3369 913 ergo

157 936 422 1006 cipiendum
453 935 708 1000 praevalet
753 934 1088 988 intellectus.
1123 935 1359 1004 Oportet
1397 934 1569 988 etiam
1598 933 1692 987 ubi
1776 931 1944 986 Pater
1980 931 2038 984 in
2069 931 2296 985 excelsis
2319 938 2421 996 est,
2456 931 2536 984 sic
2563 936 2620 986 et
2649 931 2822 984 Filius
2854 949 2865 984 :
2903 949 3194 986 consessus
3223 933 3370 986 enim

155 1024 218 1077 vel
240 1040 398 1077 sermo
417 1023 622 1087 deﬁcit,
655 1023 740 1076 vel
761 1023 1026 1092 cogitatio
1047 1023 1324 1094 explicare
1343 1023 1413 1076 de
1442 1023 1558 1077 Deo
1579 1039 1693 1075 non
1777 1020 1916 1087 nihil
1935 1021 2286 1076 demonstrat
2313 1021 2483 1087 aliud,
2507 1020 2614 1074 nisi
2645 1021 2874 1075 honoris
2893 1021 3288 1092 aequalitatem.
3315 1023 3373 1077 Si

156 1113 335 1183 poterit,
363 1118 490 1166 tunc
519 1112 700 1181 magis
726 1112 1042 1182 glorificare
1062 1129 1164 1166 nos
1195 1113 1393 1177 Deum,
1429 1111 1574 1182 quod
1604 1116 1693 1164 ta-
1777 1109 1929 1163 enim
1942 1109 2374 1164 minorationem
2393 1111 2557 1164 vellet
2577 1111 2894 1175 ostendere,
2919 1127 3210 1182 nunquam
3230 1111 3376 1166 dice-

153 1202 237 1255 lem
253 1201 408 1255 Deum
423 1201 693 1256 habemus
714 1201 810 1272 qui
840 1207 898 1254 et
915 1201 1260 1255 intellectum
1275 1199 1623 1254 transcendit
1638 1206 1696 1254 et
1778 1204 1865 1252 ret
1904 1216 1939 1252 a
1976 1199 2204 1266 dextris,
2243 1199 2341 1253 sed
2381 1199 2566 1270 potius
2619 1217 2652 1252 a
2698 1199 2942 1254 sinistris
2987 1217 3118 1254 eum
3159 1201 3372 1255 sedere.

153 1291 448 1360 cogitationis
475 1290 721 1344 initium.
755 1289 953 1344 Merito
985 1290 1341 1360 splendorem
1387 1306 1516 1343 eum
1556 1288 1697 1342 dixit
1782 1305 1808 1338 (ι
1830 1288 2010 1342 Tanto
2040 1287 2239 1342 melior
2267 1292 2354 1341 est
2371 1287 2585 1358 angelis
2609 1288 2860 1354 allectus,
2884 1295 3094 1360 quanto
3122 1289 3378 1344 differen-

151 1379 316 1447 gloriaa,
354 1383 410 1432 ut
446 1384 576 1450 pote
598 1379 697 1449 qui
719 1378 902 1448 ipsum
923 1378 1135 1432 sciebat
1165 1378 1445 1432 dicentem
1469 1397 1480 1431 :
1523 1396 1548 1429 ‹‹
1581 1377 1696 1447 Ego
1783 1395 1808 1427 «
1836 1377 1950 1430 tius
1971 1394 2084 1448 prae
2099 1376 2209 1431 illis
2231 1393 2438 1430 nomen
2455 1377 3138 1446 haereditavit.»(.loan.)0
3160 1385 3378 1450 aposto-

152 1485 248 1520 sum
281 1469 362 1520 lux
384 1468 582 1521 mundi
625 1469 806 1534 (Joan.
853 1473 986 1538 vin),
1033 1485 1060 1520 n
1097 1467 1400 1521 ostendens
1436 1483 1565 1520 eum
1609 1467 1696 1520 lu-
1779 1465 1888 1520 lica
1907 1465 2216 1536 sapientia!
2250 1466 2430 1535 magis
2451 1472 2640 1520 autem
2660 1483 2774 1522 non
2791 1467 2949 1521 Pauli
2978 1467 3380 1538 sapientia,sed

150 1573 250 1609 men
269 1555 328 1608 de
345 1556 574 1619 lumine,
594 1555 740 1610 sicut
770 1556 948 1609 Deum
974 1556 1042 1609 de
1071 1555 1188 1609 Deo
1213 1573 1354 1620 esse,
1370 1555 1697 1625 animasque
1781 1554 2021 1625 Spiritus
2033 1553 2211 1608 sancti
2234 1554 2490 1608 miranda
2501 1562 2587 1609 est
2603 1555 2808 1625 gratia.
2832 1556 2959 1610 Non
2973 1555 3125 1611 enim
3141 1557 3386 1612 exintel-

147 1652 322 1698 nostras
339 1645 772 1710 illuminantem,
791 1651 848 1698 et
864 1651 1085 1715 patrem
1102 1643 1261 1698 nobis
1287 1644 1689 1698 insinuantem.
1776 1643 1922 1698 lectu
1945 1643 2062 1697 haec
2090 1643 2316 1714 proprio
2361 1643 2715 1714 loquebatur,
2749 1661 2932 1716 neque
2962 1645 3210 1701 humano
3238 1647 3384 1701 hanc

149 1734 231 1785 Per
241 1733 576 1804 splendorem
603 1733 810 1804 quippe
825 1733 1102 1787 unitatem
1118 1733 1420 1787 declaravit
1440 1732 1696 1788 essentiae
1715 1763 1761 1822 B
1782 1731 2259 1804 dispensationem
2291 1732 2607 1802 reperiebat
2634 1733 2880 1802 ingenio.
2927 1735 3088 1789 Unde
3121 1735 3271 1790 enim
3301 1736 3385 1792 illi

147 1839 244 1875 cum
266 1823 367 1877 Deo
391 1829 576 1894 patre,
595 1829 653 1876 et
679 1822 925 1876 mirabili
945 1822 1110 1876 modo
1131 1839 1302 1876 unam
1325 1821 1725 1876 substantiam’
1783 1823 1931 1876 hoc?
1963 1823 2014 1875 N
2019 1839 2111 1875 um
2142 1838 2210 1875 ex
2239 1822 2536 1892 scalpellis,
2553 1827 2652 1876 aut
2671 1823 2926 1892 pellibus,
2943 1829 3042 1878 aut
3072 1825 3132 1878 in
3161 1825 3387 1880 ofﬁcina

147 1911 358 1976 ostendit,
406 1918 468 1965 ut
523 1913 672 1966 duas
729 1928 997 1982 personas
1041 1911 1286 1982 aperiret
1317 1910 1377 1965 in
1427 1911 1609 1980 gloria
1645 1915 1701 1964 et
1781 1911 1880 1965 illa
1899 1911 2014 1965 haec
2053 1916 2275 1982 poterat
2312 1910 2574 1964 edoceri?
2609 1911 3018 1982 Nequaquam:
3055 1913 3152 1967 sed
3185 1913 3386 1969 divina:

145 2001 406 2070 splendore.
431 2001 602 2054 Unde
634 2001 805 2054 etiam
835 1999 1144 2071 subjungit,
1181 2017 1207 2051 ι
1257 1999 1353 2071 qui
1397 2005 1482 2053 est
1519 2001 1700 2070 ﬁgura
1782 1999 1888 2054 fuit
1915 2000 2034 2054 hec
2058 1999 2309 2070 operatio
2337 1999 2668 2068 majestatis.
2703 2000 2828 2054 Non
2859 2001 3010 2055 enim
3055 2002 3156 2055 has
3184 2001 3388 2056 intelli-

145 2088 421 2144 substantia:
442 2091 593 2160 ejus.
613 2108 640 2141 ν
670 2089 879 2160 Figura
906 2089 1112 2160 quippe
1135 2089 1279 2142 alter
1302 2093 1389 2143 est
1415 2087 1484 2142 ab
1515 2104 1580 2142 eo
1612 2105 1704 2142 cu—
1783 2089 2005 2158 gentias
2039 2106 2142 2142 sua
2190 2094 2379 2142 mente
2407 2087 2756 2158 procreabat,
2790 2105 2914 2158 quae
2946 2094 3081 2143 tunc
3105 2075 3228 2144 erat
3269 2096 3388 2145 tam

141 2178 212 2246 jus
233 2178 408 2232 ederat
430 2178 701 2244 formam,
716 2179 860 2232 alter
879 2184 1070 2232 autem
1093 2195 1206 2232 non
1235 2177 1296 2231 in
1321 2175 1704 2241 omnibus,sed
1787 2177 1986 2231 debilis
2019 2183 2076 2231 et
2101 2183 2352 2232 extrema
2385 2196 2396 2230 :
2432 2177 2514 2230 ita
2542 2183 2608 2231 ut
2634 2176 2778 2231 nihil
2820 2178 3062 2248 amplius
3094 2177 3330 2232 haberet
3357 2198 3392 2233 a

143 2267 398 2320 secundum
426 2282 756 2338 personam.
780 2267 924 2320 Nam
947 2271 1004 2320 et
1033 2265 1120 2318 hic
1149 2266 1332 2335 ﬁgura
1363 2262 1704 2334 aequalitatis
1787 2265 2018 2336 plebeiis
2040 2272 2098 2320 et
2131 2265 2510 2337 popularibus.
2536 2266 2826 2329 Quomodo
2849 2266 3000 2320 enim
3021 2267 3234 2338 aliquid
3253 2267 3390 2321 divi-

144 2354 328 2408 omnino
354 2355 571 2426 prabet.
597 2355 867 2409 indicium
896 2355 968 2408 ad
984 2354 1122 2408 illud
1139 2354 1300 2424 cujus
1321 2355 1501 2424 ﬁgura
1515 2358 1704 2406 osten-
1788 2371 1923 2408 num
1953 2361 2146 2426 posset
2174 2355 2267 2409 ille
2289 2355 2518 2420 sentire,
2543 2355 2818 2426 qui‘circa
2836 2355 3017 2426 pretia
3034 2355 3310 2411 vendendi
3333 2363 3391 2411 et

143 2441 277 2510 ditur,
302 2451 355 2498 et
406 2444 794 2516 suspicionem
850 2444 936 2497 vel
991 2459 1174 2514 parvae
1228 2440 1704 2496 dissimilitudinis
1785 2445 1934 2497 circa
1947 2444 2350 2498 coniectionem
2364 2445 2596 2515 pellium
2614 2450 2790 2498 totam
2813 2461 2973 2500 suam
2986 2445 3160 2499 vitam
3176 2452 3388 2500 totum-

144 2533 296 2600 procul
329 2532 492 2588 dubio
537 2549 660 2588 non
703 2532 920 2604 recipit.
967 2532 1069 2586 llic
1102 2531 1255 2585 enim
1295 2533 1536 2600 ﬁguram
1565 2529 1706 2584 dixit
1791 2549 1900 2602 que
1922 2532 2172 2586 studium
2202 2531 2527 2588 conterebat
2545 2534 2570 2586 ?
2587 2533 2696 2588 Sed
2723 2533 2911 2604 gratia
2940 2533 3184 2606 Spiritus
3208 2535 3390 2589 sancti

142 2621 327 2688 quodin
351 2623 456 2678 alio
477 2623 614 2676 loco
658 2622 898 2675 formam
935 2620 1207 2674 nominat.
1241 2619 1346 2674 Ubi
1375 2619 1456 2673 ait
1491 2637 1502 2671 :
1542 2639 1568 2671 «
1601 2619 1707 2683 Qui
1793 2638 1893 2692 per
1909 2637 2049 2692 quos
2081 2621 2200 2674 vult
2221 2621 2488 2692 potentiae
2529 2639 2642 2676 suae
2672 2621 2908 2676 virtutes
2937 2623 3200 2678 ostendit.
3235 2623 3393 2678 Sicut

141 2723 241 2763 cum
271 2709 324 2764 in
358 2711 546 2765 forma
580 2711 683 2765 Dei
713 2716 861 2765 esset
897 2711 1122 2778 (Philip.
1152 2713 1234 2777 ιι),
1272 2729 1297 2760 »
1338 2708 1522 2762 forma
1562 2707 1710 2762 vide—
1793 2711 1945 2764 enim
1967 2710 2016 2765 si
2043 2710 2249 2781 aliquis
2281 2710 2618 2764 infantulum
2661 2711 2982 2782 quempiam
3021 2712 3081 2766 in
3115 2712 3392 2768 excelsum

143 2797 246 2852 licet
265 2799 338 2854 vel
367 2803 579 2872 ﬁgura,
610 2816 784 2854 unam
827 2798 1075 2852 declarat
1117 2798 1374 2853 essentiae
1414 2797 1708 2868 eequalita-
1793 2799 2094 2870 quemdam
2109 2799 2293 2853 locum
2313 2805 2370 2852 et
2386 2789 2800 2870 pertingentem
2825 2801 2896 2855 ad
2924 2800 3110 2872 ipsum
3131 2801 3394 2856 verticem

145 2893 250 2940 tem.
276 2889 408 2952 Quia
435 2891 506 2944 de
541 2889 748 2943 eodem
782 2889 1158 2963 Redemptore
1205 2893 1399 2942 nostro
1436 2886 1710 2957 scriptum
1791 2888 1915 2942 caeli
1935 2889 2126 2942 volens
2154 2887 2427 2959 paulatim
2448 2889 2769 2959 sensimque
2791 2889 3394 2961 subrigere,gradatim

150 2982 236 3029 est:
261 2995 282 3028 α
311 2979 412 3042 Qui
432 2996 574 3033 cum
593 2978 670 3032 sit
686 2977 950 3048 splendor
963 2977 1158 3048 gloriae
1175 2981 1232 3030 et
1248 2977 1434 3046 ﬁgura
1451 2974 1709 3030 substan-
1792 2977 1896 3030 hoc
1925 2977 2110 3042 faciat,
2129 2976 2198 3030 ab
2210 2977 2566 3031 inferioribus
2578 2977 2648 3030 ad
2673 2978 2966 3049 superiora
2975 2979 3351 3035 conscendens
3375 2998 3388 3046 ;

146 3064 219 3118 tiae
242 3067 347 3134 ejus
397 3073 754 3139 portansque
811 3065 1020 3120 omnia.
1072 3084 1098 3118 »
1152 3066 1354 3132 (Grcg.)
1408 3065 1542 3134 Ejus
1573 3081 1708 3134 ergo
1725 3085 1768 3143 ρ
1793 3065 1995 3119 deinde
2027 3082 2154 3120 cum
2183 3083 2409 3120 sursum
2437 3066 2770 3136 pervenerit,
2807 3067 3004 3137 jubeat
3023 3067 3184 3122 illum
3213 3066 3393 3123 infan-

143 3169 307 3208 Inanus
333 3156 500 3210 corda
532 3162 737 3209 nostra
757 3161 962 3226 portat,
997 3156 1119 3224 ejus
1145 3170 1344 3207 manus
1372 3152 1432 3206 in
1462 3157 1710 3206 contem-
1794 3155 1978 3208 tulum
2001 3155 2263 3209 deorsum
2293 3154 2350 3208 in
2395 3153 2662 3208 inferiora
2689 3155 3004 3226 despicere;
3047 3156 3248 3211 deinde
3283 3157 3385 3212 de-

140 3241 343 3310 platione
386 3262 489 3300 nos
544 3243 803 3298 sublevat
835 3263 846 3297 :
891 3244 1000 3297 nisi
1040 3243 1210 3308 enim,
1254 3246 1319 3296 ut
1357 3241 1568 3296 dictum
1604 3245 1708 3306 est,
1796 3243 2124 3314 spicientem
2154 3245 2340 3297 videat
2369 3243 2630 3297 haesitare
2660 3248 2717 3296 et
2740 3244 3177 3300 obscuritatibus
3203 3263 3268 3300 ac
3291 3247 3390 3302 de-

139 3330 511 3404 Omnipotentis
537 3332 792 3387 Verbum
822 3337 1052 3404 propter
1071 3331 1327 3385 homines
1343 3330 1511 3384 homo
1529 3331 1709 3394 ﬁeret,
1796 3330 2126 3384 fectionibus
2139 3330 2387 3400 fatigari:
2405 3330 2612 3384 iterum
2629 3348 2756 3385 eum
2769 3332 2837 3385 ad
2849 3332 3153 3388 humiliora
3163 3333 3398 3406 deponit

143 3419 347 3476 humana
359 3424 536 3478 corda
556 3423 627 3476 ad
649 3421 1138 3493 contemplandum
1156 3419 1306 3474 verbi
1323 3418 1710 3473 excellentiam
1794 3436 1903 3490 quo
1923 3419 2199 3489 respirare
2227 3419 2411 3472 valeat
2427 3424 2596 3490 atque
2613 3419 2868 3474 animum
2887 3438 3142 3476 recreare
3162 3441 3174 3489 ;
3191 3423 3394 3478 deinde

138 3524 226 3562 non
264 3511 530 3568 valerent.
573 3511 710 3566 Inde
737 3528 870 3581 ergo
901 3509 1128 3564 excelsae
1167 3509 1327 3562 facta
1365 3512 1496 3562 sunt
1526 3507 1710 3562 homi-
1793 3523 1921 3562 cum
1948 3507 2188 3560 refectus
2217 3507 2403 3574 fuerit,
2433 3523 2562 3561 eum
2599 3507 2806 3562 iterum
2843 3508 2916 3562 ad
2947 3509 3239 3580 superiora
3267 3528 3386 3565 sus—
3490 3527 3492 3533 '

141 3612 246 3652 num
266 3608 496 3668 mentes,
539 3601 694 3654 unde
723 3599 872 3653 inter
901 3597 1159 3652 homines
1188 3595 1451 3668 apparuit
1481 3596 1711 3650 humilis
1792 3596 1954 3650 tollat
1982 3600 2040 3649 et
2067 3595 2271 3648 iterum
2317 3595 2387 3649 ad
2428 3595 2695 3650 inferiora
2735 3601 2954 3651 revocet
2985 3615 2995 3650 :
3031 3598 3113 3652 ita
3146 3604 3203 3653 et
3239 3599 3392 3654 circa

139 3683 274 3740 Deus.
299 3708 324 3740 (ξ
346 3690 708 3758 Portansque
739 3687 928 3742 omnia
945 3686 1112 3740 verbo
1125 3685 1348 3740 virtutis
1375 3701 1509 3740 suae.
1531 3704 1557 3737 »
1581 3685 1714 3740 Por-
1795 3683 2058 3740 Hebraeos
2069 3683 2268 3738 beatus
2286 3683 2524 3738 faciebat
2542 3685 2926 3756 Apostalus,et
2944 3686 3024 3740 sic
3034 3703 3164 3742 eum
3183 3686 3392 3759 ubique

139 3780 256 3841 unus,
284 3777 335 3830 id
359 3784 463 3844 est,
485 3776 822 3848 gubernans
836 3777 1028 3830 omnia
1056 3793 1121 3830 eo
1151 3775 1336 3828 Verbo
1363 3774 1589 3829 virtutis
1612 3791 1712 3846 per
1794 3774 2040 3846 reperies
2069 3772 2326 3843 magistri
2355 3773 2440 3827 sui
2460 3773 2519 3828 in
2540 3773 2788 3828 docendo
2803 3774 3038 3846 vestigia
3053 3791 3394 3848 consequen-

139 3863 257 3932 quod
280 3864 406 3920 fecit
433 3865 657 3920 omnia.
689 3863 842 3920 Non‘
859 3865 1010 3920 enim
1050 3865 1238 3918 minus
1283 3869 1371 3918 est
1397 3862 1712 3933 gubernare
1795 3868 1929 3916 tem.
1964 3862 2108 3916 Nam
2129 3866 2187 3915 et
2214 3861 2334 3932 ipse
2363 3861 2444 3914 sic
2473 3859 2735 3914 faciebat:
2757 3861 3058 3934 aliquando
3082 3863 3309 3934 quidem
3333 3865 3391 3919 in

140 3953 375 4008 mundum
405 3972 588 4026 quam
615 3970 825 4008 creare.
859 3955 1004 4009 Nam
1033 3953 1093 4007 in
1108 3953 1354 4008 creando
1375 3951 1622 4022 quidem,
1648 3967 1715 4006 ex
1795 3950 1998 4004 altiora
2023 3967 2153 4005 suos
2171 3949 2473 4021 discipulos
2500 3949 2844 4017 sublevabat,
2879 3951 3178 4023 aliquando
3203 3960 3393 4010 autem

139 4038 284 4096 nihilo
308 4060 500 4098 rerum
532 4042 865 4098 substantiae
893 4042 1178 4114 productae
1217 4047 1383 4106 sunt;
1420 4041 1479 4095 in
1507 4039 1713 4111 guber-
1796 4056 1891 4093 eos
1918 4039 1990 4094 ad
2019 4039 2285 4094 inferiora
2306 4038 2705 4094 imbecillitatis
2725 4056 2920 4095 eorum
2949 4041 3134 4112 gratia
3175 4059 3394 4098 revoca-

139 4131 294 4184 uando
339 4149 472 4186 vero
498 4149 575 4187 ea
613 4149 736 4203 quae
763 4131 910 4186 facta
951 4135 1102 4196 sunt,
1135 4147 1207 4184 ne
1236 4130 1307 4184 ad
1353 4128 1592 4183 nihilum
1631 4145 1717 4182 re—
1796 4126 1911 4196 bat,
1943 4145 2300 4200 nequaquam
2329 4145 2424 4184 eos
2453 4129 2672 4200 prolixo
2692 4133 2946 4202 tempore
2975 4130 3034 4184 in
3073 4132 3252 4186 altera
3271 4149 3396 4204 per-

139 4215 282 4272 deant
300 4221 690 4276 continentur.
724 4220 870 4291 Ergo
909 4220 1044 4275 dum
1077 4219 1163 4274 hae
1191 4235 1382 4274 omnia
1416 4223 1710 4288 reguntur,
1795 4223 2194 4288 manereparte
2215 4217 2567 4288 permittens.
2586 4217 2655 4272 Et
2669 4220 3051 4290 contemplare
3071 4219 3280 4276 iterum
3305 4239 3392 4276 sa-

137 4305 436 4364 adinvicem
469 4309 582 4364 sibi
626 4308 1003 4380 repugnantia
1045 4313 1398 4380 coaptantur,
1443 4322 1711 4377 magnum
1733 4306 2064 4380 “pientiam
2094 4306 2274 4372 Pauli,
2304 4323 2406 4378 per
2443 4307 2637 4378 quales
2655 4324 2750 4362 eos
2780 4308 2950 4362 etiam
2991 4308 3243 4363 sublevat
3257 4327 3390 4379 gra-

139 4399 183 4446 et
205 4397 352 4452 valde
379 4398 647 4453 mirabile
672 4364 1041 4469 plurimaeque
1061 4364 1284 4451 virtutis
1315 4364 1417 4451 Dei
1441 4364 1712 4450 indicium
1733 4364 1917 4462 Ddus,
1949 4399 2007 4448 et
2035 4364 2278 4466 qualiter
2304 4364 2402 4448 eos
2431 4364 2502 4448 ad
2528 4395 2714 4466 ipsum
2738 4395 2954 4466 apicem
2975 4395 3199 4465 pietatis
3209 4364 3388 4452 addu-

137 4481 444 4542 declaratur.
469 4488 614 4542 Post
633 4487 779 4541 hanc
795 4485 995 4540 divinae
1015 4485 1330 4556 majestatis
1359 4485 1418 4538 in
1446 4483 1584 4538 Filio
1603 4485 1712 4539 cla-
1793 4485 1902 4538 cit:
1935 4483 2030 4538 ubi
2057 4484 2193 4538 item
2223 4488 2528 4553 antequam
2547 4483 2852 4538 deﬁcerent
2880 4489 2938 4536 et
2965 4499 3059 4537 eos
3079 4483 3390 4541 obscuritas

139 4571 351 4641 ritatem,
371 4578 443 4630 ad
463 4576 709 4630 humilia
733 4573 1136 4630 incarnationis
1156 4573 1448 4628 descendit
1468 4572 1660 4627 dicens
1690 4593 1702 4628 :
1793 4577 2106 4644 occuparet,
2128 4571 2253 4625 vide
2283 4571 2562 4642 quomodo
2591 4588 2686 4624 eos
2713 4571 2784 4624 ad
2801 4571 3070 4626 inferiora
3089 4574 3384 4642 revocavit,

141 4680 159 4709 ι
183 4661 572 4734 Purgationem
593 4669 950 4735 peccatorum
979 4663 1204 4718 faciens.
1235 4682 1262 4716 »
1299 4662 1421 4717 Duo
1451 4663 1708 4734 quaedam
1791 4678 1900 4732 quo
1923 4661 2141 4732 possint
2166 4659 2458 4731 paululum
2480 4659 2722 4714 recreari
2757 4678 2768 4712 :
2797 4678 2822 4711 «
2855 4659 3098 4716 Locutus
3113 4667 3199 4716 est
3227 4661 3386 4718 nobis

137 4747 452 4818 signiﬁcans,
477 4753 536 4806 id
562 4759 669 4818 est,
699 4769 895 4807 curam
925 4752 1103 4806 nostri
1129 4768 1352 4822 gerens,
1385 4751 1445 4805 in
1487 4767 1554 4805 eo
1597 4767 1706 4822 quo
1791 4750 1848 4803 in
1869 4749 2009 4803 Filio
2036 4765 2137 4802 suo
2160 4765 2328 4819 quem
2357 4747 2546 4818 posuit
2573 4748 2853 4802 haeredem
2897 4749 3170 4805 omnium.
3196 4769 3224 4805 ι
3257 4752 3384 4808 Filii

135 4834 230 4891 ait:
267 4858 294 4894 α
317 4847 558 4912 portans
573 4841 766 4895 omnia
784 4841 952 4896 verbo
965 4839 1186 4894 virtutis
1205 4857 1391 4908 suae;»
1411 4839 1559 4910 quod
1577 4856 1706 4894 vero
1789 4838 1995 4910 quippe
2036 4853 2242 4891 nomen
2277 4853 2574 4892 commune
2609 4842 2712 4892 est.
2757 4837 2863 4892 Ubi
2918 4840 3067 4893 enim
3124 4841 3383 4912 proprius

135 4923 376 4997 adiunxit,
409 4948 440 4982 α
492 4929 889 5001 purgationem
927 4934 1282 5000 peccatorum
1327 4927 1554 4995 faciens,
1592 4947 1616 4980 υ
1649 4928 1706 4982 id
1789 4927 2124 4996 intelligitur
2151 4925 2342 4992 Filius,
2370 4926 2627 4996 superior
2653 4931 2740 4980 est
2768 4931 2826 4980 et
2867 4927 3225 4982 excellentior
3253 4929 3382 4983 uni-

132 5018 214 5080 est,
235 5023 463 5087 peccata
492 5024 686 5074 nostra
709 5019 968 5073 mundat.
1004 5019 1070 5073 In
1103 5017 1190 5071 his
1220 5015 1438 5070 duobus
1464 5015 1707 5071 maxime
1788 5015 1991 5070 versis:
2027 5015 2126 5069 sed
2156 5015 2382 5068 interim
2409 5015 2826 5085 quomodolibet
2849 5033 2908 5070 se
2939 5015 3162 5082 habeat,
3178 5019 3383 5073 astruit

130 5099 433 5171 Apostolum
457 5107 692 5178 gloriari
736 5108 1010 5175 videmur,
1051 5106 1200 5178 quod
1233 5106 1351 5160 haec
1377 5121 1480 5176 per
1503 5105 1708 5160 Filium
1789 5104 2055 5175 quoniam
2075 5105 2371 5158 desursum
2392 5108 2508 5170 est;
2535 5109 2591 5156 et
2611 5103 2733 5158 vide
2754 5104 3034 5175 quomodo
3062 5103 3166 5158 hoc
3189 5104 3342 5160 dicat
3366 5121 3376 5149 τ

130 5190 261 5247 nobis
287 5195 466 5252 allata
489 5213 610 5252 esse
639 5197 992 5252 demonstrat
1022 5214 1033 5248 :
1077 5201 1136 5250 et
1161 5211 1290 5250 cum
1333 5211 1434 5249 nos
1464 5211 1707 5249 commo-
1793 5213 1818 5246 «
1850 5193 2028 5258 Quem
2052 5192 2242 5264 posuit
2259 5191 2538 5247 haeredem
2557 5192 2863 5247 omnium.»
2885 5191 3044 5257 Quod
3063 5192 3247 5247 dixitt
3268 5194 3381 5250 ha}.

128 5279 317 5336 nuisset
332 5284 523 5340 crucis
533 5291 592 5340 et
609 5285 889 5357 passionis
909 5284 1162 5355 ejusdem
1184 5283 1328 5348 Filii,
1345 5300 1445 5355 per
1459 5299 1584 5354 qua:
1601 5299 1704 5337 no-
1789 5283 1980 5337 redem
2009 5281 2195 5353 posuit
2221 5299 2252 5332 ι
2291 5279 2626 5335 humilitatis
2675 5281 3026 5336 demonstrat
3059 5281 3330 5339 indicium
3361 5306 3376 5341 :

129 5362 192 5419 bis
214 5373 482 5443 purgatio
519 5380 876 5445 peccatorum
923 5373 1244 5428 ministrata
1277 5378 1380 5436 est,
1413 5371 1705 5426 confestim
1787 5371 1988 5426 deinde
2009 5371 2080 5424 ad
2099 5369 2444 5440 superiorem
2455 5369 2696 5440 gradum
2710 5369 3078 5442 altioremque
3093 5376 3379 5429 transcen-

128 5455 178 5508 de
200 5460 610 5517 resurrectione
639 5469 810 5534 atque
842 5461 1166 5518 ascensione
1179 5462 1303 5532 ejus
1328 5460 1576 5516 instituit
1605 5477 1706 5515 nos
1786 5460 1900 5516 dit:
1925 5479 1950 5511 ε(
1985 5460 2092 5514 Per
2105 5457 2509 5530 quem,inquit,
2532 5462 2590 5512 et
2616 5459 2821 5514 saecula
2834 5459 2981 5514 fecit.
3019 5479 3044 5511 ι)
3065 5460 3279 5518 Deinde
3305 5464 3378 5517 ad

129 5544 180 5597 Id
203 5549 454 5604 coelestia
496 5551 730 5623 exigere,
763 5557 822 5606 et
853 5551 1062 5607 intueri
1103 5549 1536 5606 inenarrabilem
1581 5550 1703 5619 ejus
1786 5547 2142 5603 excelsiorem
2173 5545 2434 5602 omnibus
2466 5546 2634 5612 venit,
2669 5551 2795 5617 post
2823 5565 2990 5618 quem
3021 5550 3277 5604 altiorem
3301 5551 3378 5604 al-

513 5651 780 5712 PATROL.
809 5649 967 5714 CXII
1005 5717 1012 5724 ,
2984 5645 3060 5710 23
