3848 6164
549 347 652 405 715

1139 351 1201 403 Β.
1243 349 1515 406 ΒΑΒΑΝΙ
1553 348 1784 404 ΜΑΠΒΙ
1821 347 2158 408 ARCHIEP.

2201 347 2525 404 MOGUNT.
2567 345 2866 402 OPERUM
2903 345 3084 402 PARS
3121 347 3219 404 III.
3667 354 3746 407 7l6

542 481 726 530 terum
741 473 983 544 gradum
1013 471 1158 527 inire
1192 489 1306 527 non
1335 473 1514 544 possis
1548 492 1558 525 :
1599 496 1622 526 ι
1657 473 1765 538 Qui
1793 480 1896 538 est,
1931 473 2134 544 inquit,
2155 473 2477 534 Adivinitas
2507 472 2816 526 humilibus
2845 473 3258 528 communicare
3296 472 3515 544 dignata
3538 483 3631 534 est.
3659 478 3749 533 Hoc

543 563 810 634 Splendor
823 561 1018 631 gloria:
1050 567 1106 614 et
1132 563 1423 616 character
1437 561 1762 616 substantiae
1786 563 1925 632 ejus.
1951 586 1975 612 υ
2001 563 2142 617 Vere

545 653 604 708 in
616 652 802 722 ipsum
822 667 918 704 eos
937 649 1320 705 inaccessibile
1334 651 1524 704 lumen
1548 651 1782 718 induxit,
1797 659 1853 706 et
1879 653 1937 705 in
1959 653 2142 722 ipsum

545 741 901 811 splendorem
921 739 1208 794 immensa:
1229 756 1572 810 summmque
1600 741 1872 795 claritatis
1903 759 2017 796 suae
2051 763 2060 795 :
2089 749 2146 796 et

545 837 848 899 antequam
879 846 974 882 eos
1002 829 1315 883 obscuritas
1335 830 1452 884 ulla
1480 831 1891 901 comprimeret,
1917 834 2144 886 attende

545 918 826 990 quomodo
843 935 939 973 eos
967 918 1172 972 iterum
1197 919 1542 989 pedetentim
1561 921 1632 973 ad
1647 920 1914 975 inferiora
1929 928 1986 974 et
2009 939 2142 976 con-

546 1014 708 1062 sueta
737 1008 859 1062 loca
898 1008 1146 1078 deponit,
1181 1007 1373 1062 dicens
1407 1027 1418 1060 :
1463 1029 1488 1057 ςι
1522 1009 1728 1063 Ferens
1757 1011 1949 1064 omnia
1977 1011 2142 1065 verbo

545 1096 766 1152 virtutis
794 1113 929 1152 suae.
965 1097 1074 1150 Per
1101 1097 1306 1167 ipsum,
1327 1097 1532 1168 inquit,
1559 1098 1986 1170 mundationqm
2001 1118 2142 1176 pec-

545 1190 799 1242 catorum
829 1185 1041 1239 faciens
1073 1192 1413 1250 nostrorum,
1445 1187 1640 1241 sedere
1669 1187 1802 1242 fecit
1822 1188 1878 1242 in
1909 1190 2139 1246 dextera

547 1275 878 1345 majestatis.
950 1295 971 1324 ρ
1031 1275 1156 1330 Non
1217 1275 1549 1344 simpliciter
1595 1276 1729 1330 dicit
1786 1297 1796 1330 :
1865 1299 1886 1327 α
1945 1280 2140 1333 sedere

545 1364 696 1427 fecit,
718 1383 741 1414 ι)
761 1363 858 1418 sed
879 1383 905 1415 (ί
929 1370 1055 1434 post
1071 1363 1924 1435 inundationem,inquit,sedere
1945 1367 2089 1422 fecit.
2111 1388 2137 1422 ι)

548 1453 805 1524 Suscepit
832 1453 983 1508 enim
1011 1452 1412 1506 incarnationis
1439 1454 1703 1518 ofﬁcium,
1737 1456 1937 1510 deinde
1959 1457 2141 1512 humi-

546 1542 623 1598 lia
652 1543 920 1612 loquitur,
969 1549 1026 1598 et
1057 1547 1182 1612 post
1230 1543 1345 1596 haec
1397 1542 1767 1598 interlocutus
1799 1547 2090 1615 paululum
2121 1562 2132 1575 '

550 1650 574 1680 ‹‹
609 1632 674 1688 In
701 1631 950 1696 dextera,
971 1631 1252 1700 inquiens,
1277 1633 1590 1701 majestatis
1605 1634 1728 1702 ejus
1757 1634 1814 1688 in
1833 1636 2082 1690 excelsis.
2106 1655 2133 1688 ιν

543 1721 761 1776 lterum
791 1720 862 1774 ad
899 1720 1137 1776 humilia
1183 1721 1467 1774 narranda
1515 1722 1845 1776 revertitur:
1887 1747 1908 1772 α
1959 1726 2138 1780 Tanto

2225 563 2413 632 itaque
2443 563 2561 616 loco
2581 562 2871 631 perspicue
2895 561 3033 615 duas
3051 569 3278 616 naturas
3301 563 3356 617 in
3375 565 3578 618 Christo
3597 573 3747 622 osten-

2225 651 2325 715 dit,
2365 653 2480 704 lnec
2503 668 2631 704 vero
2657 650 2852 704 salutis
2873 659 3076 705 nostrae
3105 652 3356 722 exempla
3383 653 3676 710 referamus.
3706 657 3750 711 Si

2225 741 2378 794 enim
2405 741 2542 810 ipse,
2574 756 2700 794 cum
2743 741 2891 794 Deus
2921 745 3068 794 esset
3093 746 3151 794 et
3185 741 3445 798 Dominus
3483 743 3671 813 Deique
3688 745 3752 799 Fi-

2225 831 2355 892 lius,
2407 846 2519 882 non
2568 829 2781 899 respuit
2819 828 3062 883 formam
3107 830 3254 884 servi
3294 831 3577 901 suscipere.
3613 833 3754 886 multo

2225 920 2467 989 amplius
2483 936 2586 973 nos
2615 924 2836 989 Oportet
2856 925 3056 972 cuncta
3074 921 3339 989 perﬁcere
3361 937 3476 990 quae
3499 922 3638 990 jussa
3653 933 3756 976 sunt

2226 1008 2404 1073 nobis,
2459 1015 2516 1062 et
2561 1007 2797 1062 humilia
2839 1024 3072 1078 quaeque
3129 1007 3402 1074 tolerare;
3454 1010 3755 1065 recordemur

2225 1099 2512 1153 Christum
2535 1097 2812 1152 dicentem
2845 1115 2856 1149 :
2887 1116 2917 1149 ¢
2941 1097 3084 1151 Cum
3113 1097 3356 1154 feceritis
3375 1098 3571 1164 omnia,
3599 1099 3750 1154 dicite.

2223 1188 2488 1257 quoniam
2509 1187 2737 1241 inutiles
2770 1186 2913 1239 servi
2940 1202 3136 1240 sumus
3177 1187 3322 1251 (Luc.
3357 1192 3497 1240 xvul.
3533 1211 3552 1236 υ

2298 1299 2322 1326 ‹‹
2357 1278 2426 1331 Et
2452 1294 2580 1331 cum
2609 1276 2814 1330 iterum
2845 1275 3154 1329 introducit
3180 1274 3604 1345 Primogenitum
3629 1277 3676 1330 in
3692 1293 3756 1330 or-

2227 1389 2248 1414 ‹‹
2286 1367 2412 1420 bern
2444 1373 2726 1420 terrarum
2742 1364 2903 1418 dicit:
2924 1365 2992 1419 Et
3009 1364 3250 1418 adorent
3268 1381 3394 1418 eum
3415 1381 3593 1418 omnes
3609 1367 3755 1435 angeli

2226 1475 2252 1506 ι
2283 1455 2404 1509 Dei.
2419 1477 2440 1503 ι)
2451 1457 2605 1521 (Joan.
2617 1452 2929 1521 .)Dominus
2943 1453 3174 1522 quidem
3185 1459 3375 1506 noster
3387 1453 3414 1506 J
3421 1469 3540 1506 esus
3549 1452 3757 1507 Christus

2221 1545 2522 1598 adventum
2542 1559 2708 1597 suum
2727 1542 3010 1596 carnalem
3039 1541 3252 1600 exitum
3277 1547 3430 1596 vocat
3452 1561 3462 1593 :
3482 1541 3614 1596 sicut
3625 1541 3757 1596 habes

2221 1650 2347 1688 cum
2369 1633 2506 1686 dicit
2539 1652 2548 1685 :
2591 1655 2611 1680 ιι
2648 1632 2717 1686 Et
2745 1631 2878 1685 exiit
2907 1631 3002 1701 qui
3035 1630 3281 1686 seminat
3321 1630 3390 1684 ad
3415 1630 3755 1686 seminandus

2223 1723 2437 1788 (Matth.
2471 1721 2624 1789 xm);
2669 1743 2684 1765 ι
2714 1725 2772 1774 et
2799 1721 3007 1774 iterum
3041 1739 3050 1771 :
3085 1741 3108 1770 α
3147 1720 3262 1789 Ego
3311 1737 3344 1774 a
3387 1719 3544 1774 Patre
3575 1720 3694 1774 exivi
3717 1730 3756 1772 et

545 1809 743 1864 melior
767 1809 948 1866 factus
965 1809 1200 1880 angelis,
1216 1816 1426 1880 quanto
1449 1810 1796 1866 dill‘erentius
1817 1830 1931 1883 pra:
1946 1815 2026 1868 eis
2043 1821 2201 1881 no-B
2219 1811 2342 1866 veni
2375 1811 2432 1864 in
2457 1811 2732 1864 mundum
2765 1812 2946 1874 (Joan.
2993 1826 3106 1864 xvn
3134 1827 3147 1874 ;
3173 1827 3202 1862 ιο
3237 1815 3293 1862 et
3331 1808 3434 1864 hoc
3467 1808 3522 1864 in
3547 1808 3758 1878 plurimis

545 1914 676 1954 men
697 1898 1066 1956 haereditavit.
1087 1917 1111 1950 ι
1137 1898 1240 1952 Hic
1254 1899 1375 1968 jam
1401 1899 1470 1952 de
1487 1917 1574 1962 eo,
1606 1900 1699 1970 qui
1722 1907 1808 1956 est
1827 1904 2134 1959 secundum

541 2004 768 2042 carnem
811 1989 1081 2058 disputat.
1115 1989 1180 2043 In
1217 2005 1284 2042 eo
1327 1989 1476 2042 enim
1512 1990 1660 2059 quod
1691 1990 1831 2045 dixit
1858 2013 1880 2040 α
1941 1994 2138 2048 melior

543 2077 722 2131 factus
733 2084 838 2142 est,
849 2099 868 2122 ιι
880 2093 991 2131 non
1001 2077 1257 2131 essentia;
1275 2083 1522 2146 paternae
1533 2079 1834 2133 declaravit
1844 2081 2128 2136 indicium:

541 2165 643 2220 illa
663 2166 813 2220 enim
829 2183 953 2236 quae
976 2164 1160 2220 Patris
1177 2167 1434 2221 essentia:
1447 2167 1940 2224 consubstantialis
1960 2187 2134 2240 agno-

543 2255 738 2320 scitur,
770 2271 882 2310 non
913 2259 999 2310 est
1025 2255 1192 2321 facta,
1226 2256 1322 2309 sed
1351 2262 1504 2310 nata.
1544 2259 1818 2327 Loquitur
1845 2266 2035 2314 autem
2066 2262 2134 2316 de

539 2344 749 2400 carnali
773 2343 1094 2399 substantia
1125 2363 1136 2396 :
1173 2345 1292 2414 ipsa
1338 2345 1489 2400 enim
1519 2346 1667 2400 facta
1703 2353 1806 2401 est.
1849 2349 1957 2403 Sed
1987 2367 2134 2404 nunc

539 2449 654 2488 non
680 2433 750 2488 de
771 2432 1088 2488 substantia
1114 2435 1257 2502 ejus,
1292 2434 1396 2488 hoc
1435 2441 1521 2490 est
1552 2436 1794 2505 qualiter
1835 2438 2130 2502 exstiterit,

540 2539 724 2576 sermo
744 2522 1050 2592 peragitur,
1075 2522 1172 2576 sed
1199 2521 1344 2579 sicut
1362 2524 1606 2578 Joannes
1635 2525 1800 2579 dicit:
1825 2549 1848 2573 α
1884 2528 1990 2590 Qui
2009 2535 2135 2598 post

539 2628 631 2665 me
665 2611 832 2676 venit,
869 2617 999 2665 ante
1045 2628 1135 2664 me
1163 2611 1341 2666 factus
1387 2619 1474 2666 est
1507 2615 1684 2677 (Joan.
1718 2629 1772 2672 ι).
1811 2638 1832 2664 ιι
1881 2617 1996 2670 Hoc
2025 2623 2128 2678 est.

540 2699 920 2764 honorabihor
937 2705 1106 2770 atque
1124 2699 1488 2770 probabilior:
1505 2702 1585 2755 sic
1606 2703 1774 2756 etiam
1799 2704 1908 2761 hic.
1935 2732 1944 2749 ι
1977 2711 2132 2762 tanto

537 2787 756 2846 melior.
789 2787 991 2858 inquit,
1021 2787 1203 2841 factus
1223 2794 1311 2841 est
1327 2791 1561 2857 angelis,
1591 2810 1612 2840 ι
1649 2792 1753 2845 hoc
1779 2799 1882 2852 est,
1929 2794 2131 2864 proba-

519 2876 702 2934 ,bilior
757 2881 926 2946 atque
955 2877 1292 2947 praeclarior,
1311 2896 1334 2927 «
1358 2884 1570 2946 quanto
1605 2880 1803 2934 melius
1833 2883 2130 2937 haeredita-

539 2965 618 3019 vit
639 2981 863 3020 nomen.
889 2985 917 3017 ι
950 2965 1116 3021 Vides
1135 2965 1269 3034 quia
1291 2966 1364 3019 de
1383 2983 1448 3020 eo
1469 2967 1563 3036 qui
1585 2973 1672 3021 est
1686 2971 1993 3024 secundum
2015 2990 2133 3026 car-

538 3071 668 3112 nem
700 3060 954 3108 versatur
990 3055 1216 3108 sermo?
1249 3055 1364 3108 Hoc
1392 3055 1541 3109 enim
1571 3073 1797 3122 nomen,
1819 3059 1969 3114 Deus
1998 3061 2132 3114 Ver-

2221 1900 2639 1970 Scripturarum
2678 1899 2814 1954 locis
2852 1897 3059 1969 poterit
3089 1897 3350 1952 inveniri.
3387 1897 3579 1952 Paulus
3608 1902 3757 1950 autem

2217 1989 2513 2044 introitum
2551 1988 2758 2043 Christi
2800 1995 2962 2042 vocat
3003 1987 3310 2042 adventum
3354 1987 3567 2040 dicens:
3601 2005 3621 2034 «
3649 1985 3757 2040 Cum

2219 2079 2529 2132 introduxit
2557 2077 3001 2148 Primogenitum
3029 2077 3092 2130 in
3119 2075 3316 2130 orbem
3345 2083 3520 2130 teme.
3553 2096 3576 2126 ι)
3595 2073 3757 2129 Introi-

2219 2174 2340 2222 tum
2360 2184 2494 2238 ergo
2510 2167 2954 2237 assumptionem
2973 2165 3160 2220 carnis
3181 2165 3429 2236 appellat
3447 2183 3456 2218 :
3477 2164 3567 2218 sed
3586 2169 3758 2233 quaerat

2218 2257 2422 2327 aliquis
2451 2274 2552 2312 cur
2588 2255 2794 2312 talibus
2823 2257 2908 2310 vel
2954 2255 3193 2310 diversis
3229 2259 3422 2309 utatur
3449 2250 3756 2310 nominibus?

2219 2346 2666 2415 Signiﬁcationes
2697 2345 2922 2416 quidem
2951 2344 3232 2399 dictorum
3255 2342 3552 2398 manifestae
3575 2347 3756 2400 suntet

2213 2436 2520 2490 secundum
2549 2435 2682 2504 quid
2712 2434 3046 2488 alterutrum
3093 2433 3322 2488 dicatur
3355 2437 3591 2502 apparet.
3629 2429 3756 2486 Chri-

2215 2530 2337 2578 stus
2357 2525 2584 2594 quidem
2603 2523 2806 2578 merito
2821 2522 3032 2576 exitum
3054 2528 3245 2576 vocat:
3272 2521 3406 2575 foris
3419 2520 3558 2576 enim
3575 2533 3755 2573 eramus

2215 2630 2250 2666 a
2277 2615 2410 2677 Deo,
2444 2613 2608 2666 sicuti
2639 2613 2734 2682 qui
2765 2617 2898 2666 sunt
2925 2618 3085 2665 extra
3118 2612 3339 2680 regales
3367 2610 3518 2664 aulas
3543 2609 3595 2662 in
3613 2607 3756 2660 vincu-

2215 2703 2284 2756 lis
2303 2703 2569 2772 colligati,
2605 2709 2663 2756 et
2703 2702 2797 2771 qui
2838 2700 3048 2754 habent
3075 2701 3229 2771 apud
3261 2716 3450 2770 regem
3487 2715 3580 2769 pro
3619 2696 3756 2766 culpis

2209 2790 2493 2862 aliquibus
2520 2791 2819 2856 offensam;
2841 2789 3166 2860 hujusmodi
3197 2789 3401 2860 quippe
3429 2806 3460 2842 a
3481 2785 3636 2857 regali
3657 2785 3754 2838 aula

2213 2879 2348 2934 foris
2390 2881 2596 2935 exclusi
2639 2885 2772 2934 sunt
2803 2898 2814 2932 :
2859 2879 2956 2950 qui
2996 2895 3128 2933 vero
3166 2879 3408 2934 voluerit
3438 2877 3552 2932 istis
3581 2874 3754 2928 veniam

2214 2969 2536 3040 impetrare,
2580 2987 2692 3024 non
2723 2969 2968 3040 primum
2987 2968 3138 3038 ipsos
3171 2969 3232 3022 in
3254 2969 3438 3022 aulam
3459 2965 3597 3035 regis
3615 2965 3754 3018 intro-

2213 3058 2384 3120 ducit,
2409 3059 2506 3112 sed
2535 3059 2652 3128 ipse
2683 3059 2818 3112 foris
2836 3057 3147 3127 egreditur,
3171 3057 3364 3127 ibique
3392 3073 3513 3110 cum
3541 3054 3614 3109 eis
3639 3068 3754 3107 com-

538 3143 690 3209 bum,
721 3161 944 3213 semper
971 3143 1186 3208 habuit,
1202 3161 1312 3198 non
1335 3152 1530 3214 postea
1559 3147 1982 3202 baereditavitN
1987 3167 2129 3220 eque
2152 3136 2195 3196 (ἶ
2211 3147 2407 3201 miscet
2434 3147 2844 3201 sermocinandi
2874 3146 3183 3215 negotium,
3211 3162 3390 3216 usque
3413 3145 3542 3199 dum
3561 3159 3644 3196 eos
3670 3155 3757 3196 uor-

536 3239 735 3304 postea
763 3249 893 3286 eum
922 3231 992 3286 ab
1017 3233 1232 3302 angelis
1264 3233 1549 3288 meliorem
1593 3242 1812 3290 constat
1847 3239 2123 3305 effectum,

539 3322 762 3393 quando
809 3321 1174 3376 mundatione
1205 3339 1307 3376 sua
1361 3323 1593 3378 abstulit
1638 3331 1832 3380 nostra
1877 3335 2123 3398 peccata,

536 3412 634 3466 sed
658 3428 883 3481 semper
909 3411 1108 3468 melior
1149 3410 1272 3477 fuit,
1309 3417 1366 3464 et
1393 3429 1503 3467 non
1549 3414 1730 3468 solum
1781 3416 1997 3474 melior,
2031 3420 2127 3472 sed

533 3501 709 3556 etiam
725 3500 1240 3571 incomparabiliter
1266 3501 1466 3556 melior
1500 3503 1790 3558 universis.
1827 3505 2126 3561 Verumta-

531 3606 665 3644 men
691 3590 762 3644 de
788 3605 856 3644 eo
888 3589 985 3660 qui
1012 3596 1098 3645 est
1123 3591 1432 3646 secundum
1461 3608 1687 3646 carnem
1716 3593 1824 3648 ista
1840 3595 2120 3650 dicuntur.

535 3679 626 3733 Sic
653 3679 804 3734 enim
835 3684 895 3733 et
924 3678 1080 3733 nobis
1100 3696 1234 3734 usus
1262 3685 1364 3740 est,
1398 3697 1526 3734 cum
1558 3681 1626 3734 de
1657 3689 1858 3736 natura
1875 3683 2124 3740 humana

528 3769 879 3834 disserimus,
915 3775 973 3823 et
1001 3768 1287 3838 fastigium
1318 3769 1583 3824 habentia
1603 3772 1889 3842 loquimur
1904 3781 1962 3827 et
1990 3776 2122 3828 sub-

533 3858 705 3914 missa
745 3877 756 3910 :
799 3858 1025 3928 quando
1078 3860 1228 3912 enim
1282 3859 1524 3914 dicimus
1558 3879 1567 3912 :
1608 3861 1758 3914 Nihil
1800 3868 1885 3916 est
1931 3864 2116 3920 homo.

2206 3242 2392 3290 rectos
2413 3236 2630 3299 reddat,
2663 3242 2720 3290 et
2747 3236 2946 3305 dignos
2973 3235 3182 3290 efﬁciat
3209 3252 3322 3306 quo
3352 3234 3496 3303 regis
3515 3231 3669 3286 vultui
3693 3245 3756 3282 re

2211 3325 2538 3394 pmsentari
2561 3330 2900 3380 mereantur.
2933 3325 3026 3378 Sic
3071 3324 3250 3378 etiam
3293 3323 3540 3379 Christus
3567 3319 3750 3376 effecit:

2211 3431 2470 3484 egressus
2490 3415 2696 3484 quippe
2722 3414 2794 3468 ad
2823 3430 2945 3476 nos,
2967 3414 3074 3467 hoc
3103 3419 3211 3478 est,
3243 3429 3469 3468 carnem
3496 3412 3753 3470 sumens,et

2209 3503 2513 3558 collocutus
2551 3503 2859 3568 nobiscum,
2911 3509 3190 3573 prmcepta
3237 3501 3398 3558 nobis
3443 3499 3599 3570 Regis
3627 3497 3754 3552 inno-

2207 3593 2335 3656 tuit,
2369 3598 2427 3646 et
2455 3593 2532 3645 sic
2563 3609 2663 3647 nos
2701 3610 2736 3646 a
2779 3592 3016 3662 peccatis
3057 3592 3375 3647 emundans
3417 3595 3472 3644 et
3515 3588 3580 3643 ad
3607 3588 3752 3642 Deum

2207 3687 2554 3742 convertens.
2589 3681 2646 3734 in
2677 3682 2862 3736 aulam
2895 3681 3140 3750 regalem
3168 3683 3326 3738 velut
3355 3679 3618 3736 mediator
3641 3671 3752 3744 opti-

2207 3788 2332 3824 mus
2361 3771 2687 3824 introduxit.
2721 3771 3027 3840 Propterea
3054 3786 3187 3839 ergo
3237 3770 3448 3826 exitum
3490 3773 3634 3822 vocat
3667 3777 3753 3816 suae

2206 3859 2608 3914 incarnationis
2646 3861 2966 3914 adventum.
3009 3860 3223 3913 Paulus
3275 3867 3465 3916 autem
3507 3851 3750 3914 introitum

531 3951 684 4000 terra
709 3952 797 4002 est
813 3947 1001 4012 homo,
1033 3947 1171 4000 cinis
1201 3952 1286 4000 est
1313 3948 1500 4009 homo,
1550 3955 1730 4004 totum
1764 3968 1797 4003 a
1825 3952 2121 4006 deteriori-
2206 3949 2462 4002 nominat
2489 3967 2554 4002 ex
2581 3950 2913 4018 metaphora
2940 3947 3422 4012 haereditantium,
3445 3952 3501 4000 et
3514 3947 3600 4014 jus
3616 3937 3752 3995 domi-

531 4035 634 4089 bus
673 4037 1054 4105 appellamus;
1097 4037 1320 4105 quando
1369 4054 1500 4091 vero
1543 4038 1782 4092 dicimus
1827 4058 1837 4092 :
1888 4041 2121 4096 Mortale
2203 4038 2377 4092 nandi
2411 4039 2470 4092 in
2515 4038 2707 4108 aliqua
2750 4037 3099 4108 possessione
3131 4037 3516 4092 sumentium:
3557 4028 3750 4086 dicendo

527 4124 740 4178 animal
767 4125 935 4178 homo
965 4131 1023 4178 et
1051 4124 1324 4179 rationale
1361 4130 1418 4179 et
1448 4126 1705 4196 supernis
1734 4133 2054 4196 cognatum.
2087 4149 2121 4184 a
2203 4127 2356 4181 enim
2384 4145 2396 4180 :
2425 4147 2451 4180 ι
2480 4128 2687 4183 lterum
2720 4125 3027 4182 introducit
3050 4126 3496 4194 Primogenitum
3523 4123 3576 4178 in
3601 4118 3753 4176 orbem

525 4211 852 4268 melior-ibus
881 4228 1144 4266 vocamus
1184 4213 1506 4268 universum
1531 4233 1542 4267 :
1579 4215 1660 4268 sic
1699 4220 1756 4270 et
1799 4217 1855 4270 in
1895 4219 2117 4273 Christo
2203 4221 2505 4280 terrarum,
2533 4237 2556 4268 »
2581 4217 2685 4271 hoc
2715 4215 3016 4284 signiﬁcat,
3045 4231 3176 4272 cum
3193 4214 3247 4270 ei
3273 4212 3570 4270 committit
3593 4207 3748 4264 orbem

525 4301 831 4372 aliquando
850 4301 1076 4371 quidem
1087 4301 1157 4356 ab
1177 4301 1862 4374 inferioribusaliquando
1875 4311 2062 4361 autem
2083 4325 2120 4362 a
2203 4310 2485 4360 terrarum
2518 4324 2528 4358 :
2561 4311 2696 4368 tunc
2725 4304 2874 4360 enim
2897 4309 3082 4360 totum
3113 4302 3312 4360 orbem
3341 4309 3503 4358 terra:
3530 4294 3747 4371 passedit

521 4390 852 4446 melioribus
895 4391 1145 4461 loquitur
1187 4391 1412 4454 Paulus,
1447 4399 1504 4445 et
1532 4392 2006 4463 dispensationem
2026 4415 2173 4463 cu-_
2199 4413 2328 4449 cum
2375 4395 2447 4449 ab
2493 4395 2767 4448 universis
2809 4401 2895 4448 est
2931 4393 3178 4463 agnitus.
3223 4393 3354 4448 Non
3404 4393 3473 4446 de
3517 4391 3620 4445 Deo
3651 4397 3749 4436 vero

526 4479 1026 4550 piensconﬁrmare
1039 4479 1818 4552 etsimplicemcommendare
1833 4491 2112 4541 naturam.
2134 4455 2182 4514 Π
2199 4485 2311 4538 ista
2337 4485 2624 4549 dicuntur,
2648 4484 2745 4538 sed
2763 4483 2835 4538 de
2859 4499 3058 4538 carne:
3092 4481 3142 4536 si
3171 4481 3325 4538 enim
3355 4483 3414 4536 in
3442 4477 3634 4536 mundo
3657 4473 3750 4526 eril-t

533 4587 554 4618 ιι
579 4568 685 4626 Cui
712 4569 866 4624 enim
891 4569 1032 4624 dixit
1047 4569 1350 4641 aliquando
1371 4570 1700 4640 angelorum
1727 4590 1737 4624 :
1765 4573 1937 4628 Filius
1959 4593 2117 4631 meus

531 4677 556 4708 «
588 4674 648 4714 es
670 4665 752 4721 tu,
787 4676 892 4728 ego
916 4659 1082 4713 hodie
1108 4659 1278 4728 genui
1301 4665 1374 4713 te.
1402 4680 1422 4708 ο
1451 4661 1519 4714 Et
1547 4677 1772 4716 rursum
1801 4682 1811 4716 :
1835 4683 1858 4710 «
1885 4664 1999 4734 Ego
2021 4684 2116 4720 ero

529 4765 555 4796 ιι
586 4745 744 4800 illiin
774 4754 992 4816 patrem
1022 4755 1078 4804 et
1116 4749 1234 4818 ipse
1263 4749 1372 4802 erit
1411 4750 1551 4803 mihi
1583 4750 1642 4804 in
1673 4752 1890 4808 tilium?
1926 4777 1949 4806 υ
2003 4757 2118 4809 Hoc

525 4833 677 4890 enim
707 4833 917 4906 absque
945 4838 1063 4891 ulla
1081 4837 1432 4899 dubitatione
1475 4839 1544 4893 de
1574 4839 1958 4897 incarnatione
1992 4845 2116 4898 Filii

523 4921 729 4980 dicitur
761 4941 770 4974 :
804 4923 928 4978 ideo
957 4926 1187 4980 verbum
1214 4927 1388 4982 futuri
1425 4930 1695 4999 temporis
1725 4933 1926 5001 posuit,
1965 4953 1992 4982 ι
2021 4950 2117 4989 ero

523 5010 606 5066 illi
635 5011 694 5068 in
730 5017 966 5083 patrem,
999 5019 1058 5067 et
1091 5015 1212 5084 ipse
1243 5017 1353 5069 erit
1392 5017 1528 5070 mihi
1558 5018 1618 5071 in
1659 5020 1858 5073 ﬁlium.
1898 5040 1922 5072 »
1956 5022 2112 5083 Quod

527 5117 654 5156 vero
681 5101 842 5166 dixit,
865 5119 892 5151 «
915 5101 1087 5156 Filius
1117 5120 1275 5157 meus
1295 5122 1354 5158 es
1374 5110 1455 5168 tu,
1477 5123 1579 5175 ego
1609 5108 1772 5161 hodie
1792 5110 1960 5176 genui
1981 5116 2056 5175 te,
2085 5130 2112 5162 )›

525 5197 716 5260 aperte
745 5190 1083 5256 manifestat,
1111 5193 1259 5262 quod
1288 5193 1436 5247 idem
1464 5196 1534 5248 de
1557 5212 1666 5265 quo
1694 5197 1776 5249 ait
1799 5215 1822 5246 ι
1857 5214 1953 5250 ero
1977 5198 2027 5250 ei
2057 5199 2114 5253 in

525 5286 743 5347 patrem
775 5300 803 5334 ι
833 5297 900 5335 ex
929 5279 1052 5351 ipsa
1081 5282 1326 5335 essentia
1356 5284 1540 5336 Patris
1587 5285 1661 5337 sit
1692 5286 1915 5353 genitus
1941 5305 1952 5351 ;
1987 5287 2112 5341 ideo

524 5369 784 5435 praesenti
812 5376 1065 5440 tempore
1095 5370 1278 5440 posuit
1307 5371 1491 5430 hodie.
1519 5373 1652 5443 quia
1671 5375 1785 5426 Deo
1807 5374 1944 5428 nihil
1979 5393 2112 5444 prm-

524 5455 754 5510 teritum
807 5459 888 5511 vel
945 5459 1195 5514 futurum
1239 5467 1342 5526 est,
1397 5462 1492 5514 sed
1551 5479 1774 5532 semper
1817 5466 2114 5533 przesentia

525 5549 742 5599 cuncta.
779 5545 970 5599 Potest
983 5549 1134 5602 enim
1163 5555 1219 5602 et
1241 5550 1547 5602 secundum
1567 5567 1792 5606 carnem
1814 5553 1918 5604 hoc
1940 5552 2112 5622 accipi

525 5633 756 5697 dictum,
787 5633 920 5702 quia
947 5651 1078 5689 caro
1123 5637 1502 5690 communicat
1543 5638 1854 5702 altioribus,
1885 5639 2030 5694 sicut
2057 5648 2115 5694 et

2197 4575 2360 4644 juxta
2379 4575 2673 4636 Joannem,
2693 4578 2751 4626 et
2771 4571 3015 4627 mundus
3029 4587 3132 4642 per
3147 4570 3337 4641 ipsum
3365 4572 3538 4626 factus
3563 4569 3654 4626 est,
3665 4573 3749 4630 quo

2202 4663 2312 4717 alio
2338 4663 2504 4717 modo
2531 4662 2926 4722 introducitur,
2941 4661 3046 4715 nisi
3073 4661 3388 4717 secundum
3401 4671 3612 4715 carnem
3631 4647 3750 4704 ?-El

2202 4754 2442 4807 adorent
2451 4768 2581 4806 eum
2591 4767 2784 4805 omnes
2795 4750 2980 4819 angeli
3001 4749 3120 4804 Dei.
3141 4768 3165 4802 ››
3180 4749 3414 4812 Quoties
3428 4747 3570 4804 enim
3581 4753 3746 4808 magna

2199 4843 2459 4912 quaedam
2478 4847 2535 4895 et
2545 4841 2745 4895 altiora
2761 4841 3016 4894 dicturus
3035 4836 3507 4909 est,przcstititilla
3524 4833 3744 4905 primum.

2200 4937 2259 4984 et
2287 4932 2419 4985 facit
2445 4932 2543 4984 illa
2569 4929 2966 5000 susceptibilia,
3005 4928 3140 4982 dum
3179 4927 3314 4982 dicit
3354 4931 3564 4998 patrem
3599 4919 3744 4974 intro-

2201 5019 2428 5074 duxisse
2455 5019 2660 5074 Filium
2683 5038 2694 5072 :
2720 5018 2981 5089 superius
2999 5017 3152 5072 enim
3171 5016 3390 5071 dixerat
3404 5014 3534 5083 quia
3547 5024 3648 5066 non
3665 5017 3742 5075 per

2202 5110 2505 5179 prophetas
2535 5108 2694 5162 nobis
2725 5109 2943 5162 locutus
2972 5111 3077 5170 est,
3108 5106 3206 5161 sed
3239 5122 3339 5176 per
3354 5103 3624 5165 Filiumﬂ’t
3640 5091 3743 5164 (ιω

2199 5197 2376 5250 Filius
2409 5197 2606 5252 melior
2621 5203 2706 5251 est
2721 5195 2956 5268 angelis.
2971 5196 3124 5266 quod
3143 5213 3210 5250 ex
3229 5195 3349 5265 ipso
3363 5189 3742 5263 argumentatus

2197 5291 2288 5339 est
2303 5287 2546 5340 nomine.
2567 5287 2668 5340 Hic
2689 5293 2879 5340 autem
2894 5288 3016 5356 jam
3033 5301 3098 5340 ex
3116 5284 3227 5339 alia
3247 5300 3308 5338 re
3325 5283 3443 5337 vult
3461 5275 3744 5348 argumenti

2199 5375 2495 5429 deducere.
2515 5377 2590 5430 Ex
2613 5393 2725 5446 qua
2749 5376 2896 5429 ista?
2919 5376 2995 5430 Ex
3023 5373 3350 5429 adolatione
3371 5369 3743 5452 videlicetwmfI

2201 5469 2360 5518 tanto
2376 5482 2506 5518 eum
2539 5465 2826 5518 meliorem
2849 5481 2972 5518 esse
2993 5465 3358 5526 demonstrat,
3383 5463 3582 5530 quanto
3597 5455 3747 5507 Βοωι·

2201 5571 2337 5607 num
2365 5554 2548 5608 servis
2575 5558 2797 5606 constat
2813 5571 2937 5608 esse
2955 5554 3274 5608 meliorem:
3298 5545 3569 5624 quomodo
3581 5541 3628 5596 si
3645 5534 3744 5606 qui”

2199 5643 2260 5697 in
2272 5643 2574 5712 quamdam
2589 5641 2824 5698 domum
2832 5643 3155 5699 introducat
3167 5642 3427 5714 aliquem,
3435 5625 3746 5692 etcenme
