3848 6164
275 259 365 315 717

694 257 1271 323 ΕΝΑΒΒΛΤΙΟΝΙῙΜ
1309 257 1385 313 IN
1423 256 1577 317 EPP.
1619 254 1833 309 PAULI
1870 283 1876 308 Α

1960 254 2008 311 Β.
2050 256 2355 319 XXVIL—
2384 257 2463 315 IN
2500 258 2722 319 EPIST.
2764 262 2860 319 AD
2898 263 3110 323 HEBR.

3438 268 3540 325 718

270 399 458 441 omnes
480 384 640 449 illius
666 384 867 439 domus
909 383 1169 453 princeps
1192 381 1391 451 jubeat
1419 386 1482 435 ut
1508 380 1669 438 illum
1698 378 1861 451 proni
1881 381 1926 437 A
1950 397 1976 430 σι
2006 381 2160 437 Tunc
2186 381 2351 443 ibunt
2395 383 2449 436 hi
2482 384 2541 441 in
2572 385 2757 454 ignem
2791 392 3084 453 internum,
3111 390 3251 459 justi
3280 392 3340 449 in
3366 392 3539 453 vitam

268 472 427 529 simul
459 489 660 531 omnes
699 473 939 529 adorent
966 492 977 535 ;
1040 472 1121 526 ita
1150 476 1207 525 et
1237 470 1523 527 Christum
1559 469 1865 527 secundum

268 578 486 617 carnem
514 563 690 633 jussit
705 562 963 617 acunctis
983 561 1196 630 angelis
1227 559 1450 614 adorari
1469 558 1659 617 dicens
1685 577 1695 610 :
1743 581 1764 606 ι
1797 559 1866 613 Et

267 651 499 707 adorent
529 668 661 706 eum
691 668 885 708 omnes
913 650 1098 720 angeli
1126 649 1227 711 Dei
1260 668 1272 715 ;
1334 670 1349 697 ι
1387 648 1558 703 etiam
1589 648 1708 719 ipse
1751 648 1862 701 Ga-

266 740 417 795 briel.
453 741 565 795 Sed
600 746 817 811 quaerat
850 739 1075 809 aliquis,
1124 756 1258 795 num
1290 737 1476 807 angeli
1506 743 1727 795 tantum
1772 737 1867 795 ad-

268 845 421 887 orare
444 828 713 900 praecepti
746 829 914 885 sunt?
934 829 1079 887 Non.
1115 828 1355 883 Adverte
1391 826 1582 896 itaque
1622 841 1743 896 qua:
1776 840 1865 881 se-

267 924 519 988 quuntur
548 937 558 969 :
611 940 633 967 ι
670 919 740 975 Et
770 919 838 977 ad
869 917 1097 987 angelos
1128 916 1353 986 quidem
1390 915 1559 971 dixit:
1596 913 1701 981 Qui
1734 912 1868 968 facit

266 1008 495 1078 angelos
525 1025 658 1065 suos
689 1007 919 1078 spiritus
958 1012 1014 1065 et
1068 1005 1357 1062 ministros
1403 1022 1533 1061 suos
1578 1005 1866 1059 ﬂammam

266 1100 447 1167 ignis;
473 1100 547 1153 ad
570 1100 776 1159 Filium
799 1105 988 1155 autem
1013 1117 1023 1151 :
1056 1098 1229 1153 Sedes
1265 1103 1381 1163 tua,
1408 1097 1578 1161 Deus,
1611 1096 1668 1153 in
1699 1112 1867 1150 saecu—

264 1189 379 1243 lum
413 1188 630 1245 saeculi.
670 1210 692 1237 υ
747 1188 884 1247 Ecce
912 1186 1163 1245 maxima
1212 1186 1549 1252 dilferentia,
1606 1186 1738 1256 quia
1783 1184 1865 1241 illi

266 1277 494 1347 quidem
525 1277 701 1335 creati
731 1284 879 1341 sunt,
910 1277 1004 1339 hic
1033 1281 1224 1333 autem
1243 1275 1543 1339 increatus.
1576 1275 1660 1329 Ad
1691 1291 1864 1344 ange-

266 1366 343 1423 los
353 1374 554 1423 autem
572 1367 778 1437 inquit,
808 1392 832 1419 ι(
859 1367 963 1430 Qui
998 1366 1131 1429 facit
1148 1366 1377 1435 angelos
1395 1383 1526 1421 suos
1550 1366 1806 1437 spiritus;
1838 1388 1864 1415 ι

263 1455 378 1515 ΜΡ
380 1454 545 1511 ilium
557 1460 749 1510 autem
760 1473 876 1513 non
898 1455 1174 1525 dixitaqui
1207 1454 1391 1519 facit,»
1416 1460 1473 1509 et
1492 1471 1627 1515 sane
1656 1460 1863 1525 posset,

264 1543 308 1599 si
344 1543 499 1609 velit,
535 1543 703 1601 istam
743 1545 824 1599 sic
849 1544 1161 1613 exprimere
1181 1543 1557 1601 differentiam
1584 1543 1822 1599 dicendo
1851 1562 1861 1595 :

1947 474 2213 525 aeternam
2239 473 2455 537 (Matth.
2481 477 2633 542 xxv).
2658 492 2683 526 ο
2788 534 2795 541 ,

2026 578 2047 609 ο
2082 560 2253 629 Virga
2282 561 2583 630 aequitatis,
2615 562 2771 633 virga
2800 565 2959 633 regni
2989 566 3070 623 tui
3113 586 3138 619 ))
3161 568 3390 637 Virgam
3410 587 3541 629 vero

1950 648 2199 717 regulam
2240 649 2439 704 divinae
2464 650 2747 720 signiﬁcat
2775 654 3073 724 mquitatis,
3106 673 3229 726 quae
3272 658 3543 717 veraciter

1949 743 2099 791 recta
2125 739 2351 804 dicitur,
2385 740 2517 809 quia
2546 741 2701 797 nulla
2732 743 3005 812 pravitate
3046 752 3327 805 curvatur.
3370 747 3544 818 Virga

1946 826 2056 880 ista
2092 828 2275 897 iustos
2318 829 2479 898 regit,
2535 830 2737 899 impios
2763 832 3047 901 percutit:
3084 834 3181 893 sed
3223 835 3339 893 haec
3386 837 3545 906 virga.

1947 916 2217 973 fortitudo
2239 922 2326 975 est
2348 917 2570 985 invicta,
2591 920 2827 989 aequitas
2858 922 3189 989 rectissima,
3222 923 3543 989 inﬂexibilis

1947 1006 2257 1077 disciplina.
2311 1008 2440 1069 Haec
2479 1009 2627 1067 enim
2656 988 2837 1079 ivirga
2878 1011 3019 1079 regii
3063 1013 3291 1073 honoris
3326 988 3544 1085 insigne

1948 1100 2231 1167 sceptrum
2257 1095 2549 1155 dicebatur
2580 1098 2910 1168 antiquitus,
2942 1100 3243 1170 designans
3264 1102 3323 1159 in
3343 1120 3410 1161 ea
3430 1104 3541 1163 vir-

1948 1190 2133 1245 tutum
2150 1202 2340 1255 regem
2364 1186 2665 1243 Dominum
2676 1187 3045 1251 Salvatorem.
3066 1210 3089 1241 ι
3115 1190 3367 1249 Dilexisti
3382 1193 3546 1263 justi-

1953 1294 1973 1323 ιι
2010 1274 2149 1331 tiam
2172 1281 2229 1329 et
2256 1274 2424 1329 odisti
2458 1275 2851 1346 iniquitatem;
2882 1295 2909 1331 »
2942 1278 3065 1347 ipsa
3097 1286 3184 1337 est
3206 1281 3363 1351 virga
3386 1288 3544 1342 recta

1950 1380 2140 1425 amare
2173 1364 2495 1434 aequitatem
2516 1370 2575 1418 et
2602 1365 2784 1423 odisse
2823 1367 3151 1437 nequitiam.
3184 1370 3362 1431 Nemo
3393 1372 3545 1431 enim

1950 1453 2192 1523 perfecte
2213 1453 2399 1521 diligit
2431 1454 2733 1522 justitiam,
2751 1455 2858 1508 nisi
2888 1456 2983 1525 qui
3018 1463 3075 1510 et
3094 1460 3545 1529 ac’tuspessimos

1950 1542 2327 1609 abominetur,
2351 1544 2487 1614 quia
2515 1544 2771 1601 veritatis
2805 1561 2965 1605 amor
2993 1546 3187 1607 odium
3220 1554 3311 1611 est
3326 1548 3541 1607 falsita-

265 1653 285 1681 ι
319 1634 393 1690 Et
434 1634 509 1687 ad
559 1635 791 1703 angelos
820 1634 1047 1703 quidem
1085 1632 1258 1698 dicit;
1304 1632 1411 1697 Qui
1460 1632 1595 1689 facit
1638 1632 2040 1709 angelosntis.
2090 1634 2199 1687 Sed
2252 1632 2383 1693 huic
2442 1633 2621 1693 amori
2671 1633 2935 1691 bonitatis
2982 1641 3041 1690 et
3092 1636 3225 1699 odio
3272 1637 3545 1709 iniquita-

262 1740 391 1779 suos
421 1699 666 1794 spiritus
696 1742 707 1789 ;
743 1724 812 1781 ad
836 1699 1061 1779 _Filium
1103 1727 1312 1787 autem,
1360 1721 1631 1779 Dominus
1660 1699 2022 1777 creavitBtis
2066 1738 2189 1791 quae
2228 1722 2464 1791 praemia
2519 1728 2652 1779 sunt
2698 1723 2916 1777 reddita
2970 1724 3165 1785 subter
3205 1699 3432 1798 exponit
3467 1728 3548 1785 di-

264 1829 351 1873 me
376 1830 389 1863 :
416 1832 442 1863 »
475 1812 759 1881 siquidem
790 1832 810 1861 ι
844 1811 1147 1867 Dominum
1176 1827 1304 1865 eum
1339 1814 1396 1863 et
1412 1810 1697 1867 Christum
1720 1810 1868 1869 Deus

262 1901 413 1959 fecit.
435 1921 457 1952 ο
477 1901 591 1957 Sed
606 1917 787 1971 neque
807 1900 946 1955 illud
956 1900 1027 1959 de
1048 1899 1186 1957 Filio
1205 1899 1416 1955 dictum
1434 1904 1538 1964 est,
1563 1914 1745 1967 neque
1768 1898 1868 1951 hoc

262 1990 329 2044 de
350 1991 472 2049 Deo
493 2006 644 2055 vero,
662 1990 759 2049 sed
775 1989 844 2043 de
863 2005 930 2043 eo
951 1988 1046 2059 qui
1068 1993 1154 2045 est
1173 1988 1479 2045 secundum
1495 2003 1741 2041 carnem.
1762 1986 1867 2043 Ubi

262 2079 417 2137 enim
451 2095 647 2139 veram
685 2077 1060 2139 diﬂerentiam
1090 2076 1395 2147 signiﬁcari
1424 2076 1724 2139 desiderat,
1756 2066 1869 2130 non

258 2172 379 2239 jam
402 2169 557 2224 solos
578 2168 807 2238 angelos
840 2166 1280 2237 comprehendit,
1302 2167 1400 2221 sed
1421 2182 1615 2229 omnes
1636 2164 1868 2221 virtutes

263 2256 586 2317 ministeria
610 2272 857 2326 superna
872 2256 1188 2326 fungentes.
1211 2256 1465 2311 Intueris
1476 2254 1757 2324 quomodo
1778 2253 1867 2309 di-

262 2345 421 2409 vidit,
456 2349 518 2398 et
544 2362 672 2399 cum
703 2349 915 2415 quanta
941 2344 1196 2401 claritate
1225 2350 1511 2399 creaturas
1532 2361 1566 2399 a
1604 2345 1868 2401 Creatore

261 2434 555 2499 discernit,
587 2434 874 2495 ministros
903 2449 1104 2489 vocans
1134 2439 1192 2489 et
1216 2434 1539 2499 Dominum,
1582 2449 1769 2489 servos
1813 2437 1871 2485 et

261 2524 550 2579 haeredem
573 2540 640 2578 ac
656 2524 946 2593 proprium
961 2523 1186 2581 Filium.
1210 2524 1271 2587 (Α
1282 2526 1393 2591 ug.)
1420 2522 1720 2579 Sciendum
1738 2537 1865 2575 vero

261 2619 349 2670 est
388 2613 541 2682 quod
584 2612 771 2681 angeli
805 2628 1009 2673 nomen
1047 2619 1133 2667 est
1161 2611 1328 2667 cilicii
1360 2627 1474 2665 non
1500 2618 1738 2675 naturae,
1770 2610 1864 2680 qui

260 2702 436 2757 etiam
467 2718 693 2771 semper
721 2707 854 2757 sunt
882 2700 1141 2771 Spiritus,
1170 2701 1265 2755 sed
1290 2716 1404 2757 non
1420 2717 1644 2771 semper
1681 2700 1864 2769 angeli

263 2791 451 2849 vocari
472 2796 729 2861 possunt.
765 2790 980 2855 Quaeris
1000 2791 1167 2859 hujus
1186 2795 1401 2851 natura:
1418 2790 1666 2849 nomen?
1696 2789 1867 2858 Spiri-

268 2886 361 2936 tus
383 2886 471 2935 est
494 2899 505 2946 ;
533 2879 739 2949 queris
769 2879 972 2937 cilicii?
1005 2879 1239 2949 angelus
1275 2884 1377 2933 est.
1404 2880 1482 2937 Ex
1502 2896 1567 2935 eo
1589 2878 1735 2948 quod
1758 2883 1861 2944 est,

265 2970 504 3040 spiritus
534 2974 639 3033 est,
693 2985 757 3023 ex
801 2984 865 3025 eo
913 2968 1063 3038 quod
1108 2968 1285 3034 audit,
1324 2968 1558 3038 angelus
1599 2973 1703 3034 est,
1736 2966 1867 3036 quia

1950 1828 2080 1868 cens
2108 1828 2118 1861 :
2157 1828 2183 1863 α
2216 1811 2521 1881 Propterea
2560 1811 2721 1869 unxit
2743 1819 2799 1867 te
2828 1814 3153 1873 Deus.Deus
3180 1822 3331 1877 tuus.
3370 1840 3396 1865 υ
3430 1818 3544 1875 Un-

1950 1906 2072 1954 ctus
2122 1899 2377 1955 Christus
2419 1906 2475 1956 et
2522 1918 2713 1969 regem
2762 1901 3043 1971 significat
3088 1909 3145 1957 et
3172 1906 3539 1971 sacerdotem,

1950 1989 2083 2060 quia
2108 1988 2411 2057 dignitates
2457 1989 2577 2045 istae
2606 1988 2973 2047 sumebantur
3004 2008 3105 2060 per
3139 1994 3545 2053 secretissimae

1950 2078 2261 2135 unctiones.
2298 2079 2443 2135 Nam
2485 2084 2541 2131 et
2568 2078 2755 2148 ipsum
2804 2094 3008 2135 nomen
3036 2080 3247 2141 Christi
3288 2099 3323 2141 ει
3351 2089 3544 2143 sancto

1951 2167 2252 2223 chrismate
2281 2166 2631 2229 vocatur,sed
2662 2167 2721 2223 in
2758 2167 2856 2223 illa
2879 2174 3083 2225 natura
3104 2176 3304 2229 unctus
3337 2171 3545 2233 dicitur

1950 2256 2485 2327 quadispensatione
2496 2261 2553 2308 et
2569 2262 2735 2313 natus
2748 2262 2805 2315 et
2813 2262 3070 2313 mortuus
3096 2263 3154 2312 et
3178 2261 3546 2320 resurrexissc
3630 2256 3639 2261 ’

1950 2344 2221 2403 veraciter
2230 2344 2436 2401 dicitur
2454 2344 2728 2399 Christus.
2755 2344 3031 2405 Caeterum
3053 2345 3233 2401 deitas
3252 2348 3373 2416 ejus
3390 2349 3543 2409 nullo

1952 2450 2204 2499 munere,
2246 2433 2400 2490 nullo
2441 2433 2655 2493 honore
2682 2432 2926 2503 indiguit
2953 2434 3225 2503 adjuvari.
3262 2437 3544 2507 Repetitio

1950 2528 2141 2581 autem
2169 2523 2279 2576 ista
2308 2522 2455 2593 quod
2483 2522 2621 2577 dicit
2655 2540 2680 2574 α
2714 2522 2881 2587 Deus,
2922 2523 3090 2588 Deus,
3130 2544 3153 2575 ι
3205 2526 3544 2594 prieconium

1950 2630 2168 2682 magnae
2186 2610 2503 2667 dilectionis
2519 2610 2783 2669 ostendit.
2804 2632 2826 2661 ε
2844 2604 2990 2667 ‘Oleo
3018 2613 3405 2675 exsultationis
3435 2632 3549 2685 pra:

1948 2701 2313 2773 participibus
2343 2701 2474 2759 tuis.
2510 2721 2534 2751 ιι
2584 2699 2806 2769 Duplici
2838 2701 3005 2757 modo
3036 2702 3357 2763 unctionem
3387 2686 3543 2763 illam

1949 2797 2199 2847 sanctam
2249 2790 2572 2860 provenisse
2615 2789 2911 2858 signiﬁcat.
2946 2790 3149 2845 Oleum
3204 2792 3409 2849 laetitiae
3459 2800 3546 2851 est

1950 2880 2160 2951 peccati
2188 2880 2469 2943 maculam
2512 2896 2627 2935 non
2656 2878 2882 2939 habere.
2916 2879 3074 2937 Unde
3102 2898 3164 2934 se
3211 2881 3550 2943 conscientia

1950 2985 2173 3039 semper
2198 2968 2491 3033 exhilarat,
2520 2968 2744 3037 quando
2778 2968 2938 3029 nulla
2968 2969 3372 3029 recordationis
3390 2988 3547 3042 aspe-

266 3059 509 3127 angelus
540 3058 751 3121 Graece,
792 3057 990 3117 Latine
1020 3057 1251 3112 nuntius
1267 3056 1670 3138 diciturksicut
1692 3043 2118 3129 homoCritate
2158 3058 2469 3115 mordetur.
2524 3059 2724 3125 (Joan.)
2758 3058 2865 3120 Qui
2920 3064 3054 3117 sunt
3109 3058 3191 3115 illi
3245 3060 3547 3131 participes

268 3164 482 3203 nomen
512 3152 608 3209 est
649 3152 883 3212 natura,
935 3147 1098 3202 miles
1144 3163 1274 3201 vero
1310 3162 1519 3209 nomen
1564 3144 1748 3200 otﬁcii.
1779 3145 1870 3199 Sic

269 3238 426 3301 enim
465 3236 563 3306 qui
584 3241 748 3291 erant
754 3237 875 3305 jam
895 3235 1125 3306 spiritus
1151 3234 1359 3291 conditi
1391 3251 1423 3288 a
1453 3236 1717 3290 Creatore
1733 3235 1867 3297 Deo,

266 3325 409 3382 facit
444 3342 542 3380 eos
563 3325 792 3393 angelos
818 3324 1090 3378 mittendo
1113 3340 1209 3379 eos
1229 3324 1491 3379 nuntiare
1522 3324 1669 3393 quod
1692 3325 1874 3393 jusse-

271 3416 368 3481 rit,
408 3422 469 3471 et
492 3414 786 3471 ministros
814 3429 945 3469 suos
974 3414 1260 3467 ﬂammam
1290 3413 1454 3482 ignis.
1490 3414 1753 3481 Legimus
1773 3429 1872 3481 ap-

270 3504 529 3575 paruisse
560 3503 747 3572 ignem
786 3501 844 3555 in
877 3501 1016 3557 rubo
1052 3503 1241 3567 (Exod.
1283 3504 1354 3567 ni)
1384 3521 1396 3569 ς
1428 3502 1668 3571 legimus
1699 3502 1870 3557 etiam

273 3595 513 3649 missum
528 3592 715 3662 ignem
725 3592 983 3661 desuper,
993 3590 1373 3660 etimplevisse
1384 3591 1530 3661 quod
1536 3597 1875 3661 praeceptum

272 3688 363 3737 est
392 3683 494 3750 (IV
517 3683 642 3748 Reg.
686 3692 764 3751 ιι).
822 3682 1011 3735 Potest
1030 3680 1141 3735 dici
1172 3680 1396 3749 quando
1428 3680 1577 3734 lenia
1616 3680 1874 3734 nuntiare

272 3773 604 3837 mittuntur,
628 3771 856 3840 angelos
877 3787 1018 3835 esse,
1048 3769 1273 3839 quando
1310 3769 1381 3827 ad
1412 3768 1714 3825 vindictam
1743 3768 1875 3825 mit-

278 3868 501 3927 tuntur,
522 3860 809 3917 ministros
823 3877 962 3925 esse,
986 3859 1043 3915 id
1065 3865 1168 3923 est,
1193 3858 1383 3929 ignem
1405 3859 1716 3913 ardentem.
1738 3860 1882 3913 Sunt

276 3951 452 4005 etiam
474 3951 596 4009 haec
625 3949 810 4005 ofﬁcia
837 3949 899 4005 in
920 3948 1168 4007 Ecclesia
1199 3947 1479 4019 praesenti.
1505 3948 1646 4003 Nam
1678 3947 1879 4018 praedi-

278 4047 500 4103 catores
519 4038 699 4093 sancti
720 4039 943 4108 quando
974 4037 1251 4108 spiritalia
1282 4037 1602 4108 praedicant,
1638 4043 1694 4091 et
1746 4054 1882 4107 gau-

278 4129 372 4185 dia
396 4128 564 4197 regni
593 4127 695 4185 Dei
738 4127 1095 4193 annuntiant,
1125 4128 1311 4197 angeli
1340 4127 1632 4192 dicuntur;
1658 4127 1881 4196 quando

282 4234 410 4273 vero
441 4222 718 4271 terrorem
754 4216 1026 4286 gehennae
1066 4216 1210 4285 ignis
1254 4216 1581 4287 praedicunt,
1638 4214 1883 4271 ministri

1954 3148 2049 3203 alii
2080 3153 2282 3218 praeter
2310 3146 2564 3200 homines
2611 3146 2635 3199 2
2691 3146 2795 3201 hoc
2846 3154 2951 3212 est,
3001 3148 3149 3217 quod
3180 3147 3311 3205 alibi
3343 3149 3550 3209 dicitur

1956 3239 2134 3304 (Joau.
2178 3240 2250 3304 v),
2284 3235 2416 3305 quia
2436 3251 2549 3290 non
2569 3234 2641 3288 ad
2672 3252 2995 3291 mensuram
3019 3236 3276 3293 Christus
3303 3239 3548 3310 suscepit

1956 3326 2248 3396 Spiritum.
2286 3324 2697 3395 Contemplaris
2754 3325 3034 3394 quomodo
3072 3343 3296 3403 semper
3326 3334 3552 3399 coaptat

1955 3431 2270 3471 sermonem
2281 3413 2683 3483 dispensationi
2705 3414 3061 3477 carnis,serm
3069 3416 3160 3471 oni
3170 3416 3399 3485 quidem
3412 3418 3549 3476 dum

1956 3505 2024 3563 de
2048 3509 2252 3559 natura
2279 3502 2588 3557 divinitatis
2609 3502 2911 3571 eloquitur.
2929 3503 3073 3566 Quid
3091 3504 3197 3561 hoc
3214 3505 3421 3563 clarius
3440 3506 3551 3564 dici

1958 3597 2143 3664 potest
2185 3592 2209 3643 ?
2265 3590 2678 3647 Animadvertis
2716 3592 2994 3659 quomodo
3041 3609 3152 3645 non
3193 3598 3279 3649 est
3306 3593 3551 3664 idipsum

1958 3688 2217 3737 creatura
2236 3685 2292 3735 et
2324 3679 2551 3749 proles?
2583 3680 2707 3733 Non
2735 3679 2885 3732 enim
2922 3680 3009 3733 ita
3028 3681 3302 3740 divideret
3326 3683 3375 3741 si
3400 3683 3553 3741 idem

1962 3776 2110 3826 esset
2150 3775 2472 3837 utrumque,
2509 3784 2613 3821 nec
2652 3766 2722 3822 ad
2751 3766 3128 3825 differentiam
3167 3768 3320 3825 illius
3376 3771 3550 3836 verbi,

1964 3859 2111 3931 quod
2141 3858 2374 3923 dixerat,
2403 3877 2423 3907 ι
2447 3856 2596 3922 fecit,
2633 3878 2651 3902 υ
2688 3855 2952 3913 inferret:
2986 3877 3007 3905 ι
3039 3857 3124 3917 Ad
3139 3856 3342 3915 Filium
3364 3864 3554 3917 autem

1963 3949 2133 4011 dixit:
2169 3947 2340 4002 Sedes
2358 3952 2475 4013 tua,
2510 3946 2677 4012 Deus,
2701 3945 2758 3999 in
2775 3945 3037 4003 saeculum
3066 3946 3273 4007 saeculi.
3304 3967 3326 4001 ι
3358 3950 3557 4019 Neque

1964 4037 2308 4101 ditferentius
2336 4053 2541 4093 nomen
2586 4029 2898 4106 appellaret
2937 4035 3060 4095 Filii
3081 4052 3308 4104 nomen,
3333 4038 3381 4097 si
3402 4039 3556 4107 ejus.

1964 4128 2093 4183 dem
2132 4131 2278 4187 esset
2324 4125 2751 4195 signiﬁcationis
2803 4142 2932 4183 cum
2986 4126 3213 4185 nomine
3264 4133 3554 4186 creaturae.

1964 4218 2108 4273 Nam
2138 4233 2279 4289 quae,
2316 4232 2470 4287 rogo,
2504 4214 2821 4273 dilferentia
2847 4216 3179 4283 remanebit,
3222 4217 3270 4272 si
3299 4218 3447 4277 idem
3474 4224 3563 4275 est

279 4315 429 4371 sum,
465 4310 531 4363 ut
551 4309 802 4363 terreant
830 4311 1148 4374 peccatores
1186 4305 1243 4358 in
1274 4304 1708 4359 comminatione
1737 4303 1948 4380 ignisD
1968 4306 2150 4377 proles
2203 4322 2268 4362 ac
2319 4309 2579 4363 creatura
2627 4304 2651 4357 ?
2683 4306 2867 4373 (Aug.)
2915 4306 3047 4361 Ideo
3104 4313 3293 4366 autem
3349 4307 3560 4365 dictum

282 4393 432 4449 illius
479 4393 578 4463 qui
605 4410 897 4464 nunquam
926 4394 1331 4463 exstinguetur.
1370 4414 1394 4445 ι
1428 4394 1513 4448 Ad
1542 4393 1745 4449 Filium
1773 4410 1877 4450 au-

283 4488 394 4537 tem
420 4502 432 4536 :
466 4483 728 4541 Thronus
754 4490 906 4549 tuus,
930 4483 1100 4547 Deus,
1118 4483 1179 4539 in
1200 4483 1463 4537 saeculum
1488 4482 1692 4537 saeculi.
1722 4500 1750 4537 »
1776 4482 1879 4536 Hic

280 4572 359 4639 de
374 4590 442 4629 eo
461 4572 622 4637 dicit,
651 4572 748 4642 qui
779 4572 1087 4629 secundum
1115 4588 1343 4627 carnem
1360 4578 1467 4637 est,
1493 4572 1564 4625 de
1577 4588 1686 4641 quo
1706 4572 1879 4627 etiam

279 4660 395 4731 ipse
420 4662 697 4719 Dominus
718 4661 777 4719 in
798 4660 1098 4731 Evangelia
1119 4661 1200 4717 ait
1230 4679 1242 4714 :
1273 4682 1297 4712 ε
1325 4662 1493 4715 Pater
1532 4677 1642 4715 non
1664 4661 1886 4730 judicat

283 4767 647 4821 quemquam,
681 4750 781 4809 sed
803 4766 968 4805 omne
978 4749 1255 4827 judicium
1286 4749 1441 4809 dedit
1478 4749 1638 4815 Filio,
1674 4756 1737 4822 ut
1764 4766 1884 4803 om-

282 4855 377 4893 nes
396 4839 773 4899 honoriﬁcent
790 4838 1023 4905 Filium;
1050 4857 1077 4891 ι
1109 4845 1167 4893 et
1193 4838 1364 4909 paulo
1392 4844 1549 4908 post:
1587 4856 1613 4895 α
1636 4838 1886 4895 Potesta-

282 4928 395 4984 tem
408 4929 572 4985 dedit
590 4928 643 4985 ei
668 4929 949 4998 judicium
970 4928 1313 4998 facere,quia
1336 4928 1512 4987 Filius
1532 4928 1775 4985 hominis
1806 4931 1893 4981 est

287 5008 464 5075 Ucan.
490 5018 566 5085 ν).
602 5035 626 5069 υ
660 5018 765 5077 Hic
793 5017 945 5075 enim
992 5018 1230 5075 thronus
1254 5016 1354 5071 Dei
1389 5017 1457 5073 ad
1474 5017 1747 5086 judicium
1772 5034 1893 5087 per-

284 5105 422 5165 tinet
453 5106 708 5163 futurum
745 5106 803 5160 in
840 5122 953 5177 quo
982 5105 1162 5159 forma
1197 5105 1341 5161 servi
1394 5106 1689 5169 videbitur,
1715 5106 1887 5175 judex

284 5194 534 5249 rivorum
563 5200 622 5249 et
652 5202 1024 5259 mOrtuorum,
1057 5200 1114 5251 et
1141 5211 1253 5265 quo
1280 5194 1490 5265 judicio
1521 5194 1706 5250 omnia
1738 5211 1889 5249 vera-

288 5284 424 5339 citer
451 5284 713 5338 Christus
732 5284 1076 5348 moderatur,
1096 5283 1381 5341 examinat
1400 5290 1566 5354 atque
1596 5283 1648 5337 di
1650 5284 1883 5352 judicat.

295 5392 317 5425 ι
353 5374 416 5428 In
447 5373 714 5433 saeculum
747 5373 931 5431 saeculi
970 5394 994 5421 ιι
1043 5373 1142 5428 ait.
1178 5374 1312 5444 quia
1354 5373 1714 5429 novissimum
1739 5371 1890 5441 judi-

290 5460 437 5519 cium
462 5462 613 5519 inter
628 5462 802 5521 bonos
828 5468 888 5517 et
906 5463 1089 5521 malos
1106 5469 1319 5519 aeterna
1336 5462 1671 5519 discretione
1696 5461 1885 5527 stabit,

287 5566 353 5611 θο
376 5552 500 5622 ipse
540 5558 789 5617 testante
824 5552 889 5615 in
916 5552 1221 5623 Evangelii)
1255 5551 1349 5623 qui
1386 5551 1743 5621 iudicaturus
1770 5558 1884 5609 est:

1962 4401 2048 4450 est
2079 4413 2105 4446 α
2136 4411 2251 4465 prae
2283 4393 2646 4464 participibus
2683 4394 2815 4460 tuis,
2852 4414 2878 4445 η
2921 4395 3186 4464 quoniam
3215 4396 3360 4453 hanc
3388 4395 3559 4451 bene-

1964 4482 2267 4541 dictionem
2293 4498 2465 4552 supra
2490 4498 2657 4536 omne
2696 4482 3006 4537 humanum
3026 4482 3349 4550 genus,sive
3377 4500 3557 4553 reges.

1964 4572 2079 4627 sive
2110 4572 2427 4629 sacerdotes
2456 4571 2514 4627 in
2568 4570 2756 4625 Veteri
2812 4569 3189 4635 Testamento,
3224 4570 3338 4629 sive
3390 4572 3560 4629 etiam

1965 4660 2247 4731 apostolos
2256 4665 2314 4717 et
2324 4664 2600 4729 martyres
2620 4661 2678 4715 in
2698 4659 2872 4722 Novo,
2900 4658 3557 4731 cognomitmacceﬁsse,

1966 4756 2031 4805 ut
2056 4754 2260 4803 unctus
2287 4747 2667 4817 singulariter,
2689 4752 2919 4801 czeteros
2939 4762 3148 4816 ungere
3167 4748 3453 4807 debuisset
3471 4770 3482 4804 :
3500 4751 3561 4809 in

1972 4838 2073 4893 illo
2094 4837 2243 4893 enim
2264 4836 2385 4893 fons
2413 4842 2501 4889 est
2520 4835 2941 4901 benedictionis,
2973 4841 3033 4891 et
3051 4844 3219 4907 prout
3247 4838 3355 4909 ipsi
3385 4840 3563 4897 visum

1970 4926 2161 4991 fuerit,
2195 4942 2294 4995 per
2339 4925 2626 4981 universos
2656 4925 2862 4980 electos
2890 4933 3273 4996 competenter
3319 4934 3560 4985 emanat.

1972 5016 2081 5073 Sed
2097 5017 2211 5070 haec
2234 5013 2423 5069 omnia
2439 5014 2593 5071 carni
2612 5014 2967 5081 conveniunt,
2984 5016 3075 5073 cui
3095 5015 3562 5085 perfectissimum

1970 5110 2029 5162 et
2043 5102 2760 5174 gloriosissimumVerbum
2778 5104 2996 5163 unitum
3013 5111 3101 5160 est
3116 5121 3215 5174 pro
3237 5105 3417 5163 salute
3438 5122 3565 5163 san~

1969 5193 2330 5251 ctorum.lloc
2351 5198 2699 5261 unguentum
2720 5192 2775 5249 in
2795 5193 2907 5249 alio
2926 5193 3132 5251 dicitur
3150 5193 3366 5261 psalmo
3393 5197 3557 5262 (Paul.

1970 5292 2169 5351 cxxxn)
2188 5282 2538 5336 descendisse
2560 5281 2615 5337 in
2637 5280 2888 5343 barbam,
2910 5281 3137 5340 barhan‘i
3172 5283 3360 5341 Aaron
3388 5300 3563 5353 usque

1971 5372 2030 5429 in
2060 5390 2153 5427 ora
2185 5371 2498 5430 vestimenti
2532 5372 2691 5441 ejus;
2747 5379 2802 5424 et
2828 5371 2992 5440 paulo
3024 5380 3185 5439 post:
3230 5396 3248 5428 ν
3284 5372 3561 5435 Quoniam

1976 5484 1999 5511 υ
2047 5461 2156 5519 illic
2200 5461 2486 5519 mandavit
2512 5460 2784 5519 Dominus
2835 5460 3276 5520 benediixionem
3308 5467 3365 5518 et
3394 5463 3565 5520 vitam

1968 5574 1999 5619 ρ
2047 5550 2297 5620 usquein
2310 5551 2578 5611 saeculum
2596 5549 2836 5609 Samii.»
2854 5550 2993 5609 Post
3011 5550 3377 5611 huimmitatis
3396 5551 3573 5619 igitur
