3866 6158
408 287 510 342 719

993 287 1056 339 Β.
1099 286 1370 341 RABANI
1409 289 1640 344 MAURI
1679 290 2017 344 ARCHIEP.
2057 289 2380 343 MOGUNT.
2422 285 2718 342 OPERUM
2763 285 2947 340 PARS
2985 286 3082 340 III.

3506 295 3587 350 ἷῗο

403 411 1028 476 excellentiam,iterum
1057 411 1128 464 ad
1155 412 1528 466 (sterilitatem
1558 413 1804 468 divinam
1829 413 1886 466 in
1907 415 2062 472 (ευ-Α
2081 411 2251 466 etiam
2281 409 2509 476 Christi,
2535 411 2594 464 in
2622 411 2726 463 hoc
2753 409 2959 464 iterum
2989 415 3047 463 et
3059 410 3206 480 regni
3232 413 3503 470 declaratur
3520 418 3589 472 in-

401 501 530 555 dem
559 499 697 554 Filio
726 499 826 554 Dei
857 499 1130 553 convertit
1153 517 1212 553 se
1239 501 1542 571 Apostolus
1569 501 1894 556 testimonia
1913 503 1996 556 al-

401 590 579 644 terius
603 588 805 660 psalmi
832 587 1052 656 dicere;
1081 588 1162 642 ait
1191 589 1343 642 enim
1370 609 1380 643 :

475 697 502 732 α
535 678 604 732 Et
629 683 712 742 tu,
744 677 1000 743 Domine,
1025 677 1085 732 in
1107 677 1382 749 principio
1412 685 1624 732 terram
1666 679 1912 734 fundasti
1941 685 1999 734 et

401 784 429 821 α
459 783 631 838 opera
654 783 926 822 manuum
957 772 1187 822 tuarum
1213 773 1347 822 sunt
1361 768 1506 822 coeli.
1535 788 1558 819 ι
1595 771 1832 838 (Ambr.)
1856 770 1996 824 Cum

396 855 550 922 dicit,
590 874 614 908 ‹
666 855 726 909 in
781 855 1055 928 principio
1106 861 1318 910 terram
1355 857 1624 924 fundasti,
1675 859 1929 923 Domine,
1966 878 1994 912 ιι

391 945 638 1000 ostendit
655 945 805 1016 quod
825 962 860 1000 a
879 945 1032 1000 sanis
1050 945 1335 1001 mentibus
1356 963 1469 1001 non
1509 952 1695 1018 potest
1728 947 1995 1018 abnegari

394 1033 530 1105 quia
557 1034 794 1089 Creator
820 1051 854 1089 a
896 1040 1154 1090 creatura
1182 1052 1288 1090 sua
1337 1036 1459 1090 sine
1485 1035 1672 1107 aliquo
1711 1035 1871 1090 initio
1900 1053 1996 1091 co-

389 1123 682 1193 gnoscitur
699 1123 1043 1196 exstitisse.f¢
1061 1125 1131 1179 Et
1141 1141 1312 1196 opera
1331 1141 1604 1180 manuum
1616 1131 1844 1180 tuarum
1864 1131 1997 1181 sunt

389 1212 515 1266 caeli
540 1231 554 1280 ;
575 1212 709 1267 rhic
734 1229 1006 1268 manuum
1030 1213 1297 1268 virtutem
1311 1214 1583 1285 jussionis
1605 1215 1708 1269 Dei
1726 1215 1995 1270 debemus

397 1300 677 1373 accipere;
719 1302 831 1356 alio
860 1301 1012 1356 enim
1038 1303 1160 1357 loco
1189 1303 1396 1358 dicitur
1423 1323 1434 1357 :
1480 1321 1508 1356 ι
1552 1304 1828 1368 Quoniam
1877 1305 1997 1376 ipse

397 1390 558 1458 dixit,
591 1397 650 1446 et
678 1391 826 1447 facta
850 1397 984 1447 sunt
1016 1410 1028 1460 ;
1061 1392 1182 1463 ipse
1211 1393 1519 1458 mandavit,
1565 1400 1622 1446 et
1648 1399 1838 1448 creata
1865 1401 2000 1449 sunt

399 1481 562 1547 (Psal.
586 1485 824 1551 cxnvm).
853 1501 876 1532 ι

475 1590 499 1621 α
531 1570 647 1641 Ipsi
700 1569 982 1642 peribunt,
1034 1577 1098 1626 tu
1145 1577 1336 1626 autem
1380 1571 1755 1643 permanebis.
1811 1593 1832 1624 ι
1890 1575 1998 1628 Pe-

400 1663 570 1714 reunt
611 1658 762 1713 enim
811 1658 880 1713 ab
926 1675 992 1714 eo
1067 1660 1216 1732 quod
1263 1666 1396 1716 sunt
1443 1662 1580 1716 dum
1623 1662 1998 1717 immutantur

2079 501 2286 554 dicium
2318 507 2371 554 et
2401 499 2629 554 honoris
2647 499 2957 570 aequalitas.
2981 499 3196 553 Nullam
3210 507 3378 556 autem
3395 504 3594 558 imbecil-

2079 590 2297 644 litatem
2327 589 2684 660 aliquatenus
2715 587 2978 653 arbitror,
3013 605 3078 642 eo
3108 590 3242 660 quod
3269 591 3386 644 dicit
3406 592 3594 648 Patrem

2079 679 2432 750 indignatum
2450 679 2520 732 iri
2539 672 2640 748 pro
2663 677 2750 731 his
2770 695 2892 748 quae
2911 677 3080 731 fuerit
3097 678 3257 732 Filius
3275 679 3473 750 indigne
3493 700 3596 752 per-

2079 785 2275 838 pessus
2299 785 2309 820 :
2332 768 2434 821 hoc
2449 767 2627 836 magis
2648 765 3024 820 multaaPatris
3035 765 3176 820 circa
3186 766 3369 820 Filium
3387 769 3596 824 dilectio-

2079 857 2165 910 nis
2182 862 2240 910 et
2257 857 2485 911 honoris
2503 855 2771 909 indicium
2784 861 2888 909 est.
2915 855 3022 919 Qui
3051 855 3194 908 enim
3211 855 3499 926 indignatur
3517 877 3598 929 pro

2078 963 2162 1012 eo,
2179 945 2458 1016 quomodo
2475 950 2774 999 extraneus
2785 943 2855 998 ab
2867 943 2964 998 illo
2976 960 3096 998 esse
3107 945 3432 999 contenditur
3449 947 3466 998 ἶ
3480 948 3599 1017 quod

2077 1035 2146 1088 de
2167 1051 2232 1088 eo
2269 1036 2389 1106 jam
2430 1033 2488 1088 in
2526 1033 2635 1088 alio
2668 1033 2874 1087 dicitur
2901 1033 3148 1104 psalmo:
3177 1051 3202 1086 α
3232 1033 3329 1097 Qui
3354 1033 3600 1089 habitatin

2077 1123 2230 1177 caelis
2241 1122 2498 1177 irridebit
2513 1140 2608 1177 eos
2635 1128 2693 1176 et
2711 1122 2985 1177 Dominus
2997 1121 3344 1176 subsannabit
3362 1140 3446 1177 eos
3464 1125 3598 1189 (Psal.

2076 1216 2132 1282 ιι)
2153 1232 2162 1266 :
2184 1231 2210 1265 ι
2234 1217 2291 1267 et
2308 1213 2514 1266 iterum
2532 1212 2650 1284 ipse
2674 1211 2838 1266 dixit:
2860 1231 2882 1262 ι
2905 1213 3012 1266 Eos
3030 1217 3214 1266 autem
3227 1211 3316 1282 qui
3337 1229 3416 1265 me
3433 1211 3523 1265 sibi
3538 1229 3604 1266 re-

2077 1319 2253 1372 gnare
2285 1303 2590 1357 noluerunt
2619 1301 2878 1355 adducite
2907 1301 2966 1354 in
2992 1307 3282 1372 conspectu
3309 1317 3438 1367 meo,
3465 1307 3514 1354 et
3535 1300 3605 1354 in-

2078 1392 2326 1446 terimite
2341 1394 2488 1459 (Luc.
2513 1392 2622 1460 xxx)
2645 1409 2656 1456 ;
2696 1409 2719 1443 ι
2743 1391 2878 1461 quia
2889 1407 3020 1443 vero
3051 1391 3171 1460 ejus
3188 1396 3314 1444 sunt
3329 1389 3433 1444 haec
3452 1389 3602 1454 verba,

2082 1481 2212 1536 audi
2235 1481 2369 1551 quid
2388 1481 2537 1535 dicat
2553 1485 2610 1534 et
2633 1480 2692 1534 in
2731 1479 2840 1533 alio
2857 1479 2977 1533 loco
3002 1497 3012 1531 :
3053 1502 3076 1528 ι
3105 1479 3324 1542 Quoties
3350 1479 3482 1532 volui
3505 1495 3611 1532 con-

2079 1587 2316 1641 gregare
2335 1571 2478 1624 filios
2493 1576 2621 1624 tuos
2640 1575 2698 1623 et
2715 1568 3099 1623 noluisti?ecce
3111 1568 3436 1638 relinquetur
3449 1567 3612 1620 domus

2079 1664 2262 1714 vestra
2293 1660 2517 1714 deserta
2555 1659 2769 1726 (Matth.
2819 1656 2972 1726 xxxii)
3001 1677 3014 1723 ;
3054 1676 3076 1708 ι
3127 1663 3183 1711 et
3216 1657 3406 1710 iterum
3436 1674 3446 1708 :
3481 1677 3498 1706 ι
3529 1655 3614 1719 Qui

398 1747 459 1802 in
500 1747 702 1802 melius
749 1754 1057 1816 creaturae;
1107 1754 1172 1804 tu
1229 1755 1419 1804 autem
1471 1767 1790 1822 permanes,
1834 1758 1900 1806 ut
1927 1740 2063 1806 si-B
2084 1749 2348 1802 ceciderit
2373 1765 2544 1820 super
2571 1747 2816 1818 lapidem
2845 1747 3007 1800 illum
3056 1746 3414 1816 confringetur
3440 1764 3451 1811 ;
3480 1761 3616 1815 super

395 1841 492 1892 cut
535 1836 911 1892 eternitatem
969 1838 1192 1893 Domini
1236 1839 1482 1894 ostendit
1506 1846 1809 1912 antequam
1847 1858 2000 1896 crea-

399 1931 486 1980 ret
515 1925 724 1993 omnia,
769 1926 850 1981 sic
892 1933 1020 1998 post
1059 1928 1226 1982 caelos
1255 1933 1502 1982 mutatos
1549 1929 1736 2000 ipsum
1786 1930 2001 1984 diceret

398 2013 458 2068 in
487 2015 800 2085 majestatis
827 2032 940 2070 suae
969 2002 1152 2086 gloria
1178 2033 1529 2088 permanere.
1564 2035 1592 2070 ι
1626 2019 1695 2072 Et
1722 2035 1917 2073 omnes
1935 2024 2002 2074 ut

398 2102 800 2158 vestimentum
828 2110 1193 2160 veterascent.
1226 2125 1254 2158 ι
1292 2107 1485 2178 Ipsum
1516 2107 1667 2162 enim
1700 2109 2000 2164 veterascit

401 2191 548 2263 quod
577 2208 735 2246 more
750 2193 920 2248 vestis
945 2201 1127 2250 morte
1157 2195 1522 2261 consumitur,
1556 2196 1704 2251 sicut
1731 2214 1861 2252 caro
1889 2199 1996 2253 hu-

398 2296 586 2348 mana,
625 2297 748 2352 quae
767 2287 960 2337 tamen
981 2283 1042 2338 in
1063 2284 1266 2339 melius
1299 2286 1709 2340 resurrectione
1735 2286 1997 2341 immuta-

398 2367 571 2424 bitur.
584 2370 842 2426 Addidit:
873 2391 896 2425 ε
937 2372 1008 2426 Et
1034 2373 1190 2428 velut
1213 2374 1482 2429 amictum
1515 2375 1758 2430 mutabis
1791 2393 1904 2443 eos,
1940 2382 1998 2431 et

398 2459 788 2516 mutabuntur.
801 2480 822 2512 ι
848 2460 948 2516 His
963 2461 1145 2516 verbis
1165 2462 1399 2518 forsitan
1409 2464 1532 2518 cceli
1544 2463 1996 2520 immutationem

397 2549 673 2620 propheta
717 2549 957 2620 intelligi
1001 2551 1192 2617 voluit,
1251 2553 1345 2624 qui
1399 2553 1659 2608 similiter
1705 2560 1767 2608 ut
1794 2561 1996 2609 caetera

398 2637 678 2692 elementa
723 2644 1158 2705 commutantur,
1193 2641 1338 2695 sicut
1374 2642 1432 2695 in
1460 2641 1571 2696 alio
1608 2643 1817 2713 legitur
1862 2662 1994 2714 pro-

401 2725 574 2796 pheta
595 2743 607 2779 :
627 2745 651 2778 α
686 2727 756 2782 Et
787 2727 897 2782 erit
926 2729 1129 2783 caelum
1159 2747 1366 2784 novum
1385 2736 1443 2784 et
1463 2736 1616 2785 terra
1647 2749 1791 2786 nova
1810 2735 1989 2803 (Apoc.

397 2816 534 2882 xm).
589 2815 794 2887 [Joan.]
846 2816 922 2872 Ut
970 2816 1100 2872 facti
1129 2817 1353 2872 Domini
1395 2819 1717 2874 ostenderet
1742 2822 1862 2892 jam
1891 2821 1994 2876 sub

397 2903 714 2959 eternitate
769 2921 1043 2960 mansura
1095 2905 1264 2962 dicit:
1317 2927 1341 2959 ι
1389 2907 1632 2962 Mutabis
1666 2926 1761 2964 eos
1791 2916 1849 2964 et
1875 2927 1996 2964 mu-

394 2989 718 3058 tabuntur”
753 2992 886 3064 quia
903 3009 1194 3066 nunquam
1220 3002 1391 3050 erunt
1412 2997 1483 3050 ad
1501 2996 1607 3051 hoc
1633 2998 1995 3069 corruptibile

2080 1855 2248 1909 quem
2298 1855 2428 1892 vero
2476 1836 2740 1891 ceciderit
2767 1841 3020 1890 conteret
3062 1853 3190 1890 eum
3215 1836 3356 1897 (Luc.
3389 1838 3491 1902 xv).
3519 1834 3616 1886 lluc

2079 1927 2312 1992 accedit,
2340 1927 2472 1998 quia
2490 1926 2538 1980 si
2560 1927 2679 1998 ipse
2708 1925 3066 1995 judicaturus
3083 1930 3170 1979 est
3195 1941 3302 1986 eos,
3336 1923 3495 1976 multo
3519 1939 3616 1975 am-

2081 2017 2230 2088 plius
2253 2016 2379 2070 etin
2397 2016 2502 2070 hac
2515 2016 2633 2069 vita
2652 2015 2771 2086 ipse
2790 2015 2900 2068 illis
2921 2015 3095 2086 digna
3109 2013 3387 2068 retribuet.
3416 2011 3616 2065 Proinde

2081 2106 2310 2160 honoris
2340 2105 2520 2176 magis
2551 2110 2637 2158 est
2689 2104 2838 2176 quod
2885 2104 3093 2158 dicitur
3120 2123 3130 2156 :
3193 2120 3219 2153 ιι
3248 2104 3422 2156 Donec
3447 2116 3618 2171 ponam

2079 2194 2336 2248 inimicos
2365 2201 2493 2249 tuos
2521 2193 2826 2248 scabellum
2853 2193 3061 2264 pedum
3092 2200 3330 2248 tuorum.
3362 2209 3387 2244 ι
3417 2190 3614 2256 (Αιηὸν.)

2078 2285 2254 2338 Pedes
2283 2283 2433 2338 enim
2463 2283 2689 2338 Domini
2716 2282 2992 2337 stabilitas
3020 2280 3623 2352 mternasigniﬁcaturmt

2077 2373 2172 2427 ille
2181 2379 2454 2444 tanquam
2470 2372 2716 2443 vestigiis
2727 2373 2924 2444 positis
2939 2389 3028 2426 om
3035 2370 3352 2443 nipotentiaa
3364 2386 3467 2423 suae
3484 2367 3622 2420 virtu-

2077 2467 2134 2516 te
2153 2463 2424 2517 consistit:
2451 2463 2537 2517 his
2566 2462 2802 2534 pedibus
2823 2467 3043 2516 constat
3063 2478 3185 2516 esse
3221 2458 3529 2520 subdendos,
3545 2454 3622 2525 qui

2078 2551 2326 2622 quotidie
2346 2551 2606 2606 vitiorum
2619 2551 3017 2606 contrarietate
3038 2549 3303 2605 derelicta
3313 2551 3624 2602 revertuntur

2077 2641 2147 2694 ad
2168 2641 2488 2706 Dominum,
2513 2647 2570 2695 et
2583 2648 2853 2712 tanquam
2873 2639 3180 2695 scabellum
3197 2635 3515 2710 pedibus,ita
3527 2635 3625 2703 ejus

2077 2729 2563 2802 praedicationibus
2591 2730 2962 2795 inclinantur;
2996 2730 3121 2784 sine
3148 2728 3314 2783 dubio
3341 2727 3405 2780 de
3431 2723 3528 2778 illis
3543 2722 3628 2775 ini-

2078 2819 2238 2874 micis
2258 2819 2480 2884 dicitur,
2507 2819 2602 2890 qui
2629 2819 2878 2874 conversi
2893 2819 2965 2872 ad
2993 2819 3282 2874 dexteram
3302 2815 3623 2870 collocantur.

2077 2908 2203 2962 Non
2222 2909 2313 2962 hic
2331 2907 2655 2963 adverbium
2667 2925 2942 2978 quousque
2957 2909 3200 2979 alicujus
3214 2903 3469 2976 temporis
3486 2903 3627 2956 ﬁnem

2077 2997 2352 3067 designat,
2401 2998 2500 3052 sed
2555 2997 2884 3052 aaternitatis
2931 2998 3245 3068 potentiam
3281 2995 3624 3050 demonstrat:

392 3079 662 3135 reditura.
682 3081 830 3136 Dicit
857 3098 990 3153 ergo
1017 3083 1151 3155 quia
1173 3085 1676 3141 transformaturus
1715 3092 1803 3142 est
1827 3105 1994 3142 mun-
2014 3077 2058 3137 Ο
2085 3104 2109 3140 ει
2149 3087 2348 3141 Nonne
2375 3103 2569 3141 omnes
2597 3087 3063 3141 administratorii
3092 3092 3226 3142 sunt
3244 3084 3464 3156 spiritus
3483 3081 3534 3134 in
3549 3077 3632 3132 mi.

393 3167 550 3234 dum,
567 3175 625 3224 et
642 3169 969 3226 facilitatem
983 3171 1304 3243 signiﬁcans
1323 3175 1516 3230 intulit
1537 3194 1548 3228 :
1575 3175 1734 3230 Sicut
1757 3176 1993 3248 quilibet

396 3257 666 3312 amictum
696 3259 929 3314 involvit
956 3266 1126 3332 atque
1153 3268 1456 3334 permutat,
1488 3264 1568 3318 sic
1605 3271 1664 3318 et
1680 3264 1799 3336 ipse
1829 3282 1990 3320 mun-

391 3344 528 3400 dum
539 3352 598 3401 et
607 3347 1042 3420 complicaturus
1064 3356 1118 3406 et
1131 3357 1452 3408 mutaturus
1463 3359 1567 3408 est.
1577 3354 1720 3424 Ergo
1733 3354 1781 3408 si
1807 3359 1988 3409 trans-

389 3433 784 3492 formationem
804 3443 862 3492 et
881 3439 1276 3509 conditionem,
1294 3458 1418 3512 quae
1446 3443 1511 3496 fit
1537 3443 1595 3496 in
1625 3443 1845 3509 melius,
1868 3449 1986 3498 tam

387 3520 550 3578 facile
594 3525 804 3596 poterit
846 3528 1088 3599 operari,
1113 3530 1239 3600 quis
1266 3530 1418 3585 dicat
1445 3531 1594 3602 quod
1629 3531 1688 3586 in
1735 3532 1986 3587 inferiori

384 3627 552 3684 opere
583 3613 814 3671 alterius
830 3617 1052 3688 eguerit
1069 3618 1390 3690 adjutorio?
1416 3621 1719 3692 Usquequo
1733 3638 1844 3676 non
1861 3639 1986 3676 eru-

384 3699 618 3758 bescunt
638 3704 831 3760 taliter
881 3705 1184 3762 insanire?
1233 3708 1412 3764 Simul
1459 3709 1633 3764 etiam
1678 3711 1984 3766 consolatio

384 3791 566 3862 major
606 3796 694 3847 est
736 3810 1090 3865 cognoscere,
1139 3797 1288 3868 quod
1317 3814 1430 3852 non
1475 3798 1535 3852 in
1588 3799 1784 3854 eodem
1833 3805 1985 3854 statu

382 3886 585 3936 cuncta
613 3889 1002 3952 permaneant.
1035 3885 1146 3940 Sed
1177 3885 1276 3940 illa
1319 3887 1546 3958 quidem
1589 3888 1977 3955 mutabuntur,

380 3967 502 4038 ipse
525 3975 717 4038 autem
751 3971 902 4026 idem
949 3972 1072 4044 ipse
1098 3982 1396 4045 permanet
1422 3975 1482 4030 in
1509 3982 1802 4044 aeternum,
1837 3978 1982 4033 sicut

381 4056 616 4111 dicitur:
647 4077 672 4109 α
703 4059 789 4113 Tu
816 4066 1008 4115 autem
1034 4062 1186 4116 idem
1213 4063 1333 4135 ipse
1359 4081 1436 4130 es,
1468 4070 1526 4119 et
1560 4066 1693 4120 anni
1735 4067 1820 4121 tui
1867 4084 1981 4122 non

381 4145 669 4201 deﬁciunt.
705 4163 734 4199 ι
768 4147 1006 4218 (Ambr.)
1037 4151 1438 4208 Immutatione
1480 4155 1602 4224 ejus
1633 4155 1984 4210 diminutura

267 4298 274 4305 _
381 4233 644 4305 designat
654 4251 777 4306 quae
785 4241 936 4303 sunt,
961 4237 1080 4309 ipse
1093 4255 1224 4295 vero
1237 4240 1390 4295 idem
1411 4247 1498 4296 est
1517 4244 1665 4314 quod
1683 4251 1786 4310 est,
1809 4245 1982 4299 veluti

381 4321 562 4394 Moysi
582 4323 790 4378 famulo
810 4341 912 4380 suo
933 4325 1074 4382 dixit
1097 4346 1109 4382 :
1155 4347 1184 4382 α
1203 4330 1336 4402 ;Ego
1360 4347 1484 4386 sum
1506 4332 1601 4404 qui
1639 4349 1766 4387 sum
1791 4334 1976 4403 (Exod.

2079 3195 2102 3228 ι
2137 3176 2432 3230 nisterium
2462 3177 2638 3233 missi.
2667 3182 2897 3247 propter
2924 3192 3019 3230 eos
3047 3177 3147 3246 qui
3175 3173 3536 3230 haereditatem
3556 3183 3632 3221 ca-

2075 3282 2102 3317 σι
2133 3265 2298 3335 piunt
2323 3265 2561 3320 salutis?
2597 3285 2618 3316 ι
2645 3265 2793 3329 Ουιά
2816 3265 3058 3331 miraris,
3077 3266 3128 3319 si
3146 3265 3286 3319 Filio
3315 3278 3468 3317 suum
3490 3256 3632 3312 mini-

2069 3354 2303 3408 sterium
2321 3350 2584 3409 exhibent
2593 3354 2796 3425 angeli,
2812 3371 2938 3410 cum
2951 3354 3127 3408 etiam
3138 3360 3340 3408 nostrae
3360 3348 3540 3405 salutis
3551 3344 3634 3400 mi-

2069 3442 2275 3498 nistros
2305 3461 2402 3512 eos
2429 3449 2648 3498 constet
2670 3442 2933 3498 effectos?
2969 3445 3188 3498 Mentes
3219 3459 3409 3497 eorum
3427 3439 3493 3492 ad
3519 3450 3634 3506 quos

2068 3531 2316 3603 loquitur
2343 3532 2632 3587 sublevare
2660 3534 2870 3600 volens,
2909 3533 3049 3588 dicit
3074 3533 3404 3604 angelorum
3431 3525 3634 3582 functio-

2068 3637 2166 3674 nes
2197 3621 2456 3677 humanaa
2499 3622 2696 3676 salutis
2720 3639 2887 3676 causa
2918 3641 2954 3677 a
2983 3623 3226 3676 Domino
3255 3621 3484 3675 directos
3512 3631 3630 3676 esse,

2066 3709 2240 3764 Filius
2253 3727 2380 3764 vero
2394 3711 2541 3765 sicut
2557 3711 2828 3766 Dominus
2849 3712 3124 3778 Salvator,
3143 3711 3239 3766 isti
3252 3725 3379 3763 vero
3392 3707 3526 3761 sicut
3541 3718 3634 3756 ser-

2064 3797 2118 3852 vi
2143 3799 2312 3854 saluti
2336 3799 2860 3870 praedestinatorum
2881 3800 3228 3854 deserviunt.
3252 3799 3422 3868 Cujus
3447 3793 3521 3848 rei
3542 3790 3636 3863 ple-

2065 3887 2122 3940 ni
2145 3893 2278 3942 sunt
2295 3889 2515 3943 Veteris
2527 3889 2873 3943 Testamenti
2894 3890 3034 3943 velN
3035 3888 3126 3942 ovi
3141 3888 3350 3959 ubique
3368 3881 3558 3940 libri..\'
3559 3894 3634 3932 am

2063 3982 2120 4030 et
2133 3976 2452 4048 pastoribus
2463 3978 2648 4048 angeli
2660 3977 3483 4048 evangelizaverunt(Luc.n),et
3496 3984 3638 4039 ange-

2062 4065 2179 4120 lum
2198 4066 2522 4136 legimusad
2541 4067 3052 4138 virginemMariam
3072 4064 3575 4134 missum(Luc.I),ct
3589 4057 3635 4109 in

2063 4155 2472 4210 resurrectione
2483 4156 2708 4210 Domini
2727 4156 2913 4226 angeli
2935 4155 3272 4210 mulieribus
3287 4151 3639 4226 apparuerunt

2067 4245 2973 4314 (Marcaw,Luc.xx1v,Joan.xxx),
2997 4250 3056 4300 et
3069 4246 3186 4299 alia
3205 4242 3453 4298 multain
3463 4234 3638 4293 divinis

2063 4331 2328 4403 leguntur
2357 4333 2677 4404 Scripturis.
2711 4333 3012 4404 Intelligite
3042 4334 3223 4404 igitur
3249 4348 3397 4387 nunc
3422 4330 3639 4400 quantus

382 4414 480 4481 ιιι),
514 4431 538 4463 ι
559 4411 638 4467 sic
655 4412 778 4468 istis
801 4413 983 4470 tribus
1003 4415 1256 4474 versibus
1295 4421 1660 4476 commutatio
1699 4429 1982 4478 creatura-
1997 4425 2046 4482 D
2063 4421 2244 4476 honor
2262 4421 2422 4476 nobis
2443 4423 2632 4476 existit
2651 4428 2714 4477 ut
2733 4423 2880 4478 sicut
2917 4423 2987 4478 ad
3008 4423 3249 4488 amicos,
3270 4422 3352 4476 ita
3378 4417 3638 4472 ministros

377 4517 508 4556 rum
527 4507 586 4556 et
603 4503 889 4558 aeternitas
909 4505 1133 4560 Domini
1155 4507 1397 4563 mirabili
1408 4508 1677 4565 brevitate
1703 4511 1984 4583 descripta

381 4596 532 4644 sunt.
565 4591 701 4646 Post
735 4594 1092 4664 majestatem
1137 4596 1338 4652 divina:
1382 4600 1714 4654 aeternitatis
1743 4601 1802 4654 in
1839 4601 1980 4656 Filio

381 4677 590 4733 iterum
606 4677 805 4736 beatus
815 4682 1025 4739 Paulus
1045 4685 1116 4739 ad
1135 4685 1504 4744 humanitatis
1529 4690 1785 4760 ejusdem
1809 4690 1980 4760 glori-

382 4766 701 4822 ﬁcationem
730 4785 1048 4827 sermonem
1094 4773 1299 4830 direxit
1344 4777 1576 4832 dicens:
1619 4799 1642 4829 ι
1692 4779 1779 4832 Ad
1810 4796 1978 4849 quem

381 4855 712 4926 angelorum
758 4857 922 4913 enim'
940 4861 1081 4916 dixit
1129 4863 1468 4936 aliquando:
1519 4867 1662 4922 Sede
1691 4883 1725 4921 a
1768 4867 1978 4922 dextris

303 4981 310 4990 .
379 4944 520 4999 meis
539 4944 564 4998 ?
582 4944 837 5001 sVictori
868 4947 1008 5004 Filio
1039 4956 1096 5005 et
1124 4969 1227 5024 per
1251 4960 1504 5009 sanctam
1533 4955 1978 5014 incarnationem

380 5033 553 5089 totius
584 5034 781 5090 mundi
808 5035 1230 5110 triumphatori,
1259 5049 1387 5114 post
1411 5045 1838 5100 resurrectionis
1862 5047 1980 5116 glo-

381 5122 528 5178 riam
551 5123 896 5181 honorabilis
921 5143 1213 5185 consessus
1233 5139 1480 5203 paternae
1497 5135 1809 5206 majestatis
1820 5135 1980 5189 offer-

381 5217 494 5278 tur,
515 5217 582 5268 ut
605 5230 706 5286 per
725 5215 874 5271 hunc
899 5216 1074 5273 situm
1107 5227 1379 5294 suscepta:
1410 5223 1780 5278 humanitatis
1798 5224 1979 5294 gloria

382 5299 717 5358 declaretur.
745 5323 768 5354 ι
803 5304 1181 5381 Quoadusque
1199 5327 1406 5382 ponam
1427 5312 1682 5368 inimicos
1707 5317 1835 5368 tuos
1861 5330 1974 5368 sca»

381 5387 594 5444 bellum
604 5391 813 5462 pedum
832 5398 1082 5452 tuorum.
1111 5399 1315 5470 (Joan.)
1336 5401 1474 5458 Ecce
1493 5401 1701 5458 iterum
1729 5419 1825 5457 eos
1851 5419 1980 5458 con-

383 5477 622 5532 ﬁdentes
649 5478 800 5546 facit,
832 5481 1110 5554 siquidem
1135 5487 1390 5545 futurum
1418 5491 1680 5559 ostendit,
1703 5497 1769 5546 ut
1782 5507 1980 5547 eorum

382 5571 724 5640 superentur
747 5567 980 5642 inimici,
1005 5579 1065 5632 et
1081 5575 1216 5649 quia
1464 5595 1660 5636 eorum
1679 5579 1788 5652 ipsi
1815 5585 1982 5637 erunt

2063 4511 2292 4581 angelos
2309 4511 2554 4565 destinet
2564 4513 2732 4566 Deus.
2763 4512 2970 4584 (61129.)
2995 4513 3284 4584 Scriptum
3304 4511 3362 4564 in
3378 4507 3514 4562 libro
3531 4505 3555 4558 ,Ι
3560 4499 3633 4555 ob:

2068 4618 2091 4650 ε
2126 4599 2292 4668 Deus,
2325 4601 2485 4671 cujus
2513 4600 2610 4654 ira;
2653 4601 2914 4656 resistere
2962 4618 3129 4656 nemo
3179 4604 3388 4672 potest,
3421 4594 3519 4651 sub
3547 4605 3638 4662 quo

2061 4694 2366 4743 curvantur
2393 4690 2490 4761 qui
2520 4696 2749 4761 portant
2765 4689 2958 4744 orbem
2979 4691 3109 4758 (Job.
3132 4693 3212 4759 ιιι)
3241 4709 3253 4756 ;
3285 4709 3308 4739 ι
3333 4687 3392 4742 in
3418 4687 3515 4739 hac
3534 4694 3639 4734 sen-

2059 4778 2239 4832 tentia
2253 4779 2519 4849 angelicae
2530 4781 2764 4834 virtutes
2777 4779 3017 4850 intelligi
3038 4785 3298 4850 possunt:
3317 4779 3438 4848 ipse
3454 4770 3639 4828 etenim

2060 4866 2253 4920 orbem
2281 4873 2528 4939 portant,
2563 4885 2684 4940 quae
2734 4868 2964 4940 regendi
3011 4869 3213 4923 mundi
3256 4882 3421 4922 curas
3475 4857 3636 4916 admi-

2060 4956 2322 5012 nistrant.
2353 4958 2530 5012 Paulo
2559 4941 2864 5012 attestante
2893 4958 2989 5030 qui
3018 4958 3133 5012 ait:
3176 4978 3200 5009 ι
3236 4958 3437 5011 Nonne
3465 4962 3638 5006 omnes

2059 5052 2192 5100 sunt
2219 5046 2683 5102 administratorii
2725 5047 2968 5119 Spiritus
2997 5047 3052 5102 in
3081 5045 3463 5100 ministerium
3499 5033 3637 5093 missi

2062 5140 2290 5206 propter
2317 5153 2410 5191 eos
2439 5137 2535 5208 qui
2563 5136 2948 5192 hereditatem
2993 5137 3225 5207 capiunt
3256 5131 3486 5190 salutis?
3503 5148 3530 5181 ι
3555 5124 3638 5180 Ait

2061 5241 2226 5295 ergo:
2265 5245 2287 5275 ι
2323 5226 2492 5292 Deus,
2532 5243 2695 5298 cujus
2726 5227 2987 5281 resistere
3017 5242 3184 5280 nemo
3210 5225 3312 5279 irae
3331 5225 3527 5294 potest.
3546 5211 3635 5269 sub

2061 5331 2170 5385 quo
2191 5320 2494 5370 curvantur
2512 5315 2608 5386 qui
2627 5320 2857 5387 portant
2867 5314 3079 5381 orbem,
3092 5331 3186 5368 nac
3208 5313 3257 5368 si
3278 5309 3638 5368 humilitatem

2060 5403 2242 5458 omnis
2260 5409 2530 5459 creatura;
2544 5404 2848 5476 conspiciat
2859 5409 2917 5459 et
2941 5403 3306 5460 tremefactus
3315 5401 3464 5455 dicat
3484 5415 3498 5452 :
3517 5391 3637 5458 Οῑιίε

2059 5491 2415 5547 infirmorum
2445 5493 2737 5548 hominum
2778 5494 2892 5550 tuis
2922 5493 3148 5549 nutibus
3187 5490 3376 5554 obeat,
3409 5487 3561 5557 cujus
3585 5495 3636 5534 δε

2061 5580 2347 5638 formidini
2372 5588 2430 5637 et
2456 5582 2692 5639 virtutes
2717 5584 2983 5656 angelicae
3013 5579 3333 5640 inclinant?
3389 5577 3472 5632 vel
3499 5575 3638 5629 certe
