3848 6164
236 353 318 409 721
617 351 1194 408 ENARRATIONUM
1231 353 1310 408 IN
1349 353 1501 409 EPP.
1543 354 1759 410 PAULI
1798 355 1933 410 LIB.
1976 355 2198 412 XXVII.
2236 386 2298 398 —
2322 357 2401 413 IN
2439 355 2661 412 EPIST.
2703 353 2798 408 AD
2839 351 3049 408 HEBR.
3371 353 3472 410 7‘2‘2

228 477 467 552 quoniam
492 490 616 530 cum
639 489 953 540 curvamus,
997 475 1289 546 superiora
1331 492 1441 530 non
1477 477 1780 532 cernimus.
1803 483 1852 539 A
1866 482 2254 550 ponere,sicut
2273 489 2330 536 et
2352 481 2487 537 alibi
2510 481 2677 536 dixit:
2700 497 2728 533 ε
2742 481 2800 535 in
2823 479 3207 552 captivitatem
3220 481 3476 552 redigen-

231 567 390 622 Erecti
417 568 595 619 essent
620 563 702 618 illi
723 563 1075 618 subtilissimi
1097 565 1327 635 spiritus
1349 565 1394 618 si
1411 567 1574 637 plene
1596 573 1788 637 poten—
1867 574 1953 622 tes
1965 586 2190 625 omnem
2201 587 2428 626 sensum
2441 571 2512 626 ad
2522 569 2896 625 obediendum
2909 569 3472 638 Cliristo;»etiterum

227 657 345 710 tiam
369 656 484 724 ejus
505 653 812 722 majestatis
832 653 1306 723 attingerent;sed
1330 655 1638 726 qui,orbem
1654 673 1785 727 por-
1869 659 2141 713 mercedis
2193 660 2691 731 reciprocationem
2745 659 2937 713 dicens
2999 675 3100 730 pro
3174 660 3468 732 supplicio,

228 751 346 808 tant,
399 743 498 798 sub
546 744 658 797 Deo
703 743 857 796 curvi
909 750 1060 808 sunt,
1111 743 1244 814 quia
1297 743 1606 798 divinitatis
1664 746 1788 815 ejus
1869 747 2014 802 sicut
2041 753 2100 802 et
2125 749 2182 802 in
2212 750 2473 820 praesenti
2504 749 2623 803 loco
2652 747 2992 820 supplicium
3021 749 3339 804 mercedem
3367 765 3473 806 no-

229 833 583 888 celsitudinem
595 831 849 902 quamvis
865 831 1162 886 sublevabis
1183 833 1787 900 videant,necvirtutes
1867 836 2120 904 minavit,
2155 837 2293 892 item
2325 837 2458 892 alibi
2507 837 2650 892 dixit
2679 855 2692 891 :
2734 855 2762 890 α
2799 835 3089 908 Siquidem
3125 838 3347 910 justum
3386 845 3474 894 est

228 931 392 978 tamen
405 922 663 993 angelica:
673 921 1362 992 comprehendunt.Quam
1373 923 1653 993 virjustus
1673 941 1786 994 prae
1867 925 2017 996 apud
2037 926 2237 991 Deum,
2265 926 2576 982 retribuere
2611 925 3012 982 tribulantibus
3035 943 3132 981 vos
3160 925 3473 982 tribulatio-

227 1012 524 1067 inﬁrmitate
567 1027 680 1064 non
710 1016 1028 1082 penetrans,
1063 1011 1160 1064 sed
1207 1011 1350 1065 hanc
1385 1017 1692 1084 utcumque
1719 1029 1785 1066 ex
1867 1031 2017 1080 nem,
2035 1020 2092 1069 et
2111 1015 2266 1069 vobis
2293 1016 2388 1086 qui
2409 1015 2758 1070 tribulamini
2781 1014 3134 1086 requiemﬂl
3145 1016 3293 1071 Thes.
3326 1020 3412 1086 1).;
3443 1037 3466 1068 ι

225 1101 458 1172 subjectis
481 1117 830 1154 summorum
849 1100 1150 1171 spirituum
1169 1101 1500 1156 ministeriis
1521 1118 1782 1172 pensans,
1867 1104 1973 1158 hoc
1989 1108 2092 1169 est,
2115 1121 2227 1158 non
2255 1104 2461 1176 peribit
2483 1105 2726 1176 justitia,
2747 1104 2846 1159 sed
2866 1109 3161 1159 exsecutus
3191 1110 3278 1159 est
3295 1105 3467 1171 Deus,

225 1193 281 1245 ad
307 1190 799 1244 considerationem
819 1207 878 1243 se
906 1190 1192 1261 propriam
1214 1189 1452 1244 sollicita
1469 1191 1788 1245 humilitate
1870 1199 1928 1248 et
1947 1193 2220 1248 convertit
2230 1193 2508 1264 judicium
2537 1209 2705 1248 suum
2724 1209 2895 1265 super
2911 1198 3252 1265 peccatores,
3277 1210 3472 1266 quam-

224 1279 708 1350 recolligit,sibique
720 1296 907 1332 coram
922 1296 980 1333 se
995 1295 1108 1350 prae
1121 1284 1396 1350 potestate
1407 1296 1662 1350 supernae
1675 1298 1790 1335 ma-
1869 1283 1950 1336 vis
1990 1299 2104 1336 non
2133 1283 2323 1337 omnia
2351 1283 2467 1337 sint
2505 1282 2804 1337 manifesta
2830 1288 3075 1355 peccata,
3109 1283 3219 1338 nisi
3246 1284 3470 1355 quando

219 1369 496 1440 gnitudinis
521 1369 754 1435 vilescit,
770 1369 958 1422 dicens
981 1387 992 1422 :
1019 1387 1044 1419 «
1071 1369 1327 1432 Quantus
1357 1385 1490 1439 ergo
1509 1387 1633 1423 sum
1661 1387 1785 1440 ego,
1869 1376 2148 1443 praecepta
2191 1372 2464 1443 disposita
2501 1377 2958 1428 contemnuntur.
3004 1389 3030 1423 α
3069 1373 3139 1427 Et
3188 1373 3470 1444 quomodo

220 1465 270 1510 ut
295 1457 649 1528 respondeam
671 1458 771 1525 eis,
795 1464 853 1512 et
871 1458 1072 1528 loquar
1099 1457 1280 1512 verbis
1308 1459 1448 1512 meis
1475 1475 1604 1513 cum
1633 1477 1698 1512 eo
1718 1460 1738 1513 .7
1760 1479 1782 1511 ι
1871 1477 1972 1515 nos
2000 1460 2349 1532 effugiemus,
2379 1461 2427 1516 si
2458 1467 2675 1516 tantam
2703 1461 3115 1532 neglexerimus
3133 1461 3418 1516 salutem?
3442 1482 3468 1515 ι

219 1564 271 1601 ac
288 1547 328 1600 si
347 1552 532 1618 aperte
563 1547 750 1601 dicat:
777 1547 836 1601 Si
853 1554 1114 1601 creatura
1140 1548 1235 1602 illa
1263 1548 1413 1602 hunc
1433 1547 1788 1603 considerare
1871 1551 1978 1604 Per
2004 1551 2121 1604 haec
2167 1550 2337 1605 verba
2355 1550 2654 1622 signiﬁcat,
2687 1551 2822 1622 quia
2847 1567 2959 1605 non
2989 1556 3112 1604 erat
3136 1555 3298 1605 tanta
3316 1551 3470 1606 salus

220 1653 310 1690 non
335 1636 549 1700 sufficit,
570 1653 696 1707 quae
720 1653 888 1690 carne
909 1653 1022 1691 non
1051 1637 1346 1708 premitur,
1376 1653 1488 1708 qua
1505 1645 1694 1692 mente
1721 1639 1789 1692 de
1869 1639 1928 1693 in
1948 1638 2138 1694 Veteri
2154 1640 2534 1706 Testamento,
2551 1646 2766 1712 quanta
2780 1644 2869 1694 est
2887 1639 2945 1693 in
2963 1639 3151 1709 gratia
3166 1639 3467 1711 Dei,quam
3525 1623 3533 1630 ”

218 1728 318 1795 ejus
340 1743 435 1796 ego
459 1725 692 1796 judiciis
720 1727 964 1796 disputo,
995 1727 1090 1798 qui
1120 1727 1366 1797 pondere
1417 1727 1790 1798 corruptionis
1814 1786 1850 1798 __
1871 1727 1974 1781 Dei
2001 1727 2174 1781 Filius
2194 1727 2354 1782 nobis
2381 1728 2590 1782 attulit.
2623 1729 2750 1783 Non
2780 1728 2933 1782 enim
2961 1727 3124 1782 nobis
3143 1744 3310 1795 nunc,
3323 1727 3469 1783 sicut

219 1786 494 1884 angustos?
523 1817 726 1880 (Joan.)
759 1786 1003 1870 Intueris
1013 1786 1166 1886 .ergo
1205 1786 1602 1870 ministerium.
1627 1816 1788 1870 nobis
1808 1786 1852 1845 Β
1869 1816 1980 1870 illis
2000 1821 2166 1870 terra
2184 1817 2427 1884 divitias,
2457 1818 2557 1871 sed
2575 1817 2700 1871 coeli
2723 1817 2968 1886 gratiam
3000 1817 3260 1888 promisit
3286 1786 3464 1884 Deus;

219 1910 414 1975 propter
467 1904 650 1958 Deum
699 1905 1014 1970 reddentes,
1048 1909 1106 1958 et
1147 1921 1351 1975 magna
1397 1904 1558 1959 nobis
1605 1905 1787 1960 officia
1869 1922 1982 1959 non
1995 1905 2298 1960 vindictam
2311 1905 2631 1960 deterrenis
2644 1905 2919 1971 hostibus,
2933 1904 3470 1978 seddespiritalibus

217 1995 592 2063 persolventes;
625 1993 830 2048 idcirco
855 1994 998 2060 dicit
1026 1994 1232 2048 Paulus
1263 2014 1275 2048 :
1315 2015 1337 2046 ε
1375 1994 1578 2048 Omnia
1603 2001 1788 2050 vestra
1869 1993 2160 2048 concessit.
2185 1995 2311 2048 Non
2324 1994 2497 2048 vitam
2517 1993 3261 2066 felicitertemporalem,sed
3276 2010 3472 2067 perpe-

214 2091 324 2136 sunt
337 2083 444 2136 sive
463 2083 599 2150 vita,
625 2082 738 2137 sive
748 2100 920 2149 mors,
935 2083 1050 2137 sive
1062 2084 1324 2150 mundus,
1339 2084 1452 2136 sive
1465 2085 1784 2154 praesentia,
1868 2089 2026 2137 tuam
2043 2082 2387 2137 aeternaliter
2409 2082 2634 2144 beatam
2654 2083 2899 2150 donavit,
2921 2083 3040 2137 hac
3061 2083 3268 2155 quippe
3278 2083 3471 2138 omnia

213 2172 308 2224 sive
333 2171 532 2225 futura.
566 2191 590 2223 ι
617 2172 823 2226 Missus
852 2179 938 2226 est
965 2173 1192 2242 quidem
1221 2177 1278 2226 et
1315 2173 1509 2239 Filius,
1546 2173 1645 2227 sed
1675 2190 1786 2228 non
1868 2171 2111 2226 breviter
2135 2171 2418 2226 intimavit
2443 2172 2636 2226 dicens
2655 2188 2672 2223 :
2697 2190 2723 2224 (ι
2740 2172 2799 2226 Si
2826 2177 3048 2226 tantam
3059 2171 3470 2242 neglexerimus

212 2261 332 2314 sicut
349 2260 620 2327 minister,
630 2277 810 2332 neque
832 2267 896 2315 ut
915 2261 1237 2332 perfunctus
1247 2260 1546 2332 cujuslibet
1567 2262 1783 2328 ofﬁciis,
1868 2261 2138 2327 salutem;
2165 2279 2192 2314 ι
2217 2261 2419 2315 deinde
2447 2260 2982 2334 supereminentiam
3003 2277 3198 2315 eorum
3223 2277 3348 2332 qum
3367 2277 3470 2332 per

212 2351 291 2403 sed
318 2350 453 2404 sicut
479 2350 660 2404 Filius
689 2349 1033 2420 unigenitus,
1067 2351 1262 2404 eadem
1292 2350 1444 2404 Patri
1476 2368 1577 2405 suo
1595 2352 1785 2406 volens
1867 2350 1969 2404 Dei
2000 2350 2206 2404 Filium
2224 2350 2374 2404 dicta
2388 2355 2540 2417 sunt,
2563 2350 2852 2421 adjunxit:
2883 2368 2909 2401 (ί
2933 2350 3070 2414 Quae
3089 2365 3218 2404 cum
3237 2349 3466 2404 initium

211 2447 354 2509 atque
381 2440 731 2493 desiderans.
765 2439 945 2508 Magis
983 2446 1175 2493 autem
1214 2456 1398 2510 neque
1429 2439 1634 2494 missus
1677 2448 1779 2502 est,
1871 2457 1900 2490 ι
1929 2442 2236 2510 accepisset
2264 2439 2516 2494 enarrari
2558 2455 2660 2511 per
2691 2438 2997 2494 Dominum
3023 2437 3095 2494 ab
3125 2439 3208 2493 eis
3235 2439 3330 2510 qui
3360 2455 3465 2494 au-

212 2545 366 2598 neque
396 2529 544 2582 enim
584 2528 656 2582 de
692 2529 812 2581 loco
835 2528 904 2581 ad
936 2528 1119 2581 locum
1153 2529 1498 2598 pertransiit,
1533 2529 1632 2583 sed
1659 2546 1780 2584 car-
1870 2547 1894 2579 ε
1927 2528 2156 2582 dierunt
2182 2529 2240 2582 in
2269 2527 2430 2582 nobis
2458 2529 2789 2583 conﬁrmata
2823 2535 2928 2583 est.
2967 2546 2995 2581 ι
3033 2528 3152 2583 Hoc
3179 2533 3284 2596 est,
3314 2528 3364 2582 si
3392 2527 3464 2582 ab

207 2633 313 2670 nem
341 2618 581 2690 sumpsit
607 2635 619 2670 :
645 2617 737 2670 isti
749 2623 938 2670 autem
958 2617 1195 2688 perloca
1213 2623 1508 2672 mutantur
1523 2623 1582 2672 et
1601 2619 1784 2690 prima
1865 2617 1986 2688 ipso
2040 2617 2192 2672 fonte
2238 2618 2356 2672 haec
2405 2617 2644 2672 dicimus
2693 2616 2900 2672 habere
2949 2617 3309 2690 principium,
3349 2633 3464 2673 non

208 2707 307 2759 loca
333 2707 386 2760 in
417 2707 628 2778 quibus
655 2705 880 2760 fuerant
907 2695 1248 2773 deserentes,
1286 2707 1356 2760 ad
1387 2707 1499 2760 alia
1525 2707 1776 2774 veniunt,
1864 2723 1998 2777 ergo
2027 2707 2097 2761 ab
2125 2705 2449 2762 hominibus
2477 2706 2637 2762 nobis
2675 2707 2848 2762 allata
2866 2711 3020 2775 sunt,
3044 2723 3158 2762 non
3183 2706 3255 2762 ab
3275 2707 3466 2779 aliqua

210 2797 522 2850 transeundo
553 2796 619 2848 in
647 2794 853 2866 quibus
883 2811 995 2848 non
1027 2801 1189 2848 erant
1217 2801 1404 2849 antea.
1444 2796 1553 2850 Sed
1587 2801 1644 2850 et
1677 2797 1781 2850 hoc
1861 2795 2072 2850 virtute
2101 2801 2292 2850 creata
2317 2796 2403 2850 vel
2433 2795 2678 2860 condita,
2709 2796 2808 2850 sed
2847 2796 2967 2868 ipse
3003 2795 3164 2850 nobis
3197 2813 3266 2851 ea
3289 2795 3463 2852 Filius

209 2884 354 2937 etiam
379 2883 786 2938 conﬁdentiam
812 2883 893 2937 eis
921 2884 1128 2938 excitat
1157 2884 1381 2938 dicens:
1418 2904 1444 2936 «
1469 2885 1614 2949 Quid
1631 2901 1782 2940 vere-
1862 2885 2190 2956 unigenitus
2217 2885 2542 2956 impertivit.
2579 2905 2602 2936 ι
2634 2884 2721 2939 Ab
2751 2885 2850 2952 eis,
2884 2903 2912 2940 ι»
2947 2885 3150 2957 inquit,
3189 2903 3220 2937 ιι
3242 2885 3342 2957 qui
3367 2901 3464 2940 au-

203 2973 354 3025 mini?
384 2993 408 3023 »
439 2975 592 3028 Nam
624 2973 784 3026 nobis
813 2973 985 3027 etiam
1015 2974 1334 3044 angelicum
1363 2973 1648 3029 ministrat
1665 2974 1782 3029 offi-
1863 2973 2091 3028 dierunt
2117 2974 2177 3028 in
2207 2991 2310 3028 nos
2337 2975 2673 3028 conﬁrmata
2699 2979 2804 3042 est,
2839 2993 2864 3026 »
2899 2973 2957 3028 id
2985 2980 3088 3042 est,
3111 2973 3328 3029 credita
3354 2980 3460 3042 est,

201 3061 362 3115 cium:
393 3063 479 3116 his
515 3063 602 3117 ita
635 3062 970 3116 introductis
1014 3063 1086 3117 de
1123 3063 1452 3134 angelorum
1490 3064 1780 3118 ministra-
1801 3069 2032 3135 “atque
2061 3063 2309 3135 perfecta
2341 3081 2352 3116 :
2392 3083 2416 3115 ‹
2457 3063 2690 3134 Pignus,
2737 3081 2764 3116 ι
2797 3063 3000 3135 inquit,
3036 3081 3064 3116 α
3101 3062 3394 3131 habemus,
3431 3083 3457 3117 ι

201 3150 345 3216 tione,
359 3168 483 3206 mox
511 3151 812 3222 subjunxit
839 3152 909 3205 de
936 3153 1264 3208 excellentia
1289 3153 1506 3223 gratiae,
1531 3169 1654 3224 quae
1679 3170 1780 3224 per
1801 3150 1844 3170 “'
1862 3153 1967 3207 hoc
1985 3159 2088 3219 est,
2114 3169 2228 3208 non
2249 3152 2542 3220 exstincta,
2566 3169 2680 3206 non
2707 3153 2990 3208 diminuta
3009 3157 3097 3208 est
3115 3153 3270 3208 salus
3289 3169 3462 3225 quam

201 3239 376 3295 Filium
401 3241 498 3296 Dei
533 3240 702 3296 nobis
732 3242 905 3296 allata
925 3247 1028 3308 est,
1065 3243 1275 3296 dicens.
1860 3241 2022 3296 nobis
2047 3242 2324 3309 attribuit,
2355 3242 2453 3296 sed
2483 3247 2778 3314 permanet
2814 3248 2873 3296 et
2905 3242 3169 3314 praevalet
3195 3242 3255 3297 in
3292 3247 3458 3297 eter-

814 3350 1048 3405 CApUT
1071 3351 1144 3404 Π,
1861 3347 2016 3385 num.
2053 3332 2239 3386 Causa
2279 3349 2411 3386 vero
2456 3332 2626 3402 hujus
2659 3331 2742 3384 rei
2777 3337 2864 3386 est
2903 3331 3106 3386 divine
3155 3331 3461 3387 voluntatis

203 3439 416 3493 Ostendit
443 3442 736 3509 Apostolus
763 3456 911 3493 novae
939 3442 1048 3508 legi
1066 3456 1172 3493 esse
1201 3441 1561 3493 obedientium
1589 3441 1729 3494 datm
1745 3456 1780 3493 α
1863 3421 2134 3492 Operatio,
2157 3421 2263 3475 hoc
2287 3427 2390 3488 θεῖς
2407 3420 2539 3492 qni“
2567 3420 2664 3492 qni
2691 3420 2995 3509 Βοωίιιιιω
3013 3420 3334 3489 audierunt:
3352 3420 3462 3492 ίΡθί

259 3508 568 3575 σὴν-ρέίοίεε
602 3513 747 3580 quod
803 3527 916 3565 non
947 3512 1108 3565 obstet
1168 3512 1465 3565 humilitas
1500 3513 1781 3580 passionis
1863 3526 1964 3564 nos
1995 3509 2236 3581 propriis
2263 3510 2666 3563 confirmavere
2696 3508 3016 3563 virtutibus.
3049 3509 3320 3580 Magnum
3355 3509 3462 3564 hoc

261 3585 384 3650 (ius.
1862 3615 2003 3670 opus
2032 3598 2297 3669 omnique
2327 3598 2436 3652 ﬁde
2464 3597 2880 3667 dignissimum,
2905 3597 3054 3668 quod
3084 3597 3256 3651 etiam
3282 3598 3462 3653 Lucas

262 3707 282 3736 ιι
313 3689 620 3760 Pr0pterea
658 3688 1038 3743 abundantius
1075 3694 1298 3760 oportet
1339 3687 1634 3743 observare
1679 3705 1780 3743 nos
1861 3686 2076 3740 dixitin
2107 3687 2379 3758 principio
2410 3685 2692 3755 Evangelii
2723 3685 2849 3740 sui:
2885 3704 2912 3736 α
2936 3685 3094 3740 Sicut
3105 3685 3463 3741 tradiderunt

203 3799 220 3825 ει
249 3792 308 3830 ea
331 3795 449 3848 qua:
473 3778 816 3844 audivimus,
834 3795 905 3833 ne
924 3778 1068 3832 forte
1093 3777 1512 3850 pereffluamus.
1539 3799 1565 3830 »
1595 3778 1781 3842 Quare
1862 3775 2022 3830 nobis
2050 3775 2147 3847 (μὶ
2175 3775 2246 3829 ab
2273 3775 2436 3829 initio
2465 3779 2768 3846 praesentes
2792 3773 3056 3829 viderunt
3081 3779 3141 3829 et
3167 3773 3460 3828 ministra-

201 3863 555 3921 abundantius
577 3867 751 3920 dixit?
769 3867 874 3921 hoc
891 3872 996 3932 est,
1018 3883 1188 3938 quam
1209 3866 1269 3920 in
1289 3867 1411 3936 lege
1427 3865 1773 3920 solebamus:
1862 3872 2064 3919 verunt
2089 3863 2276 3918 verbo.
2299 3883 2324 3915 ι
2349 3864 2457 3918 Sed
2473 3863 2622 3917 dicet
2633 3862 2839 3934 aliquis
2861 3881 2872 3915 :
2898 3863 3178 3934 quomodo
3197 3863 3315 3918 hzec
3331 3879 3460 3918 con-

203 3952 434 4010 hortatur
460 3957 660 4027 itaque
690 3973 784 4010 eos
821 3955 1144 4027 diligentius
1189 3955 1278 4009 his
1317 3955 1610 4010 intendere
1657 3971 1780 4025 quae
1861 3956 2087 4008 ﬁrmata
2100 3959 2190 4008 est
2206 3951 2785 4024 salus?quidenim,si
2805 3951 2876 4006 ab
2895 3951 2985 4006 his
2997 3951 3094 4023 qui
3107 3951 3460 4024 primumau-

201 4059 282 4111 per
307 4045 404 4098 Dei
441 4045 654 4099 Filium
700 4045 1020 4109 audierunt,
1057 4061 1227 4115 quam
1268 4045 1349 4098 eis
1393 4061 1517 4114 quae
1545 4061 1648 4116 per
1677 4060 1780 4097 an-
1861 4041 2624 4098 dieruntistaconﬁctasunt?
2638 4040 3462 4112 Hocergorefutat,etostendit

203 4133 336 4199 gelos
363 4134 512 4188 dicta
541 4139 696 4198 sunt,
735 4149 890 4186 more
930 4150 1030 4187 suo
1079 4149 1238 4187 suam
1283 4133 1395 4186 illis
1433 4135 1781 4203 conjungens
1863 4148 2106 4187 nonesse
2124 4133 2430 4186 humanam
2445 4132 2590 4185 hanc
2603 4131 3327 4202 gratiam.Nequeenim,si
3341 4131 3459 4186 hinc

206 4236 500 4290 personam,
535 4224 600 4277 in
645 4239 711 4277 eo
742 4223 890 4294 quod
918 4222 1074 4288 dixit,
1113 4242 1138 4272 «
1173 4222 1509 4286 audivimus,
1545 4242 1570 4275 .»
1613 4228 1781 4293 atque
1863 4224 2102 4276 conﬁcta
2127 4227 2330 4286 essent,
2360 4225 2773 4275 contestaretur
2797 4220 2908 4275 illis
2937 4221 3205 4292 majestas
3229 4210 3454 4288 divina;

208 4326 229 4359 ε(
257 4313 667 4380 perefﬂuamus,
707 4331 733 4364 »
767 4312 963 4366 nolens
991 4311 1060 4365 ab
1085 4312 1293 4366 auditis
1323 4329 1423 4383 per
1449 4312 1782 4365 inanitatem
1861 4317 2302 4384 proptereaergo
2313 4310 2502 4365 intulit
2513 4309 3456 4380 dicensmContestanteDeosignis,

203 4398 410 4455 efﬂuere
437 4401 793 4456 audientium
821 4417 1036 4467 sensus,
1061 4401 1208 4472 quod
1229 4402 1401 4455 etiam
1419 4399 1782 4488 sequentibus
1797 4429 1847 4488 Β
1867 4419 1893 4452 «
1925 4407 1984 4455 et
1998 4400 2292 4472 portentis,
2317 4405 2373 4454 et
2399 4398 2700 4454 virtutibus
2719 4405 2778 4453 et
2805 4397 3052 4469 Spiritus
3071 4397 3251 4452 sancti
3272 4386 3460 4453 distri-

205 4487 400 4554 plenius
429 4491 730 4562 explicavit
745 4491 982 4544 dicendo
1009 4508 1020 4542 :
1047 4509 1070 4542 ι
1098 4490 1156 4544 Si
1189 4490 1338 4544 enim
1370 4491 1466 4560 qui
1487 4472 1588 4561 pe‘r
1615 4506 1783 4560 ange-
1801 4472 1846 4488 υ
1868 4508 1892 4541 ‹‹
1925 4489 2249 4544 butionibus
2268 4489 2576 4543 secundum
2597 4504 2760 4542 suam
2789 4487 3156 4540 voluntatem.
3183 4503 3212 4538 ι
3233 4486 3458 4540 Testifi-

208 4593 228 4623 ι(
259 4576 332 4630 los
361 4579 544 4634 dictus
575 4585 664 4632 est
706 4596 910 4642 sermo,
940 4579 1120 4634 factus
1151 4585 1236 4633 est
1264 4580 1479 4645 ﬁrmus,
1514 4585 1571 4633 et
1600 4579 1782 4633 omnis
1863 4583 2066 4632 cantur
2079 4578 2305 4650 quidem
2317 4577 2488 4643 etilli,
2504 4573 3166 4640 testiﬁcaturetDeus;et
3177 4574 3458 4646 quomodo

207 4679 231 4716 ι
263 4668 657 4736 praevaricatio,
677 4674 735 4722 et
761 4667 1140 4722 inobedientia
1168 4669 1381 4740 accepit
1395 4669 1608 4738 justam
1638 4685 1782 4722 mer-
1861 4667 2199 4722 testiﬁcatur
2226 4665 2418 4720 Deus?
2437 4666 2562 4719 Non
2592 4664 2760 4718 verbo
2787 4677 2968 4734 neque
2996 4677 3147 4729 voce,
3172 4666 3322 4717 esset
3339 4663 3460 4734 qui-

207 4771 228 4806 ι
255 4756 397 4810 cedis
417 4757 871 4811 retributionem.
898 4779 920 4808 ι
936 4758 1082 4822 Quid
1111 4764 1214 4824 est,
1241 4758 1421 4811 factus
1441 4763 1528 4811 est
1546 4757 1782 4812 ﬁrmus?

205 4842 440 4899 videlicet
451 4863 638 4910 verus,
653 4852 925 4916 tanquam
947 4846 1176 4912 diceret,
1195 4845 1375 4900 fidelis
1391 4845 1447 4900 in
1468 4852 1782 4916 opportuno

203 4939 456 5004 tempore,
479 4935 672 4988 volens
694 4934 930 5004 intelligi
947 4935 1129 5006 legem
1145 4952 1266 5006 qua:
1285 4952 1387 5006 per
1404 4935 1634 5005 angelos
1652 4935 1785 4988 data

205 5027 279 5074 est
301 5040 398 5077 suo
427 5029 683 5095 tempore
713 5023 951 5078 firmiter
977 5023 1417 5078 custodiendam.
1437 5025 1582 5078 Nam
1602 5025 1784 5094 legem

207 5125 294 5178 per
310 5113 540 5183 angelos
559 5113 752 5167 datam
773 5130 896 5167 esse
915 5112 1175 5184 plurimis
1196 5113 1511 5167 ostenditur
1532 5113 1592 5166 in
1611 5113 1747 5166 locis
1769 5129 1780 5164 :

207 5204 438 5255 attamen
467 5219 580 5256 non
608 5202 1016 5257 custodientem
1027 5203 1242 5273 justam
1261 5201 1534 5256 mercedis
1549 5201 1786 5256 retribu-

209 5285 402 5344 tionem
444 5292 724 5364 accepisse
767 5297 1027 5346 testatur.
1077 5292 1261 5356 Quare
1318 5291 1460 5345 dixit
1514 5291 1786 5346 mercedis

209 5379 664 5436 retributionem?
691 5398 906 5436 merces
944 5387 1135 5436 autem
1183 5381 1242 5436 in
1284 5380 1430 5436 bono
1461 5381 1592 5452 poni
1621 5381 1781 5436 solet.

211 5467 400 5532 (Ιοαη.)
433 5471 540 5523 Sed
569 5472 674 5525 iste
703 5487 825 5525 mos
853 5477 941 5525 est
968 5472 1256 5543 Apostolo,
1288 5476 1354 5526 ut
1379 5488 1492 5526 non
1522 5487 1786 5542 magnam

1864 4757 1992 4810 dem
2007 4757 2112 4809 hoc
2135 4755 2305 4808 etiam
2315 4754 2548 4824 dignum
2568 4753 2696 4819 ﬁde,
2714 4756 3100 4806 verumtamen
3115 4770 3141 4803 ς(
3158 4751 3461 4808 virtutibus

1864 4851 1921 4900 et
1933 4843 2204 4916 prodigiis
2217 4849 2275 4897 et
2285 4842 2454 4896 variis
2463 4841 2764 4896 virtutibus
2773 4845 3095 4896 attestatur.
3107 4842 3288 4896 )Bene
3297 4841 3457 4908 dixit,

1869 4954 1892 4984 ι
1912 4933 2084 4988 variis
2093 4929 2410 4997 virtutibus,
2421 4929 2802 4984 »aflluentiam
2813 4928 3138 5001 significans
3143 4929 3458 5000 gratiarum

1867 5039 1988 5094 qua:
1999 5038 2114 5076 non
2124 5027 2248 5076 erat
2258 5020 2405 5092 apud
2424 5019 2704 5090 antiquos,
2722 5035 2906 5091 neque
2916 5024 3078 5074 tanta
3089 5019 3459 5090 signa,neque

1863 5118 1981 5166 tam
1995 5111 2216 5166 diversa
2225 5108 2622 5182 prodigia.Hoc
2631 5125 2764 5180 ergo
2776 5108 2911 5163 dicit
2928 5108 3063 5178 quia
3071 5122 3186 5161 non
3195 5106 3460 5178 simplici-

1863 5207 1954 5256 ter
1962 5201 2072 5256 illis
2087 5207 2176 5256 est
2185 5197 2582 5265 creditum,sed
2595 5214 2696 5269 per
2708 5197 2869 5268 signa
2881 5203 2940 5251 et
2946 5194 3462 5268 prodigia;proinde

1866 5292 2001 5347 dum
2029 5291 2143 5344 illis
2181 5288 2482 5355 credimus,
2514 5303 2626 5342 non
2655 5287 2768 5341 illis
2803 5286 2901 5340 sed
2945 5285 3062 5340 Deo
3097 5300 3202 5338 nos
3232 5283 3462 5340 credere

1867 5381 2203 5446 declaratur,
2230 5397 2256 5430 «
2287 5383 2347 5432 et
2370 5376 2632 5448 Spiritus,
2653 5394 2684 5429 ι
2701 5374 2908 5446 inquit,
2935 5392 2960 5426 α
2991 5373 3172 5429 sancti
3197 5373 3463 5430 distribu-

1865 5469 2114 5524 tionibus
2139 5466 2449 5523 secundum
2467 5481 2629 5520 suam
2657 5463 3024 5519 voluntatem.
3044 5480 3073 5516 ι
3094 5463 3204 5519 Sed
3225 5463 3466 5520 fortasse

209 5556 496 5612 verborum
514 5560 718 5614 habeat
735 5561 1033 5626 rationem,
1047 5560 1143 5614 sed
1164 5560 1549 5614 indifferenter
1561 5561 1647 5614 vel
1669 5576 1792 5631 que
1872 5559 2022 5613 dicet
2047 5557 2251 5629 aliquis
2273 5575 2284 5608 :
2311 5554 2456 5620 Quid
2469 5571 2601 5625 ergo
2615 5554 2641 5607 Ἰ
2659 5553 2790 5622 quia
2807 5552 2960 5624 magi
2977 5551 3382 5624 signafaciunt,
3407 5559 3467 5606 et

211 5643 263 5698 in
291 5645 435 5701 bono
468 5649 747 5715 dicuntur,
778 5651 864 5704 vel
908 5667 1031 5722 quae
1069 5649 1129 5703 in
1165 5649 1333 5716 malo,
1375 5667 1477 5720 pro
1522 5651 1793 5706 alterutro
1871 5645 2049 5702 Judaei
2078 5645 2139 5700 in
2179 5641 2487 5700 Beelzebud
2525 5642 2813 5698 Christum
2841 5641 3124 5699 damones
3168 5640 3468 5695 exclusisse
