3866 6158
393 292 491 352 723
976 289 1038 350 Β.
1081 286 1355 354 ΗΑΒΑΝῙ
1393 289 1626 358 MAURI
1663 283 2001 360 meum.
2044 285 2368 361 MOGUNT.
2412 289 2712 358 orarum
2746 286 2930 355 reas
2975 285 3072 356 In.
3509 305 3592 362 ττι

387 423 808 490 ἀῖοθὺαιηίιίιιι.
835 423 928 491 xi),
946 437 1080 477 num
1101 427 1398 495 prOpterea
1417 426 1756 484 credendum
1773 433 1984 484 estma-
1999 429 2397 502 Aingreditur,
2431 427 2577 499 quod
2609 427 2666 480 in
2696 425 2940 480 adventu
2970 419 3186 480 Domini
3215 444 3388 482 revera
3413 433 3600 486 constat

385 513 512 585 gis?
531 511 636 568 Sed
660 513 743 567 illi
773 529 884 568 non
915 513 1051 567 talia
1080 514 1239 584 signa
1267 515 1508 584 faciunt;
1534 521 1827 590 propterea
1860 519 1988 574 sub-
2066 520 2362 591 impletum
2388 537 2398 571 :
2433 539 2453 566 α
2489 512 2739 570 Minuisti
2771 533 2900 570 eum
2930 515 3094 586 paulo
3117 517 3288 570 minus
3311 513 3372 571 ab
3398 520 3595 589 angelis,

381 597 572 674 junxit
585 603 885 673 Apostolus
897 603 1084 656 dicens
1103 622 1128 654 «
1151 605 1318 659 variis
1333 603 1660 662 virtutibus:
1691 607 1821 662 »illa
1835 605 1985 662 enim
2065 609 2247 679 gloria
2276 615 2332 661 et
2357 608 2569 660 honore
2589 605 2868 659 coronasti
2897 619 3043 659 eum.
3075 625 3095 656 ν
3131 602 3264 659 Hinc
3278 607 3384 676 jam
3412 607 3598 661 Domini

388 701 502 746 non
529 692 743 758 virtuti,
786 693 882 745 sed
912 692 1229 748 inﬁrmitati
1271 695 1458 765 potius
1499 695 1796 752 tribuenda
1833 703 1983 764 sunt,
2071 697 2374 752 Salvatoris
2405 695 2694 750 humilitas
2735 699 3000 749 narratur
3033 699 3088 748 et
3121 694 3308 764 gloria.
3337 688 3602 750 Niinoratus

389 783 596 854 quippe
625 793 748 851 quae
783 783 1134 852 phantastica
1171 790 1228 838 et
1271 783 1462 839 inania
1507 784 1983 842 demonstrantur.
2070 792 2156 841 est
2185 787 2334 841 enim
2363 797 2478 840 non
2504 784 2834 838 necessitate
2862 781 3276 848 ministratoria,
3300 785 3391 838 sed
3417 781 3604 856 pietatis

389 869 600 926 Idcirco
619 884 752 941 ergo
767 869 959 926 intulit
977 871 1194 926 dicens:
1216 886 1242 924 (ι
1261 875 1328 928 Et
1349 873 1591 946 Spiritus
1607 876 1784 930 sancti
1803 877 1990 932 distri-
2070 887 2184 932 suae
2212 876 2522 946 spontanee;
2540 871 2843 940 voluntate,
2868 869 3015 927 sicut
3043 873 3328 944 Apostolus
3355 873 3451 926 ait:
3487 893 3509 923 ι(
3530 873 3606 928 Se-

387 960 714 1015 butionibus
733 962 1040 1016 secundum
1061 973 1220 1016 suam
1238 962 1642 1019 voluntatem.»
1661 963 1725 1021 In
1749 967 1851 1021 hoc
1868 963 1988 1022 loco
2073 965 2373 1036 metipsum
2404 963 2728 1030 exinanivit,
2753 959 2990 1016 formam
3016 959 3156 1016 servi
3175 953 3450 1033 accipiens.
3481 982 3503 1012 ι)
3531 961 3607 1016 Se-

391 1041 544 1104 aliud
565 1051 736 1104 etiam
767 1050 1034 1122 quiddam
1056 1067 1184 1106 eum
1213 1051 1528 1123 significare
1548 1061 1718 1126 puto:
1747 1053 1991 1110 arbitror
2073 1055 2285 1126 quitur,
2321 1071 2345 1103 «
2381 1054 2548 1124 paulo
2603 1051 2790 1106 minus
2829 1047 2898 1106 ab
2937 1048 3148 1121 angelis
3178 1049 3330 1119 (Phil.
3370 1057 3442 1119 ll),
3473 1069 3496 1104 ι
3531 1051 3610 1121 qui

392 1139 542 1194 enim
570 1140 722 1210 quod
759 1140 907 1192 inter
936 1154 1031 1194 eos
1069 1155 1180 1194 non
1225 1141 1387 1196 erant
1419 1142 1607 1213 plures
1645 1143 1832 1198 divina
1857 1141 1988 1199 cha—
2074 1157 2294 1198 crucem
2314 1157 2414 1214 pro
2434 1143 2682 1196 omnium
2707 1141 2886 1195 salute
2908 1141 3168 1212 suscepit,
3203 1157 3264 1194 ex
3293 1157 3354 1193 ea
3376 1138 3608 1211 siquidem

393 1229 628 1284 rismata
647 1229 1014 1300 possidentes,
1034 1227 1130 1283 sed
1159 1238 1517 1286 cessaverunt
1545 1234 1691 1304 apud
1723 1251 1817 1288 eos
1842 1237 1992 1289 velut
2074 1238 2234 1305 parte
2265 1234 2498 1287 Creator
2536 1231 2864 1301 angelorum
2897 1231 3080 1284 minor
3107 1229 3278 1284 factus
3307 1235 3386 1284 est
3412 1229 3610 1299 angelis.

393 1319 488 1390 qui
509 1329 707 1389 segnes
726 1317 857 1372 facti
878 1325 1040 1372 erant
1057 1321 1114 1373 et
1134 1315 1500 1390 negligentes.
1518 1317 1591 1376 Ut
1607 1339 1740 1393 ergo
1756 1340 1851 1377 eos
1865 1339 1994 1378 con-
2075 1325 2223 1376 Bene
2242 1325 2430 1376 autem
2463 1312 2602 1375 dixit
2619 1338 2644 1371 ί(
2669 1317 2836 1391 paulo
2859 1319 3061 1384 minus,
3090 1340 3115 1369 η
3141 1315 3266 1390 quia
3295 1318 3390 1372 etsi
3416 1314 3613 1372 mortale

395 1403 625 1470 Soletur,
661 1419 731 1461 ne
761 1407 950 1477 aliqua
989 1408 1381 1480 desperatione
1410 1409 1751 1476 deciderent,
1795 1413 1992 1468 divinae
2075 1425 2278 1483 corpus
2299 1411 2620 1481 aswmpsit,
2647 1414 2834 1462 tamen
2855 1408 3145 1479 peccatum
3171 1423 3279 1462 non
3299 1403 3492 1461 habuit.
3514 1401 3617 1461 Glo-

395 1497 668 1550 v'oluntati
695 1498 896 1550 Cuncta
912 1496 1112 1551 tribuit
1131 1497 1430 1570 divinoque
1463 1495 1693 1555 consilio
1721 1519 1732 1552 :
1759 1499 1927 1556 veluti
1947 1502 1992 1556 si
2076 1501 2157 1555 ria
2171 1507 2229 1555 et
2241 1502 2452 1554 honore
2473 1503 2773 1553 coronatus
2792 1509 2893 1563 est,
2914 1513 3040 1552 cum
3059 1500 3184 1568 post
3203 1497 3616 1551 resurrectionem

395 1585 608 1639 diceret
640 1595 654 1637 ε
686 1579 810 1656 Ipse
839 1586 994 1639 novit
1014 1585 1146 1656 quid
1176 1586 1377 1658 cuidue
1404 1589 1599 1660 prosit,
1633 1591 1717 1644 vel
1744 1591 1831 1644 cui
1859 1593 1992 1662 quid
2076 1587 2242 1644 nimis
2280 1587 2596 1643 mirabilem
2643 1587 2838 1642 mundi
2887 1582 3272 1641 credulitatem
3313 1587 3452 1640 Dens
3483 1585 3533 1639 in
3569 1602 3620 1638 eo

396 1675 931 1734 sitaccommodum,
957 1681 1014 1728 et
1034 1676 1152 1745 ipse
1171 1673 1413 1746 gratiam
1435 1692 1556 1748 quae
1578 1681 1853 1734 conducat
1872 1675 1995 1734 uni-
2027 1749 2036 1752 _
2077 1678 2225 1752 quod
2273 1677 2442 1732 homo
2496 1675 2676 1731 factus
2725 1679 2828 1742 est,
2889 1675 3168 1730 exaltatus
3213 1675 3431 1746 accepit,
3471 1672 3618 1744 gloria

397 1763 596 1834 cuique
626 1763 930 1817 distribuit.
973 1763 1132 1828 Quod
1173 1766 1344 1820 etiam
1385 1768 1452 1820 a’d
1485 1767 1803 1823 CorinthioS
1838 1767 1988 1835 facit,
2014 1749 2376 1823 Bcoronatus
2431 1773 2518 1821 est
2574 1767 2633 1820 in
2687 1763 3098 1820 resurrectione
3142 1769 3198 1818 et
3243 1761 3538 1818 ascensione
3577 1762 3621 1816 et

397 1852 628 1906 dicens:
663 1869 688 1904 «
719 1853 868 1906 Deus
899 1853 1086 1924 posuit
1129 1865 1587 1928 annmquemque
1631 1858 1776 1912 sicut
1822 1852 1998 1914 voluit
2077 1861 2288 1912 honore
2347 1851 2404 1910 in
2471 1855 2813 1910 confessiOnc
2865 1861 3112 1926 paternae
3157 1853 3454 1924 majestatis
3503 1872 3525 1903 «
3568 1851 3623 1906 Et

394 1942 450 2010 (Ι
463 1942 1052 2010 Gor.vn);»etiterum;
1078 1939 1996 2017 «Unicuiquedaturmanitestatio
2079 1943 2417 2002 constituisti
2469 1956 2600 2000 eum
2653 1959 2822 2015 super
2873 1959 3045 2016 opera
3096 1958 3360 1997 manuum
3413 1948 3621 2006 tuarum,

402 2019 644 2101 Spiritus
679 2031 748 2084 ad
790 2031 1096 2086 utilitatem
1142 2029 1450 2089 secundum
1495 2028 1841 2092 voluntatem
1874 2037 1996 2108 ejus
2079 2035 2270 2092 omnia
2290 2033 2579 2106 subjecisti
2600 2033 2702 2088 sub
2732 2027 2965 2105 pedibus
2997 2031 3138 2103 ejus.
3161 2052 3185 2084 ››
3203 2029 3454 2104 Superius
3477 2025 3626 2102 gloria

400 2121 450 2190 (Ι
475 2121 596 2174 001'.
620 2121 736 2188 XII).
773 2132 796 2171 ι
823 2119 1082 2175 Ostendit
1109 2139 1242 2193 ergo
1273 2125 1539 2194 quoniam
1574 2121 1689 2180 haec
1727 2123 1996 2198 praedica-
2079 2125 2204 2197 ejus
2219 2127 2275 2180 et
2301 2125 2481 2178 honor
2509 2124 2770 2178 narratas
2785 2127 2888 2188 est,
2908 2137 3056 2176 nunc
3079 2122 3306 2194 ponitur
3323 2121 3376 2174 et
3395 2121 3622 2192 potestas,

397 2209 479 2262 tio
523 2209 829 2264 Secundum
877 2210 1223 2266 voluntatem
1272 2208 1373 2267 Dei
1415 2209 1596 2268 Patris
1642 2221 1834 2270 exorta
1864 2219 1948 2270 est
1981 2234 1991 2271 :
2079 2217 2144 2270 ut
2171 2211 2510 2286 agnoscatur
2535 2209 2744 2268 Christi
2773 2211 2999 2266 Domini
3038 2205 3350 2282 majestatis
3379 2205 3628 2281 perfectis-

403 2291 640 2378 (Amer
671 2298 870 2353 divinae
903 2299 1054 2354 enim
1082 2298 1377 2367 voluntati,
1415 2307 1583 2374 atque
1612 2305 1734 2374 ejus
1765 2303 1997 2360 consilio
2079 2301 2221 2359 sima
2237 2303 2542 2375 plenitudo.
2563 2288 2806 2357 Dicendo
2827 2300 3205 2372 enimcisuper
3223 2314 3387 2370 opera
3399 2313 3628 2352 manuum

401 2391 605 2442 cuncta
629 2387 952 2455 contribuit,
977 2400 1047 2443 ne
1068 2389 1192 2460 quis
1211 2389 1269 2445 in
1289 2389 1406 2446 suis
1434 2391 1650 2447 meritis
1673 2389 1995 2461 confideret,
2080 2401 2328 2458 tuarum,
2357 2409 2382 2446 io
2417 2384 2600 2447 omnis
2628 2385 2710 2446 illi
2740 2397 3000 2446 creatura
3029 2390 3281 2460 subjecta
3308 2392 3629 2452 monstratur,

405 2477 565 2549 quasi
593 2475 822 2544 diceret,
855 2479 981 2549 Ipse
1019 2479 1125 2534 scit
1166 2473 1300 2550 quid
1341 2481 1540 2552 cuique
1570 2484 1766 2553 prosit,
1799 2481 1884 2538 vel
1913 2479 2003 2539 cui
2084 2471 2219 2555 quia
2270 2479 2415 2536 sicut
2461 2497 2495 2535 a
2549 2472 2772 2535 Domini
2826 2493 2994 2550 opere
3046 2471 3190 2532 nihil
3233 2483 3317 2530 est
3360 2481 3630 2547 exceptum,

403 2566 538 2636 quid
558 2566 634 2620 sit
653 2568 1598 2642 accommodum;quapropteripSe
1617 2567 1860 2642 gratiam
1882 2573 2004 2628 un‘i-
2084 2573 2163 2626 ita
2199 2583 2302 2626 nec
2339 2573 2618 2641 potestate
2648 2567 2856 2624 Christi
2894 2567 3046 2621 aliud
3079 2566 3348 2638 probatur
3382 2577 3493 2620 esse
3519 2565 3634 2618 divi-

403 2655 604 2736 cuique
633 2655 942 2710 secundum
970 2665 1084 2710 suae
1105 2653 1410 2712 voluntatis
1440 2655 1848 2730 praescientiam
1877 2676 2003 2717 con-
2086 2675 2232 2715 sum.
2267 2673 2293 2713 α
2324 2657 2388 2714 In
2427 2674 2492 2713 eo
2535 2659 2686 2712 enim
2727 2654 2874 2729 quod
2921 2656 2972 2711 ei
3014 2653 3209 2710 omnia
3249 2649 3488 2724 subjecit,
3519 2647 3635 2707 nihil

404 2742 554 2797 tulit.
591 2744 858 2814 Sequitur
891 2763 901 2797 :
939 2759 964 2795 «
995 2743 1121 2800 Non
1153 2743 1303 2800 enim
1331 2743 1546 2818 angelis
1577 2747 1814 2822 subjecit
1854 2751 2003 2806 Deus
2085 2749 2301 2804 dimisit
2319 2761 2441 2803 non
2480 2743 2796 2819 subjectum
2827 2747 2878 2800 ei
2917 2763 2928 2812 ;
2969 2765 2991 2796 ι
3034 2739 3270 2800 dicendo
3310 2740 3450 2800 enim
3479 2762 3504 2796 α
3538 2760 3636 2796 om-

411 2832 649 2886 «orbem
667 2836 832 2887 terra
849 2833 1104 2889 futurum
1120 2837 1188 2890 de
1210 2851 1318 2907 quo
1334 2832 1636 2908 loquimur.
1659 2859 1680 2890 ι
1707 2837 1832 2894 Non
1853 2841 2005 2895 enini
2087 2837 2199 2904 nia,
2255 2859 2276 2889 ι
2328 2848 2430 2892 nec
2466 2844 2692 2892 terrena
2752 2833 2974 2890 videtur
3025 2835 3326 2908 exaepisse,
3367 2844 3461 2888 nec
3501 2830 3638 2886 ctele-

406 2922 646 2976 salutem
663 2928 1072 2994 nostram,quae
1084 2923 1385 2980 novissimo
1405 2931 1658 2998 tempore
1680 2929 1825 2982 facta
1843 2928 1928 2984 est
1945 2929 2004 2984 in
2086 2929 2214 2995 stia,
2247 2939 2414 2999 quem
2445 2928 2600 2998 prius
2629 2928 2858 2998 propter
2891 2915 3274 2980 humilitatem
3303 2923 3476 2977 carnis
3503 2922 3640 2994 paulo

409 3009 562 3077 orbe,
593 3001 808 3080 angelis
836 3002 1092 3082 subjecit,
1123 3023 1246 3084 quae
1275 3029 1310 3068 a
1345 3016 1632 3086 prophetis
1663 3011 1854 3072 ﬁitura
1883 3031 2004 3074 esse
2032 3014 2274 3086 _minus
2320 3013 2389 3070 ab
2431 3013 2646 3086 angelis
2688 3009 2905 3069 dixerat
2957 3025 3080 3068 esse
3132 3007 3462 3068 minoratum
3496 3030 3506 3064 :
3539 3011 3642 3082 post

410 3073 837 3170 alim-praedicta
865 3073 972 3165 est,
995 3073 1091 3156 sed
1123 3073 1291 3156 etiam
1321 3073 1468 3157 filii;
1487 3117 1588 3160 sne
1619 3100 1690 3160 ad
1720 3122 1885 3178 quem
2028 3073 2472 3162 C‘ascensionem
2505 3073 2647 3160 dicit
2687 3095 2922 3176 pedibus
2959 3100 3081 3174 ejus
3115 3103 3302 3157 omnia
3341 3101 3500 3156 fuisse
3532 3073 3642 3153 sub-

409 3192 645 3258 paterna
683 3189 828 3243 sicut
865 3190 1121 3262 Superius
1163 3188 1612 3249 demonstratum
1660 3201 1747 3250 est
1779 3195 2002 3252 sonuit:
2083 3199 2254 3268 jecta,
2313 3203 2378 3250 ut
2432 3195 2541 3249 ista
2584 3191 2869 3248 distinctio
2921 3199 2978 3246 et
3033 3188 3379 3246 dubietatem
3431 3189 3642 3244 tituban-

415 3295 442 3361 ti
469 3268 643 3332 Filius
657 3285 816 3332 meus
835 3291 895 3332 es
911 3282 992 3346 tu,
1015 3291 1118 3348 ego
1134 3281 1298 3334 hodie
1311 3283 1482 3352 genui
1504 3279 1873 3355 te;postulaa
1893 3301 2002 3352 me,
2088 3286 2238 3340 tibus
2271 3285 2506 3350 auferat,
2541 3290 2599 3337 et
2635 3275 2874 3352 gloriam
2904 3293 3020 3336 suae
3058 3279 3456 3337 incarnationis
3491 3284 3646 3333 osten-

410 3365 634 3421 etdabo
649 3366 753 3420 tibi
778 3368 976 3439 gentes
1001 3367 1390 3426 haereditatem
1419 3373 1578 3428 ttiam
1603 3369 1866 3443 ((Psal.l);
1897 3387 1922 3428 ι)
1951 3374 2006 3430 et
2088 3376 2204 3430 dat.
2248 3374 2362 3429 Sub
2407 3373 2656 3445 pedibus,
2708 3372 2806 3437 ait,
2849 3376 2913 3426 ut
2958 3371 3144 3426 omnis
3191 3373 3442 3426 creatura
3478 3364 3647 3421 merito

409 3456 516 3510 hoc
540 3451 880 3536 propheticis
908 3451 1205 3514 confirmat
1233 3455 1502 3535 exemplis
1525 3461 1742 3518 dicens:
1765 3478 1791 3514 «
1817 3455 2008 3520 Testa-
2089 3466 2277 3536 ipsum
2305 3464 2487 3518 colere
2516 3467 2686 3533 atque
2727 3459 2963 3515 adorare
2995 3459 3272 3515 videatur.
3310 3479 3338 3514 α
3382 3457 3529 3514 Nunc
3565 3471 3647 3509 au-

411 3549 504 3600 ωε
523 3535 608 3600 est
629 3547 818 3601 autem
847 3545 904 3602 in
933 3546 1177 3618 quodam
1207 3545 1326 3604 loco
1357 3553 1585 3622 quidam
1611 3553 1830 3620 dicens;
1859 3574 1882 3606 ι
1909 3567 2011 3609 cur
2088 3535 2206 3608 tem
2257 3553 2492 3607 necdum
2543 3551 2796 3606 videmus
2843 3536 3053 3622 omnia,
3080 3547 3336 3622 subjecta
3369 3549 3436 3603 ei.
3489 3571 3508 3594 ιι
3555 3541 3650 3598 Hoc

412 3643 524 3688 non
555 3635 740 3706 ipsum
773 3648 978 3692 nomen
1007 3637 1293 3710 prbphetze
1319 3641 1526 3710 posuit,
1561 3641 1656 3695 sed
1689 3633 2010 3697 abscondit?
2093 3641 2282 3713 itaque
2313 3641 2394 3696 ait
2438 3638 2507 3694 de
2549 3655 2660 3694 non
2700 3639 3056 3694 credentibus
3103 3633 3163 3692 in
3211 3651 3356 3702 eum,
3393 3637 3512 3708 quia
3549 3649 3650 3688 nec-

414 3715 571 3778 Facit
588 3723 2011 3804 hocetiaminaliistestimoniis,sicutsupradictum
2093 3725 2228 3786 dum
2260 3729 2448 3785 omnia
2479 3726 2799 3799 evangelica
2835 3723 3077 3782 obtinuit
3121 3716 3465 3800 prmdioatio;
3511 3737 3649 3794 Supe-

412 3814 514 3868 est.
545 3813 816 3872 Existimo
843 3822 973 3870 eum
998 3831 1108 3871 non
1137 3812 1526 3873 abscondentis
1555 3813 1765 3874 intuitu
1794 3821 1898 3875 hoc
1927 3821 2010 3876 fe-
2093 3821 2212 3876 rius
2259 3815 2417 3885 dixit,
2470 3815 2610 3872 nihil
2649 3815 2857 3872 dimitti
2913 3809 3018 3870 sibi
3067 3827 3183 3871 non
3244 3817 3558 3886 subjectum,
3607 3811 3651 3863 et

413 3902 572 3968 cisse,
606 3903 704 3958 sed
743 3915 838 3958 eos
867 3901 1102 3959 multam
1133 3903 1341 3960 habere
1370 3903 1660 3962 scientiam
1690 3909 2006 3982 Scriptura-
2089 3907 2180 3963 hic
2219 3905 2425 3963 astruit
2478 3907 2716 3961 necdum
2773 3903 2960 3960 omnia
3011 3899 3268 3976 subjecta
3313 3901 3414 3959 sibi
3459 3897 3649 3956 videri:

412 4002 559 4054 rum,
577 3991 642 4045 ut
668 4004 771 4046 nec
801 4003 942 4062 opus
972 3992 1205 4048 haberet
1233 4003 1437 4049 nomen
1468 3991 1720 4066 posuisse
1749 3997 2004 4066 dicentis,
2091 4000 2225 4070 quia
2266 3991 2378 4051 illic
2432 3995 2804 4050 universalem
2851 3987 2954 4049 sibi
3003 3994 3384 4049 voluntariam
3429 3994 3534 4047 sive
3577 4005 3651 4043 ne-

413 4079 694 4134 sedveluti
714 4077 926 4135 diceret
941 4083 1253 4148 manifesta,
1273 4090 1330 4136 et
1349 4079 1406 4137 in
1429 4087 1690 4156 promptu
1703 4088 2010 4142 constituta
2090 4087 2392 4142 cessariam
2438 4079 2844 4156 subjectionem
2891 4083 3170 4154 designat,
3207 4083 3297 4138 hic
3328 4086 3539 4138 tantum
3573 4093 3650 4131 vo-

411 4167 706 4222 induceret
729 4168 1072 4224 testimonia.
1101 4191 1124 4222 «
1156 4165 1301 4236 Quid
1327 4179 1413 4226 est
1431 4173 1598 4228 homo
1624 4174 1772 4245 quod
1794 4189 2010 4231 memor
2089 4177 2393 4231 luntariam
2441 4174 2534 4245 qui
2576 4169 2817 4228 fideliter
2859 4171 3097 4228 credunt
3143 4172 3201 4228 in
3247 4189 3376 4228 eum
3413 4193 3427 4226 :
3480 4191 3500 4220 ‹
3534 4165 3648 4222 Eum

413 4272 473 4311 es
504 4258 645 4328 ejus,
683 4262 783 4313 aut
810 4254 984 4314 Filius
1024 4255 1266 4314 hominis
1304 4257 1568 4332 quoniam
1613 4261 1805 4319 visitas
1837 4265 2008 4320 eum?
2091 4251 2280 4320 auter'n
2325 4263 2420 4335 qui
2459 4263 2739 4317 modicum
2787 4279 2954 4334 quam
3003 4263 3222 4333 angelis
3267 4260 3562 4316 minoratus
3585 4257 3654 4310 est

407 4348 578 4416 (Ρέαῑ.
609 4348 739 4416 vin).
767 4341 928 4449 lQuid
956 4355 1043 4404 est
1070 4343 1256 4438 homo,
1290 4364 1415 4406 cum
1447 4351 1711 4423 despectu
1752 4352 2332 4449 pronun-Dvidimus
2377 4355 2569 4408 Jesum
2613 4357 2846 4422 propter
2892 4347 3212 4423 passionem
3257 4351 3452 4405 mortis
3501 4341 3652 4419 gloria

410 4435 670 4491 tiandum
699 4434 802 4505 est,
826 4435 882 4492 id
905 4439 991 4493 est
1019 4436 1232 4510 fragilis
1261 4447 1318 4494 et
1345 4437 1754 4507 caducus,Ada3
1775 4453 2002 4516 sequax,
2025 4434 2070 4449 u
2092 4446 2148 4499 et
2186 4439 2398 4497 honore
2440 4445 2788 4506 coronatum,
2824 4447 2888 4495 ut
2922 4441 3108 4512 gratia
3156 4441 3258 4496 Dei
3291 4456 3388 4512 pro
3427 4435 3654 4493 omnibus

413 4525 509 4595 qui
537 4525 594 4580 in
625 4525 798 4580 veteri
827 4531 1054 4598 peccato
1095 4527 1345 4600 generali
1383 4527 1656 4601 pravitate
1697 4528 2004 4588 devinctus.
2090 4533 2348 4604 gustaret
2401 4535 2659 4584 mortem.
2698 4549 2726 4582 ι)
2781 4525 2883 4584 llic
2937 4527 3186 4590 ostendit
3236 4529 3369 4600 quia
3403 4527 3569 4598 gloria
3609 4525 3653 4575 et

411 4613 594 4682 Hujus
621 4625 838 4670 memor
857 4617 942 4672 est
959 4611 1232 4673 Dominus
1251 4615 1474 4690 quando
1493 4627 1720 4690 peccata
1751 4615 2002 4690 dimittit,
2090 4623 2270 4676 honor
2323 4631 2458 4673 crux
2503 4623 2590 4674 est
2657 4617 2884 4684 Christi,
2933 4633 3033 4690 pro
3083 4634 3198 4690 qua
3255 4611 3524 4672 modicum
3566 4611 3654 4666 mi-

413 4704 470 4754 et
497 4700 894 4760 misericordiae
923 4717 1036 4762 suae
1061 4701 1209 4762 dona
1236 4705 1492 4780 largitur,
1521 4725 1548 4761 ιι
1571 4707 1670 4764 aut
1701 4704 1874 4764 Filius
1904 4707 2008 4766 ho—
2092 4713 2326 4766 noratus
2373 4706 2458 4762 est
2503 4707 2572 4762 ab
2617 4705 2847 4778 angelis.
2893 4701 3048 4762 Sicut
3093 4707 3214 4780 ipse
3259 4705 3520 4763 Dominus
3551 4717 3655 4758 eam

412 4789 600 4856 minis;
627 4793 891 4863 quoniam
921 4787 1114 4850 vis’itas
1136 4797 1347 4852 eum?»
1371 4794 1474 4852 Hic
1489 4793 1609 4868 jam
1631 4812 1761 4852 voce
1782 4815 2011 4871 surgen-
2092 4813 2317 4872 semper
2359 4804 2520 4852 vocat
2549 4793 2754 4863 dicens,
2800 4804 2827 4850 ἀ
2861 4800 2924 4851 ut
2963 4791 3316 4868 gloriﬁcetur
3357 4795 3520 4850 Filius
3571 4791 3655 4844 ho-

409 4879 546 4934 dum’
577 4885 680 4947 est,
701 4876 848 4952 quod
869 4877 1172 4940 Dominum
1203 4881 1482 4957 signiﬁcat
1511 4887 1864 4953 salvatorem,
1899 4904 2011 4961 qua
2093 4885 2261 4943 minis
2294 4909 2305 4955 ;
2347 4903 2373 4941 ιι
2406 4882 2453 4941 si
2492 4883 2586 4940 ille
2615 4903 2680 4942 ea
2721 4900 2843 4958 qua
2872 4899 2972 4958 pro
3002 4885 3178 4942 servis
3215 4893 3410 4958 passus
3439 4887 3520 4938 est
3552 4881 3655 4952 glo-

409 4977 523 5023 non
556 4968 622 5025 ut
650 4967 837 5026 caeteri
869 4975 1134 5029 mortales
1155 4987 1219 5030 ex
1248 4975 1465 5031 duobus
1492 4966 1809 5032 hominibus
1841 4979 2006 5034 natus
2091 4979 2237 5032 riam
2293 4983 2469 5042 vocat,
2517 4972 2694 5030 multo
2751 4971 3014 5048 amplius,
3063 4977 3126 5030 tu
3175 4976 3364 5039 homo,
3413 4988 3528 5044 quae
3573 4982 3656 5040 pro

410 5058 515 5129 631:,
539 5056 637 5118 sed
667 5071 732 5118 ex
777 5058 991 5134 Spiritu
1021 5067 1212 5120 sancto
1245 5071 1302 5119 et
1345 5059 1522 5120 beata:
1565 5061 1755 5122 Maria;
1786 5079 2010 5139 semper
2090 5067 2329 5123 Domino
2359 5063 2569 5137 pateris
2607 5059 2712 5120 tibi
2751 5065 2823 5118 ad
2869 5059 3109 5134 gloriam
3154 5061 3435 5136 pertinere
3476 5057 3655 5128 sempi-

408 5148 836 5227 Virginlsutetu
859 5155 1130 5224 tanquam
1151 5167 1388 5225 sponsus
1407 5153 1474 5208 de
1493 5155 1740 5225 glorioso
1759 5155 2006 5212 thalamo
2089 5162 2310 5211 ternam
2361 5147 2621 5209 dubitare
2661 5165 2772 5208 non
2817 5153 3004 5208 debes.
3056 5149 3306 5219 Addidit,
3336 5172 3362 5206 ‹
3404 5157 3464 5205 ut
3498 5141 3655 5219 gratia

411 5237 698 5317 processit.
715 5239 787 5297 Et
803 5243 1098 5297 considera
1115 5244 1264 5312 quod
1293 5239 1552 5314 superius
1573 5237 1729 5307 dixit,
1754 5259 2010 5301 «memor
2090 5243 2192 5300 Dei
2221 5260 2322 5316 pro
2363 5239 2624 5298 omnibus
2675 5247 2932 5314 gustaret
2974 5246 3232 5308 mortem,
3273 5251 3293 5292 ὁ
3332 5241 3510 5313 ipsum
3548 5248 3656 5314 vero

409 5347 490 5401 es,
526 5345 552 5384 δ)
587 5323 826 5403 subjecit
864 5331 1052 5386 autem
1087 5346 1109 5382 ‹
1143 5323 1334 5386 visitas
1369 5349 1380 5385 :
1427 5345 1452 5387 ιδ
1495 5349 1712 5388 memor
1745 5327 1855 5390 fuit
1881 5348 2009 5390 cum
2090 5335 2334 5404 gratiam
2372 5328 2624 5387 nominat
2655 5333 2750 5403 qui
2793 5344 2892 5402 pro
2933 5326 3183 5386 omnium
3225 5327 3404 5384 salute
3437 5321 3656 5400 gustavit

406 5410 741 5496 patriarcliis
779 5419 848 5473 de
896 5419 1032 5474 torio
1087 5419 1350 5476 misertus
1399 5427 1501 5476 est.
1553 5423 1813 5479 Visitavit
1851 5439 2000 5487 eum,
2087 5427 2348 5477 mortem.
2393 5423 2516 5476 Non
2555 5423 2706 5475 enim
2737 5415 3044 5475 debebatur
3073 5419 3231 5475 nobis
3261 5424 3324 5474 ut
3361 5413 3526 5473 Filius
3573 5425 3656 5484 pro

412 5531 439 5564 (ι
463 5499 710 5564 Verbum
737 5519 866 5562 caro
894 5505 1102 5563 factum
1136 5515 1220 5564 est
1249 5515 1306 5566 et
1343 5505 1614 5566 habitavit
1651 5511 1709 5566 in
1759 5511 1936 5568 nobis.
1976 5533 2000 5565 »
2087 5509 2247 5567 nobis
2288 5513 2544 5582 gustaret
2585 5516 2844 5576 mortem,
2891 5507 2986 5565 sed
3021 5505 3203 5582 gratia
3235 5510 3336 5562 hoc
3373 5507 3514 5569 fecit,
3555 5499 3655 5582 ipse

397 5591 546 5657 Nam
571 5597 800 5654 visitare
827 5589 1050 5662 dicitur,
1099 5591 1324 5668 quando
1354 5595 1604 5658 medicus
1636 5599 1708 5656 ad
1745 5601 1998 5657 inﬁrmos
2087 5579 2317 5672 quidem
2361 5610 2464 5672 pro
2497 5597 2758 5656 omnibus
2785 5579 3049 5656 mortuus
3083 5605 3184 5655 est.
3229 5589 3374 5664 Quid
3409 5593 3585 5650 autem
3609 5579 3650 5640 si
