3866 6158
167 313 253 371 725
538 302 1110 364 ENARRATIONUM
1148 299 1226 361 ΙΝ
1266 304 1418 361 EPP.
1460 308 1676 363 PAULI
1716 306 1851 364 LIB.
1894 311 2115 367 XXVII.
2152 341 2215 350 —
2250 313 2325 365 IN
2363 311 2584 365 EPIST.
2627 310 2723 364 AD
2764 310 2973 367 HEBR.
3287 316 3389 371 7‘26

163 454 256 493 non
275 453 456 491 omnes
484 436 730 499 credunt,
791 434 884 487 ille
934 442 1124 487 tamen
1172 435 1319 503 quod
1368 452 1533 489 suum
1591 443 1713 489 erat
1730 442 1775 497 A
1870 454 1897 491 α
1956 439 2025 490 Et
2066 440 2273 493 iterum
2328 457 2337 490 :
2382 440 2517 492 Ecce
2566 454 2667 507 ego
2719 446 2775 489 et
2813 439 2990 508 pueri,
3040 455 3178 509 quos
3234 442 3391 495 dedit

164 528 396 598 implevit.
430 526 727 596 Propterea
752 523 935 576 dixitc
959 524 1205 592 gustavit
1224 530 1484 587 mortem,
1526 544 1546 575 ι)
1581 526 1713 595 quia
1799 541 1825 575 α
1859 526 2025 578 Deus.
2054 545 2078 577 ι)
2115 528 2229 579 Hoc
2249 527 2631 580 testimonium
2647 528 2717 580 de
2739 528 2881 580 Isaia
2898 528 3129 597 protulit
3158 531 3392 599 Aposto-

164 617 288 669 brevi
316 622 556 686 tempore
584 614 642 667 in
662 613 759 666 illa
777 613 900 678 fuit,
934 618 998 665 ut
1027 624 1092 665 ea
1128 612 1359 675 devicta,
1420 614 1713 668 confestim
1796 607 1901 678 lus,
1944 615 2012 666 ad
2062 615 2347 667 Christum
2396 620 2452 667 et
2498 615 2567 667 ad
2612 616 2892 685 apostolos
2953 616 3213 681 referens
3255 633 3395 687 quos

164 711 457 773 resurgeret.
1799 710 2028 773 propter
2053 704 2431 757 innocentiam
2480 720 2684 775 pueros
2724 705 3052 771 nominavit,
3076 706 3147 758 de
3191 704 3392 777 quibus

223 815 242 845 ι
266 791 492 847 Decebat
517 794 667 847 enim
696 808 825 846 eum
846 798 1075 864 propter
1104 808 1271 863 quem
1320 793 1509 846 omnia
1530 799 1585 846 et
1617 809 1717 864 per
1800 793 1916 863 ipse
1948 792 2218 846 Dominus
2239 794 2320 847 ait
2350 812 2360 844 :
2400 812 2423 843 ι
2449 793 2627 848 Sinite
2676 795 2935 863 parvulos
2964 794 3155 848 venire
3176 796 3246 848 ad
3278 810 3387 861 me,

168 912 183 929 ιι
212 898 355 955 quem
385 883 589 947 omnia,
634 882 728 953 qui
759 883 967 935 multos
994 882 1138 935 ﬁlios
1169 883 1227 935 in
1274 883 1512 951 gloriam
1542 884 1715 937 addu-
1798 881 1996 935 talium
2020 889 2105 936 est
2124 882 2273 936 enim
2293 898 2529 952 regnum
2568 883 2836 936 caelorum
2881 885 3068 952 (Μανσ.
3097 888 3174 953 x).
3214 902 3237 935 ι

166 990 185 1026 4
202 981 351 1037 xei-at,
374 978 657 1026 auctorem
678 972 876 1025 salutis
892 987 1087 1026 eorum
1118 987 1219 1042 per
1248 973 1563 1041 passionem
1585 988 1713 1025 con—
1870 988 1897 1022 α
1920 971 2063 1034 Quia
2083 987 2216 1040 ergo
2238 973 2398 1043 pueri
2417 972 2975 1026 communicaverunt
3006 975 3157 1027 carni
3190 979 3247 1028 et
3270 989 3395 1028 san-

164 1061 467 1115 «summari.
510 1083 532 1110 ο
559 1061 801 1115 Decebat
822 1061 972 1115 enim
1000 1078 1101 1131 per
1120 1061 1435 1132 passionem
1455 1077 1713 1116 consum-
1798 1078 1821 1110 α
1875 1060 2051 1129 guini,
2116 1068 2173 1114 et
2228 1062 2348 1131 ipse
2389 1061 2653 1115 similiter
2703 1063 3059 1133 participavit
3106 1063 3325 1118 iisdem.
3370 1082 3392 1114 »
3460 1124 3463 1127 η

161 1166 298 1204 mare.
320 1150 371 1203 id
399 1156 485 1203 est
539 1151 805 1220 perﬁcere
851 1151 1102 1203 omnium
1129 1151 1367 1204 salutem
1407 1168 1507 1221 per
1544 1168 1711 1221 quem
1794 1149 1898 1203 Hic
1925 1150 2130 1204 astruit
2157 1150 2568 1204 fraternitatem
2600 1166 2786 1204 veram
2817 1158 2874 1205 et
2897 1152 3307 1223 humanitatem
3340 1154 3397 1207 in

161 1240 327 1301 omnia,
388 1239 439 1292 id
488 1246 594 1304 est,
651 1256 751 1310 per
803 1241 925 1308 ejus
979 1245 1238 1303 mortem,
1291 1240 1406 1292 sive
1477 1256 1599 1310 quae
1658 1241 1714 1292 in
1798 1239 2020 1292 Christo
2048 1255 2161 1293 non
2197 1242 2403 1307 fictam,
2436 1240 2580 1293 sicut
2635 1242 2794 1310 pueri
2832 1258 3000 1295 carne
3037 1248 3094 1297 et
3127 1243 3397 1312 sanguine

158 1329 298 1397 melis,
324 1329 432 1381 sive
464 1346 590 1399 quae
648 1329 705 1382 in
756 1329 923 1382 terris
977 1333 1291 1382 restaurata
1356 1334 1488 1382 sunt
1514 1348 1531 1391 _:
1566 1330 1715 1382 vides
1798 1334 2075 1393 constant,
2102 1336 2157 1381 et
2178 1330 2533 1399 participavit
2557 1330 2709 1382 carni
2741 1336 2798 1383 et
2826 1331 3106 1400 sanguini,
3142 1337 3204 1385 ut
3232 1332 3399 1386 babe-

161 1424 388 1489 quantum
436 1422 525 1471 est
569 1418 628 1471 in
695 1417 880 1471 medio
923 1425 1198 1481 nostrum,
1240 1424 1297 1471 et
1340 1418 1460 1488 ipse
1517 1417 1708 1483 Filius,
1797 1423 1885 1470 ret
1909 1418 2057 1470 unde
2085 1423 2341 1487 gustaret
2398 1426 2637 1471 mortem
2692 1435 2792 1488 pro
2852 1434 3154 1489 puerorum
3193 1421 3392 1483 salute,

159 1513 200 1561 et
228 1525 313 1561 nos
364 1506 501 1561 ﬁlii:
541 1506 634 1565 ille
686 1508 962 1577 proprius,
1008 1523 1109 1559 nos
1167 1508 1436 1578 adoptati,
1471 1508 1565 1560 sed
1621 1508 1712 1561 ille
1794 1508 1955 1576 cujus
1977 1507 2411 1577 dispensationis
2467 1506 2681 1561 affatim
2738 1522 2966 1561 causam
3026 1509 3393 1579 subjungens,

157 1598 317 1659 salvat,
370 1602 419 1649 et
455 1611 563 1649 nos
606 1597 906 1649 salvamur.
960 1596 1129 1649 Vides
1171 1598 1450 1666 quomodo
1498 1613 1598 1650 nos
1656 1604 1712 1651 et
1798 1616 1820 1646 ε
1853 1602 2028 1667 utper
2047 1602 2305 1655 mortem.
2330 1597 2529 1667 inquit,
2555 1597 2874 1651 destrueret
2893 1614 3023 1651 eum
3045 1599 3141 1669 qui
3157 1599 3402 1653 habebat

157 1685 400 1755 conjungit
427 1693 484 1739 et
512 1685 785 1739 discernit
817 1705 827 1738 :
857 1704 882 1737 α
922 1686 1126 1739 Multos
1166 1686 1329 1752 ﬁlios,
1391 1687 1593 1756 inquit,
1629 1688 1710 1740 in-
1793 1686 1991 1738 mortis
2035 1685 2354 1756 imperium,
2406 1686 2510 1739 hoc
2539 1691 2624 1739 est
2652 1686 2957 1739 diabolum.
2986 1706 3013 1738 ι)
3040 1687 3247 1753 (Joan.)
3298 1689 3399 1741 Hic

156 1774 325 1828 ducens
344 1774 395 1827 in
421 1775 687 1845 gloriam,
733 1795 760 1826 ι)
808 1775 894 1828 hic
956 1775 1280 1844 conjunxit;
1320 1794 1342 1824 ι
1405 1781 1709 1842 auctorem,
1734 1762 2129 1827 Badmirabile
2160 1776 2425 1844 quiddam
2460 1776 2827 1841 demonstrat,
2872 1776 3005 1846 quia
3025 1792 3126 1846 per
3143 1778 3399 1848 quodpo-

157 1864 317 1933 inquit,
337 1864 536 1917 salutis
560 1881 774 1927 eorum,
798 1886 818 1914 ι
846 1864 934 1916 hic
953 1864 1228 1917 discrevit.
1262 1883 1283 1913 σ
1317 1864 1423 1927 Qui
1440 1880 1567 1918 eum
1589 1881 1714 1919 san-
1795 1868 2058 1917 testatem
2089 1863 2286 1916 habuit
2324 1863 2599 1930 diabolus,
2634 1882 2733 1934 per
2784 1866 2888 1917 hoc
2928 1866 3108 1919 victus
3128 1871 3249 1919 est:
3305 1882 3399 1919 ar-

157 1952 336 2019 ctiﬁcat,
366 1962 420 2007 et
441 1955 541 2024 qui
583 1954 966 2008 sanctiﬁcatur
1008 1971 1072 2008 ex
1101 1970 1213 2007 uno
1263 1970 1475 2008 omnes.
1514 1974 1539 2004 ιι
1574 1956 1713 2009 Ecce
1795 1966 1888 2005 ma
1918 1970 2041 2023 qua)
2071 1953 2293 2007 fuerant
2322 1953 2403 2006 illi
2444 1953 2613 2006 fortia
2639 1954 2933 2007 adversum
2966 1955 3258 2020 mundum,
3295 1956 3399 2009 hoc

157 2041 319 2095 iterum
347 2043 630 2113 quomodo
658 2043 949 2113 conjungit
996 2043 1280 2096 honorans
1310 2050 1367 2096 et
1394 2044 1703 2105 consolans,
1794 2048 1879 2095 est
1921 2059 2089 2107 mors,
2144 2059 2243 2112 per
2271 2058 2395 2094 eam
2460 2042 2619 2096 illum
2656 2043 2914 2096 Christus
2944 2045 3219 2113 percussit
3248 2062 3259 2097 :
3309 2045 3398 2099 hic

156 2137 196 2182 et
218 2131 401 2185 Christi
430 2130 641 2186 fratres
698 2149 793 2186 eos
845 2134 1161 2195 nominans,
1220 2135 1528 2187 secundum
1560 2136 1706 2204 quod
1792 2132 2239 2199 magnitudinem
2295 2131 2518 2185 virtutis
2566 2133 2689 2201 ejus
2749 2132 2843 2201 qui
2894 2132 3064 2185 vincit
3123 2133 3389 2195 insinuat,

156 2236 202 2272 ex
226 2230 319 2273 uno
346 2236 436 2273 eos
482 2236 611 2275 esse
635 2221 788 2275 dicit.
832 2222 1045 2276 Deinde
1102 2224 1360 2277 muniens
1390 2239 1707 2277 sermonem
1792 2222 2137 2274 ostendendo
2176 2226 2449 2291 quantum
2472 2220 2682 2275 bonum
2715 2227 3046 2291 operaretur
3071 2234 3239 2287 mors,
3278 2241 3300 2273 ι
3332 2230 3395 2277 ut

154 2325 281 2361 suum
300 2314 352 2363 et
384 2310 691 2365 ostendens
737 2312 1001 2382 quoniam
1049 2313 1116 2365 de
1146 2329 1210 2365 eo
1260 2313 1353 2383 qui
1402 2314 1707 2367 secundum
1792 2310 2071 2369 liberaret,
2106 2311 2306 2380 inquit,
2357 2326 2470 2375 eos,
2529 2310 2622 2380 qui
2657 2310 2860 2363 timore
2908 2308 3106 2364 mortis
3159 2326 3261 2380 per
3312 2319 3394 2365 to-

152 2412 335 2451 camem
362 2404 460 2465 est,
486 2399 636 2453 dixit
667 2419 677 2452 :
707 2417 733 2453 ι
759 2401 865 2464 Qui
896 2402 1044 2454 enim
1074 2402 1401 2463 sanctiﬁcat,
1439 2419 1464 2453 n
1502 2402 1603 2456 hoc
1625 2407 1708 2456 est
1788 2404 1905 2451 tam
1934 2400 2107 2453 vitam
2154 2398 2382 2452 obnoxii
2411 2404 2575 2452 erant
2602 2399 2875 2453 servituti.
2912 2418 2938 2451 ))
2961 2400 3147 2462 Quare
3187 2400 3385 2453 tremi-

154 2488 381 2553 Christus,
402 2510 423 2539 (
462 2494 522 2542 et
546 2491 642 2560 qui
675 2491 1076 2556 sanctiﬁcatur,
1103 2510 1128 2542 »
1162 2491 1265 2544 hoc
1303 2496 1389 2544 est
1438 2507 1556 2545 nos.
1620 2494 1707 2545 In-
1788 2488 1878 2549 tis,
1909 2504 2081 2558 quare
2112 2489 2323 2542 timetis
2367 2504 2490 2541 eam
2517 2488 2542 2540 ?
2574 2504 2697 2558 quae
2735 2489 2854 2557 jam
2890 2486 3260 2542 condemnata
3283 2494 3386 2553 est,

154 2578 289 2631 tueris
311 2586 585 2649 quantum
631 2580 868 2633 interest
909 2600 919 2633 :
974 2580 1065 2633 ille
1099 2582 1427 2640 sanctiﬁcat,
1461 2581 1708 2637 sanctiﬁ-
1788 2580 1907 2647 jam
1936 2578 2203 2631 terribilis
2232 2594 2344 2630 non
2374 2584 2477 2643 est,
2511 2578 2607 2631 sed
2647 2577 2906 2648 Optabilis
2942 2578 3101 2647 quasi
3132 2577 3385 2631 laborum

151 2680 305 2720 camur
330 2667 473 2721 enim
499 2684 642 2735 nos;
685 2667 899 2721 addidit
922 2687 948 2718 α
977 2687 1043 2722 ex
1071 2686 1184 2722 uno
1217 2686 1411 2723 omnes
1447 2689 1457 2728 ς
1508 2690 1529 2719 »
1564 2687 1708 2723 unus
1790 2667 1935 2732 ﬁnis,
1971 2672 2025 2719 et
2057 2666 2267 2737 requiei
2300 2667 2553 2731 initium;
2584 2683 2682 2720 cur
2718 2667 2799 2720 ait
2832 2685 2842 2719 :
2881 2684 2906 2720 α
2937 2666 3163 2720 Timore
3190 2668 3390 2721 mortis

150 2754 215 2805 est
242 2753 371 2808 enim
416 2757 575 2810 Deus
606 2773 639 2809 a
667 2775 775 2827 quo
806 2759 996 2811 omnia
1029 2778 1040 2823 ;
1074 2759 1170 2812 sed
1201 2758 1295 2813 ille
1324 2760 1503 2825 aliter,
1547 2760 1709 2813 aliter
1791 2772 1891 2826 per
1910 2761 2087 2810 totam
2117 2757 2285 2809 vitam
2317 2756 2540 2809 obnoxii
2568 2760 2733 2809 erant
2758 2755 3053 2810 servituti?
3086 2774 3110 2807 »
3145 2756 3288 2809 servi
3316 2757 3387 2809 si-

151 2847 190 2893 et
210 2860 293 2897 nos
329 2864 339 2897 :
376 2847 466 2900 ille
517 2847 683 2918 quasi
715 2849 975 2919 proprius
1004 2850 1197 2915 Filius,
1233 2864 1333 2903 nos
1376 2866 1504 2903 vero
1544 2850 1704 2920 quasi
1785 2846 2011 2915 quidem
2041 2862 2236 2899 omnes
2254 2848 2477 2899 fuerant
2504 2845 2718 2910 mortis,
2753 2846 2887 2915 quia
2932 2849 3171 2900 mortem
3218 2846 3385 2899 time.

148 2930 364 3003 adoptivi.
406 2937 681 2989 Attamen
716 2953 889 2990 unum
927 2937 1194 2991 habemus
1225 2938 1448 2991 Patrem
1480 2938 1697 2992 Deum:
1784 2934 1920 2988 bant
1952 2955 1962 2987 :
1998 2936 2235 2989 necdum
2268 2940 2429 2989 erant
2452 2935 2619 2989 soluti
2660 2950 2694 2988 a
2734 2934 2938 2988 timore
2982 2934 3201 3001 mortis,
3225 2935 3385 3004 cujus

150 3020 218 3073 ille
233 3023 371 3091 quasi
407 3022 675 3094 proprius
712 3024 882 3079 Filius
914 3026 1241 3090 sanctiﬁcat,
1279 3042 1379 3079 nos
1409 3027 1553 3079 sicut
1609 3027 1703 3080 ad-
1784 3024 2000 3094 legibus
2040 3025 2379 3078 tenebantur
2412 3044 2425 3090 ;
2458 3038 2606 3077 nunc
2654 3024 2844 3094 itaque
2898 3024 3076 3077 sancti
3127 3023 3385 3078 derident

148 3111 283 3179 optivi
316 3114 750 3168 sanctiﬁcamur.
787 3134 809 3165 ι
852 3115 1089 3186 Propter
1117 3132 1283 3187 quam
1319 3130 1546 3170 causam
1590 3132 1699 3169 non
1720 3112 1763 3171 C
1782 3130 1927 3179 eam,
1952 3114 2065 3184 qui,
2097 3131 2275 3183 agone
2305 3118 2588 3167 transacto
2616 3120 2673 3166 et
2702 3116 2882 3167 morte
2907 3114 3141 3180 devicta,
3175 3114 3246 3167 ad
3296 3130 3387 3167 re-

146 3199 458 3256 confunditur
506 3203 715 3257 fratres
756 3220 851 3257 eos
890 3221 1083 3259 vocare
1131 3206 1320 3260 dicens
1363 3225 1373 3258 :
1419 3205 1701 3260 Nuntiabo
1782 3218 1957 3271 gnum
2000 3204 2294 3258 transituri
2327 3209 2478 3257 sunt.
2524 3203 2683 3257 Unde
2731 3208 2789 3256 et
2838 3203 2961 3273 ipse
3006 3200 3215 3256 Paulus
3251 3200 3374 3256 ait:

146 3304 306 3345 nomen
324 3298 479 3348 tuum
500 3293 774 3348 fratribus
805 3295 1009 3347 meis.»
1034 3294 1099 3348 In
1120 3310 1186 3347 eo
1203 3295 1352 3348 enim
1369 3296 1515 3365 quod
1537 3295 1694 3359 dixit,
1787 3310 1814 3345 α
1845 3294 2022 3363 Cupio
2051 3294 2275 3346 dissolvi
2300 3299 2356 3346 et
2385 3308 2506 3346 esse
2535 3308 2663 3346 cum
2690 3292 2912 3345 Christo
2932 3290 3156 3361 (Philip.
3194 3294 3251 3360 ι).
3277 3311 3306 3343 ν

146 3378 238 3432 Non
273 3381 546 3436 erubescit
594 3382 795 3436 fratres
826 3400 921 3437 eos
960 3399 1174 3449 vocare,
1208 3384 1559 3438 demonstrat
1586 3400 1697 3438 non
1858 3402 1878 3431 α
1911 3383 2197 3452 Nusquam
2228 3382 2375 3435 enim
2398 3381 2625 3452 angelos
2646 3381 3033 3452 apprehendit,
3068 3381 3165 3435 sed
3186 3392 3378 3435 semen

143 3473 314 3525 natura:
345 3486 462 3526 esse
493 3472 870 3526 fraternitatis
905 3478 1129 3539 nostrae,
1174 3471 1269 3526 sed
1304 3473 1698 3529 misericordia:
1786 3491 1808 3521 ι
1854 3472 2092 3527 Abrahae
2147 3473 2518 3543 apprehendit
2550 3472 2736 3525 :unde
2776 3470 2970 3524 debuit
3033 3485 3135 3541 per
3188 3471 3379 3524 omnia

141 3559 234 3628 ejus
278 3569 328 3616 et
368 3560 712 3616 humilitatis
758 3562 965 3625 multm,
1005 3562 1137 3632 quia
1172 3579 1271 3615 nos
1298 3563 1500 3617 fratres
1531 3564 1700 3633 elegit
1787 3583 1808 3612 α
1840 3563 2106 3615 fratribus
2137 3562 2389 3615 similari.
2417 3580 2444 3614 ι
2474 3563 2669 3630 (Αγηὸ.)
2724 3560 2978 3613 Honorat
3019 3558 3110 3612 hic
3139 3560 3375 3629 patriar-

142 3647 233 3705 sihi.
277 3654 328 3704 et
380 3652 483 3705 hoc
538 3650 866 3721 prophetico
924 3651 1170 3704 afﬁrmat
1220 3651 1585 3719 testimonio,
1628 3670 1697 3707 ne
1780 3651 1960 3717 chain,
2005 3668 2209 3722 eosque
2257 3651 2351 3721 qui
2389 3651 2458 3703 de
2508 3651 2629 3719 ejus
2678 3655 2811 3703 sunt
2836 3664 3059 3718 genere,
3117 3648 3188 3701 ad
3237 3662 3375 3717 quos

140 3738 264 3806 quasi
289 3754 491 3793 novum
535 3744 834 3810 putaretur
886 3745 943 3792 et
993 3754 1103 3794 non
1164 3739 1340 3793 multo
1366 3743 1510 3794 ’ante
1554 3758 1697 3811 praa-
1781 3742 1897 3795 haac
1928 3736 2175 3811 Epistola
2201 3740 2405 3810 scripta
2454 3744 2557 3792 est.
2583 3740 3004 3792 Commemorat
3033 3752 3165 3806 ergo
3203 3732 3373 3789 bene-

138 3824 339 3882 dictum:
372 3830 451 3882 ait
500 3829 657 3881 enim
692 3847 702 3881 :
742 3846 767 3881 α
826 3827 1108 3883 Nuntiabo
1159 3829 1423 3883 fratribus
1457 3830 1615 3884 meis.
1668 3850 1693 3883 ν
1782 3830 1905 3883 ﬁcia
1941 3830 2041 3883 Dei
2072 3835 2129 3883 et
2157 3830 2225 3883 de
2260 3829 2677 3900 propinquitate
2714 3827 2925 3881 carnali
2955 3827 3023 3881 ad
3063 3825 3371 3889 Christum,

138 3914 240 3969 Post
285 3932 498 3971 sacram
547 3918 865 3989 passionem
920 3926 977 3972 et
1032 3919 1520 3986 resurrectionem,
1564 3919 1699 3974 dicit
1781 3924 1837 3973 et
1882 3919 1951 3973 de
2006 3918 2373 3989 promissione
2430 3935 2552 3989 quae
2609 3918 2759 3970 dicta
2787 3922 2875 3970 est
2921 3917 2991 3970 ad
3036 3912 3365 3969 Abraham:

134 4003 330 4071 gloriam
360 4006 678 4061 divinitatis
731 4009 851 4060 toto
906 4004 1039 4061 orbe
1081 4008 1439 4077 vulgandam.
1477 4028 1503 4060 (ι
1535 4010 1696 4063 Nun-
1784 4022 1809 4059 ά
1840 4008 1963 4062 Tibi
1980 4010 2037 4061 et
2066 4007 2266 4061 semini
2289 4013 2386 4061 tuo
2402 4006 2545 4061 dabo
2585 4011 2797 4061 terram
2847 4005 2992 4060 hanc
3022 4004 3172 4073 (Gen.
3203 4008 3313 4071 xn),
3346 4020 3368 4053 ι

134 4089 296 4146 dabo»
346 4096 495 4149 enim
529 4094 683 4156 dicit,
722 4094 775 4148 id
825 4101 926 4161 est,
962 4113 1193 4151 narrare
1240 4098 1398 4162 facio,
1436 4122 1457 4145 «
1493 4099 1693 4152 sicut»
1781 4098 1913 4168 quia
1960 4114 2023 4151 ex
2070 4114 2183 4151 uno
2218 4114 2429 4161 omnes,
2476 4096 2531 4150 id
2603 4101 2707 4162 est,
2763 4095 3048 4150 Abraham
3117 4093 3372 4148 Christus

134 4178 176 4230 in
213 4179 501 4251 Evangelio
553 4181 880 4235 mulieribus
927 4183 1110 4237 dixit:
1166 4202 1188 4234 ι
1241 4186 1340 4249 Ite,
1396 4184 1533 4238 dicit
1580 4186 1695 4239 fra-
1778 4187 2085 4241 secundum
2116 4200 2361 4251 carnem,
2395 4191 2451 4240 et
2494 4185 2573 4239 illi
2619 4186 2689 4239 ad
2748 4201 2888 4257 quos
2942 4184 3060 4239 hac
3105 4182 3371 4254 loqueba-

132 4266 277 4322 tribus
306 4270 442 4325 meis
466 4272 685 4333 (Matth.
742 4275 950 4336 xxvm).
990 4289 1014 4323 ι
1078 4272 1303 4327 Fratres
1367 4279 1559 4328 autem
1608 4274 1693 4329 di-
1776 4283 1887 4329 tur.
1915 4277 2074 4340 Quod
2104 4292 2233 4331 vero
2251 4275 2507 4347 snperius
2528 4275 2609 4329 ait
2643 4294 2653 4328 :
2678 4294 2703 4328 α
2731 4274 3007 4339 Quoniam
3038 4272 3198 4344 pueri
3226 4286 3375 4325 com-

130 4366 297 4464 cu'ntur
325 4369 380 4414 et
408 4362 508 4431 qui
548 4360 793 4430 diligunt
844 4367 900 4415 et
926 4362 1021 4432 qui
1062 4362 1392 4434 diliguntur.
1422 4364 2203 4464 Addiditznmunicaverunt
2249 4365 2403 4419 carni
2442 4368 2498 4419 et
2540 4363 2821 4433 sanguini,
2876 4367 2930 4416 et
2968 4364 3086 4433 ipse
3117 4360 3374 4415 similiter

142 4444 224 4499 4ln
254 4450 432 4503 medio
494 4451 754 4504 Ecclesia:
782 4451 1019 4505 laudabo
1067 4456 1142 4506 te.
1178 4470 1199 4503 ι
1235 4454 1298 4506 In
1346 4454 1532 4507 medio
1561 4471 1693 4508 san-
1712 4444 1757 4464 ³³
1776 4455 2131 4526 participavit
2153 4455 2372 4521 iisdem,
2408 4472 2433 4506 υ
2458 4454 2780 4525 exsequitur
2808 4452 3051 4522 amplius
3070 4451 3219 4505 hunc
3243 4466 3371 4503 sen-

130 4540 311 4591 rtorum
356 4540 480 4593 laus
540 4540 765 4593 Domini
815 4547 1043 4594 resonat
1095 4557 1195 4612 per
1232 4558 1360 4595 eum
1410 4544 1505 4613 qui
1564 4544 1644 4598 ait
1679 4563 1689 4597 :
1778 4561 1921 4607 sum,
1956 4544 2475 4615 undeparticiparet
2494 4558 2720 4597 carnem
2744 4546 2801 4595 et
2829 4540 3204 4610 sanguinem;
3246 4540 3373 4593 ideo

135 4643 151 4671 ι
190 4626 454 4681 Conﬁteor
494 4626 619 4687 tibi.
678 4629 864 4695 Pater,
928 4628 1164 4684 Domine
1223 4630 1347 4684 coeli
1403 4638 1460 4686 et
1507 4640 1690 4699 terrm,
1779 4634 1859 4687 ait
1894 4653 1905 4686 :
1940 4654 1962 4683 ι
1999 4632 2123 4687 Νοη
2152 4634 2302 4687 enim
2333 4648 2673 4703 quemquam
2710 4630 3040 4699 angelorum
3068 4628 3377 4699 apprehen-

133 4713 237 4781 quia
266 4714 604 4770 abscondisti
625 4716 742 4772 haec
772 4735 807 4771 a
850 4718 1193 4789 sapientibus
1236 4725 1293 4772 et
1344 4722 1600 4775 revelasti
1628 4740 1695 4775 ea
1776 4721 1877 4785 dit,
1923 4740 1944 4772 ι
1988 4720 2043 4775 id
2085 4727 2186 4787 est,
2237 4736 2350 4773 non
2394 4719 2693 4789 cujuslibet
2746 4718 2929 4787 angeli
2968 4721 3229 4772 naturam
3259 4730 3376 4770 sus-

135 4802 340 4868 pamilis
369 4804 522 4873 (Luc.
559 4806 685 4877 xl»
747 4807 893 4860 Laus
923 4807 1073 4862 enim
1120 4809 1341 4865 Domini
1399 4827 1530 4865 vera
1583 4829 1693 4866 non
1778 4812 1941 4880 cepit,
1981 4829 2002 4860 α
2038 4810 2133 4863 sed
2193 4826 2382 4863 semen
2440 4808 2675 4861 Abrahae
2729 4806 3144 4878 apprehendit.
3190 4823 3217 4859 ι
3250 4807 3375 4859 Non

135 4889 279 4945 solum
310 4910 404 4948 ore
438 4894 537 4948 sed
575 4896 747 4949 etiam
779 4897 945 4951 corde
976 4900 1218 4954 amantis
1266 4906 1323 4955 et
1360 4903 1696 4972 perﬁcientis
1782 4900 1929 4953 enim
1961 4900 2175 4968 angelis
2211 4899 2310 4952 illa
2339 4897 2583 4967 dignitas
2616 4898 2824 4951 donata
2855 4902 2956 4961 est,
2992 4900 3057 4951 ut
3088 4896 3147 4949 in
3203 4908 3373 4949 unam

136 4988 372 5052 pracepta
399 4984 627 5038 Domini
659 4992 942 5039 narratur.
980 5008 1001 5039 ε
1041 4988 1107 5042 Et
1152 4989 1357 5044 iterum
1392 5010 1401 5044 :
1432 4990 1547 5061 Ego
1603 5010 1697 5047 ero
1782 5006 2078 5061 personam
2108 4988 2207 5042 Dei
2237 4988 2411 5043 Filius
2441 5005 2635 5041 eorum
2671 4992 2887 5041 naturte
2917 4987 3371 5055 conjungeretur,

138 5066 281 5121 ﬁdens
308 5070 360 5124 in
393 5089 542 5125 eum.
580 5093 606 5125 υ
640 5073 720 5127 De
764 5079 1023 5146 suscepto
1079 5074 1307 5131 homine
1336 5079 1440 5132 hoc
1487 5081 1697 5135 dictum
1781 5078 1877 5131 sed
1902 5077 2172 5132 honorem
2205 5084 2262 5130 et
2314 5078 2458 5130 hanc
2486 5075 2815 5146 dignitatem
2863 5076 3123 5129 humanae
3162 5078 3377 5127 naturis

140 5162 220 5219 est,
246 5162 395 5229 cujus
448 5163 788 5216 conﬁdentia
821 5170 942 5218 tota
987 5166 1045 5218 in
1093 5168 1207 5220 Deo
1237 5168 1403 5221 Patre
1435 5186 1553 5223 esse
1583 5188 1695 5225 non
1779 5168 1928 5222 Deus
1966 5167 2065 5220 Dei
2110 5166 2284 5220 Filius
2328 5163 2650 5231 contribuit,
2682 5170 2747 5219 ut
2787 5164 2937 5219 Deus
2967 5168 3024 5217 et
3042 5163 3210 5216 homo
3264 5176 3378 5216 una

142 5243 337 5302 dubium
384 5255 491 5313 est,
535 5252 679 5305 sicut
707 5251 764 5305 in
814 5253 1111 5323 Evangelio
1137 5255 1254 5326 ipse
1276 5257 1373 5321 ait,
1426 5275 1525 5328 pro
1581 5259 1699 5329 qui-
1782 5264 1930 5310 esset
1959 5272 2214 5328 persona.
2245 5256 2429 5319 Quare
2478 5254 2618 5310 dixit
2644 5276 2663 5305 α
2705 5252 3126 5325 apprehendit?
3173 5270 3200 5303 ιν
3230 5250 3376 5316 Quia

146 5330 223 5386 lms
261 5338 600 5409 supplicabat
635 5340 825 5394 dicens
855 5360 864 5393 :
895 5360 919 5394 α
956 5340 1115 5409 Volo,
1148 5344 1334 5412 Pater,
1380 5351 1440 5399 ut
1465 5346 1557 5400 ubi
1597 5364 1699 5417 ego
1783 5363 1884 5400 nos
1923 5348 2081 5416 quasi
2116 5345 2440 5399 recedentes
2483 5344 2553 5399 ab
2581 5360 2646 5398 eo
2678 5349 2734 5397 et
2759 5343 2923 5412 longe
2951 5340 3229 5412 fugientes
3285 5342 3375 5395 in-

146 5436 262 5485 Sum,
319 5433 373 5480 et
418 5428 512 5482 isti
556 5430 670 5483 sint
724 5447 943 5484 mecum
1021 5435 1193 5497 (Joan.
1264 5435 1426 5505 xvii),
1484 5454 1508 5488 ))
1562 5454 1701 5508 quos
1784 5441 2007 5490 secutus
2026 5435 2417 5506 apprehendit,
2441 5438 2498 5487 et
2524 5434 2582 5487 in
2620 5448 2792 5486 unam
2828 5445 3125 5502 personam
3172 5434 3377 5486 nostra!

151 5512 287 5567 etiam
339 5525 400 5570 ut
456 5516 846 5573 conﬁdentiam
907 5518 1181 5575 haberent
1232 5524 1561 5579 exhortatur
1615 5526 1700 5579 di-
1782 5524 2104 5594 fragilitatis
2132 5530 2393 5578 naturam
2424 5522 2529 5577 sibi
2561 5522 3018 5593 contemperavit,
3050 5520 3195 5576 mira
3244 5536 3378 5575 con-

152 5600 324 5655 cendo:
362 5624 385 5654 α
411 5602 699 5674 Conﬁdite,
733 5624 837 5677 ego
865 5608 970 5663 vici
994 5608 1285 5666 mundum.
1313 5629 1339 5664 υ
1780 5614 1997 5684 junctio
2017 5614 2152 5667 dum
2193 5619 2436 5669 aeternus
2465 5617 2522 5667 et
2550 5611 2886 5667 immortalis
2904 5612 3130 5668 mortali
3159 5615 3219 5666 et
3241 5616 3381 5666 tem-
