3866 6158
483 241 584 299 ῑ27

1066 243 1128 296 Β.
1168 241 1442 297 RABANI
1479 243 1712 300 MAURI
1760 244 2098 301 ARCHIEP.
2139 244 2464 301 MOGUNT.
2508 241 2807 300 OPERUM
2844 240 3026 297 PARS
3061 241 3156 297 III.
3587 249 3665 306 ἷξε

479 365 657 436 porali
680 367 962 420 adunatus
1002 371 1088 420 est
1120 367 1132 420 !
1169 366 1374 437 (σι-(ῃ.)
1418 369 1629 424 Idcirco
1676 387 1921 444 namque
1980 372 2192 432 Βε-Αι
2226 374 2520 425 tentantur
2571 354 2846 424 auxiliari.
2885 388 2909 420 ι
2942 367 3134 438 (Ατηὺ.)
3179 369 3240 423 In
3284 385 3362 435 eo,
3389 371 3551 437 idest,
3587 374 3668 429 ho-

480 455 739 526 demptor
756 460 949 510 noster
973 471 1087 509 non
1116 457 1370 526 angelus,
1403 459 1497 512 sed
1547 459 1715 514 homo
1743 460 1922 515 factus
1971 466 2076 526 est,

480 544 612 614 quia
640 544 744 598 hoc
771 544 965 616 procul
1003 543 1173 600 dubio
1204 546 1325 600 ﬁeri
1363 547 1578 614 debuit,
1609 550 1759 620 quod
1815 549 2074 617 redemit,

476 637 544 687 ut
560 636 618 686 et
646 631 930 704 perditum
977 635 1240 705 angelum
1293 652 1406 690 non
1460 638 1931 710 apprehendendo
1987 639 2081 694 de-

478 728 694 776 sereret
716 727 774 776 et
808 722 1097 778 hominem
1144 723 1204 778 in
1250 725 1560 797 semetipso
1607 727 2080 798 apprehendendo

479 815 788 882 repararet.
839 813 1045 883 (Ιοαη.)
1065 813 1135 867 Et
1177 829 1373 868 revera
1425 831 1695 886 magnum
1725 821 1784 870 et
1823 816 2081 871 mirabile

477 905 536 955 et
580 905 810 972 stupore
868 901 1099 972 plenum
1157 908 1244 956 est
1278 919 1507 958 carnem
1552 910 1805 960 nostram
1851 922 2080 961 sursum

477 989 692 1055 sedere,
740 993 800 1044 et
855 990 1077 1046 adorari
1108 990 1180 1046 ab
1227 992 1444 1063 angelis
1491 998 1550 1047 et
1580 993 1954 1065 archangelis,
2017 999 2077 1049 et

477 1077 782 1147 Cherubin,
816 1083 874 1134 et
904 1079 1216 1152 Seraphin;
1261 1081 1365 1136 hoc
1406 1082 1610 1154 saepius
1646 1099 1750 1154 ego
1788 1083 1849 1138 in
1887 1087 2076 1139 mente

476 1185 706 1223 versans
735 1185 1021 1224 excessum
1049 1169 1235 1241 patior
1251 1175 1310 1225 et
1334 1171 1555 1242 majora
1594 1171 1664 1226 de
1709 1189 1917 1244 genere
1967 1173 2078 1228 hu-

478 1274 647 1313 mano
660 1258 940 1328 imaginor
969 1277 981 1313 :
1015 1260 1234 1330 majora
1260 1260 1466 1332 quippe
1488 1260 1648 1315 video
1679 1267 1738 1316 et
1754 1263 2079 1317 claraexor-

477 1347 590 1415 dia,
613 1349 853 1403 multam
895 1347 1012 1403 Deo
1037 1347 1456 1404 festinationem
1492 1367 1594 1422 pro
1621 1355 1827 1406 natura
1864 1356 2076 1406 nostra.

481 1437 552 1492 Et
576 1453 691 1491 non
709 1437 869 1504 dixit,
907 1437 1164 1493 homines
1203 1437 1532 1510 simpliciter
1556 1439 1948 1512 apprehendit,
1981 1440 2080 1495 sed

477 1526 669 1580 volens
725 1542 821 1582 eos
873 1527 1088 1597 erigere
1125 1531 1184 1581 et
1222 1527 1518 1582 ostendere
1561 1545 1832 1599 magnum
1899 1545 2080 1600 genus

479 1631 675 1670 eorum
713 1619 771 1670 et
816 1615 1162 1684 honorabile,
1216 1615 1395 1674 dixit:
1432 1616 1585 1672 «Sed
1613 1634 1809 1672 semen
1839 1617 2080 1673 Abrahae

2139 459 2314 514 'mine
2355 459 2413 514 in
2445 475 2555 531 quo
2592 474 2790 530 passus
2839 462 2925 512 est
2955 462 3147 529 potens
3189 463 3271 511 est
3321 458 3510 514 vinctos
3562 461 3669 517 libe-

2163 564 2308 615 rare,
2367 554 2725 620 tentatosque
2804 547 3067 618 adjuvare
3116 562 3185 600 ne
3242 546 3518 615 vincantur,
3570 551 3672 622 quia

2160 637 2502 693 tentationes
2555 642 2778 692 nostras
2845 652 2959 690 non
3019 634 3198 690 solum
3247 635 3378 690 sicut
3414 637 3559 704 Deus,
3597 641 3672 695 sed

2163 727 2333 782 etiam
2355 727 2502 782 sicut
2526 726 2696 782 homo
2723 725 2783 780 in
2811 724 2996 797 seipso
3029 741 3128 796 per
3153 724 3555 796 experimentum
3600 744 3672 782 co-

2159 817 2355 887 gnovit
2384 834 2397 871 :
2430 815 2563 871 licet
2605 815 2758 870 Deus
2812 814 2871 869 in
2903 830 3007 869 sua
3032 819 3231 868 natura
3254 812 3326 867 sit
3356 812 3670 885 impassibilis,

2160 909 2353 960 tamen
2381 904 2442 960 in
2460 910 2655 960 nostra
2684 919 2855 977 quam
2885 902 3187 975 assumpsit
3212 901 3353 956 idem
3377 902 3510 957 Deus
3539 903 3674 959 Filius

2161 993 2444 1066 passibilis
2471 993 2597 1055 fuit,
2645 999 2850 1048 nostrae
2888 997 3103 1047 naturae
3155 990 3441 1046 consimilis
3477 1011 3488 1046 :
3533 991 3583 1046 in
3625 1009 3677 1047 ea

2162 1099 2288 1138 vero
2315 1100 2484 1138 carne
2503 1099 2675 1155 quam
2702 1082 2950 1154 suscepit
2998 1081 3175 1136 multa
3222 1096 3358 1135 saeva
3382 1096 3553 1151 passus
3596 1088 3675 1147 est,

2159 1172 2315 1227 novit
2362 1172 2511 1249 quid‘
2537 1178 2625 1226 est
2657 1170 2896 1232 tentatio
2943 1169 3292 1242 patientium,
3342 1169 3452 1240 ipse
3479 1173 3678 1223 tentatus

2160 1267 2264 1330 est,
2296 1263 2395 1319 sed
2414 1278 2528 1317 non
2565 1266 2881 1333 superatus.
2919 1258 3120 1331 (Joan.)
3148 1257 3290 1322 Quid
3311 1264 3392 1313 est
3427 1274 3542 1329 ergo
3563 1258 3680 1333 quod

2161 1350 2298 1409 dicit
2334 1366 2359 1404 ι
2403 1356 2590 1423 potest
2622 1367 2720 1405 eos
2751 1349 2848 1421 qui
2872 1353 3166 1404 tentantur
3218 1345 3510 1418 adjuvare?
3548 1365 3570 1399 ι
3590 1351 3683 1401 tan-

2163 1456 2333 1511 quam
2357 1439 2406 1494 si
2445 1439 2572 1512 quis
2599 1438 2814 1493 diceret
2838 1456 2853 1492 :
2882 1454 3012 1492 cum
3043 1437 3223 1491 multa
3276 1434 3537 1491 alacritate
3580 1450 3680 1506 pro-

2160 1529 2344 1583 tendit
2381 1545 2615 1584 manum
2651 1528 2721 1583 ad
2763 1525 3239 1598 compatiendum.
3288 1523 3538 1588 Quoniam
3569 1522 3683 1576 enim

2160 1617 2421 1673 volebant
2468 1634 2738 1689 magnum
2781 1616 2995 1688 aliquid
3043 1619 3102 1669 et
3149 1613 3382 1685 amplius
3420 1611 3597 1667 habere
3633 1609 3686 1664 ab

476 1703 872 1777 apprehendit.
905 1705 1066 1760 Unde
1111 1703 1322 1772 debuit,
1357 1705 1560 1777 inquit,
1609 1723 1712 1778 per
1739 1706 1932 1762 omnia
1968 1693 2241 1761 fra-Beis
2296 1707 2393 1779 qui
2430 1711 2594 1762 erant
2651 1723 2717 1765 ex
2764 1704 3049 1777 gentibus,
3082 1703 3326 1758 ostendit
3358 1700 3412 1755 in
3460 1701 3551 1754 hoc
3593 1699 3687 1771 plus

476 1793 659 1849 tribus
671 1793 926 1848 similari.
946 1813 972 1847 »
986 1793 1132 1859 Quid
1142 1800 1230 1849 est
1241 1813 1267 1847 «
1281 1795 1593 1850 secundum
1606 1795 1830 1850 omnia?
1848 1815 1874 1848 »
1895 1797 2078 1852 Natus

481 1887 585 1949 est,
640 1883 844 1954 inquit,
899 1883 1189 1951 educatus,
1238 1884 1430 1952 crevit,
1481 1901 1682 1957 passus
1739 1890 1827 1940 est
1887 1885 2082 1940 omnia

480 1988 604 2044 quae
632 1971 901 2043 oportuit,
923 1972 982 2026 in
1019 1973 1131 2027 ﬁne
1162 1978 1418 2028 mortuus
1447 1980 1552 2042 est,
1589 1975 1696 2028 hoc
1721 1979 1808 2029 est
1838 1994 1862 2026 ι
1885 1991 2081 2029 secun-

478 2062 614 2117 dum
643 2059 834 2115 omnia
858 2060 1126 2116 fratribus
1163 2061 1422 2117 similari.
1476 2080 1504 2116 ιι
1552 2063 1831 2128 Quoniam
1872 2064 2081 2137 quippe

481 2150 660 2205 multa
683 2149 824 2205 dixit
877 2150 948 2204 de
1001 2151 1298 2221 majestate
1340 2151 1517 2223 ipsius
1535 2158 1594 2206 et
1634 2153 1925 2224 superiore
1965 2153 2084 2224 glo-

478 2239 582 2307 ria,
619 2240 740 2311 jam
797 2239 866 2294 de
920 2239 1339 2312 dispensatione
1397 2246 1583 2296 movet
1637 2257 1976 2307 sermonem,
2019 2248 2086 2297 ut

479 2329 928 2400 contemplemur
945 2345 1074 2384 cum
1086 2335 1300 2401 quanta
1309 2330 1608 2402 sapientia,
1621 2330 1902 2402 quomodo
1921 2331 2083 2385 illum

481 2417 730 2473 ostendit
755 2407 1021 2473 multum-
1035 2418 1287 2474 studium
1323 2419 1646 2485 habentem,
1679 2424 1743 2474 ut
1791 2419 1953 2474 nobis
2003 2419 2084 2474 si-

483 2507 799 2571 milaretur,
860 2507 1009 2578 quod
1049 2506 1156 2562 fuit
1206 2523 1403 2563 curam
1454 2507 1524 2562 de
1570 2507 1732 2562 nobis
1779 2507 2083 2580 plurimam

480 2595 762 2666 gerentis;
796 2594 987 2650 dicens
1017 2595 1170 2651 enim
1205 2597 1464 2668 superius
1495 2615 1508 2650 :
1538 2615 1565 2648 «
1596 2596 1875 2661 Quoniam
1923 2597 2083 2669 pueri

485 2683 1042 2738 communicaverunt
1089 2684 1244 2739 carni
1301 2690 1360 2739 et
1401 2685 1685 2756 sanguini,
1743 2691 1801 2740 et
1838 2686 1958 2756 ipse
2013 2685 2085 2740 si-

487 2771 699 2827 militer
716 2772 1084 2844 participatus
1114 2779 1202 2828 est
1229 2773 1450 2838 iisdem,
1487 2793 1511 2827 ι
1546 2779 1605 2829 et
1630 2774 1720 2828 hic
1758 2774 1901 2829 dixit
1946 2794 1970 2825 ι
2001 2791 2085 2829 se-

485 2860 732 2916 cundum
749 2861 941 2917 omnia
974 2861 1242 2917 fratribus
1269 2862 1524 2929 similari,
1588 2882 1615 2915 »
1639 2862 1800 2934 quasi
1851 2863 2042 2918 dicens
2066 2882 2078 2917 :

486 2950 595 3015 Qui
607 2954 725 3004 tam
767 2967 1006 3022 magnus
1051 2958 1155 3019 est,
1185 2951 1283 3023 qui
1311 2956 1399 3006 est
1424 2951 1690 3023 splendor
1741 2951 1954 3023 gloriae,
1987 2953 2084 3024 qui

2159 1813 2254 1851 eos
2276 1795 2565 1862 habentes,
2623 1796 2683 1850 in
2724 1811 2834 1866 quo
2869 1793 3014 1849 nihil
3065 1790 3299 1848 nocebat
3325 1791 3401 1844 eis
3440 1789 3526 1860 qui
3566 1792 3689 1842 ciant

2159 1903 2226 1940 ex
2251 1884 2532 1956 gentibus.
2565 1883 2710 1949 Quid
2750 1889 2838 1939 est
2862 1888 3059 1938 autem
3084 1881 3224 1936 hoc?
3244 1879 3372 1952 quia
3393 1877 3598 1948 ex‘ipsis
3625 1880 3691 1929 est

2161 1975 2332 2041 salus,
2367 1974 2633 2046 quoniam
2671 1988 2767 2027 eos
2790 1971 3165 2044 apprehendit
3191 1970 3446 2042 primum,
3467 1966 3582 2038 quia
3592 1964 3691 2019 inde

2162 2063 2468 2134 assumpsit
2492 2079 2738 2118 carnem.
2762 2080 2802 2113 σα
2837 2063 2964 2117 Non
3016 2060 3171 2115 enim
3205 2057 3513 2129 angelorum
3537 2069 3690 2126 quem-

2164 2169 2334 2225 quam
2357 2151 2748 2224 apprehendit,
2781 2151 2878 2207 sed
2898 2166 3095 2205 semen
3114 2147 3392 2204 Abraham
3418 2165 3430 2213 ;
3455 2165 3479 2198 ι)
3503 2144 3694 2198 honorat

2164 2248 2223 2296 et
2268 2241 2648 2314 patriarcham
2697 2258 2800 2313 per
2831 2240 2955 2307 hoc,
2998 2243 3058 2293 et
3100 2237 3344 2293 ostendit
3388 2234 3475 2307 qui
3516 2237 3588 2287 est
3627 2247 3693 2285 se-

2163 2348 2295 2386 men
2323 2331 2626 2386 Abraham.
2671 2330 3096 2385 Commemorat
3123 2325 3532 2399 promissionem
3553 2335 3693 2393 quas

2164 2421 2281 2476 Deo
2312 2420 2460 2475 facta
2483 2424 2589 2487 est,
2626 2435 2728 2491 per
2764 2435 2936 2490 quam
2957 2418 3175 2472 dictum
3196 2420 3318 2471 est:
3356 2434 3379 2465 ε
3421 2411 3533 2468 Tibi
3555 2415 3605 2464 et
3634 2424 3697 2462 se-

2164 2511 2305 2567 mini
2348 2516 2448 2566 tuo
2496 2509 2641 2564 dabo
2660 2514 2872 2564 terram
2899 2509 3077 2577 hanc;
3116 2530 3138 2557 ι
3173 2507 3234 2561 in
3260 2504 3466 2560 modico
3502 2497 3698 2556 ostendit

2165 2599 2664 2673 propinquitatem,
2710 2598 2846 2670 quia
2919 2613 2985 2651 ex
3050 2612 3167 2651 uno
3209 2600 3340 2650 sunt
3391 2607 3582 2654 omnes,
3625 2586 3698 2642 sed

2164 2706 2279 2745 non
2299 2694 2424 2744 erat
2442 2689 2624 2743 multa
2646 2688 2746 2742 illa
2787 2684 3201 2759 propinquitas.
3243 2682 3408 2738 Venit
3449 2681 3628 2735 iterum
3646 2675 3699 2730 ad

2163 2779 2332 2834 istam
2358 2777 2840 2833 rememoriariam
2867 2775 3345 2847 dispensationem
3364 2787 3481 2844 quae
3522 2774 3596 2823 est
3636 2781 3698 2820 se-

2165 2868 2412 2923 cundum
2441 2882 2667 2922 carnem
2722 2872 2781 2921 et
2821 2865 2962 2920 dixit
2992 2883 3004 2919 :
3038 2865 3179 2919 Erat
3217 2862 3439 2936 quidem
3475 2863 3527 2914 et
3556 2858 3698 2930 ipsum

2166 2958 2252 3011 vel
2280 2955 2401 3011 ﬁeri
2457 2955 2744 3010 hominem
2780 2954 2972 3009 multa:
3019 2969 3171 3008 curae
3225 2951 3420 3007 divinae
3469 2954 3522 3004 et
3556 2943 3704 3001 chari-

485 3044 572 3093 est
598 3038 890 3094 character
906 3039 1252 3107 substantias,
1286 3040 1384 3112 qui
1406 3041 1610 3096 saecula
1635 3040 1786 3108 fecit,
1810 3040 1906 3113 qui
1929 3042 2146 3114 sedetc
2165 3044 2334 3111 tatis;
2391 3059 2542 3098 nunc
2575 3047 2768 3099 autem
2801 3058 2915 3097 non
2936 3041 3043 3096 hoc
3080 3041 3267 3096 solum
3295 3043 3394 3104 est,
3442 3035 3530 3091 sed
3568 3031 3700 3088 etiam

485 3127 545 3182 in
563 3127 795 3183 dextera
837 3129 1043 3196 Patris,
1075 3129 1181 3184 iste
1210 3129 1387 3184 voluit
1441 3135 1500 3184 et
1535 3129 1755 3185 studuit
1777 3129 1954 3186 frater
1980 3146 2095 3197 no-,

487 3222 606 3272 ster
644 3217 706 3272 in
738 3217 1000 3273 omnibus
1029 3218 1172 3284 ﬁeri,
1204 3222 1262 3273 et
1290 3223 1521 3291 propter
1570 3218 1680 3273 hoc
1707 3219 1936 3290 angelos
1990 3235 2083 3274 re-

486 3305 670 3378 liquit,
719 3310 778 3361 et
807 3307 949 3363 alias
991 3307 1247 3374 virtutes,
1291 3312 1350 3362 et
1398 3307 1469 3362 ad
1517 3324 1620 3362 nos
1666 3308 1975 3377 descendit,
2028 3314 2088 3363 et

489 3411 593 3450 nos
647 3395 1036 3468 apprehendit,
1081 3401 1138 3451 et
1191 3397 1384 3452 decem
1435 3396 1614 3452 millia
1679 3403 1946 3469 operatus
2000 3403 2087 3452 est

486 3484 634 3540 bona
667 3502 680 3538 :
722 3490 962 3540 mortem
993 3486 1174 3552 solvit,
1213 3485 1499 3541 diabolum
1526 3503 1591 3541 ex
1646 3487 1946 3558 tyrannide
1999 3504 2088 3541 ex-

488 3573 674 3642 clusit,
722 3590 826 3629 nos
853 3575 924 3630 de
959 3574 1230 3630 servitute
1273 3574 1484 3643 eduxit,
1527 3581 1586 3630 et
1635 3575 1912 3642 liberavit,
1974 3591 2088 3630 non

489 3663 610 3718 sola
664 3663 1019 3719 fraternitate
1063 3665 1378 3731 honoravit,
1436 3665 1534 3719 sed
1581 3672 1641 3719 et
1709 3664 1836 3719 aliis
1893 3664 2089 3720 decem

489 3751 757 3821 millibus,
799 3752 1078 3825 siquidem
1131 3759 1190 3808 et
1215 3754 1474 3809 sacerdos
1509 3759 1702 3809 noster
1749 3753 1873 3809 ﬁeri
1912 3753 2090 3808 voluit

490 3841 641 3913 apud
667 3840 913 3896 Patrem.
935 3842 1114 3897 Infert
1130 3842 1316 3897 enim:
1346 3862 1370 3894 ι
1404 3843 1481 3898 Ut
1495 3843 1813 3898 misericors
1841 3844 2004 3897 ﬁeret
2029 3848 2089 3897 et

489 3930 670 3985 ﬁdelis
697 3932 945 4002 pontifex
973 3931 1045 3986 ad
1078 3932 1400 3998 Dominum,
1438 3935 1505 3986 ut
1544 3932 1942 4004 repropitiaret
1994 3932 2089 3986 de-

492 4017 626 4072 licta
642 4019 854 4089 populi.
884 4038 906 4071 ι
948 4020 1066 4074 Nec
1092 4020 1284 4091 itaque
1337 4019 1450 4074 alia
1498 4020 1608 4075 fuit
1650 4035 1823 4075 causa
1855 4019 1937 4074 illi
1986 4036 2090 4091 per

491 4105 685 4160 omnia
725 4105 996 4162 fratribus
1034 4107 1356 4174 assimilari,
1404 4107 1514 4162 nisi
1559 4114 1627 4162 ut
1671 4108 1854 4163 ﬁdelis
1908 4109 2089 4180 ponti-

490 4193 581 4249 fex
627 4199 776 4250 esset
824 4195 883 4250 in
957 4195 1118 4250 nobis
1197 4195 1516 4267 nostrisque
1580 4197 1914 4269 propitiaret
1964 4214 2089 4269 pec-

491 4283 651 4339 catis.
711 4283 867 4338 Vidit
901 4284 1109 4356 quippe
1162 4285 1323 4340 humi
1349 4287 1602 4357 jacentes
1674 4291 2001 4356 pereuntes,
2052 4304 2089 4342 a

2163 3133 2310 3188 bona
2360 3131 2706 3187 immortalia
2730 3147 2856 3202 quae
2889 3147 2992 3202 per
3017 3146 3152 3184 eum
3171 3128 3331 3185 nobis
3356 3125 3551 3183 tributa
3579 3123 3695 3176 sunt.

2169 3240 2196 3274 α
2217 3222 2304 3277 Ad
2346 3220 2766 3294 propitiandum
2784 3219 2958 3287 enim,
2981 3219 3191 3290 inquit,
3211 3215 3445 3290 peccatis
3474 3209 3700 3267 nostris.)

2167 3313 2352 3377 Quare
2396 3326 2510 3366 non
2550 3309 2693 3364 dixit
2742 3308 2960 3373 mundi,
3003 3308 3103 3362 sed
3133 3307 3278 3362 dixit
3327 3300 3552 3378 populi?
3604 3311 3703 3353 nam

2167 3400 2422 3456 omnium
2476 3404 2706 3472 peccata
2746 3397 3034 3463 sustinuit,
3095 3395 3196 3451 sed
3247 3394 3378 3466 quia
3420 3388 3620 3446 interim
3655 3384 3705 3472 de

2167 3489 2305 3560 ipsis
2346 3489 2671 3544 vertebatur
2726 3503 2932 3568 sermo,
2988 3502 3126 3540 nam
3178 3491 3238 3539 et
3292 3481 3512 3554 angelus
3547 3471 3709 3568 Ioseph

2167 3578 2390 3633 dicebat
2419 3597 2431 3632 :
2465 3597 2493 3632 ι
2530 3577 2770 3631 Vocabis
2815 3563 3023 3631 nomen
3049 3576 3177 3647 ejus
3210 3575 3239 3629 J
3243 3588 3420 3638 esum,
3449 3569 3558 3640 ipse
3592 3563 3708 3618 enim

2168 3666 2406 3722 salvabit
2474 3666 2744 3738 populum
2783 3681 2953 3720 suum
3001 3665 3222 3732 (Matth.
3262 3663 3303 3735 ι)
3336 3681 3359 3713 ι
3401 3660 3511 3714 Hoc
3550 3653 3711 3727 quippe

2167 3755 2417 3828 primum
2461 3753 2712 3826 oportuit
2748 3753 2892 3820 ﬁeri,
2933 3757 2991 3807 et
3051 3756 3287 3824 propter
3332 3750 3434 3804 hoc
3486 3742 3632 3806 venit,

2173 3845 2312 3900 istos
2357 3844 2619 3912 salvaret,
2666 3848 2725 3898 et
2775 3848 2914 3897 tunc
2978 3857 3080 3914 per
3125 3841 3268 3896 istos
3322 3839 3484 3903 illos,
3532 3832 3711 3887 tametsi

2173 3939 2402 3989 econtra
2427 3933 2682 4004 contigit.
2714 3933 2832 3987 Hoc
2859 3930 3028 3986 etiam
3059 3929 3303 4001 apostoli
3339 3926 3408 3982 ab
3432 3926 3544 3996 ipso

2168 4022 2430 4077 dicebant
2458 4040 2470 4075 :
2499 4040 2525 4074 α
2574 4021 2746 4077 Vobis
2795 4020 3070 4076 suscitans
3133 4019 3342 4073 Filium
3382 4028 3554 4077 suum,

2167 4110 2591 4166 benedicentem
2638 4126 2740 4166 vos
2766 4108 2908 4180 (Act.
2958 4112 3028 4179 in)
3066 4126 3079 4160 :
3113 4112 3174 4162 et
3223 4107 3473 4161 iterum:
3507 4118 3533 4154 ι
3578 4092 3712 4150 Vobis

2167 4217 2354 4256 sermo
2377 4199 2576 4256 salutis
2620 4198 2826 4254 missus
2871 4203 2959 4252 est
2977 4200 3117 4264 (Act.
3164 4197 3299 4275 qn).
3338 4213 3364 4246 ι)
3413 4183 3712 4275 Generosiu-

2167 4296 2284 4345 tem
2300 4290 2392 4344 hic
2399 4287 2646 4344 ostendit
2653 4289 2683 4343 J
2687 4287 2944 4342 udaicam
2962 4287 3182 4341 dicens:
3208 4272 3238 4337 ξι
3255 4283 3337 4340 Ad
3348 4272 3711 4354 propitiandum

488 4378 673 4428 morte
694 4373 1057 4446 tyrannidem
1088 4374 1384 4446 patientes,
1414 4379 1473 4430 et
1496 4375 1765 4442 misertus
1781 4380 1901 4443 est;
1939 4395 1965 4427 (ι
1988 4376 2086 4431 sed
2108 4371 2412 4450 Dpeceatis
2424 4377 2670 4450 populi.»
2684 4377 2918 4432 Interim
2939 4376 3022 4431 sic
3038 4374 3199 4430 dixit.
3223 4372 3370 4438 Quia
3380 4362 3711 4437 enimipseeﬁt

493 4484 519 4516 (ι
550 4463 648 4535 qui
677 4463 1097 4536 propitiaretur,
1127 4463 1329 4535 inquit.
1359 4464 1604 4536 peccatis
1640 4464 1852 4536 populi,
1885 4470 1951 4520 ut
1985 4465 2089 4520 mi-

493 4569 521 4606 ι
543 4551 781 4606 sericors
808 4554 972 4606 ﬁeret
987 4556 1046 4606 et
1057 4552 1238 4606 ﬁdelis
1247 4553 1526 4620 sacerdos,
1553 4572 1580 4606 »
1612 4551 1745 4625 quid
1763 4559 1852 4607 est
1868 4553 2086 4608 ﬁdelis?

487 4655 672 4706 verus,
715 4646 914 4723 potens
957 4660 968 4695 :
1017 4641 1323 4696 sacerdotis
1382 4642 1533 4696 enim
1570 4641 1754 4697 ﬁdelis
1781 4647 1867 4697 est
1921 4659 2084 4714 posse

485 4743 582 4783 eos
621 4744 860 4800 quorum
900 4735 987 4784 est
1041 4730 1302 4785 sacerdos
1344 4729 1586 4786 liberare
1632 4747 1668 4785 a
1694 4731 1955 4803 peccatis.
2009 4733 2086 4788 Ut

489 4833 624 4889 ergo
652 4817 851 4873 offerat
877 4819 1215 4874 sacriﬁcium
1247 4819 1397 4891 quod
1436 4819 1743 4892 possitJios
1787 4821 2080 4887 mundare,

486 4910 718 4979 propter
740 4905 848 4960 hoc
866 4905 1046 4960 factus
1088 4913 1176 4962 est
1220 4908 1392 4963 homo
1437 4913 1497 4963 et
1548 4909 1758 4978 intulit,
1813 4927 1840 4961 »
1881 4906 1940 4963 in
1995 4909 2086 4965 his

485 5011 610 5068 quae
637 4999 772 5050 sunt
797 4994 868 5050 ad
886 4994 1087 5063 Deum,
1114 5015 1141 5050 »
1174 4997 1278 5052 hoc
1298 5003 1403 5065 est,
1432 5014 1630 5052 earum
1647 5014 1840 5053 rerum
1879 4999 2082 5069 gratia,

485 5100 609 5155 que
632 5083 921 5156 pertinent
946 5084 1019 5139 ad
1064 5084 1278 5139 Deum:
1320 5085 1624 5158 expugnati
1653 5085 1805 5140 enim
1834 5101 2077 5153 eramus,

484 5171 685 5244 inquit,
716 5173 835 5228 Deo
878 5171 1204 5245 culpabiles,
1236 5172 1559 5229 inhonorati
1591 5192 1625 5242 ;.
1642 5190 1809 5228 nemo
1828 5178 1953 5229 erat
1984 5173 2081 5244 qui

484 5260 711 5316 offerret
726 5278 830 5332 pro
852 5261 1016 5317 nobis
1034 5261 1388 5330 sacriﬁcium,
1413 5263 1556 5318 vidit
1582 5279 1686 5318 nos
1730 5262 1790 5317 in
1838 5262 1926 5317 his
1955 5278 2084 5317 con-

483 5347 712 5404 stitutos
763 5355 822 5404 et
876 5350 1142 5406 misertus
1192 5356 1296 5417 est,
1352 5368 1465 5407 non
1525 5351 1873 5406 constituens
1919 5349 2081 5406 nobis

483 5436 852 5504 sacerdotem,
885 5440 983 5494 sed
1011 5441 1132 5513 ipse
1157 5440 1338 5496 factus
1359 5441 1638 5497 sacerdos.
1666 5461 1689 5493 ι
1741 5441 1807 5496 In
1831 5458 1896 5496 eo
1925 5441 2078 5496 enim

487 5545 511 5577 ι
547 5525 606 5580 in
635 5540 746 5598 quo
792 5541 990 5599 passus
1040 5529 1161 5600 ipse
1184 5534 1458 5599 tentatus,
1497 5535 1697 5607 potens
1725 5535 1812 5584 est
1846 5529 1926 5585 eis
1979 5530 2075 5610 qui

2169 4468 2265 4540 qui
2282 4472 2512 4540 peccata
2537 4465 2791 4521 omnium
2820 4465 3076 4531 dimittit,
3110 4457 3487 4519 manifestavit
3512 4455 3566 4510 in
3586 4463 3712 4524 para-

2166 4539 2354 4628 lytico,
2378 4555 2568 4610 dicens
2601 4573 2614 4608 ε
2653 4571 2680 4606 α
2712 4553 3087 4609 Dimittuntur
3108 4551 3215 4606 tibi
3242 4553 3466 4623 peccata
3487 4551 3594 4607 tua,
3619 4556 3640 4587 ι
3666 4539 3710 4588 ει

2165 4645 2224 4699 in
2246 4641 2750 4717 baptismate,th
2761 4643 2914 4697 enim
2936 4641 3006 4696 ad
3018 4641 3324 4712 discipulos
3345 4651 3489 4692 suos:
3508 4652 3529 4684 ι
3544 4629 3715 4717 Ευιιξεε

2165 4713 2360 4789 docete
2380 4749 2575 4788 omnes
2592 4737 2810 4803 gentes,
2832 4730 3182 4802 baptizantes
3207 4745 3306 4784 eos
3327 4727 3388 4781 in
3411 4719 3616 4780 nomine
3635 4713 3715 4767 Pa.
3818 4726 3819 4795 ξ

2165 4823 2270 4878 tris
2291 4829 2349 4878 et
2360 4823 2505 4890 Filii,
2541 4826 2600 4876 et
2617 4820 2860 4894 Spiritus
2873 4818 3072 4874 sancti.
3095 4837 3121 4869 »
3144 4818 3290 4873 Cum
3317 4817 3503 4873 autem
3527 4814 3715 4894 mem

2167 4911 2604 4985 apprehenderit
2629 4891 2858 4975 ﬁaulus,
2890 4907 3082 4964 omnia
3101 4909 3224 4979 jam
3250 4901 3486 4960 humilia
3507 4891 3715 4966 loquitur
3818 4966 3819 4977 χ

2167 5001 2309 5056 nihil
2335 4999 2644 5055 formidans
2677 5019 2691 5068 ;
2721 4997 2951 5054 attende
2976 4997 3127 5055 enim
3155 4994 3292 5068 quid
3317 4995 3436 5065 jam
3463 4985 3601 5043 dicit.
3818 4992 3819 5009 ‘

2793 5138 3028 5195 CAPUT
3056 5139 3154 5194 III.

2167 5250 2487 5305 Ostenditur
2502 5247 2879 5318 quodﬁloysen
2906 5246 3110 5300 excedit
3126 5244 3398 5305 Christus,
3412 5237 3502 5292 cui
3514 5229 3713 5304 ﬁrmi!”

2711 5323 2785 5372 est
2811 5318 3189 5373 obedientium.

2237 5460 2263 5493 α
2286 5442 2464 5511 Unde,
2512 5443 2715 5497 fratres
2768 5443 2967 5509 sancti,
3011 5437 3319 5496 vocationis
3353 5427 3579 5490 cmlestis
3612 5435 3711 5496 P‘“

2163 5548 2189 5582 ‹‹
2217 5530 2416 5603 ticipes
2444 5531 2793 5587 considerate
2819 5530 3148 5603 Apostolum
3166 5534 3226 5582 et
3249 5523 3561 5600 pontiﬁcem
3608 5525 3712 5566 oon-
