3866 6158
233 259 316 314 7‘29

608 214 1186 346 ENAR‘RATIONUM.
1225 256 1304 310 IN
1342 258 1496 312 EPP.
1540 259 1755 314 PAULI
1794 259 1930 313 LIB.
1973 257 2197 313 XXVII.
2223 257 2383 312 -ΙΝ
2423 256 2643 312 EPIST.
2684 257 2782 312 AD
2823 258 3034 314 HEBR.

3361 262 3463 317 730

232 404 251 433 α
278 379 503 434 fessionis
531 385 733 432 nostra:
762 380 973 443 Jesum,
999 381 1093 450 qui
1124 383 1307 437 ﬁdelis
1339 391 1421 439 est
1444 386 1495 437 ei
1532 386 1626 455 qui
1658 385 1789 437 fecit
1804 387 1853 444 A
1877 385 1979 438 Hic
2002 385 2208 438 iterum
2227 385 2593 438 eoshortatur
2613 388 2762 438 stare
2779 385 3000 440 fortiter
3019 394 3072 440 et
3107 405 3218 441 non
3247 389 3461 443 subrui.

230 496 247 521 ς
278 472 432 527 illum.
466 469 605 520 sicut
626 474 683 520 et
710 469 931 539 Moyses
958 469 1018 522 in
1048 473 1199 525 omni
1228 474 1394 527 domo
1422 474 1593 527 illius.
1615 495 1636 524 ι
1673 475 1756 527 A‘d

229 562 314 614 huc
340 558 494 611 etiam
524 558 592 610 de
622 557 1027 612 incarnationis
1056 560 1264 615 Christi
1294 563 1544 633 loquitur
1576 568 1787 634 myste-

224 650 307 703 rio.
329 649 460 701 Nam
490 648 545 700 in
576 647 873 716 Evangelia
896 648 1014 718 ipse
1045 655 1289 704 testatur
1317 670 1375 706 se
1407 652 1641 706 missum
1675 669 1788 706 non

228 756 325 792 esse
344 737 442 789 nisi
471 736 539 788 ad
570 752 699 788 oves
726 737 975 806 perditas
1008 740 1222 802 (Matth.
1248 740 1450 809 x),hoc
1472 742 1790 807 est,domus

226 827 387 881 Israel.
417 828 700 901 Apostolus
727 825 899 895 igitur
929 827 1139 895 Greece,
1170 830 1367 884 Latine
1416 835 1617 885 nu‘ssus
1657 832 1791 885 dici-

226 923 317 969 tur.
349 914 669 983 Cognoscite
701 914 835 985 quid
865 922 951 969 est
998 919 1159 971 Jesus
1209 921 1466 973 sacerdos
1505 926 1561 974 et
1587 920 1784 992 qualis.

222 1010 390 1062 etnon
416 1003 635 1057 habetis
667 1020 807 1075 Opus
836 1007 1216 1061 consolatione
1258 1010 1387 1075 alia,
1422 1027 1602 1080 neque
1639 1012 1787 1063 sola-

219 1097 299 1149 tio.
329 1093 648 1148 Pontiﬁcem
669 1094 819 1147 enim
852 1112 977 1149 eum
1010 1097 1152 1151 dixit
1182 1098 1541 1152 confessionis
1561 1106 1783 1165 nostrae,

225 1185 266 1238 id
293 1188 367 1237 est
394 1182 523 1235 ﬁdei
552 1188 777 1247 nostrae,
813 1185 899 1238 cui
930 1185 1034 1239 iste
1066 1188 1302 1257 populus
1332 1205 1505 1241 novus
1535 1189 1789 1242 commis—

223 1290 298 1326 sus
325 1280 419 1331 est,
443 1272 591 1325 sicut
608 1278 666 1325 et
694 1273 871 1343 Moysi
901 1274 1302 1345 priorpopulus
1330 1276 1385 1329 in
1414 1278 1665 1346 regimen
1694 1278 1789 1330 da-

218 1368 290 1415 tus
318 1368 408 1423 est,
428 1361 525 1414 sed
556 1361 687 1415 huic
721 1363 940 1431 majora
966 1364 1053 1416 vel
1085 1365 1250 1434 longe
1267 1365 1499 1419 meliora
1528 1356 1788 1420 commis-

217 1468 264 1504 sa
290 1458 425 1504 sunt.
464 1450 603 1503 Vult
632 1451 783 1504 enim
835 1451 1033 1505 beatus
1067 1454 1274 1507 Paulus
1320 1455 1534 1525 erigere
1574 1456 1790 1509 animos

217 1540 571 1593 lsraelitarum
600 1540 667 1592 ad
696 1541 1080 1595 excellentiam
1109 1543 1544 1613 promissionum
1578 1546 1696 1609 Dei,
1727 1552 1793 1599 ut

217 1630 396 1682 intente
426 1636 633 1698 parent
668 1646 726 1682 se
758 1631 1008 1700 accipere
1040 1632 1185 1701 quod
1218 1633 1367 1687 Deus
1414 1633 1650 1703 benigne
1681 1634 1792 1689 illis

1871 475 2081 527 Domus
2107 475 2309 545 quippe
2336 474 2435 527 Dei
2458 474 2670 527 erimus
2694 476 2741 527 si
2773 476 3036 529 ﬁduciam
3057 478 3174 547 spei
3194 484 3251 531 et
3274 480 3466 548 gloriae

1868 580 2044 634 usque
2074 562 2131 616 in
2160 565 2327 616 ﬁnem
2368 564 2589 616 ﬁrmam
2613 564 3285 623 retineamusBenedixit
3320 568 3466 621 ﬁdu-

1869 652 2009 706 ciam
2034 653 2151 722 spei
2174 652 2671 722 nostrze,quoniam
2695 654 2883 707 omnia
2906 654 3050 708 bona
3073 656 3352 709 sanctisin
3364 657 3467 710 hac

1870 742 1984 794 vita
2006 742 2061 794 in
2078 758 2176 812 spe
2189 742 2521 807 sunt,donec
2540 742 2607 794 ad
2622 742 2861 812 speciem
2876 745 3204 813 perveniant
3214 744 3468 815 perfectas.

1871 830 2262 884 beatitudinis:
2281 850 2301 881 ι
2331 832 2439 900 Spe
2456 831 2605 883 enim
2629 832 2766 884 salvi
2779 832 2907 885 facti
2927 850 3121 887 sumus
3139 835 3309 900 (Rom.
3325 838 3420 901 ix);
3439 856 3461 886 »

1869 919 2018 973 bona
2046 920 2196 973 enim
2218 937 2339 990 quae
2370 920 2526 973 nobis
2555 920 2830 990 promissa
2859 927 3008 986 sunt,
3042 922 3102 976 in
3131 923 3234 976 hac
3263 924 3468 994 poenali

1870 1009 1983 1062 vita
2010 1009 2216 1062 habere
2248 1026 2359 1062 non
2389 1026 2704 1079 possumus,
2738 1011 2846 1063 DlSl
2872 1010 2929 1064 in
2973 1028 3069 1081 spe
3100 1017 3157 1065 et
3184 1012 3337 1066 illam
3366 1030 3468 1084 pa-

1870 1098 2080 1151 tienter
2108 1104 2511 1168 eXSpcctantes,
2549 1115 2724 1168 usque
2757 1100 2826 1152 ad
2859 1101 3027 1153 ﬁnem
3056 1103 3296 1154 ﬁrmam.
3430 1100 3435 1141 ἶ

1946 1207 1969 1237 ‹
2008 1188 2382 1257 Quapropter,
2421 1187 2565 1240 sicut
2589 1187 2725 1241 dicit
2753 1188 2996 1258 Spiritus
3046 1195 3270 1244 sanctus
3300 1192 3464 1257 (PsaI.

1875 1296 1898 1327 α
1934 1280 2078 1344 xuiv)
2101 1295 2110 1327 :
2137 1276 2315 1329 Hodie
2346 1276 2393 1328 si
2412 1293 2600 1329 vocem
2623 1278 2744 1346 ejus
2765 1278 3075 1345 audieritis,
3096 1279 3268 1332 nolite
3296 1279 3468 1333 obdu-

1875 1384 1901 1419 α
1929 1382 2055 1418 rare
2082 1366 2249 1418 corda
2281 1370 2468 1419 vestra
2497 1385 2509 1432 ;
2540 1366 2684 1419 sicut
2710 1366 2768 1419 in
2800 1367 3218 1421 exacerbatione
3270 1385 3468 1423 secun-

1878 1474 1902 1506 «
1933 1455 2065 1508 dum
2090 1454 2240 1507 diem
2269 1455 2599 1508 tentationis
2626 1455 2684 1507 in
2711 1455 2952 1519 deserto,
2988 1456 3083 1509 ubi
3111 1463 3472 1512 tentaverunt

1864 1562 1904 1597 ί‹‹
1937 1561 2027 1597 me
2059 1550 2245 1614 patres
2270 1544 2458 1604 vestri,
2503 1537 2880 1614 probaverunt
2921 1551 2977 1597 et
3005 1545 3265 1599 viderunt
3301 1564 3472 1617 opera

1879 1652 1903 1685 ί(
1939 1650 2063 1686 mea
2080 1633 2453 1702 quadraginta
2474 1633 2671 1685 annis:
2708 1640 2937 1703 propter
2958 1636 3105 1704 quod
3126 1635 3375 1688 infensus
3391 1636 3471 1689 fui

214 1717 436 1787 promisit
464 1718 691 1781 afferre,
740 1719 1037 1773 nominans
1069 1738 1162 1774 eos
1191 1722 1394 1776 fratres
1424 1724 1781 1777 charissimos
1801 1706 1847 1765 B
1874 1740 1900 1773 «
1932 1722 2282 1791 generationi
2305 1722 2524 1781 huic,et
2553 1722 2665 1774 dixi
2688 1763 2699 1788 ,
2726 1724 2959 1793 Semper
2984 1724 3039 1775 hi
3062 1729 3255 1777 errant
3282 1725 3469 1779 corde.

216 1806 271 1859 ad
293 1807 533 1860 caelestia
560 1812 803 1871 vocatos,
834 1809 1134 1880 participes
1182 1828 1308 1864 cum
1358 1812 1579 1865 Christo
1610 1814 1786 1866 heure-

216 1896 378 1948 ditatis
403 1896 527 1955 Dei,
563 1896 659 1966 qui
688 1897 867 1950 ﬁdelis
891 1898 962 1963 ei,
996 1899 1050 1951 id
1085 1903 1187 1961 est,
1222 1901 1338 1953 Deo
1359 1902 1511 1955 Patri
1534 1902 1629 1971 qui
1659 1902 1789 1955 fecit

216 2001 341 2037 eum.
375 1985 450 2038 De
495 1986 853 2039 humanitate
893 1987 1025 2040 dicit
1059 1989 1200 2058 ejus,
1231 1990 1326 2060 qui
1368 1992 1547 2044 factus
1593 1996 1678 2043 est
1723 2008 1787 2044 ex

215 2074 401 2126 semine
430 2074 607 2127 David
640 2075 948 2129 secundum
978 2094 1226 2142 carnem,
1260 2095 1371 2132 non
1400 2080 1468 2132 de
1497 2080 1788 2133 divinitate

215 2178 317 2233 qua:
344 2163 483 2216 facta
518 2179 633 2216 non
666 2169 769 2229 est,
822 2166 918 2218 sed
974 2167 1167 2235 genita
1195 2185 1229 2220 a
1268 2175 1428 2239 patre
1458 2170 1625 2223 unius
1655 2169 1787 2222 sub-

214 2253 406 2305 stantiae
436 2270 571 2306 cum
612 2270 697 2306 eo.
730 2272 753 2303 «
779 2240 950 2308 'Sicut
989 2256 1229 2327 Moyses,
1264 2258 1361 2323 ait,
1394 2258 1575 2311 ﬁdelis
1615 2264 1700 2312 est
1732 2260 1789 2312 in

214 2338 477 2395 domosua.
501 2362 527 2393 ‹
548 2341 960 2412 Praepositurus
981 2360 1107 2397 eum
1130 2346 1309 2415 Moysi
1330 2347 1634 2400 secundum
1647 2364 1793 2401 com-

207 2431 525 2498 parationem
562 2432 620 2484 in
652 2432 774 2501 lege
798 2433 1280 2497 sacerdotii,hunc
1301 2437 1795 2491 sermonemindu-

214 2517 293 2580 xit,
322 2536 578 2573 asserens
606 2537 734 2574 eum
760 2522 981 2574 ﬁdelem
1010 2540 1130 2576 esse
1178 2524 1238 2577 in
1278 2524 1443 2578 domo
1483 2542 1618 2579 sua:
1654 2527 1792 2580 ﬁde-

208 2607 385 2669 lem,id
415 2616 501 2662 est
534 2609 1227 2675 devotum,defendentem
1256 2630 1321 2666 ea
1353 2630 1472 2684 quae
1506 2617 1789 2684 suntejus,

208 2711 300 2749 non
325 2698 746 2767 permittentem
791 2702 1094 2772 corrumpi,
1112 2719 1234 2772 qua:
1260 2703 1460 2756 domus
1476 2720 1577 2756 nos
1598 2721 1793 2758 sumus

209 2784 330 2838 sicut
353 2787 407 2839 in
432 2788 911 2857 consequentibus
959 2789 1110 2843 dicit.
1159 2791 1315 2845 Sicut
1348 2792 1570 2862 Moyses
1612 2793 1793 2846 ﬁdelis

209 2872 297 2926 fuit
321 2876 373 2928 in
398 2876 574 2929 domo
603 2893 723 2941 sua,
758 2878 814 2930 id
836 2885 938 2941 est,
971 2880 1177 2949 populo
1206 2880 1430 2950 'priore;
1471 2881 1791 2934 confestim-

210 2979 298 3032 que
324 2972 656 3018 consecutus
685 2967 931 3020 ostendit
952 2968 1231 3037 quomodo
1262 2969 1462 3023 domus
1496 2970 1648 3024 illius
1671 2988 1793 3024 esse

210 3051 504 3121 debeamus;
544 3054 628 3107 ait
649 3055 797 3108 enim
824 3075 834 3107 :
882 3076 903 3105 ι
939 3057 1074 3120 Quae
1094 3057 1295 3111 domus
1315 3075 1510 3112 sumus
1539 3076 1640 3112 nos
1669 3059 1715 3113 si
1732 3061 1793 3112 ﬁ-

212 3140 405 3197 duciam
436 3150 494 3198 et
524 3144 771 3213 gloriam
802 3145 919 3215 spei
950 3162 1128 3215 usque
1161 3146 1231 3199 ad
1262 3148 1431 3200 ﬁnem
1464 3149 1683 3201 ﬁrmam
1713 3165 1797 3201 re-

210 3230 479 3298 tineamus,
504 3254 532 3285 1)
555 3233 690 3303 quia
707 3254 729 3284 ι
750 3234 854 3297 Qui
869 3236 1309 3304 perseveraverit
1332 3252 1507 3306 usque
1528 3237 1587 3290 in
1602 3238 1792 3303 ﬁnem,

212 3318 283 3372 hic
310 3323 486 3376 salvus
533 3323 647 3375 erit
678 3341 704 3374 ν
742 3325 958 3390 (Matth.
1006 3342 1057 3381 κ.
1096 3327 1265 3393 xxxv).
1309 3325 1607 3379 Dominum
1646 3328 1798 3380 enim

209 3408 322 3463 dicit
346 3429 443 3481 pro
472 3413 570 3465 liis
604 3413 698 3482 qui
731 3418 1106 3467 convocantur
1152 3414 1210 3467 in
1260 3414 1518 3468 Ecclesia.
1577 3416 1793 3484 Intulit,

215 3515 233 3545 ί
260 3496 347 3551 Dei
376 3500 585 3554 domus
614 3510 810 3554 sdmus
838 3519 960 3565 nos,
990 3521 1014 3554 ι
1039 3503 1092 3555 id
1131 3508 1232 3567 est,
1259 3503 1475 3557 factura
1493 3504 1593 3557 Dei
1623 3504 1794 3557 creati

1874 1830 1897 1862 ι
1933 1811 2043 1881 Ipsi
2075 1816 2265 1863 autem
2298 1827 2409 1863 non
2441 1818 2820 1879 cognoverunt
2847 1812 2963 1865 vias
2984 1813 3472 1883 meas,quibusju-

1880 1920 1901 1949 α
1933 1899 2049 1952 ravi
2082 1900 2139 1951 in
2170 1899 2251 1952 ira
2278 1916 2423 1963 mea,
2452 1900 2497 1952 si
2523 1898 2836 1953 introibunt
2864 1900 2921 1953 in
2944 1902 3196 1971 requiem
3228 1919 3468 1955 meam.»

1870 1990 2113 2042 Locutus
2144 1993 2230 2041 est
2250 1987 2447 2041 beatus
2467 1989 2767 2058 Apostolus
2787 1989 2855 2041 de
2872 2006 2968 2059 spe
2990 1990 3045 2043 in
3066 1991 3468 2061 superioribus,

1871 2078 2006 2148 quia
2034 2082 2257 2147 oportet
2284 2094 2396 2131 non
2416 2094 2641 2148 sperare
2675 2094 2798 2147 quae
2828 2078 3020 2131 futura
3049 2085 3183 2132 sunt
3216 2099 3226 2132 :
3265 2100 3285 2129 ε
3335 2081 3472 2150 Spes

1871 2166 2020 2220 enim
2050 2184 2171 2236 qua:
2199 2166 2421 2220 videtur
2449 2184 2561 2219 non
2592 2172 2675 2220 est
2705 2183 2831 2236 spes
2866 2168 3036 2232 (Rom.
3066 2168 3198 2234 Ix).»
3224 2168 3474 2222 Historia

1872 2272 2003 2309 vero
2032 2272 2202 2326 quam
2227 2257 2503 2326 propheta
2535 2256 2622 2308 hic
2654 2261 2995 2309 rememorat
3014 2256 3307 2309 notissima
3336 2264 3422 2311 est
3456 2277 3465 2311 :

1874 2362 2001 2399 cum
2024 2345 2171 2398 enim
2195 2345 2405 2414 egressi
2430 2350 2617 2397 essent
2637 2344 2705 2397 de
2722 2350 2875 2397 terra
2903 2345 3149 2415 Egypti,
3173 2352 3227 2399 et
3239 2346 3475 2400 multam

1874 2435 2020 2488 viam
2054 2433 2557 2505 perambulassent,
2593 2439 2649 2486 et
2679 2434 2857 2487 multa
2887 2434 3093 2487 indicia
3120 2434 3343 2488 virtutis
3374 2436 3475 2489 Dei

1875 2524 2237 2593 accepissent,
2272 2523 2330 2576 in
2359 2523 2617 2592 iEgypto,
2652 2523 2711 2575 in
2742 2522 2884 2575 mari
2934 2523 3144 2587 Rubro,
3178 2523 3237 2576 in
3266 2540 3474 2592 eremo,

1874 2612 2169 2665 consilium
2192 2611 2445 2666 fecerunt
2465 2610 2687 2664 mittere
2699 2612 3197 2682 speculatores,qui
3211 2612 3482 2667 deberent

1876 2700 2147 2771 inspicere
2168 2706 2429 2753 naturam
2459 2706 2623 2753 terrae
2654 2717 2777 2770 quae
2797 2701 3078 2770 promissa
3123 2708 3209 2754 est
3237 2702 3317 2754 eis
3353 2720 3363 2754 :
3400 2702 3480 2755 illi

1874 2806 2004 2843 vero
2018 2794 2314 2859 pergentes
2331 2789 2537 2841 reversi
2548 2794 2698 2855 sunt,
2722 2795 2934 2842 terram
2958 2789 3183 2859 quidem
3202 2790 3367 2843 valde
3378 2790 3482 2843 mi-

1875 2885 2085 2947 rantes,
2108 2880 2381 2949 majorem
2419 2878 2702 2931 fructuum
2721 2879 3151 2948 procreatricem
3185 2895 3306 2932 esse
3329 2879 3479 2932 dice-

1876 2966 2033 3031 bant,
2059 2969 2155 3021 sed
2172 2968 2417 3021 virorum
2432 2966 2921 3037 inexpugnabilem
2935 2984 3055 3020 esse
3071 2967 3227 3020 illam
3253 2968 3479 3037 provin-

1878 3056 2021 3109 ciam
2051 3062 2107 3109 et
2133 3057 2382 3109 fortium.
2414 3056 2682 3110 Israelita:
2714 3072 2843 3109 vero
2874 3055 3081 3126 ingrati
3104 3061 3161 3109 et
3185 3057 3476 3122 insensati,

1879 3163 2018 3216 quos
2040 3145 2333 3216 oportebat
2351 3150 2413 3199 ut
2434 3145 2864 3198 recordarentur
2884 3152 3169 3199 tantorum
3194 3146 3296 3198 Dei
3317 3145 3482 3199 bene-

1880 3235 2153 3298 ﬁciorum,
2191 3246 2246 3286 ei.
2272 3235 2549 3304 quomodo
2582 3251 2676 3287 eos
2708 3236 3001 3287 conclusos
3031 3234 3089 3287 in
3121 3234 3305 3287 medio
3334 3235 3479 3288 tanti

1883 3324 2159 3377 exercitus
2180 3323 2571 3394 Egyptiorum
2588 3323 2795 3393 eripuit
2813 3324 2881 3376 de
2904 3323 3185 3393 periculis,
3205 3329 3262 3376 et
3289 3324 3482 3377 ﬂuvio-

1881 3430 2005 3467 rum
2037 3414 2217 3466 fontes
2230 3412 2349 3465 sine
2370 3412 2587 3465 defectu
2612 3412 2856 3476 donavit,
2881 3418 2937 3465 et
2960 3429 3169 3466 manna
3196 3411 3410 3473 tribuit,
3426 3419 3483 3467 et

1879 3503 1987 3555 alia
2008 3502 2281 3554 miracula
2297 3518 2419 3571 quae
2436 3507 2699 3571 operatus
2717 3507 2803 3553 est
2822 3501 2993 3562 eis,ut
3017 3502 3306 3554 crederent
3334 3503 3476 3555 Deo:

209 3585 255 3638 in
269 3587 478 3643 Christo
509 3591 541 3643 J
548 3606 669 3643 esu.
706 3591 823 3643 Hoc
854 3608 1030 3661 usque
1060 3592 1537 3661 comparationem
1566 3593 1698 3646 fecit
1725 3594 1794 3647 de
1877 3591 1954 3643 illi
1985 3596 2178 3643 autem
2209 3606 2311 3642 nec
2340 3590 2455 3643 Deo
2488 3589 2865 3651 crediderunt,
2894 3580 2997 3641 nec
3027 3589 3227 3642 horum
3261 3590 3472 3659 aliquid

208 3672 573 3732 incarnatione
598 3679 807 3733 Christi
830 3696 956 3733 cum
980 3680 1194 3751 Moysi:
1222 3680 1423 3733 dehinc
1437 3699 1495 3733 se
1508 3682 1579 3734 ad
1592 3682 1796 3735 altiora
1878 3678 2238 3732 rememorati
2287 3685 2437 3741 sunt,
2471 3679 2565 3731 sed
2606 3677 2808 3730 timore
2840 3677 3126 3747 perterriti
3171 3677 3429 3731 dixerunt
3462 3698 3474 3731 :

209 3764 307 3833 ejus
333 3767 627 3821 narranda
679 3769 969 3831 convertit,
996 3769 1214 3822 dicens:
1238 3787 1262 3819 «
1296 3770 1600 3840 Amplioris
1644 3770 1795 3823 enim
1883 3788 1904 3817 ί
1946 3768 2313 3821 Revertamur
2344 3767 2397 3820 in
2430 3766 2752 3836 1Egyptum.
2781 3784 2805 3816 »
2831 3766 2981 3818 Deus
3010 3765 3184 3835 igitur
3205 3766 3382 3819 iratus
3400 3768 3480 3819 eis

214 3869 233 3897 α
258 3853 434 3920 gloria;
459 3857 573 3911 iste
593 3874 706 3927 prae
726 3857 909 3928 Moysi
926 3857 1128 3927 dignus
1150 3858 1376 3911 habitus
1399 3864 1502 3923 est,
1522 3865 1796 3929 quantum
1880 3856 2012 3927 quia
2040 3856 2120 3909 sic
2148 3855 2305 3908 obliti
2336 3855 2565 3909 fuerunt
2603 3854 3003 3907 beneﬁciorum
3046 3854 3146 3907 Dei
3177 3854 3482 3912 mirabilio-

216 3960 232 3987 ι
255 3945 581 4014 ampliorem
597 3945 866 4000 honorem
885 3947 1034 4000 enim
1046 3946 1445 4011 habetdomus,
1464 3948 1799 4018 quifabrica-
1880 3961 2119 4015 rumque
2137 3945 2278 4013 ejus,
2293 3943 2505 4014 juravit
2524 3948 2587 3997 ut
2604 3960 2715 3996 non
2738 3942 2978 3996 intraret
2996 3942 3285 4012 generatio
3306 3943 3404 3996 illa
3424 3944 3481 3997 in

215 4046 233 4077 ι
246 4030 314 4083 vit
324 4032 472 4087 illam
491 4035 541 4087 ξ»
551 4035 677 4087 Non
692 4034 830 4088 dixit
841 4042 1050 4104 quanto
1063 4037 1336 4105 majorem
1349 4035 1797 4090 habethonorem
1881 4034 2132 4104 requiem
2157 4032 2493 4103 promissam
2510 4032 2642 4086 olim
2654 4032 2991 4102 patribus,et
3011 4032 3091 4085 sic
3103 4048 3297 4085 omnes
3308 4032 3483 4102 perie-

212 4117 270 4170 ab
299 4122 560 4191 operibus
591 4123 808 4187 artifex,
844 4124 939 4177 sed
962 4142 1131 4195 quam
1172 4126 1372 4178 domus
1403 4124 1498 4194 qui
1529 4126 1801 4179 construit
1881 4129 2015 4176 runt
2036 4123 2092 4176 in
2113 4128 2542 4192 cremo,prmter
2565 4122 2705 4175 duos
2725 4120 3279 4175 tantummodo.Tres
3294 4121 3483 4191 itaque

216 4210 531 4264 eam.V'ides
546 4212 813 4282 quoniam
839 4230 949 4265 non
966 4214 1034 4266 de
1050 4214 1260 4284 templo
1279 4212 1541 4277 dicit,sed
1556 4214 1624 4265 de
1646 4213 1799 4267 omni
1883 4213 2105 4282 requies
2133 4212 2436 4282 Apostolus
2466 4218 2744 4264 memorat
2774 4211 2831 4264 in
2862 4211 2966 4263 hac
2995 4210 3243 4280 Epistola
3268 4229 3278 4262 :
3313 4226 3483 4263 unam

215 4298 396 4366 populo
418 4300 610 4370 primo
636 4301 861 4370 quidem
894 4302 1111 4372 Moyses
1133 4302 1201 4355 de
1233 4302 1473 4372 rEgypto
1503 4302 1709 4367 eduxit,
1744 4308 1801 4355 et
1818 4340 1866 4398 D
1882 4300 2120 4367 sabbati,
2152 4301 2543 4371 quaDominus
2563 4300 2835 4398 requievit
2853 4299 2922 4351 ab
2949 4298 3210 4398 operibus
3227 4298 3369 4351 suis:
3393 4315 3482 4395 se-

217 4383 394 4440 deinde
425 4389 497 4442 de
528 4406 598 4442 eo
629 4406 797 4459 quem
828 4391 1084 4444 Christus
1128 4392 1197 4444 de
1246 4390 1519 4444 diabolica
1546 4383 1864 4445 liberavit"
1883 4390 2120 4443 cundam
2140 4390 2197 4443 in
2214 4386 3250 4457 Palaestinaﬁnquaingressilsraelitze
3270 4386 3487 4455 requie-

215 4474 482 4543 servitute,
499 4478 721 4549 sibique
736 4480 793 4533 in
817 4480 1042 4534 domum
1058 4480 1369 4551 acquisivit.
1390 4500 1415 4531 «
1432 4480 1627 4534 Omnis
1639 4497 1798 4534 nam-
1882 4479 1995 4533 turi
2014 4485 2175 4533 erant
2186 4496 2249 4533 ex
2270 4478 2499 4531 miseria
2510 4478 2689 4530 multa
2704 4482 2760 4529 et
2784 4474 3088 4541 laboribus;
3106 4474 3486 4544 tertiam,quae

218 4578 236 4605 ρ
268 4579 366 4631 que
393 4566 601 4621 domus
630 4567 934 4622 fabricatur
963 4568 1033 4621 ab
1066 4569 1275 4639 aliquo,
1294 4569 1389 4639 qui
1406 4574 1594 4622 autem
1611 4566 1801 4623 omnia
1883 4585 2013 4621 vera
2032 4574 2116 4622 est
2136 4568 2378 4638 requies,
2402 4567 2505 4620 hoc
2530 4572 2630 4627 est,
2650 4581 2885 4633 regnum
2908 4562 3282 4627 ccelorum,ad
3314 4579 3484 4632 quam

219 4666 240 4699 ε
267 4655 485 4719 creavit,
503 4658 655 4710 Deus
670 4662 774 4709 est.
798 4678 823 4709 ιι
841 4658 942 4710 Hic
958 4658 1497 4711 factoremafactura
1512 4658 1797 4720 discernit,
1884 4673 2023 4727 quos
2044 4656 2332 4727 pervenire
2353 4654 2668 4723 contigerit,
2692 4653 2749 4705 in
2778 4669 2891 4723 qua
2914 4668 3106 4706 revera
3127 4650 3489 4721 requiescunt

218 4742 493 4814 utriusque
507 4746 637 4798 dom
646 4747 889 4799 usDeum
902 4753 1185 4800 auctorem
1200 4763 1320 4800 esse
1336 4746 1574 4815 intelligi
1588 4747 1796 4800 volens.
1884 4762 1918 4798 a
1934 4744 2217 4798 laboribus
2238 4750 2293 4796 et
2314 4742 2739 4796 difﬁcultatibus
2756 4742 2968 4805 suis,de
2983 4757 3094 4811 qua
3110 4740 3202 4794 hic
3213 4740 3489 4811 pr0pheta

216 4828 309 4881 Sed
324 4833 487 4886 aliter
509 4835 679 4899 illius,
701 4835 791 4888 cui
811 4836 1031 4906 Moyses
1073 4836 1312 4906 praefuit,
1337 4836 1503 4889 aliter
1530 4835 1680 4889 illius
1713 4836 1802 4889 cui
1884 4833 2137 4903 loquitur
2154 4832 2223 4885 ad
2245 4849 2403 4885 veros
2434 4830 2720 4885 Israelitas
2743 4831 2934 4884 dicens
2959 4848 2968 4882 :
2989 4848 3009 4881 (‹
3030 4829 3210 4883 Hodie
3224 4829 3271 4881 si
3296 4845 3486 4882 vocem

219 4917 457 4975 Christus
473 4923 587 4975 dux
602 4928 749 4976 esset
771 4930 827 4977 et
843 4924 1115 4977 Dominus
1128 4926 1507 4995 cognoscitur;
1532 4925 1657 4977 ideo
1669 4924 1801 4977 sub-
1884 4924 1932 4992 ej
1941 4939 2005 4975 us
2027 4921 2338 4987 audieritis,
2361 4938 2430 4974 ne
2455 4920 2742 4973 obduretis
2762 4920 2929 4973 corda
2940 4925 3144 4982 vestra,
3158 4938 3179 4970 ξ)
3194 4935 3264 4971 ne
3281 4917 3487 4970 similia

217 5015 420 5063 secutus
451 5012 535 5064 ait
561 5030 570 5064 :
600 5032 628 5062 α
654 5013 723 5066 Et
742 5014 961 5084 Moyses
979 5013 1204 5083 quidem
1236 5014 1416 5067 ﬁdelis
1451 5019 1573 5066 erat
1594 5014 1653 5066 in
1682 5019 1803 5066 tota
1882 5011 2389 5082 patiamini,qualia
2404 5015 2789 5080 progenitores
2805 5007 3135 5078 vestripassi
3147 5011 3281 5060 sunt
3295 5012 3351 5058 et
3373 5007 3485 5075 pri-

219 5110 240 5143 ε
269 5095 427 5152 domo
438 5102 490 5169 ej
500 5116 565 5153 us
584 5108 853 5171 tanquam
876 5102 1188 5155 famulusin
1203 5102 1590 5156 testimonium
1607 5119 1801 5156 eorum
1882 5101 1995 5155 vati
2014 5106 2147 5153 sunt
2165 5100 2358 5170 requie
2379 5099 2680 5169 promissa:
2707 5097 3006 5167 aliquando
3018 5096 3167 5149 enim
3186 5094 3487 5148 audierunt

221 5199 237 5229 ι
261 5199 376 5251 quae
398 5188 639 5244 dicenda
653 5196 845 5244 erant:
877 5191 1133 5245 Christus
1146 5208 1276 5245 vero
1297 5196 1569 5261 tanquam
1583 5191 1797 5246 ﬁliusin
1882 5196 2072 5261 patres
2101 5189 2269 5242 vestri
2298 5204 2487 5241 vocem
2518 5187 2669 5239 illius
2709 5202 2810 5257 per
2854 5187 3084 5255 Moysen
3118 5189 3176 5237 et
3225 5181 3484 5236 obdurati

223 5289 240 5318 ι
262 5270 420 5329 domo
443 5295 567 5343 sua,
592 5297 713 5350 quae
761 5280 959 5334 domus
1005 5297 1200 5334 sumus
1221 5297 1342 5345 nos,
1362 5280 1408 5333 si
1452 5281 1712 5335 ﬁduciam
1746 5288 1803 5335 et
1884 5286 2048 5347 sunt;
2079 5296 2211 5346 ergo
2238 5283 2374 5331 tunc
2416 5292 2516 5347 per
2544 5292 2856 5346 praeconem
2886 5275 3103 5326 locutus
3133 5278 3238 5337 est,
3260 5272 3485 5342 quando

219 5377 235 5405 '
258 5362 493 5428 gloriam
518 5369 629 5438 spei
653 5387 830 5440 usque
851 5370 919 5423 ad
944 5370 1113 5423 ﬁnem
1128 5370 1351 5423 ﬁrmam
1372 5370 1733 5423 retineamus.
1771 5391 1793 5421 ι
1881 5368 2199 5424 obdurastis
2218 5366 2384 5421 corda
2397 5370 2707 5435 vestra.per
2722 5381 2781 5416 se
2804 5379 2951 5416 nunc
2972 5362 3238 5433 loquitur,
3255 5360 3483 5414 molles-

218 5444 315 5502 Ῑεῑε
334 5462 549 5521 autem,
572 5458 625 5511 id
649 5466 751 5523 est,
775 5460 801 5512 J
808 5476 907 5512 esu
926 5459 984 5513 in
1001 5464 1266 5531 paternas
1285 5475 1376 5512 res
1391 5458 1534 5512 sicut
1551 5459 1795 5512 ﬁliusin-
1877 5464 2008 5511 cant
2035 5456 2206 5510 corda
2232 5462 2416 5509 vestra
2440 5473 2451 5520 ;
2488 5453 2583 5523 qui
2632 5468 2913 5523 praecones
2945 5457 3073 5505 ante
3125 5468 3185 5504 se
3221 5450 3485 5506 mittebat

216 5546 476 5611 greditur,
500 5545 591 5601 ille
604 5548 874 5613 autem,id
896 5555 982 5602 est
1000 5549 1239 5620 Moyses,
1259 5548 1657 5602 sicutfamulus
1670 5548 1791 5601 Dei.
1876 5547 1994 5617 ipse
2022 5545 2211 5598 venire
2258 5545 2549 5623 dignatus}
2569 5547 2672 5608 est,
2706 5557 2802 5594 ore
2849 5556 2951 5594 suo
2979 5540 3069 5593 hic
3095 5540 3347 5610 loquitur
3385 5543 3481 5610 qui
