3848 6164
414 349 508 411 731
1013 349 1076 410 Β.
1117 353 1391 411 RABANI
1428 354 1666 411 MAURI
1701 351 2019 411 ARCHIEP
2055 350 2379 412 MOGUNT.
2423 349 2723 410 OPERUM
2759 351 2938 409 PARS
2974 351 3073 410 III.
3526 363 3607 418 73‘2

411 478 746 550 loquebatur
759 495 859 550 per
879 497 978 534 ora
995 481 1417 552 prophetarum,
1443 482 1510 535 ad
1533 483 1654 552 ejus
1676 497 1806 535 vero
1821 497 2006 534 vocem
2024 481 2074 538 A
2094 482 2196 534 hoc
2223 488 2326 546 est,
2359 479 2708 534 inﬁdelitate.
2741 476 2996 533 Attendis
3011 480 3138 550 quia
3155 481 3426 538 inﬁdelitas
3449 503 3610 556 pecca-

413 568 507 640 qui
539 577 848 638 preconem
880 569 1054 630 misit,
1090 577 1147 624 et
1185 588 1331 624 nunc
1364 588 1464 641 per
1491 588 1550 624 se
1579 571 1802 628 clamat.
1836 569 2007 624 nolite
2089 576 2206 622 tum
2237 569 2387 630 facit,
2435 570 2578 622 sicut
2626 569 2774 621 enim
2817 569 3110 622 inﬁdelitas
3155 571 3432 641 malignam
3474 575 3615 630 vitam

413 656 670 710 claudere
702 657 871 711 corda
899 665 1102 726 vestra,
1126 660 1496 713 recordamini
1518 661 1794 730 quomodo
1829 659 2006 713 obdu-
2090 665 2364 728 procreat,
2383 659 2462 711 sic
2478 657 2646 712 etiam
2671 657 2858 710 anima
2879 659 3095 728 quando
3114 658 3167 711 in
3195 659 3498 730 profundum
3516 681 3615 719 ma-

413 743 520 798 rati
553 749 686 799 sunt
717 753 905 817 patres
935 748 1125 813 vestri,
1152 753 1208 802 et
1226 749 1504 819 quomodo
1531 765 1640 802 non
1671 749 2010 802 introierunt
2089 747 2273 801 lorum
2295 746 2510 800 venerit
2527 747 2838 800 contemnit
2861 765 2871 799 :
2908 751 3256 801 contemnens
3275 755 3444 803 autem
3469 769 3618 822 neque

413 835 471 888 in
499 834 751 904 requiem
782 836 1245 906 promissam,sed
1267 837 1559 892 amaricati
1590 842 2008 891 murmurantes
2091 835 2315 889 credere
2347 836 2578 906 patitur,
2607 841 2672 890 ut
2699 851 2758 889 se
2789 853 2821 889 a
2845 835 3044 890 timore
3075 838 3263 890 mortis
3289 838 3538 910 perpetuae
3561 841 3616 896 li-

412 929 607 977 contra
635 925 812 979 Deum
837 925 1162 996 perierunt;
1196 933 1383 997 patres
1412 928 1580 980 vestri
1611 931 1774 980 erant
1793 926 1887 996 qui
1919 943 2010 996 pe—
2091 924 2264 978 beret.
2301 925 2514 978 Deinde
2555 923 2726 978 infert
2765 925 3063 994 Apostolus
3095 943 3105 977 :
3143 944 3162 971 ά
3198 925 3478 999 Paiticipes
3500 930 3620 984 enim

414 1010 652 1068 rierunt.
672 1013 857 1068 Nolite
869 1014 1080 1068 imitari
1113 1031 1208 1069 eos
1233 1036 1244 1082 ς
1269 1023 1456 1087 patres
1471 1014 1641 1070 vestri
1656 1019 1834 1080 erant,
1852 1015 1948 1069 sed
1963 1016 2008 1068 si
2098 1032 2120 1062 (ι
2155 1013 2360 1067 Christi
2395 1011 2576 1067 effecti
2598 1029 2857 1067 sumus.»
2884 1012 3028 1076 Quid
3057 1021 3158 1080 est,
3182 1015 3456 1086 participes
3477 1018 3622 1072 etiecti

414 1102 616 1156 imitati
675 1119 770 1156 eos
818 1120 928 1157 non
985 1104 1224 1170 fueritis,
1257 1109 1444 1176 patres
1474 1104 1640 1158 vestri
1673 1121 1780 1157 non
1823 1109 2007 1166 erunt,
2094 1119 2286 1155 sumus
2317 1101 2566 1155 Christi?
2595 1101 2996 1172 participamus
3043 1120 3106 1155 ex
3149 1119 3230 1168 eo,
3279 1104 3461 1175 inquit,
3489 1105 3535 1159 id
3559 1113 3625 1160 est

415 1191 667 1262 quamvis
688 1191 756 1246 de
777 1192 858 1245 eis
878 1193 997 1246 nati
1019 1193 1159 1259 sitis,
1187 1194 1424 1246 scientes
1448 1215 1469 1244 ι
1497 1194 1628 1264 quia
1647 1194 1793 1246 Deus
1814 1199 2010 1264 potens
2092 1207 2268 1244 unum
2298 1191 2476 1244 elfccti
2505 1207 2700 1244 sumus
2739 1207 2866 1244 cum
2911 1189 3025 1254 illo,
3058 1191 3320 1262 siquidem
3351 1193 3456 1264 ipse
3492 1201 3627 1266 caput

415 1283 501 1333 est
528 1280 596 1334 de
627 1279 904 1352 lapidibus
935 1281 1207 1336 suscitare
1237 1283 1380 1336 ﬁlios
1412 1282 1648 1336 Abrahae
1684 1285 1826 1352 (Luc.
1862 1289 2004 1350 “1).:
2093 1283 2177 1334 est
2205 1287 2261 1333 et.
2291 1296 2390 1333 nos
2419 1279 2688 1343 membra,
2706 1279 3019 1333 cohaeredes
3049 1286 3104 1333 et
3139 1282 3526 1352 concorporales
3545 1285 3624 1348 illi,

419 1369 806 1440 Quadraginta
841 1390 863 1421 ‹
894 1371 1056 1424 annis
1085 1372 1328 1425 offensus
1359 1369 1435 1424 fui
1460 1371 1806 1440 generationi
1825 1371 2006 1425 huic.»
2092 1369 2396 1422 secundum
2428 1367 2740 1438 Spiritalem
2777 1367 3068 1422 hominem
3114 1371 3208 1440 qui
3249 1375 3451 1424 creatus
3483 1378 3554 1424 est
3582 1369 3629 1425 in

417 1455 608 1513 Multis
638 1460 820 1513 modis
851 1477 946 1513 eos
973 1461 1227 1530 castigat,
1263 1461 1365 1530 ipsi
1395 1468 1584 1514 tamen
1608 1475 1830 1530 semper
1847 1461 2010 1513 corde
2094 1457 2232 1527 ipso.
2266 1474 2292 1509 (ι
2321 1457 2380 1511 Si
2408 1463 2600 1510 tamen
2638 1457 2863 1511 initium
2895 1457 3215 1512 substantiae
3262 1459 3375 1530 ejus
3401 1476 3554 1530 usque
3575 1461 3630 1514 ad

417 1553 764 1602 erraverunt.
799 1549 1186 1618 Quadraginta
1223 1549 1340 1603 dies
1376 1549 1648 1603 Dominus
1698 1549 1754 1602 in
1792 1551 2012 1603 deserto
2094 1543 2263 1599 ﬁnem
2289 1547 2509 1599 firmam
2541 1547 2902 1600 retineamus.
2941 1569 2961 1596 ι
2995 1546 3138 1611 Quid
3176 1549 3259 1601 est
3287 1547 3493 1600 initium
3526 1549 3632 1601 sub-

411 1637 706 1707 jejunavit,
740 1641 804 1691 ut
833 1639 1212 1709 triumpharet
1231 1638 1300 1691 de
1330 1655 1414 1704 eo,
1447 1655 1546 1709 per
1575 1655 1740 1709 quem
1771 1639 1853 1692 illi
1874 1655 2012 1708 qua-
2097 1635 2316 1688 stantia:
2337 1635 2362 1687 ?
2400 1633 2594 1688 Fidem
2629 1635 2908 1704 signiﬁcat
2933 1653 3034 1706 per
3054 1650 3218 1706 quam
3249 1635 3570 1690 subsistimus
3591 1641 3636 1691 et

417 1723 678 1795 draginta
707 1743 882 1780 annos
901 1721 1392 1781 murmu'raverunt
1412 1731 1606 1780 contra
1625 1728 1804 1781 Deum
1821 1727 1878 1780 in
1892 1743 2016 1780 ere--
2096 1725 2212 1777 Deo
2235 1724 2350 1776 nati
2376 1739 2569 1778 sumus
2583 1725 2638 1777 in
2657 1725 2819 1788 ﬁlios,
2843 1732 2900 1778 et
2929 1725 3270 1790 essentiales,
3288 1733 3347 1778 ut
3374 1727 3445 1779 ita
3468 1725 3632 1790 dicam,

417 1831 528 1868 mo.
564 1815 806 1886 Postque
837 1822 1279 1870 consummatam
1299 1817 1356 1869 in
1387 1815 1642 1886 passione
1675 1822 1731 1869 et
1758 1798 2070 1870 resurre-B
2090 1813 2216 1866 facti
2251 1829 2445 1866 sumus
2474 1832 2484 1865 :
2521 1813 2668 1883 quod
2693 1813 3119 1882 diligentissime
3151 1815 3526 1868 observandum
3553 1819 3634 1877 est,

413 1902 595 1958 ctione
625 1907 800 1958 totam
824 1904 1066 1960 victoriae
1107 1905 1348 1974 gloriam
1395 1905 1770 1976 quadraginta
1815 1905 2009 1958 diebus
2091 1919 2162 1955 ne
2177 1901 2756 1970 cujuslibetdoctrinze
2777 1903 2996 1956 macula
3015 1919 3451 1974 corrumpamur;
3472 1903 3636 1956 deinde

410 1992 516 2047 fuit
547 2009 672 2047 cum
712 1993 1014 2064 discipulis,
1067 1999 1369 2065 antequam
1413 1994 1613 2048 cmlum
1663 1995 2006 2047 ascenderet.
2094 1988 2369 2043 subintert
2391 1991 2690 2060 Apostolus
2707 1991 2889 2045 adhuc
2909 1991 3077 2044 hodie
3097 1991 3277 2045 dicere
3298 1993 3446 2060 (Διὸ.)
3475 2011 3497 2043 «
3519 1991 3638 2046 Dum

416 2080 621 2135 Primis
651 2081 1024 2153 quadraginta
1041 2082 1238 2137 diebus
1263 2084 1637 2138 tentationum
1669 2083 1837 2153 hujus
1859 2099 2014 2153 pere-
2095 2079 2324 2143 dicitur,
2344 2078 2546 2149 inquit,
2567 2077 2732 2132 hodie
2754 2079 2800 2132 si
2837 2095 3023 2134 vocem
3043 2083 3164 2150 ejus
3183 2081 3474 2147 audieritis,
3503 2081 3640 2134 nolite

415 2169 748 2240 grinationis
777 2173 1038 2238 ostendit,
1056 2172 1474 2243 posterioribus
1500 2172 1874 2243 quadraginta
1902 2169 2014 2224 die;
2097 2167 2373 2221 obdurare
2395 2169 2564 2221 corda
2577 2175 2779 2234 vestra,
2800 2170 3338 2239 quemadmodumin
3359 2169 3446 2222 illa
3463 2187 3642 2224 exacer-

417 2259 520 2313 bus
550 2261 1007 2326 consolationem,
1034 2278 1202 2332 quam
1225 2262 1402 2315 sancti
1436 2261 1678 2316 habituri
1701 2265 1832 2315 sunt
1851 2261 1907 2313 in
1922 2277 2014 2330 pa-
2097 2255 2322 2310 batione
2347 2277 2367 2307 ι
2385 2273 2563 2328 usque
2582 2275 2606 2310 «
2625 2273 2690 2310 ex
2707 2257 2790 2310 his
2804 2258 2898 2328 qui
2915 2257 3234 2313 audierunt.
3252 2278 3278 2312 ι)
3297 2258 3393 2313 Hic
3403 2276 3517 2312 vero
3529 2261 3642 2329 Apo-

414 2347 543 2403 tria.
578 2349 793 2421 Corpus
824 2351 973 2404 enim
997 2351 1138 2421 ejus,
1171 2351 1225 2404 id
1256 2357 1340 2404 est
1386 2349 1648 2414 Ecclesia,
1679 2367 1901 2404 necesse
1933 2353 2018 2402 est
2098 2346 2274 2398 stolus
2315 2346 2701 2416 propheticum
2745 2345 3133 2402 testimonium
3181 2349 3349 2402 intrat
3391 2347 3642 2419 explanare

418 2439 482 2492 ut
511 2437 827 2492 tentaretur
857 2439 912 2492 in
943 2439 1046 2492 hoc
1077 2439 1292 2503 saeculo,
1331 2440 1428 2493 sed
1460 2457 1570 2492 non
1592 2439 1751 2492 deest
1767 2439 1860 2492 ille
1881 2453 2014 2492 con-
2098 2434 2244 2504 quod
2277 2435 2536 2505 superius
2564 2435 2786 2506 posuit;
2812 2435 2953 2490 dixit
2981 2437 3134 2490 enim
3169 2455 3179 2490 :
3209 2457 3241 2506 ,α
3274 2437 3446 2503 hodie,
3476 2435 3641 2507 inquit,

417 2527 646 2593 solatur,
665 2527 760 2599 qui
788 2527 962 2582 dixit:
1005 2551 1025 2580 α
1062 2529 1198 2582 Ecce
1233 2546 1334 2598 ego
1365 2528 1646 2581 vobiscum
1674 2543 1799 2582 sum
1838 2543 2014 2598 usque
2097 2523 2144 2576 Si
2171 2539 2359 2576 vocem
2382 2525 2504 2593 ejus
2535 2523 2845 2589 audieritis,
2880 2541 2948 2578 ne
2977 2525 3264 2581 obduretis
3299 2527 3456 2580 corda
3477 2531 3642 2578 vestra.

416 2615 486 2668 ad
517 2617 1057 2671 consummationem
1083 2619 1268 2671 saeculi
1296 2617 1508 2685 (Matth.
1531 2621 1738 2686 xxvm).
1769 2637 1790 2667 »
1819 2635 1846 2669 «
1880 2617 2013 2680 Qui-
2099 2611 2243 2665 sicut.
2263 2613 2320 2665 in
2359 2611 2757 2667 amaritudine.
2779 2613 2980 2678 (Joan.)
3013 2615 3262 2679 Quorum
3294 2614 3646 2669 obdmatorum

417 2701 522 2758 bus
545 2705 729 2773 juravi
760 2710 989 2776 propter
1015 2705 1402 2760 inﬁdelitatem
1427 2721 1586 2760 suam
1617 2723 1728 2760 non
1755 2706 2016 2760 introisse
2099 2702 2440 2754 mentionem
2466 2703 2634 2756 facit?
2664 2703 3644 2773 quorumdaminﬁdelium?nonneeo-

417 2791 474 2846 in
524 2794 775 2863 requiem
833 2810 1037 2847 meam.
1079 2793 1306 2864 nLoqui
1363 2797 1541 2848 Deum
1593 2811 1861 2862 magnum
1910 2801 2011 2857 est,
2099 2787 3646 2862 rumquorumcadaveraprostratasuntindeserto?quod

359 2878 368 2889 ’
417 2888 628 2952 quanto
686 2883 865 2952 magis
917 2881 1111 2952 jurare
1143 2901 1154 2935 :
1198 2883 1484 2953 juratione
1532 2884 2013 2938 conﬁrmationem
2097 2878 2246 2931 enim
2273 2879 2408 2932 dicit
2438 2880 2552 2933 tale
2567 2885 2683 2934 est:
2715 2897 2736 2930 at
2765 2881 3081 2935 Audierunt
3103 2884 3160 2936 et
3195 2881 3294 2948 illi,
3314 2882 3502 2952 inquit.
3531 2880 3646 2934 sicut

415 2971 537 3024 ﬁeri
561 2971 753 3025 voluit.
777 2971 886 3025 Per
907 2987 1073 3042 quem
1098 2973 1258 3042 jurat
1277 2973 1427 3026 Deus
1457 2973 1563 3026 nisi
1595 2990 1698 3044 per
1725 2973 1969 3044 seipsum
1990 2966 2026 3025 ἶν’
2097 2968 2555 3033 etnosaudimus,
2573 2970 2668 3022 sed
2696 2967 2827 3039 quid
2847 2969 3183 3040 profuitillis
3195 2966 3642 3024 sermoauditus?»

419 3059 545 3114 Non
575 3061 721 3113 enim
755 3059 924 3114 habet
953 3061 1229 3131 majorem
1261 3077 1361 3132 per
1393 3077 1559 3131 quem
1597 3062 1769 3131 juret,
1799 3078 1901 3133 per
1932 3079 2014 3116 se-
2033 3113 2076 3133 η
2096 3057 2218 3110 Non
2233 3073 2365 3126 ergo
2378 3057 2588 3127 putetis
2603 3057 2733 3128 quia
2753 3074 2816 3111 ex
2835 3059 3032 3112 auditu
3045 3063 3265 3114 tantum
3285 3057 3648 3132 praedicationis

420 3113 434 3114 κ
819 3113 823 3114 7
1261 3113 1320 3132 .7
1801 3113 1887 3133 ιη
1944 3113 1984 3116 -ν
2294 3113 2328 3126 υ
2378 3113 2396 3127 ι
2619 3113 2637 3128 ι
3185 3113 3193 3114 7
3285 3113 3301 3132 ι

417 3150 600 3220 ipsum
631 3147 929 3204 conﬁrmat
960 3157 1236 3220 praecepta
1267 3167 1388 3214 sua,
1423 3167 1524 3221 per
1541 3151 1784 3220 seipsum
1817 3113 2076 3204 conﬁr-C
2089 3145 2366 3214 juvemini
2383 3147 2532 3216 quia,
2553 3152 2606 3200 et
2621 3147 2700 3200 illi
2713 3147 3015 3201 audierunt
3032 3166 3136 3218 per
3157 3147 3399 3220 Moysen,
3432 3147 3518 3201 sed
3533 3141 3645 3200 nihil

414 3240 532 3292 mat
557 3238 738 3293 minas
754 3256 912 3292 suas:
937 3239 1082 3293 sicut
1099 3247 1290 3292 verdm
1323 3243 1409 3294 est
1439 3239 1586 3310 quod
1607 3238 1904 3310 promittit,
1935 3237 2013 3293 sic
2096 3233 2356 3288 utilitatis
2377 3249 2442 3288 ex
2463 3234 2659 3290 auditu
2686 3233 3021 3302 habuerunt,
3039 3238 3305 3308 quoniam
3322 3253 3419 3292 nec
3441 3233 3650 3290 credide-

414 3332 630 3382 certum
659 3329 744 3382 est
773 3329 920 3398 quod
953 3327 1219 3382 minatur.
1253 3328 1470 3382 Juravit
1495 3331 1561 3381 ut
1593 3345 1702 3381 non
1735 3329 2014 3382 intrarent
2093 3327 2262 3385 runt;
2286 3337 2387 3377 nec
2417 3339 2601 3378 sermo
2619 3323 2844 3380 andituS
2878 3325 2986 3380 ﬁde
3025 3329 3469 3398 contempemtus
3494 3322 3651 3389 θεῖναί·

415 3418 472 3472 in
502 3415 751 3488 requiem
775 3417 969 3488 ipsius,
1003 3421 1059 3471 et
1087 3424 1275 3471 tamen
1305 3423 1528 3488 oportet
1554 3415 1766 3471 intrare
1798 3415 2014 3487 aliquos
2095 3411 2298 3465 screvit
2319 3427 2414 3466 eos
2435 3413 2529 3484 qui
2551 3413 2906 3468 crediderunt
2929 3411 3094 3469 verbo
3109 3415 3180 3469 ab
3197 3415 3305 3470 illis
3320 3416 3412 3486 qui
3437 3429 3536 3468 non
3550 3428 3648 3465 cre-

415 3508 473 3561 in
485 3507 736 3578 requiem
757 3505 934 3578 ipsius
953 3525 963 3558 :
983 3505 1092 3560 illis
1113 3523 1246 3576 ergo
1284 3506 1613 3578 reprobatis,
1642 3523 1742 3560 nos
1785 3505 2016 3560 intrabi-
2096 3499 2381 3554 diderunt.
2401 3501 2497 3555 Ait
2515 3503 2663 3556 enim
2692 3521 2702 3555 :
2732 3521 2757 3554 ‹‹
2776 3504 2871 3557 sed
2896 3504 3296 3559 nonuniversi:
3324 3521 3349 3557 )›
3372 3499 3528 3557 Caleb
3544 3517 3648 3553 vero

415 3607 559 3658 mus,
588 3595 718 3666 quia
747 3593 792 3650 si
817 3595 988 3666 aliqui
1017 3613 1081 3649 ex
1113 3596 1284 3649 ramis
1330 3601 1560 3667 propter
1603 3593 2014 3649 dissimilitudi-
2097 3589 2352 3654 etJosue,
2373 3589 2505 3660 quia
2523 3607 2635 3645 non
2678 3598 3081 3647 consenserunt
3111 3591 3442 3659 inﬁdelibus,
3473 3590 3649 3659 elluge-

414 3699 543 3739 nem
573 3687 629 3738 et
658 3683 1047 3740 infidelitatem
1077 3685 1236 3738 fracti
1268 3693 1418 3749 sunt,
1455 3703 1556 3739 nos
1585 3691 1814 3756 propter
1844 3685 2010 3737 ﬁdem
2096 3677 2229 3730 runt
2246 3695 2469 3748 poenam
2488 3697 2610 3750 quze
2633 3679 2742 3734 illis
2778 3681 2934 3734 illata
2955 3689 3058 3735 est.
3083 3683 3199 3736 Nec
3239 3684 3342 3736 hoc
3361 3681 3528 3735 solum
3563 3677 3649 3730 illis

415 3780 472 3828 et
525 3774 903 3828 humilitatem
955 3773 1288 3828 inseramur.
1325 3773 1528 3843 Mean.)
1569 3774 1834 3844 Sequitur
1861 3773 2011 3826 enim
2093 3765 2362 3820 donatum
2386 3771 2472 3821 est
2494 3773 2732 3822 mortem
2754 3769 3008 3832 evadere,
3033 3787 3144 3841 qua
3167 3771 3350 3826 caeteri
3379 3767 3646 3842 perierunt.

415 3860 726 3917 exhortatio
755 3863 1058 3934 apostolica
1085 3864 1152 3916 ad
1183 3864 1451 3935 populum
1483 3861 1552 3916 de
1599 3863 1790 3932 requie
1838 3862 2010 3916 intro-
2093 3853 2188 3908 sed
2207 3855 2377 3909 etiam
2395 3855 2587 3912 datum
2607 3857 2810 3912 estillis
2823 3865 3032 3912 terram
3049 3860 3493 3932 repromissionis
3510 3857 3652 3912 intra-

415 3952 619 4017 eunda,
653 3951 788 4006 dicit
811 3953 960 4006 enim
1001 3971 1012 4005 :
1045 3951 1302 4016 «Videte,
1327 3953 1547 4012 fratres,
1582 3967 1651 4004 ne
1680 3952 1820 4005 forte
1850 3951 1923 4004 sit
1953 3950 2009 4004 in
2093 3959 2172 4010 re,
2205 3959 2442 4015 eamque
2472 3942 2826 4002 laudabiliter
2856 3965 2956 4019 pro
2977 3963 3077 4003 sua
3105 3951 3364 4020 portione
3381 3942 3650 4021 possidere.

419 4059 443 4094 (ι
477 4040 664 4111 aliquo
694 4045 941 4094 vestrum
969 4057 1065 4094 cor
1117 4042 1329 4094 malum
1386 4039 1792 4094 incredulitatis
1839 4036 2009 4092 disce-
2705 4055 2939 4110 CAPUT
2977 4054 3068 4109 Iv.

417 4149 444 4184 α
477 4129 641 4182 dendi
675 4145 708 4182 a
746 4128 861 4182 Deo
892 4128 1032 4182 vivo.
1071 4147 1096 4180 ι)
1125 4128 1341 4199 Quippe
1371 4145 1470 4198 per
1486 4128 1750 4182 duritiam
1777 4129 1936 4182 inﬁde

2128 4143 2164 4191 lc
2188 4142 2460 4196 intranda.
2508 4145 2700 4197 ca‘lestz'
2741 4147 2946 4211 rex/uie,
2975 4145 3049 4198 ad
3097 4161 3269 4213 quam
3307 4142 3647 4212 festinandum

413 4222 502 4274 tas
532 4218 797 4283 nascitur,
826 4222 883 4270 et
909 4216 1054 4271 sicut
1075 4217 1351 4270 obdurata
1379 4233 1611 4287 corpora
1641 4221 1697 4270 et
1727 4217 1868 4270 dura
1896 4233 2010 4271 non
2163 4215 2256 4278 est,
2285 4219 2506 4282 propter
2536 4217 2912 4268 excellentiam.
2933 4217 3248 4269 divinitatis
3285 4221 3333 4269 et
3368 4213 3652 4268 humanita-

415 4307 803 4378 obsequuntur
833 4303 1091 4359 manibus
1123 4303 1484 4368 medicorum,
1511 4304 1588 4359 sic
1611 4303 1667 4358 et
1691 4306 1890 4360 animae
1919 4303 2012 4359 ob-
2175 4290 2243 4338 m
2273 4288 2496 4342 θηνττδίί·

415 4397 629 4452 duratze
653 4411 764 4450 non
787 4395 1171 4465 obsequuntur
1195 4394 1361 4448 verba
1415 4393 1534 4448 Dei.
1569 4393 1626 4448 Si
1655 4395 1804 4448 enim
1826 4398 2075 4487 patresD
2171 4393 2539 4448 «Timeamus
2565 4407 2697 4461 ergo
2727 4407 2798 4445 ne
2846 4392 3005 4458 forte,
3056 4392 3251 4447 relicta
3292 4389 3653 4484 pollicitatione

414 4486 604 4552 vestri,
639 4485 842 4556 inquit,
877 4484 1008 4556 quia
1033 4501 1144 4538 non
1174 4487 1543 4554 speraverant
1559 4482 1703 4536 sicut
1723 4473 2072 4554 Oportebat"
2099 4501 2126 4538 α
2157 4481 2479 4537 introeundi
2507 4479 2562 4532 in
2609 4480 2860 4550 requiem
2918 4481 3058 4552 ejus,
3103 4482 3451 4536 existimetur
3483 4473 3652 4547 aliquis

414 4592 658 4648 sperare,
709 4577 825 4630 haec
855 4574 1003 4646 passi
1048 4578 1181 4628 sunt
1209 4590 1330 4644 quae
1361 4573 1624 4643 leguntur
1671 4572 1725 4626 in
1759 4571 2008 4638 historia,
2101 4592 2125 4624 «
2157 4589 2221 4626 ex
2237 4569 2618 4624 vobisdeesse.
2644 4567 3188 4638 »(Alb.)Timeamus
3216 4586 3318 4625 nos
3342 4585 3466 4624 vero
3489 4579 3652 4621 eorum

414 4665 576 4734 cujus
605 4669 736 4718 ante
767 4663 1218 4726 memoravimus,
1253 4666 1310 4715 et
1366 4661 1659 4732 perierunt
1704 4659 1759 4714 in
1793 4661 2014 4715 deserto
2095 4659 2468 4732 perditionem
2501 4663 2557 4711 et
2579 4660 2797 4729 justum
2827 4657 2924 4712 Dei
2947 4659 3222 4728 judicium
3244 4649 3651 4722 metuamus,qu

415 4757 644 4824 propter
673 4752 940 4806 duritiam
970 4753 1172 4818 cordis,
1208 4751 1386 4806 multo
1420 4753 1660 4822 amplius
1691 4751 1842 4804 vobis
1879 4749 2016 4804 talia
2097 4749 2294 4804 reddet
2322 4745 2624 4818 unicuique
2678 4745 2986 4801 secundum
3043 4763 3208 4819 opera
3253 4751 3392 4819 ejus.
3421 4743 3653 4815 Requiem

413 4839 665 4896 timenda
691 4845 840 4904 sunt,
869 4841 1012 4894 sicut
1053 4838 1165 4895 illis
1205 4839 1529 4894 acciderunt
1555 4859 1565 4906 ;
1601 4839 1668 4894 ad
1701 4839 1826 4894 illos
1866 4839 2016 4893 enim
2099 4837 2502 4908 sempiternam
2527 4835 2695 4889 fidem
2711 4835 3066 4900 habentibus,
3085 4852 3208 4890 eam
3238 4841 3424 4890 tamen
3456 4841 3656 4904 quazpel'

416 4943 600 4984 sermo
629 4929 732 4983 iste
759 4927 937 4982 factus
967 4935 1052 4983 est
1073 4928 1240 5000 quiin
1271 4928 1566 5001 praesentia
1585 4929 1811 4982 fuerunt
1835 4929 1915 4982 vel
1936 4927 2018 4982 fu—
2101 4925 2451 4980 dilectionem
2464 4925 2885 4996 operatur.Non
2903 4921 3257 4980 credentibus
3269 4926 3454 4996 itaque
3465 4930 3656 4994 poenam

416 5019 528 5074 turi
550 5019 682 5073 sunt
707 5038 717 5072 :
737 5017 862 5072 ideo
887 5017 1022 5071 dicit
1045 5037 1070 5071 α
1096 5016 1326 5084 hodie,»
1345 5017 1510 5072 hodie
1539 5033 1781 5088 namque
1800 5034 2022 5088 semper
2101 5018 2452 5087 perpetuam,
2485 5031 2555 5068 ne
2584 5014 2746 5078 forte,
2769 5013 2963 5068 relicta
2981 5015 3378 5084 pollicitatione
3399 5027 3554 5084 quam
3575 5005 3654 5060 de-

416 5111 502 5163 est
529 5110 703 5162 donec
733 5109 952 5162 constat
981 5108 1242 5172 mundus,
1289 5106 1465 5160 intrat
1495 5107 1643 5160 enim
1680 5107 1804 5178 plus
1831 5103 2014 5160 dicere
2097 5103 2284 5158 dimus
2301 5105 2416 5158 Deo
2437 5103 2495 5157 in
2514 5101 2812 5174 baptismo,
2836 5104 3038 5156 iterum
3071 5109 3417 5158 revertamur
3434 5097 3500 5155 ad
3515 5109 3656 5169 opera

417 5194 486 5249 de
516 5195 683 5250 hodie
723 5201 779 5250 et
825 5191 1116 5266 subjungit
1162 5195 1352 5248 dicens
1385 5215 1394 5247 :
1437 5213 1461 5247 α
1497 5195 1604 5248 Sed
1636 5193 2017 5249 adhortamini
2099 5191 2447 5248 inﬁdelitatis
2476 5209 2598 5264 quze
2621 5193 2998 5248 abdicavimus
3022 5207 3209 5246 coram
3232 5183 3655 5246 multistestibus;

421 5303 445 5337 ι
482 5285 846 5356 vosmetipsos
875 5301 976 5356 per
991 5282 1239 5353 singulos
1271 5281 1389 5337 dies
1419 5281 1594 5338 donec
1624 5283 1788 5338 hodie
1817 5289 2016 5354 cognd-
2098 5283 2486 5353 unusquisque
2520 5299 2620 5352 per
2644 5281 2826 5352 ipsum
2859 5279 3075 5336 laboret
3102 5298 3172 5334 ne
3209 5281 3348 5335 forte
3393 5279 3565 5333 minus
3587 5271 3656 5326 di-

423 5387 446 5424 c‘
479 5371 745 5438 minatur,
777 5379 841 5427 ut
869 5389 980 5428 non
1011 5371 1318 5427 obduretur
1345 5373 1469 5444 quis
1503 5391 1566 5427 ex
1613 5373 1768 5426 vobis
1796 5373 2016 5428 fallacia
2095 5389 2241 5442 gnus
2265 5372 2582 5426 inveniatur
2610 5369 2932 5424 introeundi
2981 5371 3038 5424 in
3092 5371 3338 5442 requiem
3395 5365 3508 5421 Dei.
3535 5383 3557 5414 α
3579 5359 3657 5415 Et—

419 5481 444 5512 «
478 5461 710 5531 peccati.
748 5481 772 5513 »
809 5461 924 5516 Hoc
979 5467 1064 5516 est
1096 5481 1106 5515 :
1141 5461 1410 5518 zedificate
1461 5461 1716 5522 invicem,
1751 5463 2011 5533 corrigite
2101 5481 2126 5514 ‹‹
2153 5461 2302 5514 enim
2322 5458 2548 5514 etnobis
2565 5458 2886 5511 nuntiatum
2901 5465 2988 5513 est
3005 5457 3468 5531 quemadmodum
3482 5446 3653 5508 etillis:

414 5547 800 5620 vosmetipsos,
833 5567 903 5604 ne
933 5552 1262 5621 contingant
1292 5549 1444 5604 vobis
1473 5549 1696 5616 similia,
1733 5567 1802 5604 ne
1831 5549 2009 5605 obdu-
2098 5569 2125 5602 α
2161 5547 2256 5604 sed
2287 5563 2397 5603 non
2428 5547 2638 5618 profuit
2667 5545 2776 5599 illis
2807 5563 2992 5602 sermo
3023 5549 3252 5603 auditus
3285 5561 3392 5602 non
3416 5541 3657 5600 admistus

417 5645 574 5698 retur
602 5637 899 5712 quisquam
925 5655 992 5694 ex
1016 5639 1172 5718 vobis
1199 5638 1510 5712 decipiente
1529 5637 1749 5694 fallacia
1765 5637 1994 5710 peccati,
2096 5657 2119 5688 ι
2154 5637 2284 5692 ﬁdei
2316 5653 2380 5692 ex
2401 5635 2488 5691 his
2518 5649 2641 5707 quae
2670 5634 2988 5693 audierunt.
3026 5657 3051 5690 »
3083 5639 3298 5694 Etenim
3353 5635 3507 5690 nobis
3533 5641 3658 5684 nun-
