3866 6158
150 376 228 432 733

502 346 1071 427 ENARRATIONUM
1106 350 1187 429 IN
1223 370 1375 429 EPP.
1417 372 1634 433 PAULI
1672 376 1810 436 LIB.
1848 368 2071 434 xxvn.
2107 409 2171 419 —
2209 344 2289 432 nsi
2326 372 2548 430 EPIS'I'.
2589 370 2685 429 AD
2725 352 2936 429 assa.
3104 374 3133 389 ί

3262 373 3361 431 734

144 503 308 556 tiatum
337 502 415 552 est
445 495 716 569 quomodo
745 497 957 551 intrare
1003 492 1307 553 debeamus
1340 500 1395 554 in
1428 503 1681 573 requiem
1703 507 1849 565 Aest
1875 505 2143 576 quosdam
2164 502 2415 575 accipere
2435 499 2705 571 requiem,
2723 514 2845 571 quae
2865 501 3129 573 perillam
3146 501 3360 572 signiti-

148 592 240 652 Dei,
269 588 395 643 sicut
422 590 477 641 et
498 587 622 649 illis,
655 585 816 639 nobis
842 591 1034 640 tamen
1064 605 1163 657 per
1177 588 1400 654 Filium,
1426 590 1537 645 illis
1552 584 1680 647 vero

146 697 224 752 per
246 678 488 731 famulum
512 695 523 741 ;
555 674 844 729 confestim
876 676 1065 746 itaque
1086 674 1253 731 verba
1281 679 1680 735 exhortationis

148 767 384 835 subjungit
409 765 704 835 Apostolus
728 762 915 817 dicens
949 783 963 815 :
1001 784 1021 816 ε
1057 766 1414 836 Ingredimur
1444 771 1594 824 enim
1625 770 1681 824 in

154 878 170 906 ι
203 852 417 925 requiem
474 850 567 923 qui
615 853 953 907 credidimus
1009 854 1480 925 quemadmodum
1522 859 1679 926 dixit,

154 966 173 997 ι
201 944 326 999 Sicut
339 942 514 1013 juravi
552 941 611 995 in
646 942 732 995 ira
758 960 883 996 mea
912 942 959 995 si
998 944 1311 999 introibunt
1339 946 1397 1000 in
1427 948 1679 1019 requiem

154 1056 168 1079 ο
202 1050 370 1087 meam.
398 1053 421 1083 ι)
464 1032 577 1085 Nos
612 1048 742 1085 vero
772 1032 1030 1086 hortatur
1057 1034 1269 1089 intrare
1301 1037 1357 1089 in
1406 1038 1677 1108 requiem,

150 1142 199 1178 ne
221 1124 339 1177 forte
375 1121 531 1176 nobis
579 1120 800 1175 dicatur
828 1123 971 1175 sicut
1014 1122 1142 1185 illis,
1178 1125 1223 1178 si
1262 1124 1594 1189 introibunt,
1626 1124 1682 1180 id

150 1220 211 1266 est
232 1230 320 1266 non
342 1209 627 1265 intrabunt
654 1212 712 1263 in
740 1213 989 1281 requiem
1014 1230 1217 1266 meam.
1254 1212 1504 1269 Festinat
1534 1217 1683 1269 enim

147 1302 381 1355 ostendere
401 1301 567 1354 aliam
585 1318 707 1353 esse
721 1301 1067 1370 requiem,ad
1086 1320 1253 1373 quam
1272 1305 1447 1358 vocati
1467 1323 1679 1371 sumus,

147 1390 186 1443 id
209 1390 561 1443 estccclorum.
587 1388 702 1442 Nec
719 1406 819 1442 nos
836 1388 971 1442 dicit
992 1390 1146 1444 illam
1168 1395 1290 1462 quae
1305 1392 1361 1446 in
1386 1394 1683 1448 Palaestina

146 1486 204 1532 est
229 1476 526 1542 intraturos,
551 1478 649 1530 sed
676 1477 799 1531 illos
830 1496 941 1531 non
968 1479 1295 1545 intraturos,
1328 1487 1556 1554 propter
1584 1483 1680 1536 ob-

146 1566 439 1621 dumtionem
469 1567 656 1620 cordis
690 1568 796 1629 sui,
827 1585 928 1621 nec
954 1569 1013 1622 in
1046 1568 1343 1624 Palaestina
1374 1588 1474 1625 nec
1504 1572 1561 1625 in
1594 1591 1681 1625 re-

143 1652 294 1727 quiem
307 1654 827 1710 cmlestem.Addidit
839 1654 1030 1727 itaque
1047 1659 1114 1711 de
1130 1658 1313 1729 prima
1324 1658 1516 1731 requie
1531 1660 1682 1731 loqui

143 1744 322 1798 dicens:
346 1767 367 1796 ει
400 1744 971 1816 Εῳιίἀρῐη,ορρι’ἱῆυε
1002 1747 1070 1799 ab
1102 1746 1455 1803 institutione
1486 1750 1681 1803 mundi

1763 600 1887 648 cata
1909 599 2011 659 est,
2036 612 2156 664 quae
2179 600 2263 647 est
2286 593 2342 646 in
2373 591 2688 655 Palaestina,
2726 590 2795 644 ad
2819 606 2986 661 quam
3017 607 3181 644 verus
3202 590 3229 643 ,Ι
3235 607 3360 643 esus

1764 684 2031 736 ducturus
2049 690 2134 736 est
2154 683 2420 753 populum
2434 698 2616 734 suum.
2629 698 2653 731 «
2671 678 2867 749 Itaque
2884 680 3222 751 relinquitur
3233 680 3359 732 sab-

1768 797 1790 819 α
1826 768 2100 825 batismus
2152 772 2354 842 populo
2386 764 2485 823 Dei
2513 789 2523 835 ;
2561 769 2655 839 qui
2684 769 2831 821 enim
2862 764 3153 839 ingressus
3180 774 3265 821 est
3303 768 3361 821 in

1769 882 1791 913 ι
1825 861 2076 932 requiem
2117 861 2257 929 ejus,
2293 860 2463 913 etiam
2506 858 2623 928 ipse
2665 858 2940 928 requievit
2996 857 3065 911 ab
3099 855 3361 928 operibus

1768 969 1794 1003 α
1827 951 1963 1016 suis,
1995 949 2139 1003 sicut
2167 966 2199 1001 a
2229 948 2343 1002 suis
2388 949 2558 1001 Deus.
2596 968 2617 997 ν
2653 947 2897 1017 Requies
2926 963 3054 1000 vero
3102 946 3201 1000 Dei
3234 963 3361 1017 ope-

1766 1056 1891 1092 rum
1924 1038 2186 1110 perfectio
2209 1036 2574 1105 intelligenda
2594 1040 2695 1101 est,
2731 1037 2865 1089 dum
2897 1042 3051 1090 sexto
3078 1035 3167 1088 die
3194 1033 3362 1088 finita

1767 1127 2153 1199 primordinali
2181 1144 2368 1179 rerum
2404 1126 2704 1183 creatione.
2749 1130 2803 1178 et
2836 1126 2889 1179 in
2921 1124 3161 1196 septimo
3184 1140 3362 1177 cessa-

1766 1218 1845 1270 vit
1868 1236 1901 1271 a
1926 1234 2195 1270 novarum
2224 1215 2505 1269 creatione
2538 1219 2866 1267 naturarum
2893 1230 2905 1263 :
2932 1232 3033 1285 per
3052 1212 3202 1266 illam
3232 1230 3361 1265 vero

1768 1307 2018 1376 requiem
2051 1304 2169 1369 Dei,
2197 1323 2318 1375 qua)
2350 1310 2557 1357 aeterna
2584 1310 2685 1365 est,
2722 1322 2821 1356 nos
2850 1304 2921 1356 ad
2953 1307 3217 1357 teternam
3250 1306 3363 1354 stu-

1765 1391 1919 1449 diose
1953 1399 2211 1465 provocat
2242 1394 2510 1463 requiem,
2541 1411 2705 1463 quem
2736 1392 3137 1446 sabbatismum
3179 1390 3361 1444 nomi-

1767 1485 1935 1538 navit.
1957 1487 2110 1550 (Joan
2126 1488 2160 1549 .)
2182 1482 2317 1535 Vide
2340 1488 2529 1535 autem
2562 1481 2838 1551 quomodo
2855 1486 3037 1534 totum
3056 1480 3225 1533 istum
3243 1494 3362 1532 ser-

1768 1590 1992 1626 monem
2012 1573 2380 1626 ratiocinatus
2402 1574 2512 1623 est:
2533 1571 2763 1639 juravit,
2790 1569 2991 1640 inquit,
3016 1569 3124 1622 illis
3161 1567 3364 1638 priori-

1766 1660 1868 1715 bus
1886 1678 1997 1714 non
2019 1662 2229 1714 intrare
2253 1678 2345 1713 eos
2386 1661 2441 1713 in
2472 1660 2743 1729 requiem,
2771 1664 2825 1711 et
2855 1675 2967 1712 non
2989 1658 3357 1711 intraverunt.

1764 1750 1976 1804 Deinde
2006 1750 2267 1820 postillos
2292 1756 2416 1819 post
2439 1751 2617 1802 multa
2636 1754 2893 1819 tempora
2912 1750 3146 1817 loquens
3157 1746 3183 1799 J
3190 1744 3362 1798 udwis

146 1856 161 1879 ε
173 1833 298 1887 factis
313 1853 322 1885 :
336 1834 466 1887 dixit
485 1835 641 1887 enim
658 1836 898 1905 quodam
917 1836 1034 1889 loco
1050 1837 1117 1889 de
1129 1836 1217 1889 die
1233 1839 1471 1908 septima
1494 1839 1592 1905 sic,
1619 1838 1687 1893 Et
1705 1828 1751 1887 Β
1766 1840 1906 1892 dixit
1928 1858 1938 1891 :
1970 1864 1989 1889 «ς
2020 1839 2395 1892 Neobduretis
2406 1838 2573 1891 corda
2587 1844 2765 1890 vestra
2780 1837 2922 1890 sicut
2936 1842 3122 1907 patres
3136 1834 3322 1887 vestri.
3335 1852 3357 1883 ι

143 1924 359 1993 requievit
372 1922 518 1977 Deus
530 1925 620 1977 die
636 1926 873 1995 septima
884 1924 953 1977 ab
965 1924 1221 1979 omnibus
1235 1928 1495 1997 operibus
1509 1927 1644 1993 suis,
1658 1952 1679 1981 ι)

141 2017 180 2065 et
200 2010 400 2083 reliqua.
432 2010 857 2084 Confestimque
894 2015 1198 2068 secundam
1226 2014 1527 2085 subjunxit,
1548 2034 1684 2088 quae

142 2102 361 2170 promissa
375 2107 455 2155 est
466 2103 679 2173 populo
690 2102 812 2165 Dei,
834 2108 890 2155 et
902 2103 958 2156 in
974 2104 1099 2165 ista,
1114 2084 1565 2174 inquit,rursu1n,
1588 2126 1611 2157 ‹‹
1634 2108 1679 2159 si

142 2190 396 2244 introibunt
412 2192 471 2245 in
500 2192 761 2262 requiem
792 2210 974 2245 meam
1004 2212 1013 2244 :
1051 2212 1077 2246 λ)
1109 2194 1174 2259 si,
1206 2212 1334 2247 vero
1365 2197 1681 2266 conjunctio

140 2298 211 2349 pro
247 2278 628 2343 afﬁrmatione,
672 2298 772 2351 pro
819 2281 1136 2351 negatione,
1185 2301 1284 2354 pro
1333 2284 1681 2338 dubitatione

138 2369 267 2439 accipi
296 2374 482 2439 potest,
510 2371 774 2440 superius
794 2388 894 2441 pro
926 2371 1223 2441 negatione
1249 2373 1428 2443 posita
1456 2373 1682 2435 est,-ubi

136 2459 192 2509 ait
215 2466 413 2529 propter
432 2456 889 2514 incredulitatem
920 2478 1113 2514 eorum
1130 2461 1349 2531 jurasse
1372 2463 1549 2516 Deum
1570 2480 1681 2516 non

133 2545 315 2599 introire
359 2563 450 2601 eos
494 2546 559 2601 in
600 2548 852 2619 requiem
894 2550 1246 2619 promissam.
1286 2550 1517 2605 Addidit
1567 2573 1588 2603 ‹
1636 2552 1681 2605 si

133 2630 410 2701 introibunt,
450 2660 469 2687 υ
500 2634 561 2690 id
594 2640 681 2691 est
717 2656 827 2691 non
866 2637 1213 2695 introibunt:
1240 2639 1326 2693 hic
1352 2658 1480 2695 vero
1504 2647 1686 2712 potest

138 2723 324 2794 intelligi
342 2743 438 2797 pro
466 2726 849 2780 affirmatione
868 2728 1111 2797 positum
1145 2746 1263 2781 esse
1284 2729 1682 2799 quasidiceret,

136 2812 176 2865 Si
193 2812 473 2870 introibunt
500 2814 650 2869 bene
678 2813 999 2884 habebunt;
1034 2817 1158 2871 ideo
1186 2817 1435 2871 addidit:
1477 2840 1499 2871 (ς
1535 2820 1685 2884 Quo-

140 2932 151 2941 ~
183 2899 305 2955 niam
326 2921 452 2974 ergo
483 2908 752 2975 superest
777 2906 1049 2976 quosdam
1082 2906 1315 2961 introire
1339 2906 1395 2961 in
1424 2907 1599 2971 illam,
1631 2912 1688 2963 et

136 2990 220 3043 (bl
260 2990 444 3063 quibus
505 2993 791 3064 prioribus
834 2995 1229 3050 annuntiatum
1292 2998 1402 3063 est;
1437 3015 1548 3051 non
1606 2996 1687 3051 in-

136 3099 151 3127 ‹
177 3078 417 3136 troierunt
433 3084 673 3154 propter
698 3081 1166 3151 incredulitatem,
1195 3084 1398 3141 iterum
1421 3088 1686 3141 terminat

1768 1928 1995 1982 Certum
2010 1946 2140 1997 ergo
2156 1928 2531 1997 est,quoniam
2546 1927 2751 1980 estalia
2772 1925 3086 1996 requieszdc
3102 1924 3196 1976 illa
3211 1923 3361 1975 enim

1768 2034 1889 2088 quae
1908 2017 1964 2070 in
1980 2018 2273 2070 Palaestina
2289 2016 2394 2069 fuit
2414 2033 2523 2069 non
2542 2020 2727 2086 posset
2750 2013 2877 2079 dici,
2904 2013 3184 2067 habebant
3209 2012 3356 2065 enim

1768 2102 1921 2160 illam
1948 2126 1958 2173 ς
1985 2108 2103 2176 jam
2136 2104 2204 2159 de
2234 2106 2474 2175 septima
2497 2106 2585 2157 die
2609 2120 2718 2157 non
2732 2109 2915 2174 potest.
2934 2101 3063 2166 dici,
3086 2118 3195 2154 non
3208 2100 3359 2153 enim

1764 2194 1832 2248 de
1860 2194 1983 2265 ipsa
2012 2195 2391 2265 disputabant,
2416 2194 2691 2264 siquidem
2722 2191 2900 2245 multo
2920 2198 3050 2245 ante
3066 2191 3183 2260 jam
3215 2188 3360 2241 facta

1765 2292 1905 2338 erat.
1934 2285 2115 2337 Aliam
2148 2284 2318 2353 igitur
2338 2274 2636 2353 quamdam
2665 2281 2943 2351 significat
2971 2296 3093 2350 qua)
3116 2293 3245 2331 vera
3276 2282 3361 2329 est

1766 2375 2005 2444 requies.
2042 2373 2255 2426 Revera
2285 2372 2434 2426 enim
2466 2372 2564 2424 illa
2593 2377 2678 2423 est
2708 2369 2946 2439 requies,
2975 2367 3071 2422 ubi
3102 2366 3243 2437 fugit
3266 2366 3361 2418 do-

1766 2462 1868 2527 lor,
1898 2463 2149 2527 tristitia,
2179 2462 2440 2533 gemitus,
2476 2460 2567 2514 ubi
2600 2476 2779 2530 neque
2800 2456 3222 2520 sollicitudines,
3260 2471 3358 2508 ne-

1768 2570 1874 2624 que
1888 2552 2124 2615 labores,
2141 2570 2320 2622 neque
2339 2568 2564 2621 agones,
2591 2566 2770 2619 neque
2783 2548 2953 2602 timor
2971 2544 3359 2616 obstupescere

1768 2640 1974 2695 faciens
2005 2648 2061 2695 et
2079 2657 2434 2694 commovens
2467 2639 2732 2702 animam,
2763 2637 2859 2691 sed
2881 2635 3031 2689 solus
3060 2634 3159 2689 Dei
3191 2634 3361 2685 timor

1766 2731 2049 2802 voluptate
2064 2731 2277 2801 plenus.
2301 2730 2426 2783 Non
2446 2734 2531 2781 est
2550 2728 2662 2781 illic
2689 2747 2697 2779 ε
2730 2746 2755 2778 α
2780 2728 2842 2780 In
2865 2722 3067 2778 sudore
3079 2720 3359 2775 vultustui

1768 2820 2024 2873 comedes
2052 2837 2254 2890 panem
2275 2825 2435 2872 tuum
2459 2820 2699 2883 (6611.11),
2724 2835 2747 2864 »
2769 2832 2948 2884 neque
2976 2813 3148 2883 spina:
3179 2825 3361 2880 neque

1767 2909 1981 2975 tribuli;
1998 2926 2109 2962 non
2127 2907 2353 2961 estillic:
2366 2929 2387 2957 α
2412 2908 2474 2961 In
2491 2904 2735 2959 tristitiis
2752 2902 3047 2974 generabis
3064 2900 3223 2965 filios,
3237 2915 3361 2951 nne-

1770 3016 1877 3067 que
1899 3018 1919 3047 ‹
1940 2998 2024 3051 Ad
2044 2998 2225 3051 virum
2248 3003 2411 3050 tuum
2425 2995 2711 3049 conversio
2733 2997 2849 3058 tua,
2877 2993 3064 3062 etipse
3082 2985 3359 3043 tuidomi-

1768 3086 2012 3151 nabitur;
2026 3108 2046 3136 ››
2065 3086 2161 3140 sed
2177 3086 2366 3140 omnia
2388 3079 3158 3156 pax,gaudium,jucunditas,
3178 3076 3362 3146 volup-

177 3168 295 3223 diem
315 3173 620 3241 quemdam
655 3171 832 3226 Hodie
862 3172 917 3225 in
950 3170 1123 3226 David
1145 3172 1397 3237 dicendo,
1416 3183 1539 3246 post
1555 3182 1682 3229 tan-
1703 3148 1745 3205 θ
1765 3184 1873 3241 tas,
1899 3174 2135 3240 bonitas,
2158 3172 2551 3228 mansuetudo.
2570 3173 2692 3226 Non
2705 3178 2790 3225 est
2802 3169 2912 3223 illic
2938 3167 3165 3232 invidia,
3182 3181 3363 3235 neque

133 3287 147 3299 α
176 3264 271 3311 tum
293 3259 583 3332 temporis,
604 3261 751 3314 sicut
780 3279 951 3333 supra
970 3263 1181 3317 dictum
1202 3270 1304 3327 est,
1323 3265 1501 3317 Hodie
1521 3264 1568 3317 si
1589 3282 1684 3318 vo-
1766 3262 1933 3329 zelus,
1949 3282 2129 3334 neque
2152 3263 2398 3327 morbus,
2423 3278 2604 3332 neque
2626 3278 2776 3314 mors
2792 3258 3247 3329 corporis,neque
3266 3253 3363 3306 illa

132 3364 149 3395 ί
172 3363 267 3399 cem
289 3350 401 3418 ejus
421 3346 742 3416 audieritis,
774 3350 945 3404 nolite
959 3351 1234 3406 obdurare
1263 3354 1431 3407 corda
1451 3359 1635 3407 vestra
1668 3373 1679 3420 ;
1768 3372 1890 3425 quae
1909 3358 1995 3407 est
2014 3355 2213 3407 animae
2241 3370 2378 3407 :non
2401 3352 2475 3405 ibi
2498 3351 2761 3415 tenebrae,
2780 3365 2962 3419 neque
2980 3363 3116 3401 nox:
3143 3358 3363 3415 semper

125 3460 138 3476 ιι
166 3453 270 3490 nam
299 3439 341 3491 si
372 3439 452 3492 eis
478 3440 652 3493 Jesus
683 3441 935 3510 requiem
982 3442 1346 3511 pimstitisset,
1394 3460 1684 3513 nunquam
1768 3440 1905 3505 dies,
1925 3461 2146 3513 semper
2164 3443 2513 3512 lux,semper
2529 3438 2639 3495 diei
2655 3432 3224 3493 claritasmomestibi
3240 3432 3365 3486 fati-

126 3544 139 3571 ι
166 3524 219 3575 de
237 3527 335 3580 alia
364 3529 702 3598 loqueretur
732 3520 962 3599 posthac
993 3528 1101 3583 die.
1122 3530 1146 3582 ἧ
1163 3530 1459 3599 Quoniam,
1480 3532 1681 3604 inquit,
1766 3532 1907 3603 gari,
1932 3550 2043 3585 non
2075 3535 2162 3585 est
2182 3531 2468 3584 fastidium
2494 3530 2760 3601 accipere,
2786 3524 3073 3597 semperin
3086 3520 3363 3577 desiderio

120 3621 325 3683 superest
339 3619 621 3687 quosdam
638 3616 871 3671 introire
901 3619 959 3671 in
982 3618 1154 3681 illam,
1179 3620 1237 3674 in
1258 3621 1410 3675 illam
1431 3621 1687 3676 videlicet
1768 3619 2043 3676 bonorum
2057 3614 2729 3690 perseverabimus.(.eilb.)
2755 3617 2823 3669 Et
2842 3615 2975 3686 quia
2994 3612 3361 3666 videlicetJu-

124 3718 214 3769 qua:
238 3704 287 3757 in
308 3705 613 3760 Palaestina
639 3704 762 3769 fuit,
792 3706 952 3776 pauci
984 3706 1353 3763 intraverunt.
1383 3708 1433 3762 id
1463 3715 1549 3764 est
1578 3708 1687 3764 duo
1770 3707 2363 3773 dmislocutusestmon
2379 3706 2517 3759 dixit
2532 3706 2764 3758 hocloco
2783 3702 3143 3773 Requics,sed
3159 3698 3365 3755 Sabba-

121 3798 315 3857 tantum,
359 3795 538 3848 Caleb
592 3800 648 3847 et
706 3796 888 3860 Josue,
927 3815 991 3849 ex
1040 3795 1298 3851 omnibus
1345 3794 1454 3851 illis
1495 3796 1587 3868 qui
1621 3800 1688 3852 de
1771 3801 1989 3862 tismus,
2016 3798 2302 3868 proprium
2325 3814 2547 3860 nomen,
2571 3795 2641 3848 ad
2663 3794 2811 3863 quod
2830 3790 3219 3861 gaudebantet
3237 3805 3366 3843 con-

123 3876 318 3951 .‘Egypto
338 3889 733 3954 perrexerant,
760 3884 993 3955 proinde
1022 3887 1120 3951 ait,
1140 3890 1195 3938 et
1223 3886 1280 3939 hi
1313 3884 1513 3957 quibus
1534 3887 1684 3957 prio-
1771 3888 2091 3949 currebant,
2124 3884 2530 3940 sabbatismum
2558 3899 2794 3953 regnum
2824 3879 2925 3934 Dei
2948 3896 3149 3933 vocans
3185 3896 3195 3930 :
3221 3879 3359 3931 sicut

120 3966 239 4023 ribus
268 3972 673 4027 annuntiatum
711 3976 798 4027 est
832 3991 941 4028 non
974 3972 1312 4029 introierunt
1344 3980 1575 4046 propter
1606 3977 1687 4029 in-
1772 3973 1920 4029 enim
1938 3973 2249 4028 sabbatoab
2271 3972 2529 4026 omnibus
2550 3972 2711 4025 malis
2729 3968 2998 4025 abstineri
3014 3966 3294 4039 przecepit,
3309 3968 3366 4018 et

119 4059 489 4129 credulitatem,
516 4080 615 4116 eos
632 4058 953 4132 signiﬁcans
971 4061 1066 4133 qui
1089 4064 1157 4117 de
1186 4060 1425 4135 .Egypto
1455 4064 1686 4135 profecti
1767 4065 1865 4118 illa
1877 4064 2095 4118 tantum
2111 4064 2230 4116 ﬁeri
2247 4080 2367 4133 quae
2390 4062 2459 4115 ad
2485 4058 2919 4131 obsequiumDei
2934 4057 3364 4129 pertinent,qt1m

122 4155 238 4213 sunt,
264 4167 507 4221 quorum
538 4151 812 4206 cadavera
858 4156 1141 4223 prostrata
1178 4159 1311 4207 sunt
1354 4152 1409 4207 in
1444 4155 1682 4208 deserto.
1771 4154 2085 4209 sacerdotes
2114 4150 2447 4215 efﬁciebant,
2483 4154 2539 4203 et
2569 4167 2691 4221 quae
2719 4148 2967 4202 animam
2992 4144 3279 4215 juvabant,
3311 4148 3367 4197 et

118 4234 291 4291 Deinde
316 4240 521 4312 incipit
551 4240 621 4293 de
652 4239 978 4312 tertia,quze
994 4260 1092 4312 per
1110 4240 1395 4296 Christum
1418 4243 1689 4297 credenti-
1772 4245 1908 4299 nihil
1942 4241 2112 4309 aliud,
2140 4240 2218 4295 sic
2246 4246 2302 4294 et
2330 4246 2483 4294 tunc.
2518 4240 2631 4293 Nec
2648 4239 2821 4292 talem
2848 4239 2966 4291 vult
2984 4235 3276 4290 sabbatum
3309 4232 3365 4287 in

118 4320 195 4377 bus
212 4328 481 4396 promissa
501 4334 606 4391 est,
634 4330 886 4399 quamvis
909 4328 1160 4395 obscure,
1184 4331 1491 4401 disputare.
1526 4353 1550 4385 «
1585 4334 1690 4386 Ite-
1771 4350 1943 4402 regno
1968 4331 2065 4385 Dei
2095 4336 2157 4385 ut
2184 4331 2385 4384 iterum
2410 4329 2534 4400 quis
2554 4324 2751 4383 exinde
2783 4324 3177 4381 revertaturad
3197 4334 3367 4393 opera

116 4417 442 4487 rum,inquit,
468 4418 746 4472 terminat
757 4417 905 4473 diem
923 4421 1223 4490 quemdam
1244 4418 1421 4474 llodie
1439 4421 1493 4474 in
1516 4418 1688 4475 David
1705 4466 1752 4490 η
1772 4420 2217 4481 laboriosa,sicut
2237 4419 2295 4472 in
2316 4417 2546 4471 sabbato
2563 4416 2773 4470 carnali
2788 4408 3219 4469 fecerunt.Istud
3239 4418 3367 4465 vero

226 4466 442 4487 ματη,
473 4466 548 4472 π-
761 4466 905 4473 ην-..
926 4466 1223 4490 γνωμῃ--
1245 4466 1420 4474 --νων
1516 4466 1688 4475 μνη.
1772 4466 1916 4473 -..νη
1933 4466 2217 4481 "ww---
2317 4466 2539 4471 νηη--
2790 4466 2829 4469 η
2850 4466 2863 4469 -
2881 4466 2897 4468 -
3104 4466 3107 4467 ν

116 4498 333 4571 dicendo,
364 4511 496 4578 post
526 4508 747 4560 tantum
789 4509 1057 4579 temporis
1094 4506 1236 4563 sicut
1269 4528 1439 4580 supra
1477 4466 1753 4564 dictumD
1774 4509 2064 4563 sabbatum
2082 4508 2182 4562 Dei
2197 4502 3001 4578 quicunqueintrat,requievit
3016 4494 3283 4571 perpetuo
3296 4499 3365 4552 ab

116 4593 181 4641 est
201 4590 393 4648 :Hodie
421 4593 471 4648 si
498 4612 689 4648 vocem
717 4598 839 4666 ejus
870 4594 1181 4663 audieritis,
1216 4598 1387 4652 nolite
1416 4598 1690 4651 obdurare
1774 4596 2035 4669 Operibus
2056 4597 2188 4663 suis,
2205 4597 2351 4650 sicut
2370 4614 2403 4649 a
2423 4596 2540 4649 suis
2560 4596 2726 4648 Deus.
2753 4592 2959 4645 Volens
2978 4589 3167 4660 itaque
3180 4606 3272 4642 eos
3297 4587 3365 4641 de

117 4680 255 4732 corda
278 4689 486 4737 vestra.
513 4685 659 4738 Nam
691 4684 734 4739 si
764 4685 843 4739 eis
866 4682 893 4739 J
900 4703 1028 4740 esus
1053 4684 1303 4757 requiem
1320 4687 1686 4758 praestitisset,
1773 4686 2180 4741 resurrectione
2201 4684 2497 4749 instruere,
2525 4687 2579 4737 et
2598 4682 2665 4736 de
2685 4678 2877 4752 requie
2897 4679 3258 4752 sempiterna,
3279 4680 3345 4731 ho

117 4782 368 4839 nunquam
404 4774 478 4827 de
512 4774 623 4827 alia
652 4773 994 4845 loqueretur.
1017 4795 1041 4827 ι
1069 4776 1171 4829 Hic
1191 4777 1435 4830 ostendit
1464 4778 1691 4831 tertiam
1773 4778 1859 4829 dic
1884 4773 2187 4845 saepissime
2224 4772 2577 4844 interposuit,
2607 4778 2670 4825 ut
2690 4786 2979 4840 nunquam
3004 4764 3370 4838 desperarent

118 4859 381 4923 quamdam
395 4880 526 4915 esse
538 4862 809 4934 requiem,
832 4860 900 4918 de
922 4876 1033 4935 qua
1046 4863 1222 4918 David
1244 4864 1399 4930 dixit,
1425 4887 1445 4916 α
1465 4862 1687 4931 hodie,»
1772 4884 1831 4919 se
1852 4865 2177 4931 intraturos,
2210 4863 2369 4934 quasi
2398 4863 2625 4925 diceret,
2653 4862 2709 4915 Si
2732 4859 3031 4930 quisquam
3062 4856 3371 4929 peccaverit

118 4960 204 4999 non
229 4946 379 5004 illam
432 4951 763 5022 signiﬁcans
793 4953 863 5006 ad
911 4970 1079 5023 quam
1110 4952 1270 5008 Jesus
1299 4954 1569 5026 populum
1601 4955 1688 5008 in-
1777 4971 2064 5025 usquequo
2088 4959 2173 5007 est
2202 4952 2385 5017 hodie,
2413 4968 2567 5022 spem
2586 4948 2790 5003 habeat
2812 4946 3145 5002 revertendi.
3171 4944 3370 5001 Nullus

118 5036 349 5099 troduXit,
369 5041 471 5093 sed
486 5040 652 5094 aliam
678 5040 981 5112 quamdam
1002 5044 1178 5097 multo
1202 5061 1322 5097 esse
1346 5043 1694 5098 excellentio-
1776 5044 1949 5113 igitur
1978 5043 2237 5114 desperet
2266 5057 2552 5113 usquequo
2592 5038 2742 5092 vivit.
2795 5059 2815 5090 ι
2850 5039 3202 5092 Festinemus
3238 5052 3369 5104 ergo

120 5137 209 5177 rem
234 5125 327 5189 illi,
351 5126 423 5182 ad
447 5147 617 5200 quam
642 5147 753 5184 non
771 5129 1009 5202 typicus,
1032 5133 1127 5185 sed
1148 5149 1311 5186 verus
1342 5132 1694 5187 Jesusintro-
1783 5153 1804 5182 ei
1850 5132 2064 5202 ingredi
2095 5132 2151 5185 in
2182 5133 2333 5184 illam
2378 5129 2628 5201 requiem
2674 5134 2739 5182 ut
2785 5138 2853 5181 ne
2886 5128 2943 5180 in
2973 5124 3217 5195 idipsum
3246 5124 3369 5194 quis

120 5209 246 5267 duxit
262 5234 353 5269 eos
384 5220 483 5289 qui
508 5226 635 5273 sunt
665 5222 805 5290 ejus.
834 5219 1163 5285 Audiamus,
1182 5222 1329 5275 unde
1353 5223 1456 5275 hoc
1476 5228 1690 5277 certum
1778 5240 1803 5272 ‹‹
1845 5220 2057 5274 incidat
2101 5219 2505 5273 incredulitatis
2543 5216 2878 5288 exemplum.
2933 5215 3142 5281 (Joan.)
3170 5212 3373 5283 Magna

118 5298 175 5352 sit
203 5321 211 5353 :
240 5312 362 5375 post
396 5311 585 5361 tantos
617 5326 814 5372 annos,
855 5308 1055 5380 inquit,
1095 5311 1297 5364 iterum
1331 5308 1465 5365 dicit
1494 5310 1686 5378 David,
1776 5310 2004 5381 quidem
2034 5328 2121 5363 res
2153 5316 2235 5362 est
2284 5308 2421 5361 ﬁdes
2469 5313 2525 5361 et
2566 5306 2847 5369 salutaris,
2880 5310 2937 5359 et
2965 5303 3085 5357 sine
3116 5302 3221 5355 hac
3259 5318 3370 5355 non

124 5406 139 5435 ι
168 5390 327 5447 Hodie
343 5396 388 5448 si
413 5413 601 5450 vocem
622 5398 745 5467 ejus
766 5399 1072 5465 audieritis,
1089 5401 1261 5453 nolite
1282 5401 1692 5454 obdurarecor-
1777 5406 1863 5453 est
1891 5399 2093 5453 salvari
2113 5395 2375 5468 possibile
2396 5396 2579 5461 alicui,
2616 5396 2760 5448 sicut
2788 5394 2999 5447 dictum
3040 5396 3126 5447 est
3150 5408 3160 5443 :
3180 5408 3204 5441 α
3241 5390 3372 5445 Sine

124 5474 175 5529 da
192 5490 382 5545 vestra;
406 5482 455 5537 si
477 5486 626 5540 enim
650 5488 677 5539 J
684 5505 811 5541 esus
835 5505 1021 5541 veram
1055 5490 1405 5559 praestitisset
1438 5490 1689 5561 requiem
1776 5490 1883 5542 fide
1906 5485 2248 5559 impossibile
2279 5492 2362 5540 est
2381 5486 2493 5539 Deo
2514 5484 2734 5556 placere
2752 5484 2933 5552 (Hebr.
2958 5487 3067 5551 1x);
3096 5503 3117 5532 ν
3143 5481 3239 5537 sed
3262 5492 3373 5535 non
3424 5528 3443 5537 κ

127 5570 294 5636 populo
314 5574 481 5642 cujus
511 5572 704 5629 ductor
724 5576 848 5642 fuit,
873 5594 1053 5647 neque
1070 5574 1138 5630 de
1162 5576 1269 5631 alia
1292 5578 1485 5649 requie
1516 5576 1692 5633 David
1778 5578 1983 5632 sufficit
2009 5574 2129 5631 sola
2158 5577 2273 5631 hmc
2301 5572 2517 5646 operari
2550 5592 2651 5646 per
2681 5573 3037 5629 dilectionem
3070 5572 3258 5637 fidem,
3279 5587 3374 5624 ne-

122 5652 413 5726 loqueretur
444 5670 653 5733 postea.
686 5685 706 5715 ι
747 5667 977 5721 Certum
997 5673 1084 5721 est
1116 5684 1248 5739 ergo
1277 5668 1410 5739 quia
1438 5669 1696 5727 futurum
1781 5667 2083 5723 cessarium
2136 5671 2221 5719 est
2266 5669 2324 5719 et
2369 5664 2683 5720 conversari
2733 5660 2900 5734 digne
2946 5664 3061 5717 Deo
3098 5680 3108 5715 :
3141 5657 3374 5731 proinde
