3848 6164
509 314 611 370 735
1104 317 1166 370 Β.
1209 314 1483 371 RABANI
1523 315 1754 370 MAURI
1792 315 2128 372 ARCHIEP.
2169 316 2495 372 MOGUNT.
2538 313 2837 369 OPERUM
2874 312 3055 368 PARS
3092 313 3191 368 ΠΙ.
3632 320 3709 376 736

507 440 678 493 etiam
703 441 912 495 Paulus
937 441 1203 494 admonet
1231 457 1325 494 eos
1356 441 1452 511 qui
1482 440 1866 510 dignationem
1895 449 2106 514 myste-
2123 446 2173 504 Α
2191 449 2278 496 est
2302 442 2579 512 judicium
2609 440 2812 504 Dei,ut
2837 439 3120 492 discernat
3137 439 3282 492 inter
3299 441 3712 512 carnaliapeccata

507 529 718 583 riorum
746 530 1028 601 suscipere
1058 535 1411 594 meruerunt,
1441 530 1666 583 dicens:
1694 551 1716 581 ι
1753 531 2106 586 Festinemus
2191 539 2247 586 et
2277 531 2573 602 spiritalia,
2609 529 2752 600 quis.
2782 528 2935 598 quid,
2958 545 3066 598 quo
3089 533 3218 597 agat
3231 528 3424 593 animo,
3442 531 3519 582 vel
3538 548 3630 600 quo
3647 535 3714 586 de-

511 639 533 668 ι
576 619 796 688 ingredi
825 619 885 672 in
931 619 1085 672 illam
1118 619 1391 688 requiem.
1427 639 1452 669 ι)
1488 620 1861 682 Festinemus,
1898 621 2100 692 inquit,
2186 621 2393 674 siderio
2408 621 2524 674 Deo
2545 619 2750 672 serviat
2767 617 3028 670 incorde:
3053 622 3170 669 tam
3192 617 3714 691 penetrabilisestejus

507 708 770 779 quoniam
804 725 918 762 non
952 708 1160 762 sufﬁcit
1191 708 1347 772 ﬁdes,
1382 709 1476 760 sed
1529 708 1696 762 debet
1733 709 1864 762 addi
1895 716 1952 762 et
1993 710 2106 764 vita
2188 709 2444 765 intuitus.
2469 713 2532 762 ut
2559 707 2750 762 omnia
2765 713 2958 760 nostra
2976 723 3098 776 qua:
3114 706 3329 775 agimus
3357 708 3434 760 vel
3465 709 3715 777 cogitamus-

413 782 422 788 ’
507 797 637 851 ﬁdei
651 798 946 866 condigna,
969 804 1026 850 et
1037 799 1278 851 multum
1302 797 1550 851 studium
1567 797 1733 851 debet
1748 798 2019 864 adhiberi,
2035 815 2105 852 ne
2187 799 2394 852 certius
2415 797 2669 868 agnoscit
2684 813 2853 867 quam
2883 795 3227 866 nosmetipsi,
3263 795 3414 848 illum
3437 812 3628 868 semper
3641 799 3716 852 ha-

507 887 645 940 ﬁdes
673 887 747 939 sit
777 887 975 940 otiosa.
1011 889 1176 954 (Αιὺ.)
1210 886 1268 940 Si
1315 887 1467 940 enim
1511 894 1724 940 terram
1770 887 1984 941 intrare
2021 889 2104 942 illi
2187 887 2386 941 bemus
2415 892 2620 940 testem
2655 892 2882 939 actuum
2915 890 3236 937 nostrorum
3270 883 3354 938 vel
3383 885 3716 954 cogitationum

507 991 618 1029 non
649 981 980 1028 meruerunt
1001 977 1102 1046 qui
1137 976 1472 1029 murmurati
1504 981 1637 1029 sunt
1664 982 1859 1030 contra
1904 978 2101 1044 Deum,
2188 994 2355 1047 quem
2408 975 2657 1047 judicem
2717 973 2964 1028 habituri
3017 989 3233 1026 sumus.
3290 973 3582 1027 Timeamus
3629 978 3718 1045 ejus

507 1064 786 1134 quomodo
815 1081 917 1117 nos
948 1066 1152 1119 coelum
1181 1064 1522 1120 merebimus
1551 1065 1763 1118 intrare
1789 1065 2107 1120 indifferen-
2188 1067 2547 1136 praesentiam
2563 1065 2722 1134 cujus
2737 1063 3027 1117 scientiam
3047 1062 3366 1115 nullatenus
3377 1062 3594 1131 effugere
3606 1067 3720 1118 vale-

505 1160 594 1206 ter
623 1153 868 1206 viventes
905 1153 1052 1207 sicut
1093 1153 1338 1224 gentes?
1389 1154 1543 1224 Opus
1587 1161 1673 1208 est
1715 1155 1921 1226 quippe
1951 1157 2103 1209 omni
2189 1153 2390 1208 bimus.
2426 1154 2575 1208 Dixit
2603 1153 2754 1207 enim
2783 1158 2852 1206 ut
2876 1152 3152 1226 discretor
3181 1151 3254 1204 sit
3281 1167 3458 1204 sermo
3477 1151 3582 1216 Dei,
3605 1153 3648 1204 id
3661 1163 3720 1207 est

507 1241 713 1295 volenti
729 1243 928 1295 malum
947 1243 1234 1313 possidere
1249 1243 1417 1296 ﬁdem
1433 1243 1694 1314 operibus
1708 1225 1867 1298 bonis
1879 1262 2100 1298 ornare.
2189 1243 2540 1315 providentia
2561 1243 2682 1308 Dei,
2709 1225 3115 1312 cogitationum
3138 1240 3308 1294 etiam
3331 1245 3387 1292 et
3411 1239 3722 1295 intentionum

508 1331 623 1384 Nec
655 1331 758 1384 hoc
787 1332 968 1384 solum
991 1332 1183 1384 damni
1219 1331 1389 1386 habet
1409 1333 1556 1385 male
1581 1333 1789 1398 vivens,
1823 1334 1970 1404 quod
1993 1351 2105 1388 non
2186 1333 2368 1386 cordis
2387 1332 2707 1396 ostendens,
2730 1331 2862 1402 quia
2875 1330 3065 1384 omnia
3084 1335 3280 1382 nostra
3297 1329 3549 1381 interiora
3568 1330 3636 1382 vel
3653 1346 3720 1382 ex-

507 1421 690 1474 intrat
707 1419 765 1474 in
782 1437 1020 1490 regnum
1041 1421 1164 1486 Dei,
1187 1438 1380 1475 verum
1395 1421 1584 1488 etiam,
1611 1423 1759 1492 quod
1780 1423 2009 1492 majoris
2021 1431 2106 1478 est
2186 1421 2396 1474 teriora
2417 1419 2878 1491 dijudicabuntur
2890 1418 2960 1472 ab
2983 1435 3067 1482 eo,
3084 1417 3182 1488 qui
3202 1417 3388 1470 omnia
3407 1423 3581 1470 nostra
3591 1419 3718 1484 novit,

506 1509 759 1575 terroris,
795 1527 972 1580 poena:
1001 1516 1284 1581 perpetuae
1333 1511 1660 1581 mancipari.
1697 1512 1827 1565 Ideo
1865 1512 2098 1578 addidit,
2188 1517 2246 1564 et
2273 1517 2426 1564 totus
2446 1527 2547 1582 per
2570 1515 2754 1564 totum
2779 1513 3037 1580 penetrat
3055 1507 3363 1560 hominem.
3385 1507 3492 1560 Nec
3507 1507 3674 1560 mirum
3689 1509 3720 1560 si

509 1616 537 1651 (‹
577 1603 641 1651 ut
661 1615 731 1651 ne
763 1598 820 1652 in
850 1599 1092 1670 idipsum
1115 1599 1240 1669 quis
1270 1600 1479 1653 incidat
1497 1600 1905 1654 incredulitatis
1925 1618 2105 1654 exem-
2185 1604 2340 1652 totus
2369 1598 2578 1669 ubique
2599 1605 2777 1652 totam
2811 1614 2972 1651 suam
3000 1605 3277 1666 agnoscat
3307 1601 3615 1660 creaturam,
3639 1596 3720 1648 sive

511 1705 537 1739 α
580 1688 756 1756 plum.
795 1707 818 1738 ι
855 1688 1061 1744 Eorum
1093 1689 1326 1742 interitu
1358 1689 1454 1759 qui
1483 1689 1773 1760 perierunt
1798 1690 1856 1744 in
1881 1691 2102 1744 deserto
2185 1688 2494 1758 spiritalem
2516 1687 2628 1740 sive
2659 1687 3025 1758 corporalem,
3069 1685 3206 1756 quia
3234 1685 3374 1738 nihil
3402 1685 3538 1754 quod
3560 1685 3720 1737 factum

505 1777 710 1830 terruit
729 1776 1039 1842 audientes,
1063 1795 1134 1831 ne
1155 1778 1212 1830 in
1232 1777 1458 1830 illorum
1481 1778 1792 1832 inciderent
1804 1779 2100 1848 judicium,
2121 1773 2167 1832 B
2185 1783 2287 1844 est,
2307 1777 2429 1830 sine
2461 1793 2526 1830 eo
2555 1777 2763 1830 factum
2793 1780 2879 1828 est
2903 1795 2916 1840 ;
2936 1775 3062 1828 ideo
3092 1774 3315 1827 addidit
3345 1792 3356 1825 :
3395 1797 3417 1823 ι(
3453 1774 3515 1826 Et
3539 1790 3635 1826 non
3658 1783 3720 1827 est

508 1865 667 1935 quasi
682 1865 914 1920 dixisset
939 1883 950 1917 :
979 1866 1332 1920 Sufﬁcienter
1351 1884 1416 1920 ex
1435 1867 1762 1938 parentibus
1783 1869 1990 1922 nostris
2013 1871 2108 1923 do-
2192 1885 2214 1916 ι
2239 1866 2354 1919 ulla
2383 1873 2645 1920 creatura
2674 1864 2966 1918 invisibilis
2995 1864 3055 1916 in
3093 1868 3396 1932 conspectu
3424 1864 3552 1932 ejus,
3579 1863 3722 1915 omnia

505 1970 715 2018 cemur,
731 1971 802 2007 ne
823 1955 882 2008 in
911 1955 1117 2008 similia
1145 1955 1476 2016 incidamus,
1497 1973 1568 2009 ne
1599 1957 1796 2010 eadem
1823 1958 2107 2028 patiamur
2191 1975 2215 2006 ι
2241 1960 2429 2008 autem
2443 1955 2662 2008 nudaet
2675 1960 2870 2024 aperta
2882 1959 3012 2007 sunt
3024 1953 3202 2006 oculis
3223 1951 3722 2021 ejus.n(_Scr.)Quibus

506 2059 629 2113 quae
659 2043 740 2095 illi
763 2043 912 2114 passi
931 2050 1083 2100 sunt.
1117 2045 1234 2098 Hoc
1255 2051 1356 2111 est,
1390 2065 1412 2095 ι
1438 2045 1494 2098 in
1511 2045 1756 2116 idipsum
1787 2047 2105 2118 exemplum
2187 2044 2778 2112 manifestecolligitur
2793 2043 2935 2096 nihil
2951 2042 3472 2112 esseincorporeum
3485 2041 3724 2094 nisiDeum

507 2131 876 2186 inﬁdelitatis.
905 2154 928 2184 »
956 2133 1169 2188 Deinde
1189 2139 1254 2187 ut
1281 2135 1554 2204 majorem
1577 2135 1934 2204 peccantibus
1953 2136 2107 2190 incu-
2187 2133 2390 2199 solum,
2417 2139 2473 2186 et
2488 2133 2692 2186 idcirco
2714 2132 2820 2202 ipsi
2850 2131 3248 2184 tantummodo
3273 2147 3432 2201 posse
3467 2127 3725 2200 penetrabi-

505 2227 653 2274 teret
671 2221 1026 2275 formidinem
1049 2222 1371 2292 subjungit:
1401 2243 1422 2273 ι
1449 2223 1619 2276 Vivus
1643 2231 1728 2277 est
1752 2224 1902 2278 enim
1919 2242 2104 2279 sermo
2186 2221 2268 2274 les
2297 2239 2493 2275 omnes
2523 2221 2804 2292 spiritales
2832 2227 3001 2290 atque
3039 2219 3449 2273 intellectuales
3489 2235 3594 2272 esse
3627 2217 3725 2270 sub-

508 2327 535 2361 α
565 2310 686 2372 Dei,
702 2307 1466 2382 etet‘ﬁcax,etpenetrabilior
1478 2297 1642 2365 omni
1651 2312 1839 2381 gladio
1851 2314 2100 2384 ancipiti,
2189 2311 2442 2376 stantias,
2461 2327 2526 2364 eo
2539 2311 2689 2381 quod
2711 2311 2862 2364 solus
2891 2315 2948 2363 et
2975 2316 3130 2363 totus
3160 2316 3218 2362 et
3233 2308 3438 2379 ubique
3458 2313 3510 2360 et
3527 2308 3577 2360 in
3595 2307 3728 2359 omni-

505 2417 530 2450 ‹
564 2404 621 2452 et
647 2399 972 2469 pertingens
987 2417 1165 2470 usque
1186 2400 1254 2454 ad
1285 2401 1612 2454 divisionem
1639 2401 1840 2455 animae
1855 2419 1920 2455 ac
1940 2403 2104 2472 spiri-
2188 2399 2292 2452 bus
2317 2399 2408 2465 sit,
2442 2400 2523 2452 ita
2551 2406 2609 2453 et
2635 2405 2697 2452 ut
2725 2399 3094 2469 cogitationes
3126 2398 3422 2451 hominum
3453 2402 3505 2450 et
3530 2397 3727 2449 internus

507 2511 530 2538 «ι
564 2494 656 2541 tus
687 2506 1054 2560 :compagum
1087 2506 1307 2560 quoque
1328 2496 1385 2543 et
1413 2490 1790 2544 medullarum
1827 2497 1884 2544 et
1905 2492 2106 2546 discre-
2189 2495 2375 2542 motus
2405 2489 2557 2542 adita
2589 2489 2794 2542 mentis
2825 2488 3084 2542 universa
3114 2487 3383 2558 inspiciat
3409 2493 3562 2556 atque
3589 2485 3728 2556 perlu-

509 2597 531 2628 α
569 2582 659 2630 tor
682 2577 1090 2646 cogitationum
1120 2585 1176 2630 et
1203 2578 1582 2632 intentionum
1615 2579 1814 2632 cordis.
1840 2600 1867 2630 ι)
1889 2582 2098 2651 (Ιοαη.)
2185 2583 2339 2632 stret.
2375 2578 2663 2632 Exteriora
2691 2594 2934 2647 namque
2965 2593 3136 2648 Opera
3168 2581 3366 2648 patent
3392 2575 3554 2630 oculis
3584 2573 3726 2627 homi-

505 2664 609 2717 Hic
640 2665 887 2718 ostendit
907 2667 1170 2736 quoniam
1193 2672 1251 2720 et
1269 2666 1366 2720 illa
1385 2667 1534 2720 idem
1559 2667 1676 2737 ipse
1700 2674 1964 2739 operatus
1994 2675 2096 2736 est,
2183 2683 2340 2731 num,
2371 2667 2537 2737 longe
2566 2665 3230 2737 veroincomparabiliter
3249 2665 3533 2720 interiores
3558 2680 3612 2716 ac
3626 2663 3725 2716 sub-

501 2759 557 2805 et
583 2752 734 2819 vivit,
774 2770 886 2807 non
915 2759 1002 2807 est
1021 2755 1344 2808 exstinctus.
1389 2756 1568 2825 Igitur
1597 2757 1864 2826 quoniam
1894 2775 2103 2812 sermo—
2182 2755 2456 2810 tilissimze
2503 2757 2871 2825 cogitationes
2924 2761 3132 2809 nostrae
3184 2762 3382 2826 patent
3431 2753 3590 2808 oculis
3634 2752 3722 2806 Dei.

509 2857 636 2894 nem
663 2842 886 2906 audisti,
913 2859 984 2896 ne
1003 2843 1332 2914 simpliciter
1352 2844 1611 2915 accipias,
1633 2847 1822 2915 gladio
1842 2847 2100 2912 enim,in—
2187 2864 2209 2895 ε
2246 2845 2451 2900 Omnia
2479 2846 2650 2912 enim,
2685 2845 2830 2899 sicut
2872 2845 3146 2914 scriptum
3181 2851 3287 2911 est,
3327 2845 3474 2898 nuda
3499 2851 3550 2896 et
3574 2849 3722 2912 aperta

505 2929 644 3000 quit,
679 2936 766 2984 est
784 2931 1204 3001 penetrabilior.
1234 2933 1476 2986 Attende
1495 2934 1914 2989 distinctionem
1938 2937 2096 2990 Pauli
2179 2940 2312 2988 sunt
2337 2935 2514 2989 oculis
2532 2937 2672 3005 ejus.
2699 2954 2722 2986 ι
2753 2935 2955 3002 (Grcg.)
2971 2935 3040 2987 Et
3063 2950 3214 3004 saepe
3234 2934 3293 2987 in
3314 2933 3573 2986 exteriore
3597 2946 3725 3001 opere

501 3023 558 3072 et
587 3018 716 3072 hinc
743 3020 1035 3074 considera
1062 3039 1163 3092 pro
1213 3038 1322 3092 qua
1371 3039 1541 3076 causa
1587 3040 1726 3094 opus
1779 3024 2100 3080 habuerunt
2179 3028 2310 3077 ante
2344 3023 2536 3077 oculos
2585 3023 2880 3078 hominum
2933 3021 3247 3076 inordinati
3278 3038 3538 3093 apparere
3563 3019 3725 3072 metui-

499 3108 785 3178 prophetze
815 3108 1000 3164 dicere
1039 3111 1311 3180 gladium,
1343 3112 1724 3182 rhomphmam
1757 3119 1813 3166 et
1855 3131 2048 3168 arcum
2079 3133 2090 3169 :
2119 3095 2324 3178 Cmus,
2359 3119 2416 3166 et
2441 3113 2706 3166 interiore
2751 3111 3089 3182 cogitatione
3120 3110 3278 3165 illius
3323 3115 3615 3181 respectum
3641 3122 3724 3160 non

504 3215 529 3248 ι
564 3197 685 3250 Nisi
703 3199 1724 3271 convertamini,inquit,rhomphzeam
1742 3218 1902 3255 suam
1919 3202 2099 3257 vibra-
2179 3201 2502 3255 metuimus.
2555 3201 2853 3254 Videntem
2880 3201 3072 3254 omnia
3112 3217 3232 3254 non
3270 3200 3516 3254 videmus
3546 3217 3556 3250 :
3589 3197 3725 3250 multo

497 3285 798 3352 vit,arcum
809 3303 977 3340 suum
996 3289 1304 3342 tetenditet
1329 3290 1546 3359 paravit
1563 3290 1724 3343 illum
1751 3294 1914 3356 (Psal.
1933 3293 2045 3360 vn).
2068 3312 2092 3343 ι
2179 3291 2329 3344 enim
2356 3291 2535 3360 magis
2561 3290 2896 3344 intrinsecus
2925 3289 3027 3344 Dei
3043 3306 3218 3360 quam
3244 3290 3576 3343 extrinsecus
3593 3284 3728 3339 homi-

499 3374 558 3428 Si
586 3375 737 3428 enim
765 3392 915 3430 nunc
943 3384 1069 3447 post
1095 3383 1256 3456 tanta
1284 3385 1556 3448 tempora,
1583 3384 1640 3433 et
1658 3386 1782 3450 post
1811 3361 2098 3451 perfectio-
2179 3378 2346 3433 nibus
2364 3379 2751 3450 conspicibiles
2782 3395 2996 3432 sumus.
3017 3379 3177 3432 Unde
3209 3379 3391 3433 sancti
3419 3393 3598 3431 omnes
3624 3373 3725 3428 foris

496 3480 626 3518 nem
663 3481 775 3518 non
805 3471 988 3536 potest
1015 3467 1242 3520 nomine
1284 3468 1558 3522 sermonis
1602 3474 1823 3522 tantum
1859 3476 2090 3538 terrere,
2178 3485 2236 3521 se
2265 3469 2529 3539 intusque
2549 3468 3026 3540 circumspiciunt,
3051 3473 3109 3520 et
3129 3469 3218 3521 vel
3233 3464 3664 3539 reprehendendo
3679 3478 3722 3514 se

495 3553 592 3606 sed
624 3570 763 3624 opus
793 3555 962 3608 habet
990 3556 1160 3609 etiam
1193 3557 1316 3610 istis
1345 3557 1546 3624 verbis,
1581 3565 1644 3612 ut
1668 3560 1928 3613 ostendat
1951 3561 2094 3613 emi-
2177 3557 2437 3623 exterius,
2469 3558 2553 3610 vel
2583 3557 2806 3628 iniquos
2834 3574 2892 3610 se
2922 3556 3163 3610 interius
3207 3557 3385 3611 videri
3426 3553 3727 3610 invisibiliter

495 3641 744 3695 nentiam
777 3659 842 3695 cx
873 3644 1288 3715 comparatione
1318 3663 1328 3698 :
1363 3646 1541 3699 multo
1573 3647 1750 3716 magis
1766 3653 1900 3700 tunc
1934 3668 1957 3698 ι
1992 3665 2091 3719 pe—
2174 3646 2392 3700 timent.
2441 3650 2647 3716 (Joan.)
2699 3647 2800 3699 Hic
2848 3646 3091 3699 maxime
3123 3662 3220 3699 eos
3274 3645 3494 3706 terruit,
3527 3659 3589 3696 ne
3617 3641 3727 3695 forte

494 3731 844 3796 netrabilior,
891 3733 1095 3804 inquit,
1132 3751 1308 3805 usque
1337 3735 1409 3788 ad
1439 3734 1768 3788 divisionem
1805 3736 2005 3792 animae
2034 3745 2091 3791 et
2171 3735 2372 3801 adhuc,
2395 3735 2596 3805 inquit,
2621 3735 2678 3789 in
2701 3736 2808 3788 ﬁde
2829 3740 3062 3799 stantes,
3088 3752 3204 3788 non
3223 3752 3360 3789 cum
3379 3735 3588 3804 integra.
3604 3729 3726 3784 satis-

493 3819 745 3890 spiritus.
782 3840 808 3873 ι
843 3821 987 3885 Quid
1021 3829 1107 3876 est
1135 3823 1239 3877 hoc
1267 3825 1291 3876 ?
1318 3823 1648 3878 Terribilius
1679 3824 1892 3895 aliquid
1921 3826 2090 3895 signi-
2168 3823 2410 3878 factione
2463 3825 2765 3895 perﬁciatis
2811 3825 2942 3878 ﬁdei
2972 3841 3162 3894 opera,
3198 3825 3340 3894 quia
3387 3824 3502 3894 ipse
3548 3837 3654 3892 quae
3684 3819 3725 3869 in

494 3909 696 3976 ﬁcavit,
746 3917 846 3964 aut
895 3911 1027 3980 quia
1083 3912 1344 3982 spiritum
1403 3913 1602 3966 dividit
1646 3913 1716 3966 ab
1754 3914 1960 3980 anima,
1993 3922 2092 3970 aut
2172 3914 2336 3967 corde
2372 3920 2508 3968 sunt
2549 3914 2836 3979 discernit,
2869 3912 2946 3966 ibi
2978 3913 3284 3979 examinat,
3328 3913 3406 3967 ibi
3437 3911 3722 3966 considerat.

495 3999 627 4066 quia
651 4004 708 4051 et
736 3999 859 4068 ipsa
905 3999 1234 4070 incorporea
1279 4007 1539 4071 penetrat
1569 4008 1626 4055 et
1653 4003 1941 4072 pertingit,
1977 4020 2090 4056 non
2170 4003 2410 4057 reddens
2436 4003 2739 4074 unicuique
2796 4003 3101 4056 secundum
3151 4003 3363 4056 merita
3390 4019 3508 4056 sua.
3537 4001 3597 4054 Et
3623 3995 3722 4068 quid

493 4090 714 4139 tantum
745 4087 889 4140 sicut
912 4089 1134 4156 gladius
1163 4106 1414 4159 corpora.
1450 4091 1553 4143 Hic
1583 4092 1846 4153 ostendit,
1880 4093 2012 4161 quia
2033 4099 2090 4146 et
2171 4091 2292 4144 dico
2335 4092 2404 4145 de
2446 4092 2812 4145 hominibus?
2844 4099 2902 4145 at
2931 4091 2977 4145 si
3027 4091 3260 4160 angelos
3290 4093 3462 4156 dicas,
3510 4094 3564 4142 at
3591 4087 3630 4140 si
3655 4101 3725 4138 ar-

491 4173 681 4227 anima
708 4175 942 4244 punitur
962 4183 1018 4229 et
1046 4177 1317 4230 interiora
1345 4178 1753 4233 examinantur.
1781 4180 1884 4233 Hic
1907 4189 2089 4234 osten-
2169 4180 2488 4250 changelos,
2521 4188 2581 4235 at
2599 4181 2645 4234 si
2669 4180 2970 4244 Cherubin,
2994 4187 3054 4234 at
3072 4181 3431 4252 siSeraphin,
3455 4185 3512 4233 at
3531 4179 3573 4231 si
3588 4176 3723 4231 aliam

492 4262 576 4314 dit
607 4264 866 4316 eumdem
897 4281 997 4318 nos
1027 4264 1233 4318 habere
1277 4266 1545 4333 judicem,
1579 4268 1672 4337 qui
1702 4268 1830 4321 illos
1860 4277 2087 4340 propter
2169 4267 3596 4340 quamlibetcreaturam,omniarevelatasuntoculo
3610 4266 3719 4334 ejus.

490 4351 941 4406 incredulitatem
996 4371 1192 4407 eorum
1257 4355 1544 4408 damnavit
1573 4397 1582 4408 .
1655 4357 1806 4410 Dixit
1859 4359 2009 4412 enim
2068 4379 2077 4412 :
2167 4359 2358 4411 omnia
2376 4365 2572 4429 aperta
2591 4367 2648 4412 et
2663 4359 2977 4412 manifesta.
2994 4359 3152 4422 'Qllld
3172 4365 3259 4412 est
3279 4359 3429 4430 quod
3444 4372 3565 4412 cum
3585 4351 3724 4426 ροεεὶῐ

495 4459 522 4494 α
563 4441 733 4496 Vivus
763 4448 849 4496 est
876 4459 1063 4497 sermo
1094 4443 1215 4508 Dei,
1246 4463 1270 4492 »
1305 4460 1490 4497 sermo
1522 4445 1622 4498 Dei
1653 4446 1826 4500 Filius
1845 4453 1932 4501 est
1959 4449 2077 4512 Dei,
2101 4431 2396 4500 I)latere’h
2414 4448 2618 4501 Omnia
2638 4449 2788 4500 nuda
2806 4453 2862 4500 et
2881 4453 3079 4518 aperta
3097 4453 3229 4501 sunt
3241 4438 3718 4516 oculisejustuid

493 4530 586 4600 qui
617 4531 685 4586 de
716 4531 836 4602 ipso
861 4532 977 4586 ait:
1017 4552 1042 4582 «
1081 4532 1138 4586 Si
1170 4533 1294 4603 quis
1323 4549 1638 4588 sermonem
1667 4551 1856 4589 meum
1894 4553 2082 4590 serva-
2165 4544 2356 4590 autem
2377 4537 2666 4608 «apertah
2691 4537 3503 4607 Exmetaphorapellium,quae
3519 4535 3582 4588 de
3595 4545 3725 4603 pecu-

489 4620 648 4683 verit,
683 4628 922 4675 mortem
953 4639 1066 4676 non
1095 4622 1305 4676 videbit
1327 4623 1386 4676 in
1414 4629 1686 4678 aeternum
1721 4643 1732 4691 ;
1772 4644 1794 4675 ι
1829 4625 1974 4679 sicut
1999 4627 2078 4679 illi
2162 4625 2729 4689 dibus,detrahuntur
2743 4633 2808 4680 ut
2823 4626 3010 4679 videre
3025 4625 3341 4680 licet.Sicut
3362 4625 3723 4688 enimcumpc-

489 4707 534 4760 si
595 4717 886 4764 servarent
937 4729 1255 4765 sermonem
1313 4713 1413 4766 Dei
1439 4713 1704 4778 viverent,
1757 4720 2080 4785 terramque
2163 4715 2330 4768 cudes
2341 4715 2605 4769 occiderit
2619 4716 2830 4786 quis,et
2841 4731 2906 4768 ex
2923 4714 3184 4769 carnibus
3203 4715 3510 4768 detraxerit
3530 4709 3720 4783 pellem,

487 4797 872 4866 promissionis
919 4799 1213 4867 intrarent,
1250 4801 1328 4855 sic
1358 4807 1414 4854 et
1456 4819 1558 4856 nos
1597 4803 1642 4856 si
1676 4805 2080 4858 servaverimus
2163 4804 2638 4858 omniainteriora
2665 4805 2984 4858 revelantur
3007 4809 3270 4874 etaperta
3290 4806 3437 4856 ﬁunt
3455 4800 3617 4855 oculis
3642 4813 3722 4850 no-

485 4901 799 4940 sermonem
837 4889 978 4956 ejus,
1011 4889 1259 4944 vivemus
1297 4891 1661 4962 requiemque
1691 4893 1971 4946 cmlcstem
2001 4894 2084 4947 in-
2164 4894 2294 4947 stris
2329 4911 2340 4946 :
2374 4894 2453 4946 sic
2479 4900 2535 4948 et
2562 4895 2676 4948 Deo
2699 4901 2896 4964 aperta
2926 4892 3220 4963 subjacent
3235 4893 3443 4946 omnia.
3464 4893 3543 4945 Tu
3563 4892 3719 4942 autem

485 4973 778 5029 trahimus.
817 4991 844 5027 ιι
892 4976 1061 5031 Vivus
1091 4986 1176 5032 est
1217 4979 1366 5032 enim
1396 4981 1494 5033 Dei
1525 4999 1730 5046 sermo,
1779 4987 1837 5034 et
1865 4983 2075 5049 efﬁcax,
2163 4983 2389 5036 attende
2437 4984 2609 5038 etiam
2667 4985 2788 5049 hoc,
2823 4983 3102 5053 quomodo
3159 4999 3382 5053 semper
3421 4997 3556 5050 Opus
3582 4975 3719 5030 habet.

484 5070 542 5117 et
567 5063 970 5134 penetrabilior
998 5067 1151 5119 omni
1170 5068 1358 5137 gladio
1387 5069 1634 5140 ancipiti.
1670 5071 1902 5125 Gladius
1931 5072 2080 5126 enim
2162 5073 2444 5142 corporeis
2475 5073 2760 5144 exemplis,
2805 5071 2952 5143 quod
2981 5073 3046 5124 ﬁt
3073 5088 3138 5124 ex
3169 5071 3496 5124 inﬁrmitate
3527 5065 3720 5120 audien-

484 5158 672 5223 potest
696 5153 950 5207 membra
977 5154 1224 5209 dividere
1254 5174 1289 5210 a
1307 5173 1558 5228 corpore,
1592 5165 1648 5212 et
1675 5166 1969 5230 penetrare
1999 5179 2081 5214 se-
2160 5162 2474 5232 tium;quia
2493 5163 2642 5216 enim
2672 5162 2882 5217 inﬁrmi
2899 5167 3061 5214 erant
3075 5159 3394 5224 declaravit,
3417 5159 3598 5211 dicens
3622 5160 3716 5207 tar-

484 5247 638 5295 creta
664 5249 721 5296 et
747 5249 1010 5297 naturam
1032 5244 1246 5297 carnis:
1266 5245 1363 5299 sed
1393 5263 1458 5299 eo
1489 5247 1666 5302 multo
1683 5249 2080 5318 penetrabilior
2161 5251 2260 5305 dos
2278 5268 2372 5304 eos
2401 5269 2521 5305 esse
2542 5258 2598 5306 et
2624 5270 2764 5322 opus
2792 5251 3060 5304 habentes
3079 5250 3241 5315 lacte,
3260 5265 3370 5302 non
3401 5247 3573 5301 solido
3599 5241 3712 5296 cibo.

486 5336 572 5383 est
600 5347 783 5386 sermo
810 5333 932 5398 Dei,
956 5333 1284 5404 pertingens
1301 5341 1365 5388 ut
1378 5335 1979 5408 aitApostolus,usque
2009 5340 2078 5393 ad
2165 5357 2190 5391 α
2225 5340 2428 5394 Omnia
2455 5343 2606 5394 nuda
2635 5346 2768 5394 sunt
2796 5347 2854 5392 et
2886 5345 3082 5410 aperta
3108 5339 3282 5392 oculis
3312 5337 3453 5407 ejus,
3485 5335 3552 5388 ad
3577 5345 3712 5402 quem

483 5417 814 5474 divisionem
825 5423 1026 5478 animae
1039 5440 1104 5477 ac
1121 5423 1372 5494 spiritus.
1387 5425 1592 5478 Anima
1610 5426 1864 5492 vivimus,
1877 5428 2077 5498 spiritu
2161 5428 2320 5483 nobis
2349 5446 2552 5482 sermo.
2580 5451 2602 5476 ιι
2625 5427 2768 5491 Quid
2783 5434 2869 5480 est
2886 5447 2911 5481 α
2927 5429 2998 5482 ad
3025 5444 3191 5500 quem
3205 5426 3363 5480 nobis
3389 5439 3570 5478 sermo
3585 5425 3658 5473 est
3672 5415 3712 5466 Ῠι»

483 5505 866 5576 intelligimus,
887 5511 1002 5564 vita
1027 5511 1188 5566 nobis
1217 5513 1455 5567 carnalis
1467 5529 1592 5568 cum
1610 5514 1802 5569 bestiis
1822 5532 2073 5571 commu-
2157 5518 2260 5570 hoc
2297 5524 2400 5584 est,
2425 5517 2530 5587 ipsi
2560 5516 2834 5570 reddituri
2861 5533 3057 5571 sumus
3085 5517 3358 5571 rationem
3388 5519 3605 5567 actuum
3628 5523 3712 5560 no-

484 5594 570 5648 nis
596 5601 699 5661 est,
733 5597 878 5651 ratio
909 5600 1178 5668 spiritalis
1205 5618 1332 5656 cum
1370 5603 1604 5671 angelis.
1639 5605 1849 5659 Tamen
1878 5606 2072 5660 efﬁcax
2154 5611 2416 5659 strorum.
