3866 6158
158 317 227 374 73ἷ

472 304 1027 361 ENARRATIONUM
1065 304 1141 358 IN
1180 304 1333 358 EPP.
1376 303 1590 358 PAULI
1630 304 1767 358 LIB.
1808 306 2032 361 XXVII.
2068 337 2132 347 —
2180 308 2257 361 IN
2297 308 2519 363 EPIST.
2561 310 2657 363 AD
2700 310 2911 365 HEBR.

3226 311 3330 367 738

208 465 225 488 α
244 438 473 492 Habentes
486 448 605 500 ergo
624 429 943 500 pontiﬁcem
966 429 1363 499 magnum,qui
1386 434 1642 499 penetra-
1662 429 1951 500 Apeccato
1981 436 2209 485 constat
2254 431 2425 485 fuisse
2470 438 2771 487 tentatum.
2808 435 2945 497 Quis
2975 436 3185 489 etenim
3233 437 3335 490 ho-

155 525 547 582 \itc(rlos.Jesun1
568 519 763 573 Filium
784 519 905 571 Dei.
936 540 959 569 »
988 520 1154 585 (.allb.)
1180 518 1475 571 Paululum
1498 520 1648 572 enim

157 630 247 671 ante
270 616 323 668 de
348 610 603 665 divinitate
622 609 742 676 ejus
771 607 1050 661 disserens
1078 607 1184 660 ait:
1215 626 1237 657 (‹
1265 608 1467 660 Omnia
1498 609 1649 661 nuda

156 716 189 760 et
214 709 362 775 aperta
396 706 514 753 sunt
548 696 717 750 oculis
746 698 887 766 ejus,
926 716 949 747 ›)
983 714 1132 749 nunc
1175 702 1361 749 autem
1404 697 1535 767 quia
1579 698 1647 751 de

156 811 274 847 came
295 789 521 859 loquitur,
536 787 601 839 de
628 786 953 857 pontiﬁcatu
986 785 1236 855 disputat
1264 786 1412 839 illius
1442 786 1536 856 qui
1558 804 1645 839 se-

157 883 377 951 metipsum
390 875 636 930 oﬁ‘erebat
656 882 860 928 nostra:
874 891 1041 928 causa
1064 874 1281 937 salutis,
1299 882 1355 928 et
1370 876 1648 945 quomodo

160 973 263 1043 prior
275 968 486 1022 omnium
500 966 758 1018 intrasset
775 964 834 1017 in
853 963 1125 1034 requiem.
1150 986 1171 1013 ‹‹
1194 963 1479 1018 Habemus
1498 965 1649 1018 enim

158 1059 394 1132 pontificem
420 1071 673 1124 magnum
718 1053 811 1123 qui
860 1054 1173 1124 penetravit
1213 1055 1397 1107 cmlos.
1436 1073 1463 1106 ι)
1507 1055 1650 1123 Ergo

158 1150 311 1218 Moyses
328 1146 501 1198 ductor
526 1143 715 1214 populi
732 1143 819 1196 cui
840 1143 1116 1213 promissa
1145 1148 1231 1196 est
1249 1144 1472 1213 requies
1492 1150 1650 1197 tran-

157 1237 305 1299 sitoria,
325 1251 419 1287 non
436 1232 657 1286 intrabit
674 1232 733 1285 in
754 1231 1023 1302 requiem,
1049 1249 1218 1302 quam
1246 1233 1447 1303 saepius
1478 1250 1650 1303 popu—

156 1328 189 1378 lo
211 1324 429 1395 promisit.
451 1323 553 1376 Iste
575 1338 707 1375 vero
736 1327 928 1374 noster
947 1322 1224 1386 sacerdos,
1249 1320 1496 1375 melioris
1518 1339 1647 1391 pro-

156 1412 358 1467 missionis
380 1427 618 1481 sponsor,
648 1411 794 1463 viam
835 1411 1042 1464 faciens
1081 1410 1437 1464 credentibus
1478 1410 1533 1463 in
1566 1428 1643 1475 se,

152 1504 300 1572 primus
315 1500 517 1554 intravit
544 1500 607 1553 in
648 1500 896 1570 requiem
932 1502 1137 1570 populo
1163 1499 1265 1553 sibi
1286 1500 1496 1553 credito
1518 1516 1648 1570 pro-

148 1591 328 1649 missam,
345 1588 623 1642 ostendens
659 1604 788 1641 eum
823 1604 1091 1657 magnum
1128 1589 1495 1649 sacerdotem,
1520 1588 1652 1658 quia

143 1679 457 1748 sempiternum
478 1676 648 1730 habet
666 1677 1061 1735 sacerdotium,
1079 1694 1300 1747 semper
1311 1677 1465 1730 vivus
1480 1677 1547 1729 ad
1571 1677 1652 1730 in-

1732 519 1950 573 minum
1978 521 2233 590 quamvis
2261 520 2421 575 fortis
2445 527 2613 593 atque
2643 522 2881 576 bellator
2916 524 3007 585 sit,
3040 524 3336 578 hostilibus

1730 614 1918 661 tamen
1948 610 2076 662 telis
2105 611 2436 680 plerumque
2466 628 2577 665 non
2606 612 2830 681 pateat?
2854 614 2978 682 quis
2994 614 3145 667 velut
3163 614 3339 684 impe-

1731 697 1991 751 netrabili
2015 716 2180 752 carne
2221 700 2601 753 circumdatus
2630 702 2804 754 tantis
2837 702 3155 771 praeliorum
3186 704 3335 773 peri-

1730 786 1870 839 culis
1899 787 2019 839 sine
2054 788 2301 858 periculo
2330 789 2666 843 misceatur?
2689 790 2790 843 Ille
2825 798 3013 844 autem
3036 792 3187 844 solus
3207 810 3333 862 spe-

1731 876 1914 929 ciosus
1953 878 2130 929 forma
2154 894 2265 947 pra;
2287 878 2415 931 ﬁliis
2438 879 2725 932 hominum
2755 882 2919 943 (Psal.
2956 886 3121 945 xLiv),
3142 882 3332 934 condi-

1732 965 1942 1017 tionem
1983 966 2181 1018 mortis
2210 967 2469 1020 humana}
2500 985 2625 1020 cum
2654 968 2915 1021 universa
2946 970 3132 1022 carnis
3162 970 3331 1039 fragi-

1731 1053 1888 1107 litate
1917 1054 2244 1124 suscipiens,
2265 1056 2473 1109 nullius
2504 1073 2750 1126 unquam
2777 1064 2861 1111 est
2890 1058 3070 1111 sordis
3090 1060 3334 1113 macula-

1732 1147 1823 1195 tus
1853 1149 2086 1196 attactu.
2118 1144 2389 1197 Tentatus
2421 1152 2506 1198 est
2535 1146 2683 1198 enim
2711 1146 2768 1199 in
2803 1147 3024 1199 deserto
3055 1163 3087 1199 a
3111 1147 3332 1201 diabolo

1732 1232 2039 1285 secundum
2072 1233 2499 1287 similitudinem
2530 1240 2779 1288 nostram
2810 1236 3221 1305 gastrimargiee
3251 1237 3332 1289 vi-

1729 1320 1828 1383 tio,
1847 1338 1973 1374 cum
1996 1321 2044 1374 ei
2065 1322 2276 1375 dictum
2298 1330 2383 1375 est
2406 1341 2416 1374 :
2448 1342 2471 1373 «
2510 1323 2567 1376 Si
2592 1323 2763 1377 Filius
2786 1324 2883 1377 Dei
2904 1342 2980 1387 es,
2998 1325 3086 1377 dic
3114 1330 3177 1378 ut
3195 1325 3333 1395 lapi-

1731 1410 1828 1462 des
1850 1410 1942 1463 isti
1965 1428 2139 1480 pancs
2172 1413 2311 1464 fiant
2333 1413 2545 1476 (Matth.
2571 1413 2665 1480 ιγ).
2704 1434 2726 1463 ››
2764 1413 3035 1467 Tentatus
3057 1420 3143 1467 est
3163 1415 3333 1467 etiam

1736 1498 2073 1561 caenodoxia,
2109 1516 2238 1552 cum
2275 1499 2323 1551 ci
2363 1500 2571 1552 dictum
2614 1507 2736 1553 est:
2778 1521 2799 1549 ι
2837 1501 2894 1554 Si
2918 1502 3089 1554 Filius
3119 1501 3217 1555 Dei
3250 1520 3328 1567 es,

1733 1586 1894 1639 mitte
1918 1592 1974 1639 te
2004 1588 2286 1641 deorsum.
2316 1608 2341 1639 »
2376 1589 2646 1642 Tentatus
2668 1596 2752 1642 est
2772 1590 2942 1643 etiam
2976 1590 3332 1661 philargyrize

1734 1675 1949 1737 morbo,
1969 1693 2066 1729 seu
2086 1682 2308 1730 tumore
2332 1677 2623 1747 superbia},
2650 1695 2776 1731 cum
2808 1679 2857 1731 ei
2889 1696 2923 1732 a
2952 1678 3170 1732 diabolo
3201 1697 3333 1750 pro-

145 1766 461 1836 terpellandum
476 1784 572 1836 pro
598 1766 843 1831 nobis,et
856 1767 1002 1819 hunc
1022 1766 1203 1835 ipsum
1224 1766 1427 1819 Filium
1449 1766 1547 1820 Dei
1567 1748 1712 1820 os-B
1732 1764 2091 1818 mitterentur
2120 1766 2310 1818 omnia
2338 1783 2513 1835 regna
2556 1768 2747 1820 mundi
2780 1774 2837 1819 et
2878 1768 3059 1837 gloria
3110 1786 3328 1822 eorum.

143 1856 325 1919 tendens,
345 1855 463 1908 dum
489 1855 649 1917 dixit,
668 1856 829 1908 Jesus
853 1854 1025 1907 Filius
1048 1854 1167 1918 Dei,
1194 1837 1339 1924 quod
1371 1871 1650 1924 nusquam

142 1945 187 1996 de
202 1945 345 2014 Moyse
361 1945 528 1997 dicere
544 1944 749 1997 voluit:
768 1944 864 1997 sed
881 1961 1009 1997 eum
1021 1943 1294 1997 famulum
1310 1943 1643 2014 proferebat,

141 2034 176 2085 in
205 2034 523 2104 superioribus
562 2033 874 2087 testiﬁcans
922 2050 1054 2087 eum
1087 2032 1189 2086 sub
1221 2032 1446 2085 nomine
1494 2034 1643 2097 Jesu,

141 2123 239 2190 quod
260 2140 434 2176 nomen
459 2124 694 2192 angelus
715 2140 749 2175 a
768 2123 883 2175 Deo
913 2122 1157 2175 directus
1187 2121 1403 2191 Virgini
1436 2137 1650 2175 annun-

138 2210 258 2269 tiau't.
279 2212 454 2265 Filium
482 2212 581 2265 Dei
618 2229 740 2265 esse
772 2228 985 2270 verum,
1018 2216 1075 2264 et
1104 2211 1229 2264 ideo
1260 2228 1525 2280 magnum
1557 2227 1648 2263 sa-

137 2301 359 2353 cerdotem.
393 2321 413 2349 ιτ
443 2302 758 2355 Teneamus
807 2306 864 2354 et
910 2300 1314 2353 confessionem
1354 2302 1495 2370 ejus,
1538 2316 1650 2353 non

140 2408 153 2436 ‹
183 2389 293 2442 enim
320 2389 571 2444 habemus
598 2390 922 2460 pontiﬁcem
953 2390 1049 2459 qui
1072 2407 1183 2442 non
1214 2389 1387 2460 possit
1406 2389 1649 2459 compati

138 2500 149 2515 ε
182 2477 536 2533 inﬁrmitatibus
567 2479 799 2533 nostris.
834 2498 859 2529 »
892 2479 1125 2542 Qualem
1148 2478 1551 2531 confessionem
1572 2478 1651 2531 di-

133 2566 206 2618 cit?
227 2568 448 2636 quoniam
478 2569 656 2622 Filius
686 2568 789 2622 Dei
810 2575 911 2633 est,
938 2567 1205 2638 quoniam
1226 2567 1480 2620 Christus
1500 2568 1649 2621 Deus

130 2664 198 2717 est.
224 2658 446 2726 quoniam
498 2675 702 2729 passus
754 2664 857 2723 est,
892 2658 1144 2728 sepultus
1173 2663 1275 2721 est,
1322 2657 1646 2723 resurrexit,

129 2744 245 2797 tertia
265 2745 338 2798 die
363 2747 609 2800 ascendit
636 2748 695 2800 in
721 2747 943 2811 ccelum,
959 2746 1117 2799 sedet
1146 2746 1217 2799 ad
1245 2746 1530 2799 dexteram
1550 2746 1650 2799 Dei

129 2831 409 2905 Patris,inde
452 2842 727 2890 venturus
772 2835 1026 2905 judicare
1070 2834 1222 2888 vivos
1273 2840 1329 2888 et
1376 2840 1646 2900 mortuos,

128 2936 195 2985 per
214 2938 347 2990 quem
365 2925 545 2978 omnia
571 2924 728 2978 bona
747 2924 1019 2977 habemus
1044 2943 1054 2976 :
1082 2923 1545 2993 redemptionem,
1566 2941 1651 2977 re-

127 3012 467 3079 surrectionem,
501 3013 896 3069 haereditatem
942 3030 1069 3066 cum
1111 3030 1175 3066 eo
1224 3013 1646 3083 sempiternam.

128 3096 215 3151 Haec
234 3104 595 3169 conﬁteamur;
636 3103 769 3173 quia
797 3119 927 3155 vero
958 3102 1075 3156 haec
1094 3119 1225 3155 vera
1245 3107 1393 3167 sunt,
1418 3102 1649 3155 manife-

124 3186 302 3242 stissime
325 3208 382 3244 ex
411 3209 474 3245 eo
504 3192 662 3263 quod
688 3191 933 3261 pontifex
968 3192 1026 3244 in
1058 3191 1325 3244 interiora
1360 3191 1649 3245 velaminis

124 3278 386 3331 constitutus
404 3288 505 3345 est,
520 3282 706 3335 intrat
736 3281 791 3334 in
822 3280 1095 3351 sanguine
1124 3297 1383 3351 aspersus
1400 3280 1645 3351 proprio,

122 3379 198 3417 non
230 3367 382 3423 alieno
423 3370 568 3424 sicut
608 3370 904 3441 pontiﬁces
950 3369 1181 3440 priores,
1231 3370 1325 3440 qui
1374 3370 1649 3439 sanguine

124 3468 244 3508 Vaccae
266 3458 427 3513 rubrae
467 3459 937 3531 aspergebantur.
978 3476 1003 3509 (‹
1038 3460 1163 3511 Νοη
1192 3459 1342 3511 enim
1379 3458 1650 3512 habemus

126 3564 137 3579 ί·
162 3546 444 3612 pontiﬁcem,
470 3549 567 3619 qui
598 3565 713 3602 non
752 3548 927 3619 possit
955 3547 1196 3617 compati
1226 3547 1650 3601 infirmitatibus

126 3652 135 3667 ε
163 3636 339 3689 nostris.
368 3640 552 3705 iNon,
586 3637 793 3707 inquit,
833 3637 1056 3705 ignorat
1090 3653 1212 3706 qua:
1251 3642 1455 3690 nostrae
1495 3643 1644 3690 sunt.

124 3716 238 3772 Venit
252 3724 382 3777 enim
398 3743 496 3795 per
514 3726 669 3779 viam
692 3726 951 3778 humana}
970 3724 1324 3789 conditionis,
1342 3742 1443 3794 per
1462 3725 1652 3777 omnia

119 3805 418 3879 sinepeccato,
438 3815 578 3868 nihil
601 3830 793 3867 secum
817 3814 1056 3867 afferens
1071 3813 1220 3865 unde
1242 3813 1409 3865 morti
1432 3813 1652 3866 debitor

119 3906 235 3959 esset,
267 3901 395 3955 sicut
439 3905 560 3973 ipse
616 3904 676 3956 in
734 3902 1031 3972 Evangelio
1093 3907 1353 3968 testatur,
1407 3902 1642 3955 dicens:

120 4008 129 4023 ι
158 3985 286 4042 Venit
310 3992 453 4046 enim
484 3993 755 4062 Princeps
786 3991 956 4061 hujus
986 3992 1202 4057 mundi,
1238 3997 1294 4044 et
1330 3991 1387 4044 in
1418 4008 1507 4044 me
1538 4008 1648 4044 non

118 4070 237 4128 habet
272 4079 587 4151 quidquam.
637 4101 663 4132 »
697 4081 859 4134 Multi
908 4081 1200 4150 pontiﬁces
1247 4080 1511 4150 ignorant
1554 4098 1649 4133 eos

116 4162 240 4228 fluiin
264 4168 711 4225 tribulationibus
739 4170 1027 4224 constituti
1057 4175 1208 4235 sunt,
1226 4186 1405 4240 neque
1436 4186 1557 4240 quae
1580 4169 1653 4222 sit

115 4250 338 4310 tribulatio
360 4259 415 4312 in
447 4259 702 4330 quolibet
730 4259 931 4313 sciunt.
968 4258 1321 4330 Impossibile
1346 4258 1550 4330 quippe
1568 4263 1652 4311 est

115 4337 213 4394 scire
246 4344 563 4401 afﬁictiones
596 4347 935 4401 afﬁictorum
974 4347 1023 4400 ei
1074 4347 1167 4418 qui
1208 4347 1651 4418 experimentum

114 4426 365 4487 afllictiouis
402 4454 515 4490 non
562 4436 778 4501 habuit,
820 4442 877 4489 et
921 4436 1259 4490 sensibilitcr
1295 4436 1485 4489 omnia
1536 4452 1648 4488 non

112 4518 335 4576 sustinuit.
366 4525 625 4579 Pontifex
657 4525 807 4578 enim
834 4530 1026 4579 noster
1055 4530 1437 4595 competenter
1462 4524 1651 4578 omnia

113 4607 471 4683 sustinuit,quae
498 4615 733 4668 fuerunt
767 4616 1027 4669 humana:
1073 4613 1308 4667 miseria:
1340 4614 1494 4667 illata
1524 4618 1651 4683 post

114 4705 338 4757 peccatum
366 4703 532 4772 primi
564 4702 826 4769 hominis,
859 4710 916 4756 et
952 4708 1085 4756 tunc
1112 4702 1171 4755 in
1200 4702 1471 4756 interiora
1498 4703 1647 4755 vela-

113 4781 233 4837 minis
269 4790 331 4842 ad
372 4792 646 4846 thronum
705 4798 951 4861 pateram
1008 4792 1320 4861 majestatis
1375 4791 1643 4845 ascendit.

114 4884 133 4917 ί
154 4869 407 4931 Tentatum
433 4888 627 4935 autem
659 4898 759 4951 per
780 4881 970 4935 omnia
1001 4898 1099 4951 pro
1130 4880 1497 4934 similitudine
1528 4880 1649 4933 abs-

112 4973 185 5024 Ἷυε
208 4974 429 5032 peccato.
476 4989 501 5020 θ
531 4972 736 5037 (Theo)
758 4970 814 5024 Si
846 4969 1023 5040 igitur
1057 4970 1229 5023 etiam
1256 4976 1493 5023 terrena:
1542 4969 1648 5022 hu-

114 5046 307 5107 militatis
325 5064 528 5111 nostra:
549 5075 676 5112 cum
705 5059 798 5112 illo
822 5059 1036 5112 excelso
1053 5059 1349 5128 divinoque
1378 5058 1647 5111 Pontiﬁce

112 5134 190 5189 “330
226 5152 394 5210 potest
438 5164 567 5200 esse
610 5148 949 5213 communio,
983 5154 1050 5213 ut
1090 5148 1259 5201 etiam
1290 5165 1390 5200 nos
1439 5146 1647 5216 absque

114 5223 191 5276 ulla
228 5236 424 5298 peccati
470 5236 778 5290 oﬁensione
824 5243 1126 5302 tentemur,
1152 5254 1254 5291 cur
1300 5236 1357 5289 in
1403 5236 1499 5289 illo
1548 5236 1650 5288 hoc

110 5312 350 5382 Apostolus
375 5324 533 5378 velut
561 5324 787 5379 unicum
804 5343 868 5380 ac
888 5327 1169 5397 singulare
1199 5325 1507 5396 suscipiens
1523 5332 1652 5379 tan-

110 5411 149 5451 ῖδ
177 5407 278 5473 ejus
306 5412 569 5467 meritum
602 5414 670 5467 ab
700 5414 1023 5470 hominibus
1051 5415 1320 5469 divisione
1351 5414 1654 5468 discrevit?

114 5486 193 5545 “ac
216 5512 335 5569 ergo
362 5503 483 5556 sola
509 5502 585 5556 ab
605 5504 862 5559 omnibus
898 5504 1059 5558 nobis
1101 5504 1427 5575 exceptione
1464 5503 1656 5557 distin-

1730 1854 2003 1907 Tentatus
2028 1860 2113 1907 est
2154 1854 2430 1924 siquidem
2474 1856 2705 1909 diversis
2740 1857 2938 1921 modis,
2964 1858 3061 1910 sed
3097 1874 3209 1911 non
3238 1876 3334 1912 su-

1733 1948 1990 2011 peratus:
2017 1943 2074 1995 in
2108 1943 2563 1997 tribulationibus
2604 1944 2889 2013 probatus,
2926 1945 3131 2015 ubique
3162 1947 3336 2000 victor

1732 2031 2030 2100 gloriosus.
2063 2033 2334 2085 Tentatus
2381 2039 2468 2085 est
2516 2033 2791 2102 siquidem
2824 2051 2924 2104 pro
2966 2034 3334 2089 similitudine

1731 2121 1916 2173 carnis
1938 2120 2147 2191 absque
2171 2126 2415 2191 peccato.
2453 2122 2893 2175 Similitudinem
2923 2122 3113 2192 itaque
3151 2125 3335 2178 carnis

1732 2210 1942 2279 peccati
1977 2209 2192 2275 habuit,
2219 2228 2341 2280 qum
2384 2218 2575 2264 tamen
2604 2228 2733 2264 caro
2767 2211 2917 2264 illius
2947 2211 3156 2281 absque
3179 2213 3333 2265 omni

1732 2305 1957 2368 peccato
1978 2299 2101 2353 fuit.
2120 2300 2249 2353 Haec
2270 2304 2355 2351 est
2368 2300 2605 2353 tentatio
2627 2317 2735 2369 qua
2757 2306 3005 2353 tentatus
3029 2307 3131 2363 est,
3152 2318 3333 2370 perse-

1732 2388 2014 2441 cutionem
2033 2388 2405 2458 plurimorum
2429 2405 2624 2458 passus
2647 2394 2749 2451 est,
2766 2395 2930 2459 sputa
2950 2390 3213 2459 suscepit,
3238 2406 3331 2442 ac-

1732 2482 1958 2529 cusatus
1997 2476 2523 2539 est,detractionem
2556 2476 2841 2541 sustinuit,
2873 2477 3182 2530 calumnias
3202 2495 3330 2548 pas-

1734 2582 1827 2617 sus
1849 2570 1951 2631 est,
1972 2566 2228 2635 repulsus
2252 2572 2338 2618 est
2359 2582 2391 2618 a
2411 2566 2637 2635 propria
2651 2570 2837 2633 gente,
2863 2566 2919 2618 in
2951 2568 3120 2619 ﬁnem
3150 2566 3327 2620 cruci-

1734 2656 1874 2708 ﬁxus
1905 2659 2007 2707 est.
2045 2674 2069 2704 (ί
2117 2656 2285 2707 Juxta
2326 2654 2769 2719 similitudinem,
2799 2654 3001 2725 inquit,
3034 2656 3152 2707 sine
3202 2673 3332 2725 pec-

1732 2748 1873 2796 cato‘.
1918 2761 1946 2795 in
1977 2744 2122 2797 Dum
2174 2742 2311 2796 dicit
2355 2743 2411 2796 in
2454 2742 2819 2796 similitudine
2849 2743 3051 2809 carnis,
3087 2760 3200 2797 non
3229 2744 3334 2798 hoc

1733 2832 1886 2895 dicit,
1934 2832 2067 2902 quia
2103 2822 2413 2886 similitudo
2449 2831 2632 2885 carnis
2674 2831 2780 2885 fuit
2822 2832 2881 2885 in
2925 2848 3008 2897 eo,
3054 2832 3152 2885 sed
3202 2832 3334 2903 quia

1732 2938 1957 2974 carnem
1981 2922 2225 2991 suscepit
2259 2938 2467 2975 veram.
2497 2922 2681 2983 Quare
2713 2938 2845 2991 ergo
2886 2920 3025 2974 dixit
3057 2921 3114 2974 i'n
3144 2921 3335 2975 simili-

1732 3009 1987 3063 tudinem
2018 3010 2238 3063 carnis?
2271 3015 2473 3063 natura
2496 3026 2630 3062 vera
2657 3026 2825 3080 quam
2858 3010 3105 3080 suscepit
3132 3010 3331 3063 similis

1733 3104 1819 3152 est
1863 3100 2016 3153 carni
2058 3104 2278 3161 nostrw,
2306 3104 2531 3170 peccata
2559 3116 2687 3153 vero
2717 3116 3074 3169 nequaquam
3114 3099 3327 3165 habuit,

1734 3206 1856 3258 quae
1886 3193 2080 3242 nostra
2111 3205 2242 3242 caro
2272 3188 2340 3241 de
2374 3187 2700 3258 parentibus
2732 3188 3027 3253 contraxit,
3056 3189 3188 3258 quia
3217 3189 3331 3241 tale

1733 3278 1839 3331 fuit
1869 3278 2140 3347 originale
2170 3283 2459 3347 peccatum
2489 3277 2545 3329 in
2577 3293 2744 3329 carne
2776 3276 2943 3346 primi
2976 3277 3235 3343 hominis,
3270 3283 3335 3331 ut

1732 3367 1862 3420 inde
1894 3372 1949 3419 et
1978 3384 2142 3437 pcena
2176 3373 2231 3419 et
2262 3366 2569 3419 remedium
2608 3365 2727 3418 ﬁeri
2759 3366 3051 3435 potuisset,
3084 3384 3249 3436 pinna
3277 3372 3334 3421 et

1732 3461 2022 3525 peccatum
2053 3455 2111 3508 in
2142 3455 2293 3508 omni
2315 3456 2559 3508 humano
2589 3471 2816 3523 genere,
2852 3460 3056 3525 praeter
3083 3455 3141 3508 in
3172 3456 3330 3509 Chri-

1732 3552 1837 3609 sto,
1864 3544 1922 3596 in
1953 3561 2062 3615 quo
2094 3545 2212 3596 solo
2250 3544 2400 3596 salus
2437 3549 2493 3596 et
2522 3544 2832 3596 remedium
2864 3544 2987 3597 fuit.
3029 3544 3153 3597 Non
3180 3544 3331 3596 enim

1732 3632 2097 3703 praejudieata
2127 3638 2212 3685 est
2256 3649 2384 3684 caro
2434 3633 2730 3701 peccatrix,
2766 3637 2828 3685 ut
2859 3632 2988 3684 inde
3020 3633 3332 3685 remedium

1731 3722 1855 3775 ﬁeri
1885 3738 1997 3774 non
2027 3721 2320 3791 potuisset,
2337 3721 2663 3789 przesciebat
2681 3720 2934 3789 potentia
2967 3721 3067 3773 Dei
3089 3721 3332 3789 qualiter

1734 3828 1798 3863 ex
1827 3810 2022 3863 eadem
2071 3826 2257 3862 massa
2297 3809 2529 3878 justitize
2568 3809 2801 3878 aequitas
2842 3813 2898 3861 et
2936 3808 3331 3861 misericordia:

1732 3899 1909 3969 pietas
1930 3898 2220 3969 provenire
2244 3898 2534 3967 potuisset.
2549 3917 2570 3947 ι
2587 3898 2870 3950 Adeamus
2892 3914 3025 3967 ergo
3043 3915 3169 3951 cum
3193 3898 3333 3951 ﬁdu-

1733 4006 1762 4038 «
1791 3989 1879 4041 cia
1888 3988 1957 4041 ad
1974 3988 2241 4041 thronum
2257 3987 2545 4055 gratiae,ut
2556 3986 3001 4040 misericordiam
3017 4004 3329 4057 consequa-

1736 4096 1765 4128 ς(
1792 4093 1939 4141 mur,
1954 4082 2011 4130 et
2021 4075 2265 4145 gratiam
2283 4076 2701 4130 inveniamusin
2718 4076 2923 4130 auxilio
2952 4084 3327 4147 opportuno.)

1736 4168 1940 4234 (Joan.)
1974 4166 2155 4229 Quam
2184 4165 2320 4217 dicit
2348 4166 2537 4219 sedem
2566 4166 2800 4236 gratiae?
2830 4167 3020 4220 sedem
3049 4167 3229 4237 ipsam
3250 4184 3334 4219 re-

1732 4256 1915 4324 galem
1944 4255 2097 4319 dicit,
2132 4255 2199 4307 de
2223 4271 2334 4324 qua
2366 4254 2499 4308 alibi
2530 4256 2735 4309 dicitur
2764 4274 2773 4308 :
2814 4273 2840 4307 α
2882 4256 3033 4309 Dixit
3062 4256 3333 4310 Dominus

1734 4343 1973 4397 Domino
1996 4361 2120 4396 meo
2145 4363 2160 4397 :
2186 4344 2327 4397 Sede
2350 4362 2384 4397 a
2402 4344 2612 4397 dextris
2630 4345 2768 4398 meis
2791 4347 2955 4410 (Psal.
2973 4350 3100 4411 CIX).
3128 4364 3154 4398 ››
3188 4345 3334 4408 Quid

1738 4438 1840 4497 est,
1868 4433 2239 4486 «accedamus
2260 4450 2386 4486 cum
2410 4434 2648 4486 ﬁducia?
2674 4454 2694 4484 ι
2722 4434 2851 4503 quia
2872 4434 3188 4502 pontificem
3212 4434 3332 4486 sine

1730 4529 1955 4592 peccato
1972 4521 2582 4585 habemus,ccrtantem
2598 4539 2721 4574 cum
2741 4521 2970 4574 mundo.
2991 4540 3015 4571 ((
3035 4521 3328 4588 Conﬁdite,

1736 4628 1762 4661 α
1796 4611 1998 4681 inquit,
2051 4627 2153 4680 ego
2209 4611 2359 4663 enim
2406 4611 2509 4663 vici
2570 4610 2843 4663 mundum
2906 4611 3082 4678 (Joan.
3128 4614 3254 4677 xw).
3301 4627 3329 4662 ν

1732 4700 1877 4752 Nam
1921 4699 2069 4770 quod
2109 4699 2318 4753 dictum
2362 4704 2447 4752 est
2481 4692 2491 4750 ἑ
2525 4699 2761 4768 Oportet
2795 4715 2925 4751 cum
2956 4697 3147 4751 omnia
3194 4697 3330 4768 pati,

1731 4788 2005 4842 mundum
2054 4793 2245 4841 autem
2297 4805 2425 4841 eum
2475 4805 2596 4841 esse
2644 4805 2677 4840 a
2726 4787 2986 4857 peccatis,
3020 4787 3124 4840 hoc
3158 4787 3334 4856 signi-

1731 4879 1903 4931 ﬁcans
1939 4896 1949 4929 :
1984 4894 2047 4930 ac
2092 4878 2138 4929 si
2169 4895 2269 4930 nos
2307 4877 2411 4931 sub
2455 4882 2681 4947 peccato
2720 4893 2933 4938 sumus,
2982 4876 3185 4947 inquit,
3237 4876 3333 4930 sed

1732 4967 1851 5037 ipse
1883 4966 2004 5019 sine
2034 4972 2278 5036 peccato.
2317 4968 2482 5033 (Διὸ.)
2513 4966 2855 5019 Accedamus
2872 4982 3004 5035 ergo
3028 4982 3156 5018 cum
3187 4966 3333 5018 ﬁdu-

1732 5057 1817 5109 cia
1854 5060 1918 5109 ut
1934 5055 2073 5109 nihil
2089 5055 2395 5109 habeamus
2416 5055 2474 5108 in
2505 5055 2845 5108 conscientia
2871 5055 3202 5124 malignum,
3233 5054 3336 5107 hoc

1733 5152 1835 5209 est,
1868 5162 1979 5198 non
2011 5144 2331 5197 dubitantes
2362 5163 2371 5196 :
2408 5162 2519 5197 non
2553 5145 2701 5198 enim
2732 5149 2916 5213 potest
2954 5160 3081 5197 cum
3132 5142 3337 5196 ﬁducia

1735 5235 1834 5287 tali
1866 5234 2146 5287 accedere.
2179 5234 2460 5287 Adeamus
2510 5250 2642 5303 ergo
2682 5250 2809 5287 cum
2853 5232 3075 5295 fiducia,
3111 5233 3214 5285 hoc
3251 5238 3338 5287 est

1734 5324 2003 5379 adeamus
2036 5340 2137 5393 per
2160 5323 2329 5376 ﬁdem
2360 5323 2429 5375 ad
2452 5323 2717 5376 thronum
2748 5321 2944 5392 gratiae
2970 5322 3112 5391 ejus,
3134 5320 3338 5374 habea-

1737 5430 1863 5467 mus
1893 5412 2174 5477 ﬁduciam,
2215 5412 2468 5483 quamvis
2500 5415 2818 5482 peccatores
2846 5410 3040 5474 simus,
3075 5426 3175 5480 per
3214 5411 3338 5479 ejus

1736 5502 1979 5573 gratiam
2009 5501 2328 5571 recuperari
2377 5518 2557 5571 posse,
2594 5500 2640 5553 si
2668 5506 2860 5553 tamen
2889 5499 3101 5553 fructus
3138 5499 3337 5569 dignos

1670 4386 1718 4445 D

114 5579 276 5653 suitur,
306 5591 437 5659 quia
467 5608 575 5646 nos
620 5610 730 5649 non
778 5594 988 5666 absque
1042 5600 1289 5665 peccato,
1332 5594 1492 5648 illum
1537 5592 1657 5647 sine
1740 5592 2038 5646 fecerimus
2084 5588 2445 5661 poenitentiae,
2485 5595 2542 5643 et
2586 5589 2754 5643 ﬁdem
2788 5590 3011 5643 ﬁrmam
3056 5605 3233 5660 usque
3278 5589 3339 5643 in
