3866 6158
551 227 653 292 739

1133 225 1198 284 Β.
1241 223 1514 282 ΒΑΒΑΝΙ
1827 221 2135 284 ARCHIEF

2220 216 2531 277 MOGUNT.
2571 215 2871 274 OPERUM
2908 215 3089 280 PARS
3125 219 3216 287 In.

3622 230 3696 291 τω

455 399 464 414 ,
547 354 719 410 ﬁnem
749 352 1108 408 retineamus.
1128 350 1178 404 Ν
1182 365 1289 404 unc
1319 365 1480 404 verus
1511 348 1668 406 sedet
1689 347 1932 419 pontifex
1951 354 2144 404 noster
2160 347 2210 410 Δ
2225 347 2377 400 ctute
2405 342 2484 398 ita
2511 341 2842 396 inhonestus
2869 346 2974 406 est,
2989 343 3250 414 quomodo
3268 343 3446 416 dignus
3461 353 3532 403 est
3551 349 3698 419 hujus-

545 443 575 498 Ι
580 460 707 496 esus
727 441 900 496 Filius
919 439 1018 496 Dei
1051 439 1108 494 in
1138 439 1340 492 throno
1369 438 1582 507 gratiae,
1601 443 1831 508 paratus
1852 437 2144 506 indulgere

547 531 787 601 peccatis
805 528 1012 584 nostris
1035 528 1092 582 in
1109 529 1212 582 hoc
1229 533 1543 596 opportuno
1567 526 1795 582 auxilio.
1821 528 1984 580 Nunc
2015 543 2143 580 vero

545 624 922 690 opportunum
953 623 1177 686 tempus
1211 622 1297 670 est
1323 616 1512 670 auxilii
1554 622 1612 670 et
1641 615 2035 670 misericordiae
2075 615 2144 670 il-

543 708 676 770 lius,
699 708 845 762 sicut
872 707 978 762 iste
1004 707 1200 760 doctor
1230 705 1488 773 egregius
1519 705 1628 760 alio
1657 706 1778 760 loco
1796 705 1968 760 dixit:
2003 731 2026 754 ις
2053 705 2150 758 Ec-

545 813 607 850 ce
636 815 785 854 nunc
815 803 1039 866 tempus
1069 795 1426 864 acceptabile,
1460 812 1583 848 ecce
1623 811 1770 848 nunc
1803 793 1922 846 dies
1953 792 2149 846 salutis

549 887 630 953 (ll
651 889 772 940 t'or.
799 890 898 953 vi);
929 903 955 937 ι
999 891 1056 938 et
1093 885 1374 954 Propheta
1415 883 1592 938 multo
1639 889 1771 938 ante
1815 881 1919 934 hoc
1956 880 2148 936 auxilii

547 973 846 1044 opportuni
875 980 1097 1042 tempus
1145 971 1466 1040 signiﬁcans
1501 988 1510 1020 :
1549 989 1575 1022 α
1607 970 1900 1039 Tempore,
1932 968 2135 1039 inquit,

545 1068 860 1132 opportuno
914 1060 1100 1116 audivi
1155 1067 1230 1118 te,
1281 1066 1338 1112 et
1380 1058 1440 1113 in
1489 1057 1579 1112 die
1623 1057 1819 1112 salutis
1861 1056 2049 1126 adjuvi
2083 1063 2141 1112 te

546 1155 677 1218 (Isa.
707 1154 878 1218 XLIX).
909 1171 928 1200 ι
955 1151 1212 1219 Namque
1243 1154 1300 1200 et
1326 1164 1473 1204 nunc
1503 1151 1627 1218 post
1647 1146 1986 1216 baptismum
2009 1164 2140 1217 pec-

543 1245 736 1296 cantes
765 1239 1016 1294 invenire
1045 1237 1507 1302 misericordiam,
1527 1237 1574 1289 si
1593 1235 1980 1306 paenitentiam
2011 1253 2141 1304 ege-

543 1329 678 1393 rint,
711 1329 895 1399 gratia
924 1335 1010 1382 est
1051 1327 1221 1392 illius,
1254 1326 1350 1396 qui
1388 1326 1545 1379 sedet
1583 1325 1639 1378 in
1680 1326 1882 1380 tlU'ono
1921 1325 2138 1394 gratiae.

547 1419 706 1482 Quod
735 1435 862 1472 vero
893 1424 1240 1486 opportunus
1261 1416 1438 1470 factus
1453 1420 1537 1468 est
1557 1432 1658 1484 pro
1679 1414 1857 1478 nobis,
1874 1430 2141 1484 magnum

545 1515 632 1568 est
671 1505 1005 1562 humilitatis
1047 1505 1332 1568 indicium,
1370 1521 1538 1573 quam
1571 1520 1634 1556 ex
1677 1510 1872 1556 nostra
1899 1502 2144 1573 suscepit

545 1602 766 1654 natura.
801 1612 913 1650 non
945 1611 1058 1648 suae
1088 1593 1413 1648 substantiae
1442 1609 1610 1668 quam
1641 1591 1810 1646 habet
1833 1592 2142 1662 triumpha-

2228 432 2377 490 modi
2407 448 2598 486 senem
2629 429 2918 501 appellari.
2938 431 3033 500 Elui
3065 448 3232 502 neque
3253 435 3387 490 aetati
3412 439 3700 493 reverentiam

2228 521 2486 576 exhibet?
2513 521 2608 592 qui
2630 519 2777 574 enim
2809 519 2977 573 dicit:
3005 521 3227 576 Peccata
3248 522 3518 591 juventutis
3533 542 3639 580 mea:
3654 545 3700 581 ne

2227 609 2571 674 memineris,
2594 607 2765 662 veluti
2796 608 2852 662 in
2876 615 3162 664 senectute
3186 616 3454 675 correctus,
3475 611 3571 666 haec
3591 614 3702 668 dicit.

2231 700 2356 756 Non
2381 698 2555 768 igitur
2581 715 2646 752 ex
2673 697 2762 754 his
2791 715 2913 768 quae
2943 698 2998 752 in
3027 705 3298 754 senectute
3310 699 3690 770 contiuguntirau

2229 788 2329 842 des
2358 788 2600 858 teipsum
2633 803 2667 840 a
2697 787 2859 840 venia
2888 787 3054 844 etiam
3077 804 3260 844 eorum
3286 805 3394 860 quae
3417 788 3466 840 in
3485 789 3707 858 juventute

2229 876 2428 934 fecisti.
2459 875 2749 942 Quomodo
2798 876 2948 932 enim
2994 893 3104 930 non
3151 885 3204 929 et
3244 875 3529 941 absurdum,
3567 884 3610 932 et
3644 897 3708 934 su-

2223 983 2326 1038 pra
2356 965 2574 1020 veniam
2605 965 2754 1036 quod
2783 966 2864 1030 ﬁt,
2897 971 2959 1020 ut
3000 981 3162 1019 senex
3199 965 3254 1022 in
3287 964 3517 1020 tabernas
3555 967 3707 1026 sedeat.

2225 1071 2389 1110 senex
2421 1055 2490 1110 ad
2524 1055 2734 1111 circum
2763 1055 3008 1118 festinet,
3030 1071 3192 1112 senex
3215 1054 3280 1108 ad
3301 1055 3546 1114 theatrum
3571 1071 3710 1108 ascen-

2225 1144 2339 1210 dat,
2375 1143 2544 1201 veluti
2574 1143 2738 1217 pueri
2783 1149 3072 1199 currentes
3119 1160 3239 1198 cum
3283 1143 3442 1214 plebe.
3471 1143 3588 1200 Vere
3617 1160 3710 1202 con-

2224 1233 2367 1288 fusio
2398 1239 2484 1288 est
2531 1239 2586 1288 et
2635 1232 2836 1296 irrisio,
2869 1238 2934 1288 ut
2965 1232 3162 1288 canitie
3193 1232 3402 1304 quidem
3440 1241 3629 1288 ornetur
3650 1250 3714 1284 ex-

2225 1322 2520 1383 trinsecus,
2573 1322 2908 1377 intrinsecus
2964 1328 3151 1378 autem
3202 1321 3512 1378 intellectum
3538 1321 3714 1376 habeant

2227 1411 2525 1482 puerilem;
2553 1417 2607 1464 et
2628 1411 2902 1484 siquidem
2935 1411 3167 1484 injuriet
3185 1411 3336 1466 illum
3353 1409 3561 1482 juvenis,
3580 1410 3714 1462 statim

2226 1517 2393 1554 canos
2419 1501 2478 1556 in
2509 1500 2757 1556 medium
2781 1499 3026 1572 proferet
3039 1499 3224 1554 dicens
3249 1518 3260 1552 :
3291 1499 3382 1554 Vel
3407 1497 3538 1554 canis
3553 1498 3648 1552 istis
3659 1515 3716 1552 ei-

2226 1589 2354 1643 hibe
2401 1589 2793 1644 reverentiam.
2837 1589 2895 1644 Si
2928 1607 3056 1644 vero
3085 1595 3146 1642 tu
3174 1588 3250 1643 eis
3276 1605 3380 1644 non
3408 1586 3598 1642 exhibes
3615 1603 3719 1638 reve-

547 1683 734 1738 biliter
751 1699 878 1737 cum
897 1685 1083 1748 Patre,
1117 1683 1207 1736 cui
1235 1699 1335 1735 nos
1357 1683 1523 1736 [idem
1544 1699 1669 1734 cum
1693 1680 1892 1736 ﬁducia
1921 1681 2143 1736 bonita-
2163 1683 2210 1744 Β
2229 1678 2468 1732 rentiam
2487 1679 2606 1750 jam
2628 1695 2816 1734 senex.
2832 1678 3111 1748 quomodo
3127 1679 3379 1751 juvenem
3398 1684 3510 1732 tuos
3524 1691 3720 1730 canosre-

543 1773 618 1826 tis
649 1790 763 1832 suae
791 1773 1108 1826 aderamus.
1145 1773 1260 1824 Hoc
1289 1779 1602 1840 opportuno
1633 1776 1884 1840 tempore
1904 1786 2030 1824 cum
2053 1787 2143 1822 se-

545 1860 641 1916 det
671 1861 727 1916 in
745 1861 945 1930 gratia:
976 1861 1198 1925 throno,
1229 1865 1285 1912 et
1305 1859 1493 1914 omnia
1519 1858 1718 1912 tribuit
1743 1875 1865 1928 qua:
1894 1858 2054 1913 nobis
2071 1859 2142 1914 ad

542 1951 784 2004 salutem
829 1949 1120 2019 provenire
1150 1949 1523 2003 certissimum
1555 1954 1658 2014 est,
1699 1948 1867 2002 modo
1921 1953 2143 2017 tempus

545 2045 633 2094 est
659 2039 955 2096 donorum.
989 2039 1168 2092 Nemo
1202 2038 1272 2092 de
1313 2038 1496 2108 seipso
1525 2037 1811 2107 desperet;
1844 2037 2143 2091 timeamus

541 2128 808 2185 thronum
837 2127 1118 2197 aequitatis
1148 2129 1288 2197 ejus,
1306 2144 1432 2182 cum
1456 2126 1670 2180 venerit
1693 2125 2000 2195 dijudicare
2029 2143 2145 2180 om-

543 2216 642 2272 nia
670 2216 980 2272 secundum
1003 2217 1303 2286 justitiam.
1335 2223 1392 2272 et
1418 2221 1551 2270 tunc
1590 2215 1698 2268 erit
1735 2214 2142 2285 desperationis

545 2311 770 2376 tempus
799 2323 947 2360 nunc
976 2305 1296 2360 nolentibus
1322 2304 1568 2358 converti
1605 2305 1675 2358 ad
1705 2304 1894 2358 sedem
1921 2304 2137 2372 gratiae,

541 2412 672 2448 cum
703 2396 986 2450 thalamus
1016 2395 1124 2447 erit
1148 2396 1389 2456 clausus,
1413 2401 1747 2462 tantumque
1784 2411 1910 2446 cum
1939 2410 2142 2462 sponso

541 2489 839 2538 remanent
859 2483 956 2553 qui
972 2484 1222 2538 lucentes
1248 2482 1404 2537 bonis
1421 2481 1679 2551 operibus
1699 2482 1912 2536 terrent
1927 2481 2034 2534 lam
2042 2497 2139 2551 pa-

541 2572 659 2624 des.
683 2575 886 2637 (Joan.l
923 2589 949 2622 α
979 2571 1352 2633 Festinemus,
1378 2593 1404 2622 υ
1433 2569 1617 2640 inquit
1649 2589 1658 2621 :
1695 2587 1824 2624 nam
1847 2575 1902 2623 et
1932 2570 2141 2626 Paulus

539 2659 683 2714 dixit
713 2674 726 2713 :
763 2678 786 2710 σ
821 2658 911 2714 Sic
927 2676 1111 2724 curro,
1143 2677 1254 2713 non
1287 2659 1444 2729 quasi
1475 2659 1531 2712 in
1563 2659 1867 2723 incertum;
1908 2677 1932 2708 »
1975 2675 2138 2716 cursu

541 2764 684 2817 opus
705 2753 789 2801 est
805 2754 863 2800 et
881 2764 1046 2802 cursu
1069 2749 1268 2801 valido.
1293 2748 1399 2812 Qui
1429 2747 1620 2810 currit,
1655 2747 1933 2802 neminem
1955 2764 2141 2802 occur-

539 2843 760 2892 rentem
809 2835 913 2892 sibi
951 2837 1118 2902 videt,
1149 2837 1264 2890 sive
1297 2853 1397 2906 per
1435 2843 1615 2906 pram,
1649 2837 1762 2890 sive
1801 2853 1902 2906 per
1941 2853 2142 2906 aspera

541 2925 661 2980 loca
697 2930 965 2980 transeat.
991 2925 1100 2988 Qui
1130 2925 1324 2989 currit,
1351 2941 1638 2995 nunquam
1669 2931 1800 2990 stat,
1823 2941 1958 2978 nam
1983 2925 2036 2995 _si
2055 2926 2137 2980 vel

2226 1767 2403 1820 Vereri
2416 1767 2698 1822 desideras
2712 1767 2734 1818 ?
2749 1768 2876 1822 Non
2887 1767 3378 1840 revereris,inquis,
3387 1766 3475 1820 hos
3484 1764 3644 1818 canos?
3655 1762 3720 1816 sed

2227 1861 2287 1907 tu
2299 1872 2394 1910 eos
2413 1855 2726 1910 confundis.
2740 1856 2890 1912 Deus
2912 1863 2967 1910 te
2983 1856 3293 1920 honoravit,
3317 1855 3577 1910 candorem
3591 1850 3721 1922 capilli

2227 1943 2380 1998 dedit
2398 1943 2518 1998 tibi.
2535 1945 2846 2000 Primatum
2865 1944 3072 2000 habere
3087 1961 3368 2000 consessus
3389 1942 3506 2016 quid
3531 1939 3723 2014 prodest?

2226 2033 2384 2088 illum
2435 2034 2707 2090 honorem
2737 2035 3014 2106 quomodo
3067 2041 3383 2089 revereatur
3413 2031 3724 2102 juveniswllm

2225 2127 2280 2176 te
2292 2122 2493 2176 viderit
2519 2123 2760 2193 amplius
2783 2123 3018 2178 lasciviae
3035 2124 3322 2180 deditum?
3343 2120 3562 2176 Canities
3579 2117 3726 2190 quippe

2225 2216 2359 2266 tunc
2380 2218 2465 2266 est
2481 2212 2810 2268 venerabilis
2825 2213 3046 2286 quando
3069 2229 3135 2266 ea
3153 2212 3297 2283 gerit
3311 2228 3425 2284 quae
3442 2208 3656 2264 canitiem
3666 2205 3728 2260 de-

2225 2306 2510 2364 ccmdium
2535 2319 2662 2356 vero
2687 2302 3010 2374 juveniliter
3040 2308 3410 2365 conversatur,
3431 2299 3540 2370 plus
3565 2293 3727 2370 juveni-
3811 2357 3813 2368 Ι

2225 2389 2328 2444 bus
2351 2390 2619 2446 ridiculus
2651 2393 2776 2446 erit.
2793 2391 3083 2456 Quomodo
3103 2391 3354 2466 poteritis
3368 2391 3574 2462 juvenes
3592 2384 3730 2438 admo-

2223 2495 2378 2542 nere,
2403 2479 2535 2533 dum
2557 2496 2669 2544 vos,
2700 2496 2882 2545 senes,
2913 2479 3207 2536 ebriemini
3229 2496 3327 2553 per
3352 2472 3728 2532 incontinentiam

2224 2568 2503 2622 vestram?
2555 2569 2681 2622 Non
2731 2569 2880 2622 enim
2941 2586 3091 2624 nunc
3123 2569 3360 2622 irridens
3401 2565 3616 2622 seniores
3653 2561 3731 2612 haec

2223 2656 2366 2722 dico,
2380 2658 2475 2712 sed
2500 2658 2735 2728 juvenes
2756 2657 2936 2728 magis
2955 2658 3090 2712 irrid
3099 2675 3184 2716 eo.
3201 2658 3305 2721 Qui
3327 2657 3466 2710 enim
3486 2655 3584 2709 haec

2225 2750 2282 2796 ot.
2295 2744 2338 2797 si
2355 2745 2425 2802 ad
2447 2746 2813 2800 centesimum
2829 2746 3066 2800 veniatis
3088 2763 3321 2813 annum,
3339 2743 3468 2800 mihi
3481 2744 3671 2818 juvenes
3685 2735 3734 2788 νὶ-

2222 2832 2453 2899 demini,
2477 2841 2534 2888 et
2559 2834 2768 2890 similes
2801 2836 3006 2907 pueris.
3039 2837 3282 2894 Juvenes
3310 2834 3471 2898 enim,
3501 2829 3590 2886 etsi
3611 2823 3734 2882 modi-

2221 2937 2344 2976 cam
2375 2923 2724 2996 disciplinam
2739 2925 3018 2999 accipiant
3038 2930 3096 2978 et
3115 2925 3478 2996 corrigantur,
3494 2913 3736 2975 senioribus

544 3013 826 3068 modicum
857 3014 1123 3084 negligat,
1159 3019 1338 3068 totum
1369 2993 1597 3070 amittit.
1632 3015 1738 3078 Qui
1771 3014 1964 3074 currit,
1977 2993 2139 3072 'nihil
2153 3006 2198 3066 C
2220 3011 2480 3066 meliores
2497 2993 2646 3068 sunt.
2665 3014 2734 3069 Et
2745 2993 2976 3070 noniste
2991 3031 3180 3070 sermo
3199 2993 3374 3076 meus,
3389 3011 3539 3070 sedet
3553 3005 3739 3073 δαὶμω-

539 3102 834 3171 anteponit
864 3102 980 3166 ﬁni,
1017 3103 1115 3158 sed
1149 3103 1327 3172 magis
1356 3103 1426 3158 ad
1457 3119 1586 3158 eum
1624 3103 1924 3172 pertendit.
1961 3103 2078 3157 Hoc
2107 3121 2142 3156 a

541 3207 631 3246 me
653 3190 864 3246 dictum
899 3196 984 3244 est
1002 3191 1071 3244 ad
1089 3209 1203 3255 eos,
1225 3191 1319 3261 qui
1341 3191 1566 3245 dicunt:
1593 3192 1658 3244 In
1683 3193 1980 3260 juventute
2011 3192 2138 3262 qui-

541 3278 670 3332 dem
692 3297 820 3334 mea
831 3281 1082 3338 studium
1106 3280 1295 3345 habui,
1314 3279 1370 3334 in
1385 3281 1681 3350 juventute
1692 3280 1944 3350 jejunavi
1961 3299 1971 3332 :
1990 3297 2137 3335 nunc

539 3375 730 3424 autem
759 3370 938 3424 senui.
973 3369 1212 3428 Maxime
1241 3386 1370 3423 vero
1409 3369 1832 3439 religiositatem
1862 3386 2136 3439 augmen-

539 3461 660 3510 tare
679 3457 940 3512 debuisti.
965 3460 1014 3512 Ν
1019 3475 1142 3513 emo
1163 3458 1300 3512 mihi
1321 3464 1535 3512 veteres
1556 3458 1786 3514 virtutes
1808 3466 2130 3525 enumeret;

536 3561 684 3600 nunc
708 3547 886 3616 magis
906 3547 1054 3616 viget
1072 3547 1216 3616 quis,
1232 3555 1290 3600 et
1301 3547 1358 3600 in
1365 3548 1662 3616 juventute
1686 3549 1881 3602 firmus
1897 3563 2008 3602 non
2025 3553 2128 3602 est.

535 3635 644 3700 Qui
655 3635 806 3690 enim
818 3637 1343 3706 corporalemistum
1363 3636 1539 3690 currit
1559 3643 1962 3694 cursum.recte
1975 3636 2130 3702 dicit,

533 3723 668 3794 quia
687 3725 924 3780 canities
944 3743 1071 3779 eum
1094 3725 1482 3796 apprehendit,
1506 3731 1564 3778 et
1581 3742 1691 3780 non
1713 3726 1860 3778 valet
1874 3725 2136 3780 similiter

533 3829 778 3878 currere,
797 3815 934 3884 quia
955 3814 1136 3868 omnis
1156 3832 1300 3883 agon
1329 3815 1386 3867 in
1407 3831 1638 3884 corpore
1657 3814 1994 3868 constitutus
2023 3820 2129 3868 est.

533 3901 616 3960 Tu
662 3920 790 3958 vero
832 3903 902 3957 ob
947 3920 1116 3973 quam
1162 3920 1389 3958 causam
1435 3920 1662 3958 cursum
1723 3903 1980 3958 minues?
2029 3903 2133 3958 Hic

535 3990 684 4046 enim
714 3991 903 4048 animo
933 4009 1072 4060 opus
1100 3998 1204 4054 est,
1237 3993 1424 4046 animo
1457 3999 1659 4048 erecto.
1693 3991 1894 4046 Anima
1929 3992 2133 4063 quippe

530 4077 592 4132 in
635 4084 921 4134 senectute
969 4081 1154 4150 potius
1197 4081 1559 4144 confortatur,
1611 4086 1742 4134 tunc
1789 4081 1956 4150 viget,
1999 4087 2134 4136 tunc

532 4167 804 4224 exsultat:
825 4168 971 4222 sicut
992 4169 1142 4222 enim
1175 4186 1376 4238 corpus
1397 4186 1686 4239 usquequo
1705 4169 1950 4224 febribus
1985 4171 2131 4226 deti-

532 4261 719 4320 netur,
739 4262 795 4310 et
817 4256 1283 4326 subsequentibus
1303 4257 1748 4327 aegritudinibus,
1763 4275 1828 4314 ac
1845 4259 1890 4314 si
1909 4259 1982 4312 sit
2002 4259 2132 4314 vali—

2223 3116 2288 3154 ra
2300 3101 2444 3156 hanc
2463 3102 2616 3155 novit
2635 3103 3087 3158 discretionem.a
3112 3105 3386 3160 Senectus
3416 3099 3570 3162 enim,
3588 3090 3738 3166 inquit:

2223 3188 2582 3253 honorabilis,
2617 3208 2730 3245 non
2764 3191 2925 3246 multi
2949 3193 3246 3266 temporis,
3265 3199 3320 3246 et
3355 3196 3483 3244 aetas
3507 3177 3741 3240 senectutis

2220 3278 2334 3330 vita
2354 3279 2716 3336 immaculata
2731 3280 2882 3352 (Sap.
2911 3285 3004 3352 ιν).
3035 3302 3056 3332 ι
3095 3281 3322 3338 Etenim
3351 3296 3447 3334 nos
3474 3278 3741 3330 bonoramus

2219 3366 2505 3436 [canitiem
2523 3369 2564 3440 ?]
2607 3386 2719 3424 non
2767 3370 2900 3444 quia
2941 3371 3190 3424 colorem
3218 3369 3506 3426 candidum
3531 3361 3684 3428 habet,
3707 3365 3743 3408 εἰ

2218 3453 2342 3524 ideo
2354 3455 2424 3510 ab
2452 3457 2610 3528 nigro
2631 3459 2813 3512 colore
2830 3460 3071 3530 amplius
3091 3460 3452 3522 honoramus,
3465 3454 3552 3510 sed
3571 3449 3678 3526 quia
3688 3446 3743 3500 in-

2218 3544 2424 3600 dicium
2455 3553 2539 3600 est
2568 3547 2692 3602 vita
2739 3547 2796 3602 in
2835 3549 3039 3604 virtute
3068 3555 3364 3620 provectae,
3389 3552 3443 3600 et
3471 3543 3678 3597 videntes
3701 3551 3744 3587 ει

2218 3633 2321 3686 hoc
2342 3635 2672 3704 conjicimus
2688 3636 3012 3692 interiorem
3036 3643 3386 3694 senectutem
3418 3653 3436 3688 :
3463 3635 3506 3687 si
3526 3646 3633 3684 vero
3648 3641 3742 3680 con-

2215 3723 2391 3778 traria
2421 3725 2694 3780 senectuti
2720 3726 3018 3794 gesserint,
3033 3727 3331 3782 irrisibiles
3351 3721 3746 3782 ﬁunt.\'erumL=I-

2218 3827 2346 3864 men
2384 3829 2485 3866 nec
2507 3815 2730 3884 juvenis
2770 3814 2987 3870 alienus
3011 3821 3097 3870 est
3127 3817 3332 3889 culpa:
3359 3812 3566 3886 juvenis
3591 3806 3745 3877 (luil’l’e

2218 3898 2291 3954 ibi
2321 3906 2541 3956 tantum
2577 3902 2782 3958 habere
2811 3903 3030 3958 veniam
3059 3905 3292 3977 poterit.
3327 3905 3458 3960 dum
3486 3893 3746 3970 ilnprndem

2216 3988 2402 4054 fuerit,
2436 3991 2570 4046 dum
2609 3999 2861 4064 tempore
2905 3990 3122 4064 indiget
3167 4001 3226 4048 et
3270 3990 3610 4066 experientia.
3645 3984 3746 4036 Cum

2215 4084 2406 4136 autem
2427 4096 2567 4152 opus
2595 4081 2702 4136 erit
2731 4081 3166 4156 temperantiam
3193 4088 3297 4140 aut
3313 4069 3747 4137 fortitudinemde-

2214 4174 2548 4228 monstrare,
2586 4187 2965 4244 nequaquam,
2998 4188 3185 4242 neque
3218 4171 3441 4245 quando
3468 4184 3592 4238 opus
3617 4161 3698 4218 erit
3723 4173 3748 4207 a

2213 4257 2466 4329 pecuniis
2489 4257 2774 4314 abstinere
2799 4278 2809 4312 :
2836 4277 2968 4316 nam
2994 4268 3082 4314 est
3107 4261 3208 4314 ubi
3229 4261 3410 4332 magis
3439 4259 3554 4332 plus
3569 4249 3749 4318 8811⁸1³⁸

531 4344 687 4411 dum,
717 4353 906 4402 tamen
939 4346 1238 4415 afﬂigitur;
1263 4364 1390 4402 cum
1421 4353 1609 4402 autem
1645 4346 1943 4402 liberatum
1963 4341 2195 4402 fuerit!)
2214 4346 2368 4398 venis
2396 4347 2674 4420 culpatur.
2713 4349 2811 4403 Ille
2859 4349 3065 4422 quippe
3119 4351 3306 4410 multa
3351 4347 3618 4406 curatione
3649 4352 3750 4408 opus

533 4433 603 4486 ab
624 4434 942 4490 obsessione
960 4435 1527 4502 morborum,recreat
1538 4436 1821 4506 propriam
1833 4437 2094 4492 virtutem
2113 4457 2124 4491 :

531 4523 612 4578 sic
641 4524 812 4578 etiam
843 4525 1034 4582 anima
1078 4525 1137 4580 in
1177 4526 1472 4595 juventute
1519 4524 1765 4582 febribus
1801 4525 2040 4593 laborat,
2073 4532 2130 4581 et

531 4627 688 4668 amor
714 4613 906 4682 gloriae
951 4613 1221 4684 opprimit
1248 4632 1390 4678 eam,
1423 4620 1480 4670 et
1520 4615 1849 4669 deliciarum
1876 4620 1935 4670 et
1962 4632 2128 4670 vene-

528 4715 756 4756 rearum
773 4703 1294 4768 rerum,etaliarum
1313 4704 1620 4758 multarum
1635 4704 2123 4773 imaginationum;

513 4781 658 4842 'cum
686 4794 876 4844 autem
897 4798 1152 4848 senectus
1171 4793 1477 4854 advenerit,
1495 4810 1690 4848 omnes
1714 4793 1814 4848 has
1842 4794 2128 4864 passiones

531 4876 766 4947 elfugat:
785 4878 924 4934 alias
957 4897 1057 4949 per
1074 4881 1412 4946 satietatem,
1438 4881 1575 4936 alias
1599 4899 1697 4952 per
1715 4883 2126 4952 philosophiam

529 4966 876 5024 constrictas.
907 4968 1017 5034 Qui
1049 4970 1198 5024 enim
1228 4971 1288 5026 in
1319 4976 1606 5026 senectute
1635 4971 1714 5026 ita
1743 4971 1988 5026 furiosus
2019 4979 2121 5032 est,

529 5056 775 5119 ostendit
795 5057 927 5127 quia
948 5064 1004 5114 et
1031 5057 1086 5112 in
1111 5061 1425 5130 juventute,
1461 5077 1571 5113 non
1600 5077 1701 5130 per
1723 5059 2122 5129 ignorantiam,

531 5160 643 5202 nan
676 5162 776 5214 per
811 5146 1176 5216 imperitiam,
1204 5166 1316 5202 non
1341 5166 1441 5219 per
1469 5154 1692 5204 aetatem
1723 5148 1850 5204 talis
1877 5149 1999 5212 fuit,
2027 5149 2125 5203 sed

530 5249 632 5302 per
659 5235 1078 5304 negligentiam.
1113 5236 1211 5290 Ille
1243 5237 1446 5307 quippe
1468 5244 1652 5308 potest
1681 5237 1864 5292 dicere
1898 5256 1908 5289 :
1948 5261 1971 5288 ί(
2013 5239 2123 5292 De-

529 5319 663 5376 licta
700 5323 1012 5391 juventutis
1059 5332 1116 5379 et
1161 5325 1490 5395 ignorantiae
1531 5344 1668 5380 mem
1697 5343 1766 5380 ne
1800 5327 2124 5381 memineris

525 5408 698 5472 (Ρδαι.
738 5423 902 5479 mw,
935 5432 962 5470 ι
997 5415 1090 5484 qui
1121 5414 1179 5468 in
1219 5421 1505 5470 senectute
1544 5415 1919 5486 competentia
1951 5416 2118 5486 gerit,

529 5495 627 5567 ιιυί
657 5500 992 5568 Procedente
1013 5509 1176 5564 aetate
1205 5509 1460 5560 mutatur
1483 5521 1493 5556 :
1519 5503 1567 5560 si
1596 5511 1786 5562 autem
1806 5510 1863 5562 et
1887 5505 1948 5562 in
1965 5521 2123 5565 sene-

2213 4431 2459 4502 habebit,
2501 4435 2828 4492 debilitante
2873 4437 3035 4494 illum
3075 4444 3372 4496 senectute
3413 4457 3424 4490 :
3467 4437 3566 4492 iste
3605 4435 3750 4486 autem

2213 4522 2371 4580 fortis
2400 4531 2504 4591 est,
2541 4526 2590 4581 si
2633 4527 2872 4584 voluerit
2905 4528 3154 4600 seipsum
3203 4545 3428 4599 regere;
3467 4525 3662 4598 qualem
3683 4530 3751 4566 W-

2213 4612 2364 4668 niam
2380 4620 2840 4670 mereanturcum
2855 4617 3005 4687 rapit
3025 4618 3271 4689 amplius
3289 4633 3460 4688 quam
3479 4627 3642 4672 senex.
3656 4619 3750 4660 ωω

2211 4707 2368 4758 tenet
2387 4704 2598 4758 malum
2627 4704 2684 4758 in
2706 4705 2890 4768 corde,
2910 4707 3044 4762 dum
3066 4723 3180 4762 non
3203 4708 3436 4778 adjuvat
3451 4696 3752 4758 senem.de

2212 4793 2392 4848 multa
2402 4793 2691 4865 superﬂua
2707 4794 2972 4867 loquitur,
2995 4795 3126 4851 dum
3151 4796 3408 4866 injuriat,
3433 4795 3558 4848 dum
3575 4781 3754 4846 maledi'

2211 4881 2306 4946 cit,
2341 4881 2475 4937 dum
2505 4881 2850 4938 inebriatur?
2867 4884 2923 4940 Si
2957 4891 3146 4942 autem
3170 4883 3242 4939 de
3259 4880 3617 4956 temperantia
3631 4877 3754 4950 Ριιω

2211 4986 2322 5024 non
2342 4988 2503 5042 posse
2531 4972 2767 5042 culpari,
2791 4973 3018 5028 attende
3035 4973 3198 5028 illum
3222 4980 3282 5028 et
3299 4973 3378 5028 ibi
3398 4973 3567 5030 multa
3582 4966 3754 5035 adjuto-

2211 5059 2298 5114 ria
2315 5059 2634 5126 habentem,
2647 5061 2696 5114 si
2713 5067 2901 5116 tamen
2919 5063 3181 5116 voluerit:
3203 5079 3269 5118 ac
3290 5062 3339 5118 si
3365 5061 3512 5120 enim
3535 5073 3634 5116 non
3650 5050 3754 5106 vali-

2210 5147 2334 5202 dius
2347 5165 2474 5204 eum
2495 5166 2666 5221 quam
2679 5167 2871 5204 senem
2891 5151 3166 5223 cupiditas
3177 5151 3457 5216 stimulet,
3473 5157 3644 5204 tamen
3657 5141 3754 5194 sum

2209 5238 2390 5292 multa
2416 5238 2472 5292 in
2495 5238 2696 5309 quibus
2719 5239 2899 5310 magis
2920 5256 3087 5312 quam
3111 5257 3284 5296 senex
3304 5239 3511 5311 poterit
3529 5235 3752 5292 laboram

2210 5333 2273 5380 ut
2292 5326 2526 5381 bestiam
2558 5327 2712 5385 illam
2743 5329 3010 5384 incantct.
3053 5330 3186 5394 Quae
3217 5337 3354 5384 sunt
3377 5328 3518 5384 ista?
3542 5323 3755 5380 Labore.

2207 5415 2492 5481 lectiones,
2524 5415 2743 5487 vigiliae.
2779 5419 2886 5474 Sed
2915 5418 3047 5491 quid
3073 5419 3143 5474 ad
3173 5435 3282 5474 nos
3311 5419 3449 5480 haec,
3481 5411 3663 5485 inquit.
3685 5401 3756 5477 qui

2205 5521 2320 5564 non
2341 5522 2534 5564 sumus
2559 5507 2854 5566 monachi?
2871 5509 3001 5566 Haec
3015 5509 3156 5566 mihi
3171 5507 3318 5568 dicis
3331 5508 3359 5560 2
3373 5508 3468 5575 dic
3483 5503 3646 5566 Paulo
3659 5510 3759 5554 αιω
