  <div class='ocr_page' id='page_1' title='image "/cluster/home/n/w/nwhite01/storage/ocr_20150623/112/hvd.32044054759774/376.png"; bbox 0 0 3866 6158; ppageno 0'>
   <div class='ocr_carea' id='block_1_1' title="bbox 265 296 1798 367">
    <p class='ocr_par' dir='ltr' id='par_1_1' title="bbox 265 296 1763 359">
     <span class='ocr_line' id='line_1_1' title="bbox 265 296 1763 359; baseline 0.004 -7"><span class='ocrx_word' id='word_1_1' title='bbox 265 298 344 353; x_wconf 77' lang='grc'>741</span> <span class='ocrx_word' id='word_1_2' title='bbox 623 296 1196 359; x_wconf 70' lang='grc' dir='ltr'>ΕΝΑΒΒΑΤΙΟΝΠΜ</span> <span class='ocrx_word' id='word_1_3' title='bbox 1231 298 1310 355; x_wconf 85' lang='grc' dir='ltr'><strong>ΙΝ</strong></span> <span class='ocrx_word' id='word_1_4' title='bbox 1348 298 1503 355; x_wconf 86' lang='grc' dir='ltr'>ΕΡΡ.</span> <span class='ocrx_word' id='word_1_5' title='bbox 1549 299 1763 357; x_wconf 81' lang='lat' dir='ltr'>PAULI</span> 
     </span>
    </p>
   </div>
   <div class='ocr_carea' id='block_1_2' title="bbox 1883 296 3070 367">
    <p class='ocr_par' dir='ltr' id='par_1_2' title="bbox 1883 296 3070 365">
     <span class='ocr_line' id='line_1_2' title="bbox 1883 296 3070 365; baseline -0.002 -13"><span class='ocrx_word' id='word_1_6' title='bbox 1883 300 1942 365; x_wconf 81' lang='grc' dir='ltr'>Β.</span> <span class='ocrx_word' id='word_1_7' title='bbox 1983 297 2207 357; x_wconf 77' lang='lat' dir='ltr'>XXVII.</span> <span class='ocrx_word' id='word_1_8' title='bbox 2243 326 2308 338; x_wconf 90' lang='lat'>-—</span> <span class='ocrx_word' id='word_1_9' title='bbox 2340 296 2419 355; x_wconf 88' lang='lat' dir='ltr'>IN</span> <span class='ocrx_word' id='word_1_10' title='bbox 2456 297 2679 355; x_wconf 87' lang='lat' dir='ltr'>EPIST.</span> <span class='ocrx_word' id='word_1_11' title='bbox 2720 298 2819 353; x_wconf 82' lang='lat' dir='ltr'>AD</span> <span class='ocrx_word' id='word_1_12' title='bbox 2857 296 3070 351; x_wconf 86' lang='lat' dir='ltr'>HEBR.</span> 
     </span>
    </p>
   </div>
   <div class='ocr_carea' id='block_1_3' title="bbox 3388 297 3491 355">
    <p class='ocr_par' dir='ltr' id='par_1_3' title="bbox 3388 297 3491 355">
     <span class='ocr_line' id='line_1_3' title="bbox 3388 297 3491 355; baseline 0.039 -3"><span class='ocrx_word' id='word_1_13' title='bbox 3388 297 3491 355; x_wconf 72' lang='grc'>742</span> 
     </span>
    </p>
   </div>
   <div class='ocr_carea' id='block_1_4' title="bbox 256 422 3490 499">
    <p class='ocr_par' dir='ltr' id='par_1_4' title="bbox 256 422 3490 499">
     <span class='ocr_line' id='line_1_4' title="bbox 256 422 3490 499; baseline 0 -22"><span class='ocrx_word' id='word_1_14' title='bbox 256 422 369 478; x_wconf 83' lang='lat' dir='ltr'>dicit</span> <span class='ocrx_word' id='word_1_15' title='bbox 386 442 397 474; x_wconf 87' lang='lat'><strong><em>:</em></strong></span> <span class='ocrx_word' id='word_1_16' title='bbox 433 442 453 468; x_wconf 74' lang='grc' dir='ltr'>η</span> <span class='ocrx_word' id='word_1_17' title='bbox 503 423 801 495; x_wconf 84' lang='lat' dir='ltr'>Vigilantes</span> <span class='ocrx_word' id='word_1_18' title='bbox 836 424 898 478; x_wconf 89' lang='lat' dir='ltr'>in</span> <span class='ocrx_word' id='word_1_19' title='bbox 938 424 1089 477; x_wconf 89' lang='lat' dir='ltr'>omni</span> <span class='ocrx_word' id='word_1_20' title='bbox 1114 424 1386 493; x_wconf 82' lang='lat' dir='ltr'>patientia</span> <span class='ocrx_word' id='word_1_21' title='bbox 1445 431 1501 481; x_wconf 89' lang='lat' dir='ltr'>et</span> <span class='ocrx_word' id='word_1_22' title='bbox 1548 428 1804 482; x_wconf 90' lang='lat' dir='ltr'>oratione</span> <span class='ocrx_word' id='word_1_23' title='bbox 1818 426 1867 499; x_wconf 78' lang='grc' dir='ltr'><strong>ᾼ</strong></span> <span class='ocrx_word' id='word_1_24' title='bbox 1880 427 2000 495; x_wconf 83' lang='lat' dir='ltr'>jam</span> <span class='ocrx_word' id='word_1_25' title='bbox 2017 424 2344 481; x_wconf 78' lang='lat' dir='ltr'>excellentia</span> <span class='ocrx_word' id='word_1_26' title='bbox 2361 424 2540 489; x_wconf 88' lang='lat' dir='ltr'>est,de</span> <span class='ocrx_word' id='word_1_27' title='bbox 2556 440 2666 493; x_wconf 88' lang='lat' dir='ltr'>qua</span> <span class='ocrx_word' id='word_1_28' title='bbox 2678 422 3004 494; x_wconf 90' lang='lat' dir='ltr'>superiusin</span> <span class='ocrx_word' id='word_1_29' title='bbox 3016 422 3200 492; x_wconf 82' lang='lat' dir='ltr'>priore</span> <span class='ocrx_word' id='word_1_30' title='bbox 3210 423 3490 489; x_wconf 72' lang='lat' dir='ltr'>sententia</span> 
     </span>
    </p>
   </div>
   <div class='ocr_carea' id='block_1_5' title="bbox 257 512 1808 580">
    <p class='ocr_par' dir='ltr' id='par_1_5' title="bbox 257 512 1808 580">
     <span class='ocr_line' id='line_1_5' title="bbox 257 512 1808 580; baseline 0.002 -13"><span class='ocrx_word' id='word_1_31' title='bbox 257 512 436 580; x_wconf 73' lang='lat' dir='ltr'>(Ephcs.</span> <span class='ocrx_word' id='word_1_32' title='bbox 468 516 563 579; x_wconf 76' lang='lat' dir='ltr'>v1);</span> <span class='ocrx_word' id='word_1_33' title='bbox 600 532 623 564; x_wconf 74' lang='grc' dir='ltr'><strong><em>υ</em></strong></span> <span class='ocrx_word' id='word_1_34' title='bbox 657 530 782 573; x_wconf 85' lang='lat' dir='ltr'>cum</span> <span class='ocrx_word' id='word_1_35' title='bbox 804 512 937 567; x_wconf 85' lang='lat' dir='ltr'>dicit</span> <span class='ocrx_word' id='word_1_36' title='bbox 967 533 977 565; x_wconf 94' lang='lat'>:</span> <span class='ocrx_word' id='word_1_37' title='bbox 1011 536 1030 561; x_wconf 67' lang='grc' dir='ltr'>αι</span> <span class='ocrx_word' id='word_1_38' title='bbox 1064 514 1261 567; x_wconf 82' lang='lat' dir='ltr'>Carnis</span> <span class='ocrx_word' id='word_1_39' title='bbox 1292 531 1483 568; x_wconf 88' lang='lat' dir='ltr'>curam</span> <span class='ocrx_word' id='word_1_40' title='bbox 1514 534 1584 569; x_wconf 87' lang='lat' dir='ltr'>ne</span> <span class='ocrx_word' id='word_1_41' title='bbox 1617 516 1808 571; x_wconf 89' lang='lat' dir='ltr'>feceri-</span> 
     </span>
    </p>
   </div>
   <div class='ocr_carea' id='block_1_6' title="bbox 254 599 1810 673">
    <p class='ocr_par' dir='ltr' id='par_1_6' title="bbox 254 599 1810 673">
     <span class='ocr_line' id='line_1_6' title="bbox 254 599 1810 673; baseline 0.002 -17"><span class='ocrx_word' id='word_1_42' title='bbox 254 599 315 656; x_wconf 76' lang='lat' dir='ltr'>tis</span> <span class='ocrx_word' id='word_1_43' title='bbox 336 600 388 655; x_wconf 87' lang='lat' dir='ltr'>in</span> <span class='ocrx_word' id='word_1_44' title='bbox 417 602 867 671; x_wconf 82' lang='lat' dir='ltr'>concupiscentiis</span> <span class='ocrx_word' id='word_1_45' title='bbox 891 602 1067 673; x_wconf 78' lang='lat' dir='ltr'>(Rom.</span> <span class='ocrx_word' id='word_1_46' title='bbox 1117 606 1247 671; x_wconf 79' lang='lat' dir='ltr'>xui).</span> <span class='ocrx_word' id='word_1_47' title='bbox 1278 622 1302 655; x_wconf 86' lang='grc'>›)</span> <span class='ocrx_word' id='word_1_48' title='bbox 1335 604 1458 656; x_wconf 82' lang='lat' dir='ltr'>Non</span> <span class='ocrx_word' id='word_1_49' title='bbox 1501 605 1650 658; x_wconf 89' lang='lat' dir='ltr'>enim</span> <span class='ocrx_word' id='word_1_50' title='bbox 1695 622 1810 659; x_wconf 89' lang='lat' dir='ltr'>mo-</span> 
     </span>
    </p>
   </div>
   <div class='ocr_carea' id='block_1_7' title="bbox 253 688 1811 764">
    <p class='ocr_par' dir='ltr' id='par_1_7' title="bbox 253 688 1811 764">
     <span class='ocr_line' id='line_1_7' title="bbox 253 688 1811 764; baseline 0.003 -21"><span class='ocrx_word' id='word_1_51' title='bbox 253 688 417 743; x_wconf 84' lang='lat' dir='ltr'>nachis</span> <span class='ocrx_word' id='word_1_52' title='bbox 442 689 557 743; x_wconf 68' lang='lat' dir='ltr'>haec</span> <span class='ocrx_word' id='word_1_53' title='bbox 576 690 847 744; x_wconf 81' lang='lat' dir='ltr'>scribebat</span> <span class='ocrx_word' id='word_1_54' title='bbox 866 696 1106 756; x_wconf 88' lang='lat' dir='ltr'>tantum,</span> <span class='ocrx_word' id='word_1_55' title='bbox 1126 691 1223 745; x_wconf 88' lang='lat' dir='ltr'>sed</span> <span class='ocrx_word' id='word_1_56' title='bbox 1249 692 1509 746; x_wconf 88' lang='lat' dir='ltr'>omnibus</span> <span class='ocrx_word' id='word_1_57' title='bbox 1532 694 1627 764; x_wconf 88' lang='lat' dir='ltr'>qui</span> <span class='ocrx_word' id='word_1_58' title='bbox 1648 701 1811 747; x_wconf 87' lang='lat' dir='ltr'>erant</span> 
     </span>
    </p>
   </div>
   <div class='ocr_carea' id='block_1_8' title="bbox 253 777 1811 853">
    <p class='ocr_par' dir='ltr' id='par_1_8' title="bbox 253 777 1811 853">
     <span class='ocr_line' id='line_1_8' title="bbox 253 777 1811 853; baseline 0.007 -25"><span class='ocrx_word' id='word_1_59' title='bbox 253 777 298 829; x_wconf 89' lang='lat' dir='ltr'>in</span> <span class='ocrx_word' id='word_1_60' title='bbox 337 777 656 832; x_wconf 74' lang='lat' dir='ltr'>civitatibus.</span> <span class='ocrx_word' id='word_1_61' title='bbox 700 780 822 833; x_wconf 90' lang='lat' dir='ltr'>Non</span> <span class='ocrx_word' id='word_1_62' title='bbox 872 779 1021 833; x_wconf 88' lang='lat' dir='ltr'>enim</span> <span class='ocrx_word' id='word_1_63' title='bbox 1063 780 1345 835; x_wconf 59' lang='lat' dir='ltr'>smeularis</span> <span class='ocrx_word' id='word_1_64' title='bbox 1392 782 1557 835; x_wconf 89' lang='lat' dir='ltr'>homo</span> <span class='ocrx_word' id='word_1_65' title='bbox 1600 783 1811 853; x_wconf 87' lang='lat' dir='ltr'>aliquid</span> 
     </span>
    </p>
   </div>
   <div class='ocr_carea' id='block_1_9' title="bbox 245 865 1809 939">
    <p class='ocr_par' dir='ltr' id='par_1_9' title="bbox 245 865 1809 939">
     <span class='ocr_line' id='line_1_9' title="bbox 245 865 1809 939; baseline 0.005 -20"><span class='ocrx_word' id='word_1_66' title='bbox 245 865 456 936; x_wconf 83' lang='lat' dir='ltr'>amplius</span> <span class='ocrx_word' id='word_1_67' title='bbox 469 866 672 922; x_wconf 86' lang='lat' dir='ltr'>habere</span> <span class='ocrx_word' id='word_1_68' title='bbox 688 869 981 934; x_wconf 85' lang='lat' dir='ltr'>monacho,</span> <span class='ocrx_word' id='word_1_69' title='bbox 1007 886 1173 939; x_wconf 86' lang='lat' dir='ltr'>quam</span> <span class='ocrx_word' id='word_1_70' title='bbox 1196 887 1325 923; x_wconf 91' lang='lat' dir='ltr'>cum</span> <span class='ocrx_word' id='word_1_71' title='bbox 1354 887 1524 925; x_wconf 88' lang='lat' dir='ltr'>uxore</span> <span class='ocrx_word' id='word_1_72' title='bbox 1546 889 1809 927; x_wconf 88' lang='lat' dir='ltr'>concum-</span> 
     </span>
    </p>
   </div>
   <div class='ocr_carea' id='block_1_10' title="bbox 248 954 1807 1025">
    <p class='ocr_par' dir='ltr' id='par_1_10' title="bbox 248 954 1807 1025">
     <span class='ocr_line' id='line_1_10' title="bbox 248 954 1807 1025; baseline 0.004 -18"><span class='ocrx_word' id='word_1_73' title='bbox 248 954 354 1007; x_wconf 82' lang='lat' dir='ltr'>bere</span> <span class='ocrx_word' id='word_1_74' title='bbox 380 960 591 1011; x_wconf 88' lang='lat' dir='ltr'>tantum</span> <span class='ocrx_word' id='word_1_75' title='bbox 619 975 629 1008; x_wconf 89' lang='lat'><strong>:</strong></span> <span class='ocrx_word' id='word_1_76' title='bbox 683 957 771 1011; x_wconf 88' lang='lat' dir='ltr'>hic</span> <span class='ocrx_word' id='word_1_77' title='bbox 802 957 953 1011; x_wconf 89' lang='lat' dir='ltr'>enim</span> <span class='ocrx_word' id='word_1_78' title='bbox 984 957 1154 1012; x_wconf 88' lang='lat' dir='ltr'>habet</span> <span class='ocrx_word' id='word_1_79' title='bbox 1184 958 1420 1025; x_wconf 84' lang='lat' dir='ltr'>veniam,</span> <span class='ocrx_word' id='word_1_80' title='bbox 1460 961 1517 1013; x_wconf 90' lang='lat' dir='ltr'>in</span> <span class='ocrx_word' id='word_1_81' title='bbox 1550 960 1677 1014; x_wconf 89' lang='lat' dir='ltr'>aliis</span> <span class='ocrx_word' id='word_1_82' title='bbox 1707 978 1807 1015; x_wconf 87' lang='lat' dir='ltr'>au-</span> 
     </span>
    </p>
   </div>
   <div class='ocr_carea' id='block_1_11' title="bbox 246 1047 1807 1119">
    <p class='ocr_par' dir='ltr' id='par_1_11' title="bbox 246 1047 1807 1119">
     <span class='ocr_line' id='line_1_11' title="bbox 246 1047 1807 1119; baseline 0.004 -23"><span class='ocrx_word' id='word_1_83' title='bbox 246 1051 337 1097; x_wconf 80' lang='lat' dir='ltr'>tem</span> <span class='ocrx_word' id='word_1_84' title='bbox 362 1060 731 1115; x_wconf 82' lang='lat' dir='ltr'>nequaquam,</span> <span class='ocrx_word' id='word_1_85' title='bbox 764 1047 861 1105; x_wconf 85' lang='lat' dir='ltr'>sed</span> <span class='ocrx_word' id='word_1_86' title='bbox 894 1047 1083 1101; x_wconf 88' lang='lat' dir='ltr'>omnia</span> <span class='ocrx_word' id='word_1_87' title='bbox 1111 1048 1403 1119; x_wconf 71' lang='lat' dir='ltr'>aequaliter</span> <span class='ocrx_word' id='word_1_88' title='bbox 1436 1049 1581 1103; x_wconf 88' lang='lat' dir='ltr'>sicut</span> <span class='ocrx_word' id='word_1_89' title='bbox 1612 1067 1807 1105; x_wconf 88' lang='lat' dir='ltr'>mona-</span> 
     </span>
    </p>
   </div>
   <div class='ocr_carea' id='block_1_12' title="bbox 243 1132 1808 1208">
    <p class='ocr_par' dir='ltr' id='par_1_12' title="bbox 243 1132 1808 1208">
     <span class='ocr_line' id='line_1_12' title="bbox 243 1132 1808 1208; baseline 0.005 -23"><span class='ocrx_word' id='word_1_90' title='bbox 243 1132 313 1187; x_wconf 84' lang='lat' dir='ltr'>chi</span> <span class='ocrx_word' id='word_1_91' title='bbox 339 1148 494 1201; x_wconf 79' lang='lat' dir='ltr'>agere</span> <span class='ocrx_word' id='word_1_92' title='bbox 511 1134 734 1189; x_wconf 87' lang='lat' dir='ltr'>debent.</span> <span class='ocrx_word' id='word_1_93' title='bbox 752 1136 895 1191; x_wconf 86' lang='lat' dir='ltr'>Nam</span> <span class='ocrx_word' id='word_1_94' title='bbox 914 1141 970 1190; x_wconf 87' lang='lat' dir='ltr'>et</span> <span class='ocrx_word' id='word_1_95' title='bbox 985 1135 1363 1191; x_wconf 87' lang='lat' dir='ltr'>beatitudines</span> <span class='ocrx_word' id='word_1_96' title='bbox 1385 1154 1509 1208; x_wconf 79' lang='lat' dir='ltr'>quae</span> <span class='ocrx_word' id='word_1_97' title='bbox 1526 1156 1560 1192; x_wconf 89' lang='lat' dir='ltr'>a</span> <span class='ocrx_word' id='word_1_98' title='bbox 1587 1140 1808 1193; x_wconf 81' lang='lat' dir='ltr'>Christo</span> 
     </span>
    </p>
   </div>
   <div class='ocr_carea' id='block_1_13' title="bbox 242 1221 1807 1299">
    <p class='ocr_par' dir='ltr' id='par_1_13' title="bbox 242 1221 1807 1299">
     <span class='ocr_line' id='line_1_13' title="bbox 242 1221 1807 1299; baseline 0.004 -24"><span class='ocrx_word' id='word_1_99' title='bbox 242 1221 486 1287; x_wconf 88' lang='lat' dir='ltr'>dicuntur,</span> <span class='ocrx_word' id='word_1_100' title='bbox 511 1240 624 1279; x_wconf 89' lang='lat' dir='ltr'>non</span> <span class='ocrx_word' id='word_1_101' title='bbox 646 1225 933 1281; x_wconf 77' lang='lat' dir='ltr'>monachis</span> <span class='ocrx_word' id='word_1_102' title='bbox 959 1230 1179 1279; x_wconf 90' lang='lat' dir='ltr'>tantum</span> <span class='ocrx_word' id='word_1_103' title='bbox 1200 1226 1359 1281; x_wconf 76' lang='lat' dir='ltr'>dictae</span> <span class='ocrx_word' id='word_1_104' title='bbox 1391 1233 1542 1291; x_wconf 90' lang='lat' dir='ltr'>sunt,</span> <span class='ocrx_word' id='word_1_105' title='bbox 1558 1228 1807 1299; x_wconf 77' lang='lat' dir='ltr'>alioquin</span> 
     </span>
    </p>
   </div>
   <div class='ocr_carea' id='block_1_14' title="bbox 241 1311 1807 1384">
    <p class='ocr_par' dir='ltr' id='par_1_14' title="bbox 241 1311 1807 1384">
     <span class='ocr_line' id='line_1_14' title="bbox 241 1311 1807 1384; baseline 0.006 -21"><span class='ocrx_word' id='word_1_106' title='bbox 241 1311 494 1367; x_wconf 67' lang='lat' dir='ltr'>universus</span> <span class='ocrx_word' id='word_1_107' title='bbox 526 1313 772 1367; x_wconf 88' lang='lat' dir='ltr'>mundus</span> <span class='ocrx_word' id='word_1_108' title='bbox 808 1313 1029 1384; x_wconf 78' lang='lat' dir='ltr'>peribit,</span> <span class='ocrx_word' id='word_1_109' title='bbox 1076 1320 1132 1367; x_wconf 88' lang='lat' dir='ltr'>et</span> <span class='ocrx_word' id='word_1_110' title='bbox 1165 1315 1553 1369; x_wconf 85' lang='lat' dir='ltr'>accusabimus</span> <span class='ocrx_word' id='word_1_111' title='bbox 1608 1318 1807 1372; x_wconf 89' lang='lat' dir='ltr'>crude-</span> 
     </span>
    </p>
   </div>
   <div class='ocr_carea' id='block_1_15' title="bbox 241 1399 1806 1469">
    <p class='ocr_par' dir='ltr' id='par_1_15' title="bbox 241 1399 1806 1469">
     <span class='ocr_line' id='line_1_15' title="bbox 241 1399 1806 1469; baseline 0.006 -18"><span class='ocrx_word' id='word_1_112' title='bbox 241 1399 420 1454; x_wconf 83' lang='lat' dir='ltr'>litatem</span> <span class='ocrx_word' id='word_1_113' title='bbox 449 1401 545 1457; x_wconf 91' lang='lat' dir='ltr'>Dei</span> <span class='ocrx_word' id='word_1_114' title='bbox 574 1421 585 1469; x_wconf 86' lang='lat'>;</span> <span class='ocrx_word' id='word_1_115' title='bbox 687 1420 814 1457; x_wconf 83' lang='lat' dir='ltr'>vero</span> <span class='ocrx_word' id='word_1_116' title='bbox 847 1403 1221 1457; x_wconf 83' lang='lat' dir='ltr'>beatitudines</span> <span class='ocrx_word' id='word_1_117' title='bbox 1253 1404 1386 1457; x_wconf 87' lang='lat' dir='ltr'>solis</span> <span class='ocrx_word' id='word_1_118' title='bbox 1411 1407 1699 1459; x_wconf 81' lang='lat' dir='ltr'>monachis</span> <span class='ocrx_word' id='word_1_119' title='bbox 1720 1408 1806 1460; x_wconf 90' lang='lat' dir='ltr'>di-</span> 
     </span>
    </p>
   </div>
   <div class='ocr_carea' id='block_1_16' title="bbox 238 1492 1806 1565">
    <p class='ocr_par' dir='ltr' id='par_1_16' title="bbox 238 1492 1806 1565">
     <span class='ocr_line' id='line_1_16' title="bbox 238 1492 1806 1565; baseline 0.005 -22"><span class='ocrx_word' id='word_1_120' title='bbox 238 1494 319 1543; x_wconf 71' lang='lat' dir='ltr'>cta:</span> <span class='ocrx_word' id='word_1_121' title='bbox 346 1494 481 1551; x_wconf 82' lang='lat' dir='ltr'>sunt,</span> <span class='ocrx_word' id='word_1_122' title='bbox 519 1492 845 1547; x_wconf 62' lang='lat' dir='ltr'>saecularem</span> <span class='ocrx_word' id='word_1_123' title='bbox 897 1499 1085 1547; x_wconf 88' lang='lat' dir='ltr'>autem</span> <span class='ocrx_word' id='word_1_124' title='bbox 1140 1493 1423 1547; x_wconf 88' lang='lat' dir='ltr'>hominem</span> <span class='ocrx_word' id='word_1_125' title='bbox 1464 1494 1806 1565; x_wconf 86' lang='lat' dir='ltr'>impossibile</span> 
     </span>
    </p>
   </div>
   <div class='ocr_carea' id='block_1_17' title="bbox 238 1579 1805 1655">
    <p class='ocr_par' dir='ltr' id='par_1_17' title="bbox 238 1579 1805 1655">
     <span class='ocr_line' id='line_1_17' title="bbox 238 1579 1805 1655; baseline 0.007 -27"><span class='ocrx_word' id='word_1_126' title='bbox 238 1585 310 1629; x_wconf 83' lang='lat' dir='ltr'>est</span> <span class='ocrx_word' id='word_1_127' title='bbox 324 1594 403 1631; x_wconf 82' lang='lat' dir='ltr'>eas</span> <span class='ocrx_word' id='word_1_128' title='bbox 428 1579 683 1649; x_wconf 85' lang='lat' dir='ltr'>implere,</span> <span class='ocrx_word' id='word_1_129' title='bbox 710 1598 837 1637; x_wconf 87' lang='lat' dir='ltr'>cum</span> <span class='ocrx_word' id='word_1_130' title='bbox 866 1581 987 1652; x_wconf 90' lang='lat' dir='ltr'>ipse</span> <span class='ocrx_word' id='word_1_131' title='bbox 1028 1582 1256 1655; x_wconf 84' lang='lat' dir='ltr'>nuptias</span> <span class='ocrx_word' id='word_1_132' title='bbox 1281 1583 1471 1653; x_wconf 83' lang='lat' dir='ltr'>jussit,</span> <span class='ocrx_word' id='word_1_133' title='bbox 1523 1582 1641 1653; x_wconf 89' lang='lat' dir='ltr'>ipse</span> <span class='ocrx_word' id='word_1_134' title='bbox 1674 1602 1805 1653; x_wconf 86' lang='lat' dir='ltr'>ergo</span> 
     </span>
    </p>
   </div>
   <div class='ocr_carea' id='block_1_18' title="bbox 240 1668 1800 1742">
    <p class='ocr_par' dir='ltr' id='par_1_18' title="bbox 240 1668 1800 1742">
     <span class='ocr_line' id='line_1_18' title="bbox 240 1668 1800 1742; baseline 0.005 -24"><span class='ocrx_word' id='word_1_135' title='bbox 240 1682 401 1721; x_wconf 84' lang='lat' dir='ltr'>omnes</span> <span class='ocrx_word' id='word_1_136' title='bbox 420 1668 685 1737; x_wconf 82' lang='lat' dir='ltr'>perdidit.</span> <span class='ocrx_word' id='word_1_137' title='bbox 721 1670 779 1724; x_wconf 88' lang='lat' dir='ltr'>Si</span> <span class='ocrx_word' id='word_1_138' title='bbox 802 1670 951 1724; x_wconf 89' lang='lat' dir='ltr'>enim</span> <span class='ocrx_word' id='word_1_139' title='bbox 974 1688 1088 1725; x_wconf 89' lang='lat' dir='ltr'>non</span> <span class='ocrx_word' id='word_1_140' title='bbox 1116 1676 1303 1741; x_wconf 87' lang='lat' dir='ltr'>potest</span> <span class='ocrx_word' id='word_1_141' title='bbox 1328 1688 1393 1725; x_wconf 88' lang='lat' dir='ltr'>ea</span> <span class='ocrx_word' id='word_1_142' title='bbox 1413 1688 1540 1727; x_wconf 91' lang='lat' dir='ltr'>cum</span> <span class='ocrx_word' id='word_1_143' title='bbox 1571 1673 1800 1742; x_wconf 86' lang='lat' dir='ltr'>nuptiis,</span> 
     </span>
    </p>
   </div>
   <div class='ocr_carea' id='block_1_19' title="bbox 1890 511 3490 583">
    <p class='ocr_par' dir='ltr' id='par_1_19' title="bbox 1890 511 3490 583">
     <span class='ocr_line' id='line_1_19' title="bbox 1890 511 3490 583; baseline -0.003 -14"><span class='ocrx_word' id='word_1_144' title='bbox 1890 515 2060 569; x_wconf 85' lang='lat' dir='ltr'>latius</span> <span class='ocrx_word' id='word_1_145' title='bbox 2083 513 2405 583; x_wconf 81' lang='lat' dir='ltr'>disputavit.</span> <span class='ocrx_word' id='word_1_146' title='bbox 2430 514 2591 576; x_wconf 86' lang='lat' dir='ltr'>Quod</span> <span class='ocrx_word' id='word_1_147' title='bbox 2622 530 2749 566; x_wconf 92' lang='lat' dir='ltr'>vero</span> <span class='ocrx_word' id='word_1_148' title='bbox 2771 511 3048 581; x_wconf 70' lang='lat' dir='ltr'>adjunxit:</span> <span class='ocrx_word' id='word_1_149' title='bbox 3063 532 3082 560; x_wconf 72' lang='grc' dir='ltr'><strong>ε</strong></span> <span class='ocrx_word' id='word_1_150' title='bbox 3107 512 3173 564; x_wconf 87' lang='lat' dir='ltr'>Et</span> <span class='ocrx_word' id='word_1_151' title='bbox 3192 518 3490 582; x_wconf 79' lang='lat' dir='ltr'>propterea</span> 
     </span>
    </p>
   </div>
   <div class='ocr_carea' id='block_1_20' title="bbox 1897 600 3488 672">
    <p class='ocr_par' dir='ltr' id='par_1_20' title="bbox 1897 600 3488 672">
     <span class='ocr_line' id='line_1_20' title="bbox 1897 600 3488 672; baseline -0.001 -15"><span class='ocrx_word' id='word_1_152' title='bbox 1897 626 1918 649; x_wconf 83' lang='grc'>‹‹</span> <span class='ocrx_word' id='word_1_153' title='bbox 1952 603 2117 657; x_wconf 85' lang='lat' dir='ltr'>debet</span> <span class='ocrx_word' id='word_1_154' title='bbox 2145 602 2617 672; x_wconf 84' lang='lat' dir='ltr'>quemadmodum</span> <span class='ocrx_word' id='word_1_155' title='bbox 2639 608 2695 654; x_wconf 88' lang='lat' dir='ltr'>et</span> <span class='ocrx_word' id='word_1_156' title='bbox 2721 617 2820 671; x_wconf 83' lang='lat' dir='ltr'>pro</span> <span class='ocrx_word' id='word_1_157' title='bbox 2843 601 3066 670; x_wconf 85' lang='lat' dir='ltr'>populo,</span> <span class='ocrx_word' id='word_1_158' title='bbox 3086 600 3168 654; x_wconf 85' lang='lat' dir='ltr'>ita</span> <span class='ocrx_word' id='word_1_159' title='bbox 3197 600 3367 655; x_wconf 89' lang='lat' dir='ltr'>etiam</span> <span class='ocrx_word' id='word_1_160' title='bbox 3388 618 3488 671; x_wconf 90' lang='lat' dir='ltr'>pro</span> 
     </span>
    </p>
   </div>
   <div class='ocr_carea' id='block_1_21' title="bbox 1902 690 3490 761">
    <p class='ocr_par' dir='ltr' id='par_1_21' title="bbox 1902 690 3490 761">
     <span class='ocr_line' id='line_1_21' title="bbox 1902 690 3490 761; baseline 0.001 -18"><span class='ocrx_word' id='word_1_161' title='bbox 1902 713 1922 743; x_wconf 76' lang='grc' dir='ltr'>ι</span> <span class='ocrx_word' id='word_1_162' title='bbox 1952 692 2252 761; x_wconf 87' lang='lat' dir='ltr'>semetipso</span> <span class='ocrx_word' id='word_1_163' title='bbox 2282 691 2479 744; x_wconf 76' lang='lat' dir='ltr'>offerre</span> <span class='ocrx_word' id='word_1_164' title='bbox 2502 708 2601 760; x_wconf 88' lang='lat' dir='ltr'>pro</span> <span class='ocrx_word' id='word_1_165' title='bbox 2619 690 2883 760; x_wconf 86' lang='lat' dir='ltr'>peccatis.</span> <span class='ocrx_word' id='word_1_166' title='bbox 2912 712 2931 740; x_wconf 72' lang='grc' dir='ltr'><strong><em>υ</em></strong></span> <span class='ocrx_word' id='word_1_167' title='bbox 2952 690 3207 744; x_wconf 89' lang='lat' dir='ltr'>Hocvero</span> <span class='ocrx_word' id='word_1_168' title='bbox 3219 690 3287 741; x_wconf 88' lang='lat' dir='ltr'>ad</span> <span class='ocrx_word' id='word_1_169' title='bbox 3309 706 3490 745; x_wconf 85' lang='lat' dir='ltr'>sacer-</span> 
     </span>
    </p>
   </div>
   <div class='ocr_carea' id='block_1_22' title="bbox 1893 778 3486 850">
    <p class='ocr_par' dir='ltr' id='par_1_22' title="bbox 1893 778 3486 850">
     <span class='ocr_line' id='line_1_22' title="bbox 1893 778 3486 850; baseline 0 -17"><span class='ocrx_word' id='word_1_170' title='bbox 1893 782 2051 835; x_wconf 86' lang='lat' dir='ltr'>dotes</span> <span class='ocrx_word' id='word_1_171' title='bbox 2078 781 2286 850; x_wconf 80' lang='lat' dir='ltr'>legales</span> <span class='ocrx_word' id='word_1_172' title='bbox 2304 780 2483 847; x_wconf 79' lang='lat' dir='ltr'>magis</span> <span class='ocrx_word' id='word_1_173' title='bbox 2510 780 2951 850; x_wconf 85' lang='lat' dir='ltr'>pertinet,quam</span> <span class='ocrx_word' id='word_1_174' title='bbox 2973 779 3042 832; x_wconf 90' lang='lat' dir='ltr'>ad</span> <span class='ocrx_word' id='word_1_175' title='bbox 3067 778 3486 845; x_wconf 87' lang='lat' dir='ltr'>Christum,nisi</span> 
     </span>
    </p>
   </div>
   <div class='ocr_carea' id='block_1_23' title="bbox 1890 867 3485 938">
    <p class='ocr_par' dir='ltr' id='par_1_23' title="bbox 1890 867 3485 938">
     <span class='ocr_line' id='line_1_23' title="bbox 1890 867 3485 938; baseline -0.003 -15"><span class='ocrx_word' id='word_1_176' title='bbox 1890 870 2033 925; x_wconf 79' lang='lat' dir='ltr'>forte</span> <span class='ocrx_word' id='word_1_177' title='bbox 2055 869 2178 938; x_wconf 88' lang='lat' dir='ltr'>quis</span> <span class='ocrx_word' id='word_1_178' title='bbox 2200 869 2349 921; x_wconf 84' lang='lat' dir='ltr'>dicat</span> <span class='ocrx_word' id='word_1_179' title='bbox 2377 885 2552 921; x_wconf 89' lang='lat' dir='ltr'>unum</span> <span class='ocrx_word' id='word_1_180' title='bbox 2592 886 2711 921; x_wconf 87' lang='lat' dir='ltr'>esse</span> <span class='ocrx_word' id='word_1_181' title='bbox 2743 884 2943 938; x_wconf 88' lang='lat' dir='ltr'>corpus</span> <span class='ocrx_word' id='word_1_182' title='bbox 2975 867 3181 920; x_wconf 86' lang='lat' dir='ltr'>Christi</span> <span class='ocrx_word' id='word_1_183' title='bbox 3212 872 3269 919; x_wconf 89' lang='lat' dir='ltr'>et</span> <span class='ocrx_word' id='word_1_184' title='bbox 3298 867 3485 921; x_wconf 88' lang='lat' dir='ltr'>Eccle-</span> 
     </span>
    </p>
   </div>
   <div class='ocr_carea' id='block_1_24' title="bbox 1891 956 3486 1027">
    <p class='ocr_par' dir='ltr' id='par_1_24' title="bbox 1891 956 3486 1027">
     <span class='ocr_line' id='line_1_24' title="bbox 1891 956 3486 1027; baseline -0.002 -16"><span class='ocrx_word' id='word_1_185' title='bbox 1891 958 2005 1023; x_wconf 81' lang='lat' dir='ltr'>siae,</span> <span class='ocrx_word' id='word_1_186' title='bbox 2022 966 2078 1010; x_wconf 86' lang='lat' dir='ltr'>et</span> <span class='ocrx_word' id='word_1_187' title='bbox 2098 958 2231 1011; x_wconf 90' lang='lat' dir='ltr'>dum</span> <span class='ocrx_word' id='word_1_188' title='bbox 2256 958 2417 1010; x_wconf 73' lang='lat' dir='ltr'>olfert</span> <span class='ocrx_word' id='word_1_189' title='bbox 2444 974 2544 1026; x_wconf 89' lang='lat' dir='ltr'>pro</span> <span class='ocrx_word' id='word_1_190' title='bbox 2576 957 2837 1021; x_wconf 81' lang='lat' dir='ltr'>Ecclesia,</span> <span class='ocrx_word' id='word_1_191' title='bbox 2853 973 2953 1027; x_wconf 88' lang='lat' dir='ltr'>pro</span> <span class='ocrx_word' id='word_1_192' title='bbox 2973 956 3087 1009; x_wconf 87' lang='lat' dir='ltr'>suis</span> <span class='ocrx_word' id='word_1_193' title='bbox 3108 956 3277 1009; x_wconf 87' lang='lat' dir='ltr'>etiam</span> <span class='ocrx_word' id='word_1_194' title='bbox 3307 973 3486 1009; x_wconf 92' lang='lat' dir='ltr'>mem-</span> 
     </span>
    </p>
   </div>
   <div class='ocr_carea' id='block_1_25' title="bbox 1892 1044 3486 1115">
    <p class='ocr_par' dir='ltr' id='par_1_25' title="bbox 1892 1044 3486 1115">
     <span class='ocr_line' id='line_1_25' title="bbox 1892 1044 3486 1115; baseline -0.002 -15"><span class='ocrx_word' id='word_1_195' title='bbox 1892 1046 2005 1101; x_wconf 88' lang='lat' dir='ltr'>bris</span> <span class='ocrx_word' id='word_1_196' title='bbox 2032 1046 2229 1101; x_wconf 72' lang='lat' dir='ltr'>olferat</span> <span class='ocrx_word' id='word_1_197' title='bbox 2262 1064 2273 1097; x_wconf 88' lang='lat'><strong>:</strong></span> <span class='ocrx_word' id='word_1_198' title='bbox 2324 1047 2420 1099; x_wconf 89' lang='lat' dir='ltr'>sed</span> <span class='ocrx_word' id='word_1_199' title='bbox 2450 1047 2565 1100; x_wconf 79' lang='lat' dir='ltr'>haec</span> <span class='ocrx_word' id='word_1_200' title='bbox 2599 1046 2842 1099; x_wconf 86' lang='lat' dir='ltr'>violenta</span> <span class='ocrx_word' id='word_1_201' title='bbox 2889 1044 3280 1115; x_wconf 83' lang='lat' dir='ltr'>interpretatio</span> <span class='ocrx_word' id='word_1_202' title='bbox 3312 1045 3486 1099; x_wconf 86' lang='lat' dir='ltr'>videri</span> 
     </span>
    </p>
   </div>
   <div class='ocr_carea' id='block_1_26' title="bbox 1892 1134 3485 1206">
    <p class='ocr_par' dir='ltr' id='par_1_26' title="bbox 1892 1134 3485 1206">
     <span class='ocr_line' id='line_1_26' title="bbox 1892 1134 3485 1206; baseline -0.001 -17"><span class='ocrx_word' id='word_1_203' title='bbox 1892 1142 2091 1206; x_wconf 81' lang='lat' dir='ltr'>potest.</span> <span class='ocrx_word' id='word_1_204' title='bbox 2124 1135 2335 1189; x_wconf 86' lang='lat' dir='ltr'>Deinde</span> <span class='ocrx_word' id='word_1_205' title='bbox 2366 1135 2652 1205; x_wconf 84' lang='lat' dir='ltr'>disputare</span> <span class='ocrx_word' id='word_1_206' title='bbox 2687 1135 3031 1203; x_wconf 83' lang='lat' dir='ltr'>aggreditur,</span> <span class='ocrx_word' id='word_1_207' title='bbox 3058 1134 3336 1204; x_wconf 89' lang='lat' dir='ltr'>quomodo</span> <span class='ocrx_word' id='word_1_208' title='bbox 3361 1134 3485 1204; x_wconf 86' lang='lat' dir='ltr'>quis</span> 
     </span>
    </p>
   </div>
   <div class='ocr_carea' id='block_1_27' title="bbox 1890 1223 3486 1293">
    <p class='ocr_par' dir='ltr' id='par_1_27' title="bbox 1890 1223 3486 1293">
     <span class='ocr_line' id='line_1_27' title="bbox 1890 1223 3486 1293; baseline -0.001 -13"><span class='ocrx_word' id='word_1_209' title='bbox 1890 1226 1956 1280; x_wconf 87' lang='lat' dir='ltr'>ad</span> <span class='ocrx_word' id='word_1_210' title='bbox 1977 1225 2351 1278; x_wconf 82' lang='lat' dir='ltr'>sacerdotium</span> <span class='ocrx_word' id='word_1_211' title='bbox 2375 1224 2637 1277; x_wconf 83' lang='lat' dir='ltr'>accedere</span> <span class='ocrx_word' id='word_1_212' title='bbox 2651 1224 2947 1285; x_wconf 70' lang='lat' dir='ltr'>debeatme</span> <span class='ocrx_word' id='word_1_213' title='bbox 2964 1223 3486 1293; x_wconf 85' lang='lat' dir='ltr'>quisquam,ait,su-</span> 
     </span>
    </p>
   </div>
   <div class='ocr_carea' id='block_1_28' title="bbox 1889 1313 3480 1382">
    <p class='ocr_par' dir='ltr' id='par_1_28' title="bbox 1889 1313 3480 1382">
     <span class='ocr_line' id='line_1_28' title="bbox 1889 1313 3480 1382; baseline -0.002 -14"><span class='ocrx_word' id='word_1_214' title='bbox 1889 1320 2009 1369; x_wconf 88' lang='lat' dir='ltr'>mat</span> <span class='ocrx_word' id='word_1_215' title='bbox 2036 1314 2139 1367; x_wconf 87' lang='lat' dir='ltr'>sibi</span> <span class='ocrx_word' id='word_1_216' title='bbox 2172 1315 2460 1373; x_wconf 86' lang='lat' dir='ltr'>honorem,</span> <span class='ocrx_word' id='word_1_217' title='bbox 2480 1314 2575 1366; x_wconf 87' lang='lat' dir='ltr'>sed</span> <span class='ocrx_word' id='word_1_218' title='bbox 2609 1313 2701 1381; x_wconf 87' lang='lat' dir='ltr'>qui</span> <span class='ocrx_word' id='word_1_219' title='bbox 2736 1318 2965 1367; x_wconf 85' lang='lat' dir='ltr'>vocatur</span> <span class='ocrx_word' id='word_1_220' title='bbox 2986 1328 3020 1364; x_wconf 87' lang='lat' dir='ltr'>a</span> <span class='ocrx_word' id='word_1_221' title='bbox 3044 1313 3177 1375; x_wconf 89' lang='lat' dir='ltr'>Deo,</span> <span class='ocrx_word' id='word_1_222' title='bbox 3210 1318 3480 1382; x_wconf 82' lang='lat' dir='ltr'>tanquam</span> 
     </span>
    </p>
   </div>
   <div class='ocr_carea' id='block_1_29' title="bbox 1890 1400 3483 1471">
    <p class='ocr_par' dir='ltr' id='par_1_29' title="bbox 1890 1400 3483 1471">
     <span class='ocr_line' id='line_1_29' title="bbox 1890 1400 3483 1471; baseline -0.002 -13"><span class='ocrx_word' id='word_1_223' title='bbox 1890 1406 2095 1457; x_wconf 78' lang='lat' dir='ltr'>Aaron.</span> <span class='ocrx_word' id='word_1_224' title='bbox 2130 1403 2233 1456; x_wconf 88' lang='lat' dir='ltr'>Hic</span> <span class='ocrx_word' id='word_1_225' title='bbox 2275 1403 2443 1456; x_wconf 85' lang='lat' dir='ltr'>etiam</span> <span class='ocrx_word' id='word_1_226' title='bbox 2490 1402 2732 1471; x_wconf 85' lang='lat' dir='ltr'>percutit</span> <span class='ocrx_word' id='word_1_227' title='bbox 2770 1402 3087 1454; x_wconf 79' lang='lat' dir='ltr'>sacerdotes</span> <span class='ocrx_word' id='word_1_228' title='bbox 3130 1400 3357 1454; x_wconf 86' lang='lat' dir='ltr'>honoris</span> <span class='ocrx_word' id='word_1_229' title='bbox 3386 1417 3483 1455; x_wconf 87' lang='lat' dir='ltr'>cu-</span> 
     </span>
    </p>
   </div>
   <div class='ocr_carea' id='block_1_30' title="bbox 1890 1490 3478 1562">
    <p class='ocr_par' dir='ltr' id='par_1_30' title="bbox 1890 1490 3478 1562">
     <span class='ocr_line' id='line_1_30' title="bbox 1890 1490 3478 1562; baseline -0.001 -17"><span class='ocrx_word' id='word_1_230' title='bbox 1890 1492 2066 1562; x_wconf 88' lang='lat' dir='ltr'>pidos,</span> <span class='ocrx_word' id='word_1_231' title='bbox 2101 1498 2157 1545; x_wconf 88' lang='lat' dir='ltr'>et</span> <span class='ocrx_word' id='word_1_232' title='bbox 2186 1490 2482 1545; x_wconf 84' lang='lat' dir='ltr'>sacerdotii</span> <span class='ocrx_word' id='word_1_233' title='bbox 2507 1490 2733 1556; x_wconf 80' lang='lat' dir='ltr'>avidos;</span> <span class='ocrx_word' id='word_1_234' title='bbox 2772 1507 2880 1542; x_wconf 88' lang='lat' dir='ltr'>non</span> <span class='ocrx_word' id='word_1_235' title='bbox 2917 1507 3015 1559; x_wconf 88' lang='lat' dir='ltr'>pro</span> <span class='ocrx_word' id='word_1_236' title='bbox 3058 1490 3236 1543; x_wconf 81' lang='lat' dir='ltr'>salute</span> <span class='ocrx_word' id='word_1_237' title='bbox 3269 1490 3478 1560; x_wconf 87' lang='lat' dir='ltr'>populi,</span> 
     </span>
    </p>
   </div>
   <div class='ocr_carea' id='block_1_31' title="bbox 1884 1578 3482 1651">
    <p class='ocr_par' dir='ltr' id='par_1_31' title="bbox 1884 1578 3482 1651">
     <span class='ocr_line' id='line_1_31' title="bbox 1884 1578 3482 1651; baseline -0.001 -15"><span class='ocrx_word' id='word_1_238' title='bbox 1884 1582 1983 1637; x_wconf 89' lang='lat' dir='ltr'>sed</span> <span class='ocrx_word' id='word_1_239' title='bbox 2016 1598 2115 1651; x_wconf 87' lang='lat' dir='ltr'>pro</span> <span class='ocrx_word' id='word_1_240' title='bbox 2144 1580 2447 1634; x_wconf 87' lang='lat' dir='ltr'>ambitione</span> <span class='ocrx_word' id='word_1_241' title='bbox 2478 1578 2683 1634; x_wconf 78' lang='lat' dir='ltr'>szeculi.</span> <span class='ocrx_word' id='word_1_242' title='bbox 2708 1580 2884 1647; x_wconf 86' lang='lat' dir='ltr'>Igitur</span> <span class='ocrx_word' id='word_1_243' title='bbox 2916 1582 3101 1633; x_wconf 74' lang='lat' dir='ltr'>Aaron</span> <span class='ocrx_word' id='word_1_244' title='bbox 3134 1586 3360 1632; x_wconf 81' lang='lat' dir='ltr'>vocatus</span> <span class='ocrx_word' id='word_1_245' title='bbox 3395 1586 3482 1634; x_wconf 86' lang='lat' dir='ltr'>est</span> 
     </span>
    </p>
   </div>
   <div class='ocr_carea' id='block_1_32' title="bbox 1887 1669 3483 1737">
    <p class='ocr_par' dir='ltr' id='par_1_32' title="bbox 1887 1669 3483 1737">
     <span class='ocr_line' id='line_1_32' title="bbox 1887 1669 3483 1737; baseline -0.001 -12"><span class='ocrx_word' id='word_1_246' title='bbox 1887 1688 1923 1725; x_wconf 83' lang='lat' dir='ltr'>a</span> <span class='ocrx_word' id='word_1_247' title='bbox 1946 1672 2082 1733; x_wconf 87' lang='lat' dir='ltr'>Deo,</span> <span class='ocrx_word' id='word_1_248' title='bbox 2105 1671 2267 1737; x_wconf 77' lang='lat' dir='ltr'>signo</span> <span class='ocrx_word' id='word_1_249' title='bbox 2298 1669 2551 1722; x_wconf 84' lang='lat' dir='ltr'>ﬂorentis</span> <span class='ocrx_word' id='word_1_250' title='bbox 2582 1669 2749 1737; x_wconf 71' lang='lat' dir='ltr'>virgae</span> <span class='ocrx_word' id='word_1_251' title='bbox 2778 1670 3195 1722; x_wconf 84' lang='lat' dir='ltr'>demonstratus</span> <span class='ocrx_word' id='word_1_252' title='bbox 3209 1674 3294 1721; x_wconf 90' lang='lat' dir='ltr'>est</span> <span class='ocrx_word' id='word_1_253' title='bbox 3306 1686 3483 1723; x_wconf 86' lang='lat' dir='ltr'>sacer-</span> 
     </span>
    </p>
   </div>
   <div class='ocr_carea' id='block_1_33' title="bbox 235 1757 3479 1832">
    <p class='ocr_par' dir='ltr' id='par_1_33' title="bbox 235 1757 3479 1832">
     <span class='ocr_line' id='line_1_33' title="bbox 235 1757 3479 1832; baseline 0.001 -25"><span class='ocrx_word' id='word_1_254' title='bbox 235 1771 336 1825; x_wconf 68' lang='lat' dir='ltr'>que:</span> <span class='ocrx_word' id='word_1_255' title='bbox 360 1758 757 1812; x_wconf 88' lang='lat' dir='ltr'>monachorum</span> <span class='ocrx_word' id='word_1_256' title='bbox 790 1766 939 1823; x_wconf 89' lang='lat' dir='ltr'>sunt,</span> <span class='ocrx_word' id='word_1_257' title='bbox 994 1760 1248 1829; x_wconf 86' lang='lat' dir='ltr'>implere,</span> <span class='ocrx_word' id='word_1_258' title='bbox 1294 1760 1485 1814; x_wconf 82' lang='lat' dir='ltr'>omnia</span> <span class='ocrx_word' id='word_1_259' title='bbox 1512 1762 1863 1832; x_wconf 86' lang='lat' dir='ltr'>perieruntB</span> <span class='ocrx_word' id='word_1_260' title='bbox 1881 1761 2070 1816; x_wconf 88' lang='lat' dir='ltr'>dotem</span> <span class='ocrx_word' id='word_1_261' title='bbox 2099 1778 2134 1812; x_wconf 85' lang='lat' dir='ltr'>a</span> <span class='ocrx_word' id='word_1_262' title='bbox 2154 1760 2267 1813; x_wconf 91' lang='lat' dir='ltr'>Deo</span> <span class='ocrx_word' id='word_1_263' title='bbox 2290 1776 2409 1812; x_wconf 86' lang='lat' dir='ltr'>esse</span> <span class='ocrx_word' id='word_1_264' title='bbox 2441 1759 2700 1825; x_wconf 83' lang='lat' dir='ltr'>electum,</span> <span class='ocrx_word' id='word_1_265' title='bbox 2719 1758 2889 1811; x_wconf 87' lang='lat' dir='ltr'>etiam</span> <span class='ocrx_word' id='word_1_266' title='bbox 2914 1763 2971 1810; x_wconf 88' lang='lat' dir='ltr'>et</span> <span class='ocrx_word' id='word_1_267' title='bbox 2997 1757 3256 1811; x_wconf 89' lang='lat' dir='ltr'>incendio</span> <span class='ocrx_word' id='word_1_268' title='bbox 3288 1774 3479 1813; x_wconf 90' lang='lat' dir='ltr'>eorum</span> 
     </span>
    </p>
   </div>
   <div class='ocr_carea' id='block_1_34' title="bbox 235 1849 1799 1922">
    <p class='ocr_par' dir='ltr' id='par_1_34' title="bbox 235 1849 1799 1922">
     <span class='ocr_line' id='line_1_34' title="bbox 235 1849 1799 1922; baseline 0.008 -26"><span class='ocrx_word' id='word_1_269' title='bbox 235 1850 278 1896; x_wconf 82' lang='lat' dir='ltr'>et</span> <span class='ocrx_word' id='word_1_270' title='bbox 302 1854 543 1917; x_wconf 82' lang='lat' dir='ltr'>corrupta</span> <span class='ocrx_word' id='word_1_271' title='bbox 570 1854 728 1913; x_wconf 89' lang='lat' dir='ltr'>sunt,</span> <span class='ocrx_word' id='word_1_272' title='bbox 755 1854 811 1903; x_wconf 83' lang='lat' dir='ltr'>et</span> <span class='ocrx_word' id='word_1_273' title='bbox 845 1849 904 1904; x_wconf 91' lang='lat' dir='ltr'>in</span> <span class='ocrx_word' id='word_1_274' title='bbox 946 1856 1249 1919; x_wconf 84' lang='lat' dir='ltr'>angustum</span> <span class='ocrx_word' id='word_1_275' title='bbox 1281 1850 1554 1904; x_wconf 89' lang='lat' dir='ltr'>conclusit</span> <span class='ocrx_word' id='word_1_276' title='bbox 1582 1868 1649 1904; x_wconf 88' lang='lat' dir='ltr'>ea</span> <span class='ocrx_word' id='word_1_277' title='bbox 1679 1869 1799 1922; x_wconf 76' lang='lat' dir='ltr'>quae</span> 
     </span>
    </p>
   </div>
   <div class='ocr_carea' id='block_1_35' title="bbox 233 1932 1795 2010">
    <p class='ocr_par' dir='ltr' id='par_1_35' title="bbox 233 1932 1795 2010">
     <span class='ocr_line' id='line_1_35' title="bbox 233 1932 1795 2010; baseline 0.007 -26"><span class='ocrx_word' id='word_1_278' title='bbox 233 1932 422 1987; x_wconf 81' lang='lat' dir='ltr'>virtutis</span> <span class='ocrx_word' id='word_1_279' title='bbox 446 1940 581 1991; x_wconf 88' lang='lat' dir='ltr'>sunt</span> <span class='ocrx_word' id='word_1_280' title='bbox 608 1955 621 2001; x_wconf 89' lang='lat'><strong>;</strong></span> <span class='ocrx_word' id='word_1_281' title='bbox 655 1942 713 1990; x_wconf 89' lang='lat' dir='ltr'>et</span> <span class='ocrx_word' id='word_1_282' title='bbox 731 1939 1008 2007; x_wconf 91' lang='lat' dir='ltr'>quomodo</span> <span class='ocrx_word' id='word_1_283' title='bbox 1038 1937 1394 1993; x_wconf 81' lang='lat' dir='ltr'>honorabiles</span> <span class='ocrx_word' id='word_1_284' title='bbox 1417 1946 1547 1993; x_wconf 89' lang='lat' dir='ltr'>sunt</span> <span class='ocrx_word' id='word_1_285' title='bbox 1566 1942 1795 2010; x_wconf 64' lang='lat' dir='ltr'>nuptiae,</span> 
     </span>
    </p>
   </div>
   <div class='ocr_carea' id='block_1_36' title="bbox 230 2026 1081 2095">
    <p class='ocr_par' dir='ltr' id='par_1_36' title="bbox 230 2026 1081 2095">
     <span class='ocr_line' id='line_1_36' title="bbox 230 2026 1081 2095; baseline -0.001 -16"><span class='ocrx_word' id='word_1_286' title='bbox 230 2038 333 2091; x_wconf 67' lang='lat' dir='ltr'>quae</span> <span class='ocrx_word' id='word_1_287' title='bbox 360 2040 451 2081; x_wconf 82' lang='lat' dir='ltr'>uas</span> <span class='ocrx_word' id='word_1_288' title='bbox 478 2030 709 2079; x_wconf 87' lang='lat' dir='ltr'>tantum</span> <span class='ocrx_word' id='word_1_289' title='bbox 730 2026 1081 2095; x_wconf 85' lang='lat' dir='ltr'>impediunt?</span> 
     </span>
    </p>
   </div>
   <div class='ocr_carea' id='block_1_37' title="bbox 837 2133 1193 2188">
    <p class='ocr_par' dir='ltr' id='par_1_37' title="bbox 837 2133 1193 2188">
     <span class='ocr_line' id='line_1_37' title="bbox 837 2133 1193 2188; baseline -0.006 -2"><span class='ocrx_word' id='word_1_290' title='bbox 837 2133 1072 2188; x_wconf 85' lang='lat' dir='ltr'>CAPUT</span> <span class='ocrx_word' id='word_1_291' title='bbox 1128 2134 1193 2185; x_wconf 65' lang='grc' dir='ltr'>ν.</span> 
     </span>
    </p>
   </div>
   <div class='ocr_carea' id='block_1_38' title="bbox 230 2218 1798 2291">
    <p class='ocr_par' dir='ltr' id='par_1_38' title="bbox 230 2218 1798 2291">
     <span class='ocr_line' id='line_1_38' title="bbox 230 2218 1798 2291; baseline 0.006 -20"><span class='ocrx_word' id='word_1_292' title='bbox 230 2218 450 2291; x_wconf 71' lang='lat' dir='ltr'>Dederat</span> <span class='ocrx_word' id='word_1_293' title='bbox 463 2221 755 2286; x_wconf 72' lang='lat' dir='ltr'>Apostolus</span> <span class='ocrx_word' id='word_1_294' title='bbox 774 2223 911 2289; x_wconf 70' lang='lat' dir='ltr'>quid</span> <span class='ocrx_word' id='word_1_295' title='bbox 930 2225 993 2275; x_wconf 67' lang='lat' dir='ltr'>in</span> <span class='ocrx_word' id='word_1_296' title='bbox 1010 2226 1264 2289; x_wconf 75' lang='lat' dir='ltr'>ponti/ioc</span> <span class='ocrx_word' id='word_1_297' title='bbox 1286 2227 1707 2291; x_wconf 74' lang='lat' dir='ltr'>requiratur,th</span> <span class='ocrx_word' id='word_1_298' title='bbox 1736 2243 1798 2280; x_wconf 82' lang='lat' dir='ltr'>ea</span> 
     </span>
    </p>
   </div>
   <div class='ocr_carea' id='block_1_39' title="bbox 284 2290 1798 2355">
    <p class='ocr_par' dir='ltr' id='par_1_39' title="bbox 284 2290 1798 2355">
     <span class='ocr_line' id='line_1_39' title="bbox 284 2290 1798 2355; baseline 0.006 -12"><span class='ocrx_word' id='word_1_299' title='bbox 284 2290 479 2343; x_wconf 70' lang='lat' dir='ltr'>Christo</span> <span class='ocrx_word' id='word_1_300' title='bbox 542 2295 854 2355; x_wconf 69' lang='lat' dir='ltr'>convenire,</span> <span class='ocrx_word' id='word_1_301' title='bbox 918 2295 1262 2349; x_wconf 69' lang='lat' dir='ltr'>insinuando</span> <span class='ocrx_word' id='word_1_302' title='bbox 1327 2297 1687 2351; x_wconf 77' lang='lat' dir='ltr'>dicendorum</span> <span class='ocrx_word' id='word_1_303' title='bbox 1736 2300 1798 2352; x_wconf 83' lang='lat' dir='ltr'>dc</span> 
     </span>
    </p>
   </div>
   <div class='ocr_carea' id='block_1_40' title="bbox 286 2360 913 2430">
    <p class='ocr_par' dir='ltr' id='par_1_40' title="bbox 286 2360 913 2430">
     <span class='ocr_line' id='line_1_40' title="bbox 286 2360 913 2430; baseline 0.006 -19"><span class='ocrx_word' id='word_1_304' title='bbox 286 2360 478 2415; x_wconf 73' lang='lat' dir='ltr'>(‘hristo</span> <span class='ocrx_word' id='word_1_305' title='bbox 499 2364 724 2430; x_wconf 70' lang='lat' dir='ltr'>dif/icui</span> <span class='ocrx_word' id='word_1_306' title='bbox 731 2368 913 2417; x_wconf 80' lang='lat' dir='ltr'>talem.</span> 
     </span>
    </p>
   </div>
   <div class='ocr_carea' id='block_1_41' title="bbox 1881 1846 3481 1920">
    <p class='ocr_par' dir='ltr' id='par_1_41' title="bbox 1881 1846 3481 1920">
     <span class='ocr_line' id='line_1_41' title="bbox 1881 1846 3481 1920; baseline -0.002 -17"><span class='ocrx_word' id='word_1_307' title='bbox 1881 1850 1979 1920; x_wconf 90' lang='lat' dir='ltr'>qui</span> <span class='ocrx_word' id='word_1_308' title='bbox 2027 1849 2148 1916; x_wconf 85' lang='lat' dir='ltr'>ejus</span> <span class='ocrx_word' id='word_1_309' title='bbox 2186 1847 2537 1917; x_wconf 80' lang='lat' dir='ltr'>pontiﬁcatui</span> <span class='ocrx_word' id='word_1_310' title='bbox 2587 1846 2834 1899; x_wconf 79' lang='lat' dir='ltr'>invidere</span> <span class='ocrx_word' id='word_1_311' title='bbox 2874 1848 3189 1900; x_wconf 86' lang='lat' dir='ltr'>voluerunt.</span> <span class='ocrx_word' id='word_1_312' title='bbox 3227 1868 3250 1896; x_wconf 89' lang='lat'>«</span> <span class='ocrx_word' id='word_1_313' title='bbox 3306 1846 3395 1900; x_wconf 88' lang='lat' dir='ltr'>Sic</span> <span class='ocrx_word' id='word_1_314' title='bbox 3425 1854 3481 1900; x_wconf 91' lang='lat' dir='ltr'>et</span> 
     </span>
    </p>
   </div>
   <div class='ocr_carea' id='block_1_42' title="bbox 1886 1935 3479 2005">
    <p class='ocr_par' dir='ltr' id='par_1_42' title="bbox 1886 1935 3479 2005">
     <span class='ocr_line' id='line_1_42' title="bbox 1886 1935 3479 2005; baseline 0.001 -17"><span class='ocrx_word' id='word_1_315' title='bbox 1886 1958 1911 1989; x_wconf 87' lang='lat'><strong>«</strong></span> <span class='ocrx_word' id='word_1_316' title='bbox 1943 1937 2201 1992; x_wconf 86' lang='lat' dir='ltr'>Christus</span> <span class='ocrx_word' id='word_1_317' title='bbox 2220 1954 2330 1990; x_wconf 90' lang='lat' dir='ltr'>non</span> <span class='ocrx_word' id='word_1_318' title='bbox 2362 1936 2725 2005; x_wconf 86' lang='lat' dir='ltr'>semetipsum</span> <span class='ocrx_word' id='word_1_319' title='bbox 2757 1935 3102 2000; x_wconf 85' lang='lat' dir='ltr'>clariﬁcabit,</span> <span class='ocrx_word' id='word_1_320' title='bbox 3140 1940 3204 1989; x_wconf 91' lang='lat' dir='ltr'>ut</span> <span class='ocrx_word' id='word_1_321' title='bbox 3233 1936 3479 2004; x_wconf 76' lang='lat' dir='ltr'>pontifex</span> 
     </span>
    </p>
   </div>
   <div class='ocr_carea' id='block_1_43' title="bbox 1887 2024 3480 2095">
    <p class='ocr_par' dir='ltr' id='par_1_43' title="bbox 1887 2024 3480 2095">
     <span class='ocr_line' id='line_1_43' title="bbox 1887 2024 3480 2095; baseline -0.002 -15"><span class='ocrx_word' id='word_1_322' title='bbox 1887 2046 1914 2081; x_wconf 75' lang='grc' dir='ltr'>(ι</span> <span class='ocrx_word' id='word_1_323' title='bbox 1946 2028 2109 2080; x_wconf 88' lang='lat' dir='ltr'>ﬁeret</span> <span class='ocrx_word' id='word_1_324' title='bbox 2142 2044 2151 2076; x_wconf 92' lang='lat'><strong>:</strong></span> <span class='ocrx_word' id='word_1_325' title='bbox 2178 2026 2273 2079; x_wconf 90' lang='lat' dir='ltr'>sed</span> <span class='ocrx_word' id='word_1_326' title='bbox 2306 2025 2401 2095; x_wconf 91' lang='lat' dir='ltr'>qui</span> <span class='ocrx_word' id='word_1_327' title='bbox 2430 2026 2648 2078; x_wconf 84' lang='lat' dir='ltr'>locutus</span> <span class='ocrx_word' id='word_1_328' title='bbox 2670 2032 2755 2078; x_wconf 87' lang='lat' dir='ltr'>est</span> <span class='ocrx_word' id='word_1_329' title='bbox 2781 2024 2849 2077; x_wconf 86' lang='lat' dir='ltr'>ad</span> <span class='ocrx_word' id='word_1_330' title='bbox 2882 2024 3212 2091; x_wconf 86' lang='lat' dir='ltr'>eum,Filius</span> <span class='ocrx_word' id='word_1_331' title='bbox 3241 2041 3398 2079; x_wconf 86' lang='lat' dir='ltr'>meus</span> <span class='ocrx_word' id='word_1_332' title='bbox 3419 2042 3480 2079; x_wconf 92' lang='lat' dir='ltr'>es</span> 
     </span>
    </p>
   </div>
   <div class='ocr_carea' id='block_1_44' title="bbox 1892 2113 3475 2185">
    <p class='ocr_par' dir='ltr' id='par_1_44' title="bbox 1892 2113 3475 2185">
     <span class='ocr_line' id='line_1_44' title="bbox 1892 2113 3475 2185; baseline -0.001 -18"><span class='ocrx_word' id='word_1_333' title='bbox 1892 2138 1916 2167; x_wconf 79' lang='grc' dir='ltr'><strong>α</strong></span> <span class='ocrx_word' id='word_1_334' title='bbox 1948 2121 2027 2180; x_wconf 92' lang='lat' dir='ltr'>tu,</span> <span class='ocrx_word' id='word_1_335' title='bbox 2065 2133 2167 2185; x_wconf 87' lang='lat' dir='ltr'>ego</span> <span class='ocrx_word' id='word_1_336' title='bbox 2198 2114 2362 2169; x_wconf 86' lang='lat' dir='ltr'>hodie</span> <span class='ocrx_word' id='word_1_337' title='bbox 2389 2114 2557 2183; x_wconf 83' lang='lat' dir='ltr'>genui</span> <span class='ocrx_word' id='word_1_338' title='bbox 2587 2121 2661 2166; x_wconf 90' lang='lat' dir='ltr'>te.</span> <span class='ocrx_word' id='word_1_339' title='bbox 2684 2134 2705 2165; x_wconf 70' lang='grc' dir='ltr'>ι)</span> <span class='ocrx_word' id='word_1_340' title='bbox 2729 2114 2845 2167; x_wconf 88' lang='lat' dir='ltr'>Hoc</span> <span class='ocrx_word' id='word_1_341' title='bbox 2864 2119 2949 2167; x_wconf 88' lang='lat' dir='ltr'>est</span> <span class='ocrx_word' id='word_1_342' title='bbox 2969 2113 3113 2183; x_wconf 90' lang='lat' dir='ltr'>quod</span> <span class='ocrx_word' id='word_1_343' title='bbox 3146 2113 3201 2164; x_wconf 86' lang='lat' dir='ltr'>in</span> <span class='ocrx_word' id='word_1_344' title='bbox 3236 2115 3475 2183; x_wconf 84' lang='lat' dir='ltr'>Evange-</span> 
     </span>
    </p>
   </div>
   <div class='ocr_carea' id='block_1_45' title="bbox 1879 2202 3476 2276">
    <p class='ocr_par' dir='ltr' id='par_1_45' title="bbox 1879 2202 3476 2276">
     <span class='ocr_line' id='line_1_45' title="bbox 1879 2202 3476 2276; baseline -0.003 -17"><span class='ocrx_word' id='word_1_345' title='bbox 1879 2205 1955 2263; x_wconf 85' lang='lat' dir='ltr'>lio</span> <span class='ocrx_word' id='word_1_346' title='bbox 1985 2205 2105 2276; x_wconf 89' lang='lat' dir='ltr'>ipse</span> <span class='ocrx_word' id='word_1_347' title='bbox 2136 2204 2216 2258; x_wconf 90' lang='lat' dir='ltr'>ait</span> <span class='ocrx_word' id='word_1_348' title='bbox 2248 2223 2258 2255; x_wconf 86' lang='lat'><strong>:</strong></span> <span class='ocrx_word' id='word_1_349' title='bbox 2300 2224 2324 2254; x_wconf 54' lang='grc' dir='ltr'>ς(</span> <span class='ocrx_word' id='word_1_350' title='bbox 2350 2205 2472 2258; x_wconf 79' lang='lat' dir='ltr'>Non</span> <span class='ocrx_word' id='word_1_351' title='bbox 2505 2202 2654 2256; x_wconf 90' lang='lat' dir='ltr'>enim</span> <span class='ocrx_word' id='word_1_352' title='bbox 2684 2220 2717 2254; x_wconf 89' lang='lat' dir='ltr'>a</span> <span class='ocrx_word' id='word_1_353' title='bbox 2746 2202 2957 2272; x_wconf 90' lang='lat' dir='ltr'>meipso</span> <span class='ocrx_word' id='word_1_354' title='bbox 2974 2202 3231 2263; x_wconf 83' lang='lat' dir='ltr'>veni,sed</span> <span class='ocrx_word' id='word_1_355' title='bbox 3262 2202 3355 2254; x_wconf 92' lang='lat' dir='ltr'>ille</span> <span class='ocrx_word' id='word_1_356' title='bbox 3386 2219 3476 2255; x_wconf 84' lang='lat' dir='ltr'>me</span> 
     </span>
    </p>
   </div>
   <div class='ocr_carea' id='block_1_46' title="bbox 1887 2290 3475 2361">
    <p class='ocr_par' dir='ltr' id='par_1_46' title="bbox 1887 2290 3475 2361">
     <span class='ocr_line' id='line_1_46' title="bbox 1887 2290 3475 2361; baseline 0.001 -18"><span class='ocrx_word' id='word_1_357' title='bbox 1887 2317 1904 2343; x_wconf 76' lang='grc' dir='ltr'><em>υ</em></span> <span class='ocrx_word' id='word_1_358' title='bbox 1944 2294 2101 2348; x_wconf 89' lang='lat' dir='ltr'>misit</span> <span class='ocrx_word' id='word_1_359' title='bbox 2133 2296 2311 2361; x_wconf 82' lang='lat' dir='ltr'>(.loan.</span> <span class='ocrx_word' id='word_1_360' title='bbox 2348 2298 2457 2361; x_wconf 84' lang='lat' dir='ltr'>vn).</span> <span class='ocrx_word' id='word_1_361' title='bbox 2500 2314 2521 2341; x_wconf 72' lang='grc' dir='ltr'><strong><em>υ</em></strong></span> <span class='ocrx_word' id='word_1_362' title='bbox 2551 2292 2619 2346; x_wconf 88' lang='lat' dir='ltr'>Et</span> <span class='ocrx_word' id='word_1_363' title='bbox 2648 2291 2855 2344; x_wconf 90' lang='lat' dir='ltr'>iterum</span> <span class='ocrx_word' id='word_1_364' title='bbox 2899 2309 2908 2342; x_wconf 94' lang='lat'>:</span> <span class='ocrx_word' id='word_1_365' title='bbox 2948 2308 2972 2340; x_wconf 85' lang='grc'>‹(</span> <span class='ocrx_word' id='word_1_366' title='bbox 2999 2290 3055 2344; x_wconf 88' lang='lat' dir='ltr'>Si</span> <span class='ocrx_word' id='word_1_367' title='bbox 3088 2307 3191 2359; x_wconf 91' lang='lat' dir='ltr'>ego</span> <span class='ocrx_word' id='word_1_368' title='bbox 3220 2290 3475 2359; x_wconf 87' lang='lat' dir='ltr'>gloriﬁco</span> 
     </span>
    </p>
   </div>
   <div class='ocr_carea' id='block_1_47' title="bbox 1884 2378 3577 2452">
    <p class='ocr_par' dir='ltr' id='par_1_47' title="bbox 1884 2378 3577 2452">
     <span class='ocr_line' id='line_1_47' title="bbox 1884 2378 3577 2452; baseline -0.002 -18"><span class='ocrx_word' id='word_1_369' title='bbox 1884 2401 1912 2434; x_wconf 72' lang='grc' dir='ltr'><strong>α</strong></span> <span class='ocrx_word' id='word_1_370' title='bbox 1943 2383 2238 2452; x_wconf 81' lang='lat' dir='ltr'>meipsum,</span> <span class='ocrx_word' id='word_1_371' title='bbox 2278 2382 2460 2450; x_wconf 78' lang='lat' dir='ltr'>gloria</span> <span class='ocrx_word' id='word_1_372' title='bbox 2484 2380 2619 2433; x_wconf 89' lang='lat' dir='ltr'>mihi</span> <span class='ocrx_word' id='word_1_373' title='bbox 2652 2379 2791 2435; x_wconf 89' lang='lat' dir='ltr'>nihil</span> <span class='ocrx_word' id='word_1_374' title='bbox 2834 2385 2936 2432; x_wconf 83' lang='lat' dir='ltr'>est.</span> <span class='ocrx_word' id='word_1_375' title='bbox 2971 2380 3068 2432; x_wconf 90' lang='lat' dir='ltr'>Est</span> <span class='ocrx_word' id='word_1_376' title='bbox 3096 2378 3245 2432; x_wconf 90' lang='lat' dir='ltr'>enim</span> <span class='ocrx_word' id='word_1_377' title='bbox 3284 2380 3471 2439; x_wconf 88' lang='lat' dir='ltr'>Pater,</span> <span class='ocrx_word' id='word_1_378' title='bbox 3568 2426 3577 2430; x_wconf 87' lang='lat'>-</span> 
     </span>
    </p>
   </div>
   <div class='ocr_carea' id='block_1_48' title="bbox 286 2468 3474 2546">
    <p class='ocr_par' dir='ltr' id='par_1_48' title="bbox 286 2468 3474 2546">
     <span class='ocr_line' id='line_1_48' title="bbox 286 2468 3474 2546; baseline 0.001 -24"><span class='ocrx_word' id='word_1_379' title='bbox 286 2486 305 2514; x_wconf 71' lang='grc' dir='ltr'>ιε</span> <span class='ocrx_word' id='word_1_380' title='bbox 335 2468 1040 2540; x_wconf 78' lang='lat' dir='ltr'>Omnisnamquepontifex</span> <span class='ocrx_word' id='word_1_381' title='bbox 1065 2488 1129 2524; x_wconf 84' lang='lat' dir='ltr'>ex</span> <span class='ocrx_word' id='word_1_382' title='bbox 1144 2470 1812 2546; x_wconf 70' lang='lat' dir='ltr'>hominibusassumptus</span> <span class='ocrx_word' id='word_1_383' title='bbox 1881 2473 1976 2542; x_wconf 86' lang='lat' dir='ltr'>qui</span> <span class='ocrx_word' id='word_1_384' title='bbox 2002 2471 2281 2540; x_wconf 82' lang='lat' dir='ltr'>gloriﬁcat</span> <span class='ocrx_word' id='word_1_385' title='bbox 2308 2488 2394 2523; x_wconf 87' lang='lat' dir='ltr'>me</span> <span class='ocrx_word' id='word_1_386' title='bbox 2428 2473 2601 2525; x_wconf 67' lang='lat' dir='ltr'>(Joan.</span> <span class='ocrx_word' id='word_1_387' title='bbox 2630 2472 2757 2537; x_wconf 81' lang='lat' dir='ltr'>VIII).</span> <span class='ocrx_word' id='word_1_388' title='bbox 2802 2488 2822 2517; x_wconf 75' lang='grc' dir='ltr'><strong><em>ι</em></strong></span> <span class='ocrx_word' id='word_1_389' title='bbox 2858 2468 3180 2523; x_wconf 80' lang='lat' dir='ltr'>Notandum</span> <span class='ocrx_word' id='word_1_390' title='bbox 3210 2472 3296 2520; x_wconf 88' lang='lat' dir='ltr'>est</span> <span class='ocrx_word' id='word_1_391' title='bbox 3326 2468 3474 2537; x_wconf 88' lang='lat' dir='ltr'>quod</span> 
     </span>
    </p>
   </div>
   <div class='ocr_carea' id='block_1_49' title="bbox 230 2558 1795 2633">
    <p class='ocr_par' dir='ltr' id='par_1_49' title="bbox 230 2558 1795 2633">
     <span class='ocr_line' id='line_1_49' title="bbox 230 2558 1795 2633; baseline 0.008 -25"><span class='ocrx_word' id='word_1_392' title='bbox 230 2578 248 2604; x_wconf 69' lang='grc' dir='ltr'><strong><em>ιε</em></strong></span> <span class='ocrx_word' id='word_1_393' title='bbox 273 2572 363 2625; x_wconf 88' lang='lat' dir='ltr'>pro</span> <span class='ocrx_word' id='word_1_394' title='bbox 394 2558 725 2615; x_wconf 87' lang='lat' dir='ltr'>hominibus</span> <span class='ocrx_word' id='word_1_395' title='bbox 774 2559 1134 2614; x_wconf 87' lang='lat' dir='ltr'>constituitur</span> <span class='ocrx_word' id='word_1_396' title='bbox 1162 2560 1220 2613; x_wconf 91' lang='lat' dir='ltr'>in</span> <span class='ocrx_word' id='word_1_397' title='bbox 1258 2561 1347 2614; x_wconf 87' lang='lat' dir='ltr'>his</span> <span class='ocrx_word' id='word_1_398' title='bbox 1390 2580 1511 2633; x_wconf 79' lang='lat' dir='ltr'>quae</span> <span class='ocrx_word' id='word_1_399' title='bbox 1552 2571 1684 2618; x_wconf 90' lang='lat' dir='ltr'>sunt</span> <span class='ocrx_word' id='word_1_400' title='bbox 1728 2566 1795 2620; x_wconf 84' lang='lat' dir='ltr'>ad</span> 
     </span>
    </p>
   </div>
   <div class='ocr_carea' id='block_1_50' title="bbox 228 2644 1801 2720">
    <p class='ocr_par' dir='ltr' id='par_1_50' title="bbox 228 2644 1801 2720">
     <span class='ocr_line' id='line_1_50' title="bbox 228 2644 1801 2720; baseline 0.006 -22"><span class='ocrx_word' id='word_1_401' title='bbox 228 2663 245 2691; x_wconf 80' lang='grc' dir='ltr'>ι</span> <span class='ocrx_word' id='word_1_402' title='bbox 272 2644 452 2699; x_wconf 89' lang='lat' dir='ltr'>Deum.</span> <span class='ocrx_word' id='word_1_403' title='bbox 489 2649 712 2717; x_wconf 78' lang='lat' dir='ltr'>(Joan.)</span> <span class='ocrx_word' id='word_1_404' title='bbox 750 2668 772 2697; x_wconf 67' lang='grc' dir='ltr'>λι</span> <span class='ocrx_word' id='word_1_405' title='bbox 808 2648 943 2701; x_wconf 81' lang='lat' dir='ltr'>Vult</span> <span class='ocrx_word' id='word_1_406' title='bbox 961 2648 1253 2702; x_wconf 86' lang='lat' dir='ltr'>ostendere</span> <span class='ocrx_word' id='word_1_407' title='bbox 1286 2651 1405 2720; x_wconf 85' lang='lat' dir='ltr'>jam</span> <span class='ocrx_word' id='word_1_408' title='bbox 1436 2650 1635 2706; x_wconf 88' lang='lat' dir='ltr'>beatus</span> <span class='ocrx_word' id='word_1_409' title='bbox 1658 2655 1801 2707; x_wconf 85' lang='lat' dir='ltr'>Pau—</span> 
     </span>
    </p>
   </div>
   <div class='ocr_carea' id='block_1_51' title="bbox 1879 2557 3469 2629">
    <p class='ocr_par' dir='ltr' id='par_1_51' title="bbox 1879 2557 3469 2629">
     <span class='ocr_line' id='line_1_51' title="bbox 1879 2557 3469 2629; baseline -0.001 -17"><span class='ocrx_word' id='word_1_410' title='bbox 1879 2561 2212 2629; x_wconf 86' lang='lat' dir='ltr'>gloriﬁcare,</span> <span class='ocrx_word' id='word_1_411' title='bbox 2247 2567 2302 2612; x_wconf 90' lang='lat' dir='ltr'>et</span> <span class='ocrx_word' id='word_1_412' title='bbox 2331 2560 2625 2621; x_wconf 81' lang='lat' dir='ltr'>honorare,</span> <span class='ocrx_word' id='word_1_413' title='bbox 2660 2564 2715 2611; x_wconf 87' lang='lat' dir='ltr'>ct</span> <span class='ocrx_word' id='word_1_414' title='bbox 2742 2557 3066 2623; x_wconf 85' lang='lat' dir='ltr'>clariﬁcare,</span> <span class='ocrx_word' id='word_1_415' title='bbox 3100 2557 3213 2610; x_wconf 82' lang='lat' dir='ltr'>tria</span> <span class='ocrx_word' id='word_1_416' title='bbox 3243 2557 3469 2626; x_wconf 84' lang='lat' dir='ltr'>quidem</span> 
     </span>
    </p>
   </div>
   <div class='ocr_carea' id='block_1_52' title="bbox 1880 2645 3471 2713">
    <p class='ocr_par' dir='ltr' id='par_1_52' title="bbox 1880 2645 3471 2713">
     <span class='ocr_line' id='line_1_52' title="bbox 1880 2645 3471 2713; baseline 0.001 -14"><span class='ocrx_word' id='word_1_417' title='bbox 1880 2648 2064 2707; x_wconf 83' lang='lat' dir='ltr'>verba,</span> <span class='ocrx_word' id='word_1_418' title='bbox 2090 2648 2184 2702; x_wconf 90' lang='lat' dir='ltr'>sed</span> <span class='ocrx_word' id='word_1_419' title='bbox 2216 2664 2327 2701; x_wconf 87' lang='lat' dir='ltr'>una</span> <span class='ocrx_word' id='word_1_420' title='bbox 2355 2665 2444 2700; x_wconf 88' lang='lat' dir='ltr'>res</span> <span class='ocrx_word' id='word_1_421' title='bbox 2466 2654 2567 2701; x_wconf 88' lang='lat' dir='ltr'>est.</span> <span class='ocrx_word' id='word_1_422' title='bbox 2594 2647 2751 2711; x_wconf 83' lang='lat' dir='ltr'>Quod</span> <span class='ocrx_word' id='word_1_423' title='bbox 2785 2648 2977 2700; x_wconf 68' lang='lat' dir='ltr'>Graece</span> <span class='ocrx_word' id='word_1_424' title='bbox 3007 2645 3213 2699; x_wconf 88' lang='lat' dir='ltr'>dicitur</span> <span class='ocrx_word' id='word_1_425' title='bbox 3242 2645 3471 2713; x_wconf 69' lang='grc' dir='ltr'>δοξάζειν</span> 
     </span>
    </p>
   </div>
   <div class='ocr_carea' id='block_1_53' title="bbox 224 2731 3477 2805">
    <p class='ocr_par' dir='ltr' id='par_1_53' title="bbox 224 2731 3477 2805">
     <span class='ocr_line' id='line_1_53' title="bbox 224 2731 3477 2805; baseline 0.001 -22"><span class='ocrx_word' id='word_1_426' title='bbox 224 2731 293 2784; x_wconf 90' lang='lat' dir='ltr'>lus</span> <span class='ocrx_word' id='word_1_427' title='bbox 328 2736 585 2804; x_wconf 88' lang='lat' dir='ltr'>quoniam</span> <span class='ocrx_word' id='word_1_428' title='bbox 651 2737 829 2791; x_wconf 88' lang='lat' dir='ltr'>multo</span> <span class='ocrx_word' id='word_1_429' title='bbox 869 2737 1071 2801; x_wconf 79' lang='lat' dir='ltr'>melius</span> <span class='ocrx_word' id='word_1_430' title='bbox 1106 2743 1191 2791; x_wconf 89' lang='lat' dir='ltr'>est</span> <span class='ocrx_word' id='word_1_431' title='bbox 1224 2739 1647 2795; x_wconf 81' lang='lat' dir='ltr'>Testamentum</span> <span class='ocrx_word' id='word_1_432' title='bbox 1695 2743 1797 2796; x_wconf 87' lang='lat' dir='ltr'>hoc</span> <span class='ocrx_word' id='word_1_433' title='bbox 1880 2736 1976 2791; x_wconf 84' lang='lat' dir='ltr'>sed</span> <span class='ocrx_word' id='word_1_434' title='bbox 2007 2737 2380 2805; x_wconf 83' lang='lat' dir='ltr'>interpretum</span> <span class='ocrx_word' id='word_1_435' title='bbox 2405 2736 2672 2789; x_wconf 75' lang='lat' dir='ltr'>varietate</span> <span class='ocrx_word' id='word_1_436' title='bbox 2702 2735 2868 2788; x_wconf 87' lang='lat' dir='ltr'>aliter</span> <span class='ocrx_word' id='word_1_437' title='bbox 2888 2740 3055 2804; x_wconf 82' lang='lat' dir='ltr'>atque</span> <span class='ocrx_word' id='word_1_438' title='bbox 3078 2734 3245 2787; x_wconf 85' lang='lat' dir='ltr'>aliter</span> <span class='ocrx_word' id='word_1_439' title='bbox 3274 2739 3359 2787; x_wconf 89' lang='lat' dir='ltr'>est</span> <span class='ocrx_word' id='word_1_440' title='bbox 3377 2750 3477 2804; x_wconf 90' lang='lat' dir='ltr'>po-</span> 
     </span>
    </p>
   </div>
   <div class='ocr_carea' id='block_1_54' title="bbox 225 2823 3475 2897">
    <p class='ocr_par' dir='ltr' id='par_1_54' title="bbox 225 2823 3475 2897">
     <span class='ocr_line' id='line_1_54' title="bbox 225 2823 3475 2897; baseline -0 -20"><span class='ocrx_word' id='word_1_441' title='bbox 225 2837 366 2890; x_wconf 83' lang='lat' dir='ltr'>quam</span> <span class='ocrx_word' id='word_1_442' title='bbox 388 2830 564 2891; x_wconf 78' lang='lat' dir='ltr'>vetus,</span> <span class='ocrx_word' id='word_1_443' title='bbox 606 2826 743 2897; x_wconf 83' lang='lat' dir='ltr'>quia</span> <span class='ocrx_word' id='word_1_444' title='bbox 773 2826 911 2879; x_wconf 90' lang='lat' dir='ltr'>nihil</span> <span class='ocrx_word' id='word_1_445' title='bbox 940 2827 999 2880; x_wconf 91' lang='lat' dir='ltr'>in</span> <span class='ocrx_word' id='word_1_446' title='bbox 1030 2827 1133 2881; x_wconf 89' lang='lat' dir='ltr'>hoc</span> <span class='ocrx_word' id='word_1_447' title='bbox 1168 2832 1254 2881; x_wconf 90' lang='lat' dir='ltr'>est</span> <span class='ocrx_word' id='word_1_448' title='bbox 1292 2828 1707 2897; x_wconf 81' lang='lat' dir='ltr'>imaginarium,</span> <span class='ocrx_word' id='word_1_449' title='bbox 1736 2837 1797 2886; x_wconf 84' lang='lat' dir='ltr'>ut</span> <span class='ocrx_word' id='word_1_450' title='bbox 1879 2825 2049 2879; x_wconf 88' lang='lat' dir='ltr'>situm</span> <span class='ocrx_word' id='word_1_451' title='bbox 2095 2825 2154 2878; x_wconf 87' lang='lat' dir='ltr'>in</span> <span class='ocrx_word' id='word_1_452' title='bbox 2197 2825 2429 2891; x_wconf 84' lang='lat' dir='ltr'>Latino;</span> <span class='ocrx_word' id='word_1_453' title='bbox 2484 2824 2629 2893; x_wconf 90' lang='lat' dir='ltr'>quod</span> <span class='ocrx_word' id='word_1_454' title='bbox 2667 2824 2725 2879; x_wconf 90' lang='lat' dir='ltr'>in</span> <span class='ocrx_word' id='word_1_455' title='bbox 2784 2823 3080 2893; x_wconf 86' lang='lat' dir='ltr'>Evangelio</span> <span class='ocrx_word' id='word_1_456' title='bbox 3128 2823 3340 2876; x_wconf 91' lang='lat' dir='ltr'>dictum</span> <span class='ocrx_word' id='word_1_457' title='bbox 3389 2828 3475 2876; x_wconf 88' lang='lat' dir='ltr'>est</span> 
     </span>
    </p>
   </div>
   <div class='ocr_carea' id='block_1_55' title="bbox 220 2912 3469 2988">
    <p class='ocr_par' dir='ltr' id='par_1_55' title="bbox 220 2912 3469 2988">
     <span class='ocr_line' id='line_1_55' title="bbox 220 2912 3469 2988; baseline -0.002 -19"><span class='ocrx_word' id='word_1_458' title='bbox 220 2916 338 2981; x_wconf 74' lang='lat' dir='ltr'>puta</span> <span class='ocrx_word' id='word_1_459' title='bbox 359 2929 464 2969; x_wconf 88' lang='lat' dir='ltr'>non</span> <span class='ocrx_word' id='word_1_460' title='bbox 494 2915 779 2986; x_wconf 88' lang='lat' dir='ltr'>templum</span> <span class='ocrx_word' id='word_1_461' title='bbox 797 2915 1104 2988; x_wconf 83' lang='lat' dir='ltr'>corporale,</span> <span class='ocrx_word' id='word_1_462' title='bbox 1129 2932 1239 2970; x_wconf 92' lang='lat' dir='ltr'>non</span> <span class='ocrx_word' id='word_1_463' title='bbox 1258 2916 1497 2975; x_wconf 76' lang='lat' dir='ltr'>victimae</span> <span class='ocrx_word' id='word_1_464' title='bbox 1522 2922 1793 2987; x_wconf 74' lang='lat' dir='ltr'>carnaleS,</span> <span class='ocrx_word' id='word_1_465' title='bbox 1877 2914 2145 2984; x_wconf 83' lang='lat' dir='ltr'>gloriﬂco,</span> <span class='ocrx_word' id='word_1_466' title='bbox 2188 2914 2280 2967; x_wconf 89' lang='lat' dir='ltr'>hic</span> <span class='ocrx_word' id='word_1_467' title='bbox 2321 2914 2617 2983; x_wconf 83' lang='lat' dir='ltr'>Apostolus</span> <span class='ocrx_word' id='word_1_468' title='bbox 2678 2912 3136 2967; x_wconf 85' lang='lat' dir='ltr'>clariﬁcationem</span> <span class='ocrx_word' id='word_1_469' title='bbox 3190 2912 3469 2965; x_wconf 87' lang='lat' dir='ltr'>nominat.</span> 
     </span>
    </p>
   </div>
   <div class='ocr_carea' id='block_1_56' title="bbox 220 3000 3473 3103">
    <p class='ocr_par' dir='ltr' id='par_1_56' title="bbox 220 3000 3473 3103">
     <span class='ocr_line' id='line_1_56' title="bbox 220 3000 3473 3103; baseline 0 -51"><span class='ocrx_word' id='word_1_470' title='bbox 220 3015 311 3053; x_wconf 88' lang='lat' dir='ltr'>non</span> <span class='ocrx_word' id='word_1_471' title='bbox 337 3000 756 3061; x_wconf 85' lang='lat' dir='ltr'>observationes</span> <span class='ocrx_word' id='word_1_472' title='bbox 786 3005 1010 3075; x_wconf 76' lang='lat' dir='ltr'>legales,</span> <span class='ocrx_word' id='word_1_473' title='bbox 1047 3004 1145 3058; x_wconf 88' lang='lat' dir='ltr'>sed</span> <span class='ocrx_word' id='word_1_474' title='bbox 1175 3005 1378 3059; x_wconf 86' lang='lat' dir='ltr'>altiora</span> <span class='ocrx_word' id='word_1_475' title='bbox 1397 3013 1453 3060; x_wconf 92' lang='lat' dir='ltr'>et</span> <span class='ocrx_word' id='word_1_476' title='bbox 1467 3009 1796 3077; x_wconf 86' lang='lat' dir='ltr'>perfectiora</span> <span class='ocrx_word' id='word_1_477' title='bbox 1815 3045 1858 3103; x_wconf 70' lang='grc' dir='ltr'>Ο</span> <span class='ocrx_word' id='word_1_478' title='bbox 1882 3003 2230 3057; x_wconf 83' lang='lat' dir='ltr'>Clariticatus</span> <span class='ocrx_word' id='word_1_479' title='bbox 2263 3007 2347 3055; x_wconf 87' lang='lat' dir='ltr'>est</span> <span class='ocrx_word' id='word_1_480' title='bbox 2374 3019 2507 3071; x_wconf 88' lang='lat' dir='ltr'>ergo</span> <span class='ocrx_word' id='word_1_481' title='bbox 2537 3002 2711 3056; x_wconf 87' lang='lat' dir='ltr'>Filius</span> <span class='ocrx_word' id='word_1_482' title='bbox 2740 3019 2773 3055; x_wconf 87' lang='lat' dir='ltr'>a</span> <span class='ocrx_word' id='word_1_483' title='bbox 2819 3003 3003 3061; x_wconf 87' lang='lat' dir='ltr'>Patre,</span> <span class='ocrx_word' id='word_1_484' title='bbox 3049 3002 3271 3071; x_wconf 86' lang='lat' dir='ltr'>quando</span> <span class='ocrx_word' id='word_1_485' title='bbox 3303 3018 3473 3071; x_wconf 88' lang='lat' dir='ltr'>super</span> 
     </span>
    </p>
   </div>
   <div class='ocr_carea' id='block_1_57' title="bbox 218 3089 3471 3165">
    <p class='ocr_par' dir='ltr' id='par_1_57' title="bbox 218 3089 3471 3165">
     <span class='ocr_line' id='line_1_57' title="bbox 218 3089 3471 3165; baseline 0.001 -25"><span class='ocrx_word' id='word_1_486' title='bbox 218 3090 397 3151; x_wconf 86' lang='lat' dir='ltr'>omnia,</span> <span class='ocrx_word' id='word_1_487' title='bbox 429 3093 567 3162; x_wconf 85' lang='lat' dir='ltr'>quia</span> <span class='ocrx_word' id='word_1_488' title='bbox 594 3098 784 3147; x_wconf 86' lang='lat' dir='ltr'>totum</span> <span class='ocrx_word' id='word_1_489' title='bbox 813 3092 1085 3165; x_wconf 87' lang='lat' dir='ltr'>quidquid</span> <span class='ocrx_word' id='word_1_490' title='bbox 1115 3098 1199 3147; x_wconf 86' lang='lat' dir='ltr'>est</span> <span class='ocrx_word' id='word_1_491' title='bbox 1233 3094 1290 3147; x_wconf 90' lang='lat' dir='ltr'>in</span> <span class='ocrx_word' id='word_1_492' title='bbox 1337 3095 1681 3164; x_wconf 85' lang='lat' dir='ltr'>spiritalibus</span> <span class='ocrx_word' id='word_1_493' title='bbox 1711 3089 1857 3152; x_wconf 63' lang='lat' dir='ltr'>est&quot;</span> <span class='ocrx_word' id='word_1_494' title='bbox 1880 3091 2219 3162; x_wconf 84' lang='lat' dir='ltr'>baptizatum</span> <span class='ocrx_word' id='word_1_495' title='bbox 2251 3108 2349 3144; x_wconf 85' lang='lat' dir='ltr'>vox</span> <span class='ocrx_word' id='word_1_496' title='bbox 2391 3091 2574 3145; x_wconf 89' lang='lat' dir='ltr'>Patris</span> <span class='ocrx_word' id='word_1_497' title='bbox 2601 3091 2795 3165; x_wconf 86' lang='lat' dir='ltr'>audita</span> <span class='ocrx_word' id='word_1_498' title='bbox 2832 3097 2917 3144; x_wconf 86' lang='lat' dir='ltr'>est</span> <span class='ocrx_word' id='word_1_499' title='bbox 2957 3091 3025 3144; x_wconf 91' lang='lat' dir='ltr'>de</span> <span class='ocrx_word' id='word_1_500' title='bbox 3056 3090 3208 3143; x_wconf 82' lang='lat' dir='ltr'>coelis</span> <span class='ocrx_word' id='word_1_501' title='bbox 3241 3109 3251 3142; x_wconf 87' lang='lat'><strong><em>:</em></strong></span> <span class='ocrx_word' id='word_1_502' title='bbox 3292 3108 3319 3142; x_wconf 74' lang='grc' dir='ltr'><strong>α</strong></span> <span class='ocrx_word' id='word_1_503' title='bbox 3368 3089 3471 3147; x_wconf 86' lang='lat' dir='ltr'>Hic</span> 
     </span>
    </p>
   </div>
   <div class='ocr_carea' id='block_1_58' title="bbox 217 3162 3471 3253">
    <p class='ocr_par' dir='ltr' id='par_1_58' title="bbox 217 3162 3471 3253">
     <span class='ocr_line' id='line_1_58' title="bbox 217 3162 3471 3253; baseline 0.001 -24"><span class='ocrx_word' id='word_1_504' title='bbox 217 3175 363 3246; x_wconf 84' lang='lat' dir='ltr'>hujus</span> <span class='ocrx_word' id='word_1_505' title='bbox 388 3180 719 3235; x_wconf 77' lang='lat' dir='ltr'>testamenti</span> <span class='ocrx_word' id='word_1_506' title='bbox 744 3162 906 3236; x_wconf 87' lang='lat' dir='ltr'>ratio.</span> <span class='ocrx_word' id='word_1_507' title='bbox 924 3162 1215 3253; x_wconf 78' lang='lat' dir='ltr'>spiritalia</span> <span class='ocrx_word' id='word_1_508' title='bbox 1235 3162 1495 3237; x_wconf 43' lang='lat' dir='ltr'>vero—non</span> <span class='ocrx_word' id='word_1_509' title='bbox 1518 3185 1594 3237; x_wconf 91' lang='lat' dir='ltr'>sic</span> <span class='ocrx_word' id='word_1_510' title='bbox 1624 3186 1796 3240; x_wconf 77' lang='lat' dir='ltr'>intro.</span> <span class='ocrx_word' id='word_1_511' title='bbox 1878 3186 1963 3233; x_wconf 89' lang='lat' dir='ltr'>est</span> <span class='ocrx_word' id='word_1_512' title='bbox 1990 3181 2162 3234; x_wconf 84' lang='lat' dir='ltr'>Filius</span> <span class='ocrx_word' id='word_1_513' title='bbox 2194 3196 2350 3233; x_wconf 89' lang='lat' dir='ltr'>meus</span> <span class='ocrx_word' id='word_1_514' title='bbox 2378 3180 2632 3241; x_wconf 85' lang='lat' dir='ltr'>dilectus,</span> <span class='ocrx_word' id='word_1_515' title='bbox 2664 3162 2737 3234; x_wconf 39' lang='lat' dir='ltr'>in,</span> <span class='ocrx_word' id='word_1_516' title='bbox 2756 3197 2866 3249; x_wconf 93' lang='lat' dir='ltr'>quo</span> <span class='ocrx_word' id='word_1_517' title='bbox 2894 3179 3029 3233; x_wconf 88' lang='lat' dir='ltr'>mihi</span> <span class='ocrx_word' id='word_1_518' title='bbox 3058 3179 3199 3232; x_wconf 85' lang='lat' dir='ltr'>bene</span> <span class='ocrx_word' id='word_1_519' title='bbox 3229 3179 3471 3248; x_wconf 87' lang='lat' dir='ltr'>compla-</span> 
     </span>
    </p>
   </div>
   <div class='ocr_carea' id='block_1_59' title="bbox 218 3265 3467 3343">
    <p class='ocr_par' dir='ltr' id='par_1_59' title="bbox 218 3265 3467 3343">
     <span class='ocr_line' id='line_1_59' title="bbox 218 3265 3467 3343; baseline 0.005 -26"><span class='ocrx_word' id='word_1_520' title='bbox 218 3265 399 3323; x_wconf 86' lang='lat' dir='ltr'>ducunt</span> <span class='ocrx_word' id='word_1_521' title='bbox 420 3270 708 3335; x_wconf 80' lang='lat' dir='ltr'>inﬁrmos,</span> <span class='ocrx_word' id='word_1_522' title='bbox 743 3270 890 3325; x_wconf 89' lang='lat' dir='ltr'>sicut</span> <span class='ocrx_word' id='word_1_523' title='bbox 915 3272 1247 3341; x_wconf 88' lang='lat' dir='ltr'>corporalia.</span> <span class='ocrx_word' id='word_1_524' title='bbox 1295 3272 1377 3326; x_wconf 92' lang='lat' dir='ltr'>De</span> <span class='ocrx_word' id='word_1_525' title='bbox 1413 3274 1794 3343; x_wconf 88' lang='lat' dir='ltr'>corporalibus</span> <span class='ocrx_word' id='word_1_526' title='bbox 1878 3270 1965 3322; x_wconf 91' lang='lat' dir='ltr'>cui</span> <span class='ocrx_word' id='word_1_527' title='bbox 2000 3271 2209 3331; x_wconf 66' lang='grc' dir='ltr'>(λυαίϋῑ.</span> <span class='ocrx_word' id='word_1_528' title='bbox 2250 3274 2343 3333; x_wconf 64' lang='grc' dir='ltr'>ιν),</span> <span class='ocrx_word' id='word_1_529' title='bbox 2388 3290 2411 3321; x_wconf 78' lang='grc'>)&gt;</span> <span class='ocrx_word' id='word_1_530' title='bbox 2447 3286 2568 3339; x_wconf 66' lang='lat' dir='ltr'>quae</span> <span class='ocrx_word' id='word_1_531' title='bbox 2614 3269 2937 3321; x_wconf 65' lang='lat' dir='ltr'>ClariﬁcatiO</span> <span class='ocrx_word' id='word_1_532' title='bbox 2970 3268 3083 3321; x_wconf 66' lang='lat' dir='ltr'>Sive</span> <span class='ocrx_word' id='word_1_533' title='bbox 3114 3268 3467 3337; x_wconf 66' lang='grc' dir='ltr'>ἓιονίῧοεηίον</span> 
     </span>
    </p>
   </div>
   <div class='ocr_carea' id='block_1_60' title="bbox 214 3355 1794 3432">
    <p class='ocr_par' dir='ltr' id='par_1_60' title="bbox 214 3355 1794 3432">
     <span class='ocr_line' id='line_1_60' title="bbox 214 3355 1794 3432; baseline 0.005 -23"><span class='ocrx_word' id='word_1_534' title='bbox 214 3355 341 3409; x_wconf 79' lang='lat' dir='ltr'>enim</span> <span class='ocrx_word' id='word_1_535' title='bbox 367 3357 684 3431; x_wconf 83' lang='lat' dir='ltr'>incipiebat</span> <span class='ocrx_word' id='word_1_536' title='bbox 698 3359 1214 3429; x_wconf 78' lang='lat' dir='ltr'>disputare,dicens</span> <span class='ocrx_word' id='word_1_537' title='bbox 1238 3378 1249 3411; x_wconf 90' lang='lat'><strong><em>:</em></strong></span> <span class='ocrx_word' id='word_1_538' title='bbox 1280 3380 1303 3411; x_wconf 67' lang='grc' dir='ltr'>(ί</span> <span class='ocrx_word' id='word_1_539' title='bbox 1326 3361 1524 3415; x_wconf 90' lang='lat' dir='ltr'>Omnis</span> <span class='ocrx_word' id='word_1_540' title='bbox 1552 3378 1794 3432; x_wconf 88' lang='lat' dir='ltr'>namque</span> 
     </span>
    </p>
   </div>
   <div class='ocr_carea' id='block_1_61' title="bbox 212 3445 1795 3521">
    <p class='ocr_par' dir='ltr' id='par_1_61' title="bbox 212 3445 1795 3521">
     <span class='ocr_line' id='line_1_61' title="bbox 212 3445 1795 3521; baseline 0.006 -24"><span class='ocrx_word' id='word_1_541' title='bbox 212 3445 430 3511; x_wconf 78' lang='lat' dir='ltr'>pontifex</span> <span class='ocrx_word' id='word_1_542' title='bbox 479 3464 555 3501; x_wconf 73' lang='lat' dir='ltr'>ex</span> <span class='ocrx_word' id='word_1_543' title='bbox 600 3447 924 3501; x_wconf 87' lang='lat' dir='ltr'>hominibus</span> <span class='ocrx_word' id='word_1_544' title='bbox 964 3454 1287 3519; x_wconf 89' lang='lat' dir='ltr'>assumptus</span> <span class='ocrx_word' id='word_1_545' title='bbox 1330 3467 1432 3521; x_wconf 90' lang='lat' dir='ltr'>pro</span> <span class='ocrx_word' id='word_1_546' title='bbox 1473 3451 1795 3511; x_wconf 86' lang='lat' dir='ltr'>hominibus</span> 
     </span>
    </p>
   </div>
   <div class='ocr_carea' id='block_1_62' title="bbox 213 3534 1795 3609">
    <p class='ocr_par' dir='ltr' id='par_1_62' title="bbox 213 3534 1795 3609">
     <span class='ocr_line' id='line_1_62' title="bbox 213 3534 1795 3609; baseline 0.007 -25"><span class='ocrx_word' id='word_1_547' title='bbox 213 3534 575 3590; x_wconf 81' lang='lat' dir='ltr'>constituitur.</span> <span class='ocrx_word' id='word_1_548' title='bbox 613 3555 636 3583; x_wconf 69' lang='grc' dir='ltr'>ι</span> <span class='ocrx_word' id='word_1_549' title='bbox 662 3536 874 3597; x_wconf 87' lang='lat' dir='ltr'>Deﬁnit</span> <span class='ocrx_word' id='word_1_550' title='bbox 903 3537 1053 3591; x_wconf 89' lang='lat' dir='ltr'>enim</span> <span class='ocrx_word' id='word_1_551' title='bbox 1083 3537 1328 3607; x_wconf 90' lang='lat' dir='ltr'>primum</span> <span class='ocrx_word' id='word_1_552' title='bbox 1354 3538 1489 3608; x_wconf 89' lang='lat' dir='ltr'>quid</span> <span class='ocrx_word' id='word_1_553' title='bbox 1516 3538 1589 3592; x_wconf 88' lang='lat' dir='ltr'>sit</span> <span class='ocrx_word' id='word_1_554' title='bbox 1615 3542 1795 3609; x_wconf 88' lang='lat' dir='ltr'>ponti-</span> 
     </span>
    </p>
   </div>
   <div class='ocr_carea' id='block_1_63' title="bbox 208 3619 1796 3697">
    <p class='ocr_par' dir='ltr' id='par_1_63' title="bbox 208 3619 1796 3697">
     <span class='ocr_line' id='line_1_63' title="bbox 208 3619 1796 3697; baseline 0.008 -26"><span class='ocrx_word' id='word_1_555' title='bbox 208 3619 283 3675; x_wconf 84' lang='lat' dir='ltr'>fex</span> <span class='ocrx_word' id='word_1_556' title='bbox 308 3629 357 3679; x_wconf 86' lang='lat' dir='ltr'>et</span> <span class='ocrx_word' id='word_1_557' title='bbox 374 3624 738 3679; x_wconf 83' lang='lat' dir='ltr'>demonstrat</span> <span class='ocrx_word' id='word_1_558' title='bbox 762 3642 884 3695; x_wconf 66' lang='lat' dir='ltr'>qum</span> <span class='ocrx_word' id='word_1_559' title='bbox 912 3626 1235 3695; x_wconf 85' lang='lat' dir='ltr'>pertineant</span> <span class='ocrx_word' id='word_1_560' title='bbox 1261 3627 1327 3679; x_wconf 87' lang='lat' dir='ltr'>ad</span> <span class='ocrx_word' id='word_1_561' title='bbox 1360 3627 1702 3697; x_wconf 89' lang='lat' dir='ltr'>pontiﬁcem,</span> <span class='ocrx_word' id='word_1_562' title='bbox 1738 3636 1796 3683; x_wconf 91' lang='lat' dir='ltr'>et</span> 
     </span>
    </p>
   </div>
   <div class='ocr_carea' id='block_1_64' title="bbox 215 3710 1792 3787">
    <p class='ocr_par' dir='ltr' id='par_1_64' title="bbox 215 3710 1792 3787">
     <span class='ocr_line' id='line_1_64' title="bbox 215 3710 1792 3787; baseline 0.004 -22"><span class='ocrx_word' id='word_1_563' title='bbox 215 3710 325 3779; x_wconf 83' lang='lat' dir='ltr'>quid</span> <span class='ocrx_word' id='word_1_564' title='bbox 346 3713 421 3766; x_wconf 87' lang='lat' dir='ltr'>sit</span> <span class='ocrx_word' id='word_1_565' title='bbox 449 3715 584 3783; x_wconf 82' lang='lat' dir='ltr'>ejus</span> <span class='ocrx_word' id='word_1_566' title='bbox 613 3714 1010 3779; x_wconf 81' lang='lat' dir='ltr'>ministerium,</span> <span class='ocrx_word' id='word_1_567' title='bbox 1026 3722 1084 3768; x_wconf 90' lang='lat' dir='ltr'>et</span> <span class='ocrx_word' id='word_1_568' title='bbox 1101 3732 1222 3786; x_wconf 58' lang='lat' dir='ltr'>qua;</span> <span class='ocrx_word' id='word_1_569' title='bbox 1243 3722 1375 3768; x_wconf 88' lang='lat' dir='ltr'>sunt</span> <span class='ocrx_word' id='word_1_570' title='bbox 1393 3716 1554 3786; x_wconf 82' lang='lat' dir='ltr'>signa</span> <span class='ocrx_word' id='word_1_571' title='bbox 1567 3719 1792 3787; x_wconf 83' lang='lat' dir='ltr'>pontiﬁ-</span> 
     </span>
    </p>
   </div>
   <div class='ocr_carea' id='block_1_65' title="bbox 214 3803 1789 3876">
    <p class='ocr_par' dir='ltr' id='par_1_65' title="bbox 214 3803 1789 3876">
     <span class='ocr_line' id='line_1_65' title="bbox 214 3803 1789 3876; baseline 0.004 -23"><span class='ocrx_word' id='word_1_572' title='bbox 214 3806 364 3866; x_wconf 81' lang='lat' dir='ltr'>catus,</span> <span class='ocrx_word' id='word_1_573' title='bbox 380 3803 435 3855; x_wconf 91' lang='lat' dir='ltr'>id</span> <span class='ocrx_word' id='word_1_574' title='bbox 458 3811 574 3867; x_wconf 85' lang='lat' dir='ltr'>est,</span> <span class='ocrx_word' id='word_1_575' title='bbox 590 3809 655 3856; x_wconf 92' lang='lat' dir='ltr'>ut</span> <span class='ocrx_word' id='word_1_576' title='bbox 670 3803 869 3856; x_wconf 78' lang='lat' dir='ltr'>offerat</span> <span class='ocrx_word' id='word_1_577' title='bbox 885 3804 1031 3857; x_wconf 89' lang='lat' dir='ltr'>dona</span> <span class='ocrx_word' id='word_1_578' title='bbox 1054 3809 1111 3858; x_wconf 92' lang='lat' dir='ltr'>et</span> <span class='ocrx_word' id='word_1_579' title='bbox 1127 3804 1402 3858; x_wconf 87' lang='lat' dir='ltr'>sacriﬁcia</span> <span class='ocrx_word' id='word_1_580' title='bbox 1414 3822 1514 3875; x_wconf 90' lang='lat' dir='ltr'>pro</span> <span class='ocrx_word' id='word_1_581' title='bbox 1528 3807 1789 3876; x_wconf 87' lang='lat' dir='ltr'>peccatis,</span> 
     </span>
    </p>
   </div>
   <div class='ocr_carea' id='block_1_66' title="bbox 213 3892 1797 3964">
    <p class='ocr_par' dir='ltr' id='par_1_66' title="bbox 213 3892 1797 3964">
     <span class='ocr_line' id='line_1_66' title="bbox 213 3892 1797 3964; baseline 0.008 -25"><span class='ocrx_word' id='word_1_582' title='bbox 213 3892 259 3941; x_wconf 84' lang='lat' dir='ltr'>et</span> <span class='ocrx_word' id='word_1_583' title='bbox 269 3896 323 3942; x_wconf 90' lang='lat' dir='ltr'>ut</span> <span class='ocrx_word' id='word_1_584' title='bbox 335 3892 637 3947; x_wconf 81' lang='lat' dir='ltr'>condolere</span> <span class='ocrx_word' id='word_1_585' title='bbox 648 3892 824 3962; x_wconf 88' lang='lat' dir='ltr'>possit</span> <span class='ocrx_word' id='word_1_586' title='bbox 840 3892 925 3945; x_wconf 86' lang='lat' dir='ltr'>his</span> <span class='ocrx_word' id='word_1_587' title='bbox 943 3893 1037 3964; x_wconf 91' lang='lat' dir='ltr'>qui</span> <span class='ocrx_word' id='word_1_588' title='bbox 1051 3893 1317 3963; x_wconf 82' lang='lat' dir='ltr'>ignorant</span> <span class='ocrx_word' id='word_1_589' title='bbox 1327 3900 1386 3947; x_wconf 91' lang='lat' dir='ltr'>et</span> <span class='ocrx_word' id='word_1_590' title='bbox 1399 3900 1608 3948; x_wconf 88' lang='lat' dir='ltr'>errant.</span> <span class='ocrx_word' id='word_1_591' title='bbox 1621 3896 1797 3960; x_wconf 71' lang='lat' dir='ltr'>«Quo-</span> 
     </span>
    </p>
   </div>
   <div class='ocr_carea' id='block_1_67' title="bbox 211 3978 1797 4054">
    <p class='ocr_par' dir='ltr' id='par_1_67' title="bbox 211 3978 1797 4054">
     <span class='ocr_line' id='line_1_67' title="bbox 211 3978 1797 4054; baseline 0.004 -22"><span class='ocrx_word' id='word_1_592' title='bbox 211 3978 342 4032; x_wconf 86' lang='lat' dir='ltr'>niam</span> <span class='ocrx_word' id='word_1_593' title='bbox 371 3988 426 4035; x_wconf 87' lang='lat' dir='ltr'>et</span> <span class='ocrx_word' id='word_1_594' title='bbox 446 3981 576 4052; x_wconf 83' lang='lat' dir='ltr'>ipse</span> <span class='ocrx_word' id='word_1_595' title='bbox 596 3981 973 4037; x_wconf 83' lang='lat' dir='ltr'>circumdatus</span> <span class='ocrx_word' id='word_1_596' title='bbox 996 3988 1081 4034; x_wconf 89' lang='lat' dir='ltr'>est</span> <span class='ocrx_word' id='word_1_597' title='bbox 1102 3982 1445 4036; x_wconf 86' lang='lat' dir='ltr'>inﬁrmitate.</span> <span class='ocrx_word' id='word_1_598' title='bbox 1458 3984 1797 4054; x_wconf 55' lang='lat' dir='ltr'>«Oportebat</span> 
     </span>
    </p>
   </div>
   <div class='ocr_carea' id='block_1_68' title="bbox 212 4067 1794 4136">
    <p class='ocr_par' dir='ltr' id='par_1_68' title="bbox 212 4067 1794 4136">
     <span class='ocr_line' id='line_1_68' title="bbox 212 4067 1794 4136; baseline 0.003 -13"><span class='ocrx_word' id='word_1_599' title='bbox 212 4067 341 4123; x_wconf 78' lang='lat' dir='ltr'>enim</span> <span class='ocrx_word' id='word_1_600' title='bbox 356 4068 424 4123; x_wconf 81' lang='lat' dir='ltr'>ab</span> <span class='ocrx_word' id='word_1_601' title='bbox 442 4070 849 4126; x_wconf 75' lang='lat' dir='ltr'>excellentibus</span> <span class='ocrx_word' id='word_1_602' title='bbox 870 4071 1111 4125; x_wconf 86' lang='lat' dir='ltr'>terrenis</span> <span class='ocrx_word' id='word_1_603' title='bbox 1128 4071 1296 4125; x_wconf 83' lang='lat' dir='ltr'>ﬁdem</span> <span class='ocrx_word' id='word_1_604' title='bbox 1327 4071 1679 4136; x_wconf 84' lang='lat' dir='ltr'>facere,utad</span> <span class='ocrx_word' id='word_1_605' title='bbox 1701 4092 1794 4129; x_wconf 82' lang='lat' dir='ltr'>ex-</span> 
     </span>
    </p>
   </div>
   <div class='ocr_carea' id='block_1_69' title="bbox 1879 3356 3471 3428">
    <p class='ocr_par' dir='ltr' id='par_1_69' title="bbox 1879 3356 3471 3428">
     <span class='ocr_line' id='line_1_69' title="bbox 1879 3356 3471 3428; baseline -0.001 -17"><span class='ocrx_word' id='word_1_606' title='bbox 1879 3358 2055 3411; x_wconf 91' lang='lat' dir='ltr'>multo</span> <span class='ocrx_word' id='word_1_607' title='bbox 2094 3365 2223 3412; x_wconf 87' lang='lat' dir='ltr'>ante</span> <span class='ocrx_word' id='word_1_608' title='bbox 2268 3376 2367 3428; x_wconf 90' lang='lat' dir='ltr'>per</span> <span class='ocrx_word' id='word_1_609' title='bbox 2412 3358 2772 3428; x_wconf 85' lang='lat' dir='ltr'>Prophetam,</span> <span class='ocrx_word' id='word_1_610' title='bbox 2809 3357 3022 3427; x_wconf 88' lang='lat' dir='ltr'>Spiritu</span> <span class='ocrx_word' id='word_1_611' title='bbox 3074 3363 3265 3410; x_wconf 89' lang='lat' dir='ltr'>sancto</span> <span class='ocrx_word' id='word_1_612' title='bbox 3300 3356 3471 3427; x_wconf 88' lang='lat' dir='ltr'>inspi-</span> 
     </span>
    </p>
   </div>
   <div class='ocr_carea' id='block_1_70' title="bbox 1879 3445 3472 3517">
    <p class='ocr_par' dir='ltr' id='par_1_70' title="bbox 1879 3445 3472 3517">
     <span class='ocr_line' id='line_1_70' title="bbox 1879 3445 3472 3517; baseline -0.001 -17"><span class='ocrx_word' id='word_1_613' title='bbox 1879 3452 2059 3509; x_wconf 85' lang='lat' dir='ltr'>rante,</span> <span class='ocrx_word' id='word_1_614' title='bbox 2094 3448 2359 3517; x_wconf 75' lang='lat' dir='ltr'>praedicta</span> <span class='ocrx_word' id='word_1_615' title='bbox 2377 3453 2464 3500; x_wconf 89' lang='lat' dir='ltr'>est</span> <span class='ocrx_word' id='word_1_616' title='bbox 2498 3465 2507 3498; x_wconf 90' lang='lat'>:</span> <span class='ocrx_word' id='word_1_617' title='bbox 2549 3467 2571 3497; x_wconf 74' lang='grc' dir='ltr'>(ι</span> <span class='ocrx_word' id='word_1_618' title='bbox 2604 3445 2876 3501; x_wconf 87' lang='lat' dir='ltr'>Dominus</span> <span class='ocrx_word' id='word_1_619' title='bbox 2897 3446 3123 3500; x_wconf 83' lang='lat' dir='ltr'>dixitad</span> <span class='ocrx_word' id='word_1_620' title='bbox 3153 3462 3271 3499; x_wconf 88' lang='lat' dir='ltr'>me:</span> <span class='ocrx_word' id='word_1_621' title='bbox 3298 3445 3472 3503; x_wconf 86' lang='lat' dir='ltr'>Filius</span> 
     </span>
    </p>
   </div>
   <div class='ocr_carea' id='block_1_71' title="bbox 1877 3534 3473 3604">
    <p class='ocr_par' dir='ltr' id='par_1_71' title="bbox 1877 3534 3473 3604">
     <span class='ocr_line' id='line_1_71' title="bbox 1877 3534 3473 3604; baseline -0.001 -16"><span class='ocrx_word' id='word_1_622' title='bbox 1877 3552 2038 3589; x_wconf 89' lang='lat' dir='ltr'>meus</span> <span class='ocrx_word' id='word_1_623' title='bbox 2066 3552 2124 3588; x_wconf 89' lang='lat' dir='ltr'>es</span> <span class='ocrx_word' id='word_1_624' title='bbox 2154 3541 2234 3595; x_wconf 85' lang='lat' dir='ltr'>tu,</span> <span class='ocrx_word' id='word_1_625' title='bbox 2266 3552 2371 3604; x_wconf 87' lang='lat' dir='ltr'>ego</span> <span class='ocrx_word' id='word_1_626' title='bbox 2398 3535 2560 3589; x_wconf 87' lang='lat' dir='ltr'>hodie</span> <span class='ocrx_word' id='word_1_627' title='bbox 2588 3535 2759 3604; x_wconf 84' lang='lat' dir='ltr'>genui</span> <span class='ocrx_word' id='word_1_628' title='bbox 2779 3542 2836 3589; x_wconf 88' lang='lat' dir='ltr'>te</span> <span class='ocrx_word' id='word_1_629' title='bbox 2861 3537 3023 3601; x_wconf 73' lang='lat' dir='ltr'>(Psal.</span> <span class='ocrx_word' id='word_1_630' title='bbox 3058 3538 3136 3601; x_wconf 81' lang='grc' dir='ltr'>ιι),</span> <span class='ocrx_word' id='word_1_631' title='bbox 3170 3534 3473 3587; x_wconf 90' lang='lat' dir='ltr'>Dominum</span> 
     </span>
    </p>
   </div>
   <div class='ocr_carea' id='block_1_72' title="bbox 1877 3622 3468 3693">
    <p class='ocr_par' dir='ltr' id='par_1_72' title="bbox 1877 3622 3468 3693">
     <span class='ocr_line' id='line_1_72' title="bbox 1877 3622 3468 3693; baseline -0.002 -15"><span class='ocrx_word' id='word_1_632' title='bbox 1877 3624 2152 3693; x_wconf 74' lang='lat' dir='ltr'>significat</span> <span class='ocrx_word' id='word_1_633' title='bbox 2180 3624 2812 3679; x_wconf 82' lang='lat' dir='ltr'>Patrcm.Attendamus</span> <span class='ocrx_word' id='word_1_634' title='bbox 2839 3628 3047 3677; x_wconf 84' lang='lat' dir='ltr'>autem.</span> <span class='ocrx_word' id='word_1_635' title='bbox 3087 3623 3232 3692; x_wconf 88' lang='lat' dir='ltr'>quod</span> <span class='ocrx_word' id='word_1_636' title='bbox 3264 3622 3468 3692; x_wconf 88' lang='lat' dir='ltr'>posuit,</span> 
     </span>
    </p>
   </div>
   <div class='ocr_carea' id='block_1_73' title="bbox 1880 3711 3471 3780">
    <p class='ocr_par' dir='ltr' id='par_1_73' title="bbox 1880 3711 3471 3780">
     <span class='ocr_line' id='line_1_73' title="bbox 1880 3711 3471 3780; baseline 0 -15"><span class='ocrx_word' id='word_1_637' title='bbox 1880 3731 1907 3764; x_wconf 79' lang='grc' dir='ltr'><em>α</em></span> <span class='ocrx_word' id='word_1_638' title='bbox 1940 3713 2081 3766; x_wconf 81' lang='lat' dir='ltr'>dixit</span> <span class='ocrx_word' id='word_1_639' title='bbox 2108 3713 2177 3766; x_wconf 88' lang='lat' dir='ltr'>ad</span> <span class='ocrx_word' id='word_1_640' title='bbox 2214 3730 2322 3773; x_wconf 91' lang='lat' dir='ltr'>me,</span> <span class='ocrx_word' id='word_1_641' title='bbox 2356 3713 2530 3765; x_wconf 88' lang='lat' dir='ltr'>Filius</span> <span class='ocrx_word' id='word_1_642' title='bbox 2562 3728 2720 3765; x_wconf 89' lang='lat' dir='ltr'>meus</span> <span class='ocrx_word' id='word_1_643' title='bbox 2751 3730 2809 3764; x_wconf 89' lang='lat' dir='ltr'>es</span> <span class='ocrx_word' id='word_1_644' title='bbox 2840 3717 2919 3769; x_wconf 81' lang='lat' dir='ltr'>tu,</span> <span class='ocrx_word' id='word_1_645' title='bbox 2958 3736 2978 3757; x_wconf 75' lang='grc' dir='ltr'><strong><em>η</em></strong></span> <span class='ocrx_word' id='word_1_646' title='bbox 3007 3712 3155 3780; x_wconf 90' lang='lat' dir='ltr'>quod</span> <span class='ocrx_word' id='word_1_647' title='bbox 3186 3711 3357 3765; x_wconf 87' lang='lat' dir='ltr'>etiam</span> <span class='ocrx_word' id='word_1_648' title='bbox 3385 3712 3471 3765; x_wconf 89' lang='lat' dir='ltr'>di-</span> 
     </span>
    </p>
   </div>
   <div class='ocr_carea' id='block_1_74' title="bbox 1878 3800 3470 3873">
    <p class='ocr_par' dir='ltr' id='par_1_74' title="bbox 1878 3800 3470 3873">
     <span class='ocr_line' id='line_1_74' title="bbox 1878 3800 3470 3873; baseline 0.001 -19"><span class='ocrx_word' id='word_1_649' title='bbox 1878 3808 2070 3857; x_wconf 87' lang='lat' dir='ltr'>cturus</span> <span class='ocrx_word' id='word_1_650' title='bbox 2100 3808 2221 3855; x_wconf 84' lang='lat' dir='ltr'>erat</span> <span class='ocrx_word' id='word_1_651' title='bbox 2248 3810 2376 3873; x_wconf 83' lang='lat' dir='ltr'>post</span> <span class='ocrx_word' id='word_1_652' title='bbox 2415 3800 2773 3871; x_wconf 86' lang='lat' dir='ltr'>baptismum,</span> <span class='ocrx_word' id='word_1_653' title='bbox 2809 3820 2833 3851; x_wconf 86' lang='lat'>«</span> <span class='ocrx_word' id='word_1_654' title='bbox 2872 3800 2972 3854; x_wconf 80' lang='lat' dir='ltr'>Hic</span> <span class='ocrx_word' id='word_1_655' title='bbox 3002 3805 3085 3853; x_wconf 84' lang='lat' dir='ltr'>est</span> <span class='ocrx_word' id='word_1_656' title='bbox 3126 3800 3300 3855; x_wconf 88' lang='lat' dir='ltr'>Filius</span> <span class='ocrx_word' id='word_1_657' title='bbox 3329 3801 3470 3855; x_wconf 89' lang='lat' dir='ltr'>dile-</span> 
     </span>
    </p>
   </div>
   <div class='ocr_carea' id='block_1_75' title="bbox 1878 3874 3529 3961">
    <p class='ocr_par' dir='ltr' id='par_1_75' title="bbox 1878 3874 3529 3961">
     <span class='ocr_line' id='line_1_75' title="bbox 1878 3874 3529 3961; baseline -0.001 -18"><span class='ocrx_word' id='word_1_658' title='bbox 1878 3896 2017 3955; x_wconf 88' lang='lat' dir='ltr'>ctus,</span> <span class='ocrx_word' id='word_1_659' title='bbox 2051 3892 2109 3945; x_wconf 89' lang='lat' dir='ltr'>in</span> <span class='ocrx_word' id='word_1_660' title='bbox 2140 3908 2247 3961; x_wconf 88' lang='lat' dir='ltr'>quo</span> <span class='ocrx_word' id='word_1_661' title='bbox 2274 3891 2411 3944; x_wconf 84' lang='lat' dir='ltr'>mihi</span> <span class='ocrx_word' id='word_1_662' title='bbox 2440 3890 2767 3961; x_wconf 82' lang='lat' dir='ltr'>complacui.</span> <span class='ocrx_word' id='word_1_663' title='bbox 2808 3909 2832 3939; x_wconf 53' lang='lat' dir='ltr'>vi</span> <span class='ocrx_word' id='word_1_664' title='bbox 2867 3891 2983 3942; x_wconf 89' lang='lat' dir='ltr'>Hoc</span> <span class='ocrx_word' id='word_1_665' title='bbox 3012 3890 3202 3959; x_wconf 83' lang='lat' dir='ltr'>itaque</span> <span class='ocrx_word' id='word_1_666' title='bbox 3226 3894 3289 3942; x_wconf 92' lang='lat' dir='ltr'>ut</span> <span class='ocrx_word' id='word_1_667' title='bbox 3316 3889 3474 3943; x_wconf 90' lang='lat' dir='ltr'>Chri—</span> <span class='ocrx_word' id='word_1_668' title='bbox 3518 3874 3529 3883; x_wconf 64' lang='grc'><em>’</em></span> 
     </span>
    </p>
   </div>
   <div class='ocr_carea' id='block_1_76' title="bbox 1878 3978 3472 4051">
    <p class='ocr_par' dir='ltr' id='par_1_76' title="bbox 1878 3978 3472 4051">
     <span class='ocr_line' id='line_1_76' title="bbox 1878 3978 3472 4051; baseline -0.001 -17"><span class='ocrx_word' id='word_1_669' title='bbox 1878 3987 2027 4034; x_wconf 89' lang='lat' dir='ltr'>stum</span> <span class='ocrx_word' id='word_1_670' title='bbox 2057 3997 2226 4034; x_wconf 86' lang='lat' dir='ltr'>unam</span> <span class='ocrx_word' id='word_1_671' title='bbox 2260 3997 2557 4051; x_wconf 82' lang='lat' dir='ltr'>personam</span> <span class='ocrx_word' id='word_1_672' title='bbox 2609 3979 2864 4039; x_wconf 85' lang='lat' dir='ltr'>sentires,</span> <span class='ocrx_word' id='word_1_673' title='bbox 2897 3985 2961 4033; x_wconf 90' lang='lat' dir='ltr'>ut</span> <span class='ocrx_word' id='word_1_674' title='bbox 2990 3978 3343 4047; x_wconf 84' lang='lat' dir='ltr'>unigenitum</span> <span class='ocrx_word' id='word_1_675' title='bbox 3370 3979 3472 4035; x_wconf 89' lang='lat' dir='ltr'>Dei</span> 
     </span>
    </p>
   </div>
   <div class='ocr_carea' id='block_1_77' title="bbox 1876 4068 3473 4139">
    <p class='ocr_par' dir='ltr' id='par_1_77' title="bbox 1876 4068 3473 4139">
     <span class='ocr_line' id='line_1_77' title="bbox 1876 4068 3473 4139; baseline -0.001 -14"><span class='ocrx_word' id='word_1_676' title='bbox 1876 4070 2082 4125; x_wconf 87' lang='lat' dir='ltr'>Filium</span> <span class='ocrx_word' id='word_1_677' title='bbox 2117 4070 2328 4139; x_wconf 85' lang='lat' dir='ltr'>adjecit</span> <span class='ocrx_word' id='word_1_678' title='bbox 2360 4088 2369 4121; x_wconf 95' lang='lat'>:</span> <span class='ocrx_word' id='word_1_679' title='bbox 2411 4093 2431 4116; x_wconf 70' lang='grc' dir='ltr'>ιι</span> <span class='ocrx_word' id='word_1_680' title='bbox 2466 4070 2583 4137; x_wconf 76' lang='lat' dir='ltr'>Ego</span> <span class='ocrx_word' id='word_1_681' title='bbox 2632 4069 2795 4122; x_wconf 90' lang='lat' dir='ltr'>hodie</span> <span class='ocrx_word' id='word_1_682' title='bbox 2825 4068 2997 4137; x_wconf 85' lang='lat' dir='ltr'>genui</span> <span class='ocrx_word' id='word_1_683' title='bbox 3039 4073 3109 4133; x_wconf 84' lang='lat' dir='ltr'>te,</span> <span class='ocrx_word' id='word_1_684' title='bbox 3154 4088 3178 4117; x_wconf 82' lang='lat'>»</span> <span class='ocrx_word' id='word_1_685' title='bbox 3224 4069 3327 4121; x_wconf 90' lang='lat' dir='ltr'>hoc</span> <span class='ocrx_word' id='word_1_686' title='bbox 3352 4069 3473 4137; x_wconf 81' lang='lat' dir='ltr'>jam</span> 
     </span>
    </p>
   </div>
   <div class='ocr_carea' id='block_1_78' title="bbox 211 4155 3473 4231">
    <p class='ocr_par' dir='ltr' id='par_1_78' title="bbox 211 4155 3473 4231">
     <span class='ocr_line' id='line_1_78' title="bbox 211 4155 3473 4231; baseline 0.001 -21"><span class='ocrx_word' id='word_1_687' title='bbox 211 4155 514 4213; x_wconf 86' lang='lat' dir='ltr'>cellentiora</span> <span class='ocrx_word' id='word_1_688' title='bbox 528 4159 812 4229; x_wconf 77' lang='lat' dir='ltr'>spiritalia</span> <span class='ocrx_word' id='word_1_689' title='bbox 819 4159 1109 4231; x_wconf 81' lang='lat' dir='ltr'>pervenire</span> <span class='ocrx_word' id='word_1_690' title='bbox 1120 4160 1796 4231; x_wconf 87' lang='lat' dir='ltr'>possint,etutconsuetu-</span> <span class='ocrx_word' id='word_1_691' title='bbox 1872 4159 2018 4215; x_wconf 88' lang='lat' dir='ltr'>nihil</span> <span class='ocrx_word' id='word_1_692' title='bbox 2055 4159 2225 4213; x_wconf 84' lang='lat' dir='ltr'>habet</span> <span class='ocrx_word' id='word_1_693' title='bbox 2251 4175 2549 4213; x_wconf 88' lang='lat' dir='ltr'>commune</span> <span class='ocrx_word' id='word_1_694' title='bbox 2578 4175 2706 4213; x_wconf 88' lang='lat' dir='ltr'>cum</span> <span class='ocrx_word' id='word_1_695' title='bbox 2734 4159 2968 4223; x_wconf 68' lang='lat' dir='ltr'>caeteris,</span> <span class='ocrx_word' id='word_1_696' title='bbox 3004 4158 3138 4227; x_wconf 85' lang='lat' dir='ltr'>quia</span> <span class='ocrx_word' id='word_1_697' title='bbox 3152 4156 3253 4211; x_wconf 87' lang='lat' dir='ltr'>ﬁlii</span> <span class='ocrx_word' id='word_1_698' title='bbox 3281 4157 3473 4213; x_wconf 82' lang='lat' dir='ltr'>dicun-</span> 
     </span>
    </p>
   </div>
   <div class='ocr_carea' id='block_1_79' title="bbox 209 4242 3473 4321">
    <p class='ocr_par' dir='ltr' id='par_1_79' title="bbox 209 4242 3473 4321">
     <span class='ocr_line' id='line_1_79' title="bbox 209 4242 3473 4321; baseline -0 -21"><span class='ocrx_word' id='word_1_699' title='bbox 209 4242 271 4296; x_wconf 86' lang='lat' dir='ltr'>do</span> <span class='ocrx_word' id='word_1_700' title='bbox 296 4248 652 4303; x_wconf 85' lang='lat' dir='ltr'>sacerdotum</span> <span class='ocrx_word' id='word_1_701' title='bbox 680 4248 962 4319; x_wconf 78' lang='lat' dir='ltr'>more,qui</span> <span class='ocrx_word' id='word_1_702' title='bbox 978 4247 1043 4301; x_wconf 86' lang='lat' dir='ltr'>in</span> <span class='ocrx_word' id='word_1_703' title='bbox 1072 4248 1197 4317; x_wconf 83' lang='lat' dir='ltr'>lege</span> <span class='ocrx_word' id='word_1_704' title='bbox 1219 4248 1689 4313; x_wconf 87' lang='lat' dir='ltr'>fuit,ada1tius,id</span> <span class='ocrx_word' id='word_1_705' title='bbox 1710 4256 1797 4304; x_wconf 89' lang='lat' dir='ltr'>est</span> <span class='ocrx_word' id='word_1_706' title='bbox 1878 4253 1987 4311; x_wconf 85' lang='lat' dir='ltr'>tur,</span> <span class='ocrx_word' id='word_1_707' title='bbox 2020 4248 2114 4319; x_wconf 91' lang='lat' dir='ltr'>qui</span> <span class='ocrx_word' id='word_1_708' title='bbox 2135 4248 2451 4303; x_wconf 85' lang='lat' dir='ltr'>sacerdotes</span> <span class='ocrx_word' id='word_1_709' title='bbox 2494 4248 2868 4321; x_wconf 83' lang='lat' dir='ltr'>appellantur,</span> <span class='ocrx_word' id='word_1_710' title='bbox 2902 4248 2971 4301; x_wconf 87' lang='lat' dir='ltr'>de</span> <span class='ocrx_word' id='word_1_711' title='bbox 3015 4246 3214 4317; x_wconf 91' lang='lat' dir='ltr'>quibus</span> <span class='ocrx_word' id='word_1_712' title='bbox 3260 4245 3473 4301; x_wconf 87' lang='lat' dir='ltr'>dictum</span> 
     </span>
    </p>
   </div>
   <div class='ocr_carea' id='block_1_80' title="bbox 212 4331 3471 4407">
    <p class='ocr_par' dir='ltr' id='par_1_80' title="bbox 212 4331 3471 4407">
     <span class='ocr_line' id='line_1_80' title="bbox 212 4331 3471 4407; baseline 0.001 -22"><span class='ocrx_word' id='word_1_713' title='bbox 212 4331 1791 4407; x_wconf 81' lang='lat' dir='ltr'>Christisacerdotiumeosperduceret,quiadhucinﬁrmi</span> <span class='ocrx_word' id='word_1_714' title='bbox 1818 4406 1841 4407; x_wconf 30' lang='grc' dir='ltr'>η</span> <span class='ocrx_word' id='word_1_715' title='bbox 1876 4343 1963 4390; x_wconf 87' lang='lat' dir='ltr'>est</span> <span class='ocrx_word' id='word_1_716' title='bbox 1994 4356 2005 4389; x_wconf 90' lang='lat'><em>:</em></span> <span class='ocrx_word' id='word_1_717' title='bbox 2046 4358 2070 4388; x_wconf 77' lang='grc' dir='ltr'>(ι</span> <span class='ocrx_word' id='word_1_718' title='bbox 2096 4338 2208 4407; x_wconf 84' lang='lat' dir='ltr'>Ego</span> <span class='ocrx_word' id='word_1_719' title='bbox 2254 4337 2369 4391; x_wconf 82' lang='lat' dir='ltr'>dixi</span> <span class='ocrx_word' id='word_1_720' title='bbox 2402 4355 2412 4389; x_wconf 86' lang='lat'>:</span> <span class='ocrx_word' id='word_1_721' title='bbox 2447 4338 2535 4391; x_wconf 89' lang='lat' dir='ltr'>Dii</span> <span class='ocrx_word' id='word_1_722' title='bbox 2593 4337 2729 4391; x_wconf 87' lang='lat' dir='ltr'>estis</span> <span class='ocrx_word' id='word_1_723' title='bbox 2760 4344 2818 4391; x_wconf 87' lang='lat' dir='ltr'>et</span> <span class='ocrx_word' id='word_1_724' title='bbox 2863 4336 2965 4389; x_wconf 86' lang='lat' dir='ltr'>ﬁlii</span> <span class='ocrx_word' id='word_1_725' title='bbox 3019 4335 3231 4389; x_wconf 80' lang='lat' dir='ltr'>Excelsi</span> <span class='ocrx_word' id='word_1_726' title='bbox 3277 4351 3471 4391; x_wconf 89' lang='lat' dir='ltr'>omnes</span> 
     </span>
    </p>
   </div>
   <div class='ocr_carea' id='block_1_81' title="bbox 210 4406 3470 4497">
    <p class='ocr_par' dir='ltr' id='par_1_81' title="bbox 210 4406 3470 4497">
     <span class='ocr_line' id='line_1_81' title="bbox 210 4406 3470 4497; baseline -0.001 -18"><span class='ocrx_word' id='word_1_727' title='bbox 210 4420 497 4489; x_wconf 47' lang='lat' dir='ltr'>fueruntet</span> <span class='ocrx_word' id='word_1_728' title='bbox 513 4430 816 4497; x_wconf 85' lang='lat' dir='ltr'>propterea</span> <span class='ocrx_word' id='word_1_729' title='bbox 833 4406 1060 4479; x_wconf 89' lang='lat' dir='ltr'>modum</span> <span class='ocrx_word' id='word_1_730' title='bbox 1079 4406 1859 4497; x_wconf 82' lang='lat' dir='ltr'>carnalispontiﬁcisintro—D</span> <span class='ocrx_word' id='word_1_731' title='bbox 1882 4428 2042 4493; x_wconf 79' lang='lat' dir='ltr'>(Psal.</span> <span class='ocrx_word' id='word_1_732' title='bbox 2079 4406 2282 4494; x_wconf 67' lang='lat' dir='ltr'>Lxxxx),</span> <span class='ocrx_word' id='word_1_733' title='bbox 2320 4446 2344 4477; x_wconf 86' lang='lat'>»</span> <span class='ocrx_word' id='word_1_734' title='bbox 2381 4426 2477 4480; x_wconf 90' lang='lat' dir='ltr'>sed</span> <span class='ocrx_word' id='word_1_735' title='bbox 2526 4431 2709 4479; x_wconf 87' lang='lat' dir='ltr'>totum</span> <span class='ocrx_word' id='word_1_736' title='bbox 2756 4432 2841 4479; x_wconf 89' lang='lat' dir='ltr'>est</span> <span class='ocrx_word' id='word_1_737' title='bbox 2882 4424 3157 4493; x_wconf 86' lang='lat' dir='ltr'>unigeniti</span> <span class='ocrx_word' id='word_1_738' title='bbox 3184 4423 3309 4477; x_wconf 88' lang='lat' dir='ltr'>Filii</span> <span class='ocrx_word' id='word_1_739' title='bbox 3340 4439 3470 4492; x_wconf 88' lang='lat' dir='ltr'>pro—</span> 
     </span>
    </p>
   </div>
   <div class='ocr_carea' id='block_1_82' title="bbox 212 4507 1796 4584">
    <p class='ocr_par' dir='ltr' id='par_1_82' title="bbox 212 4507 1796 4584">
     <span class='ocr_line' id='line_1_82' title="bbox 212 4507 1796 4584; baseline 0.008 -23"><span class='ocrx_word' id='word_1_740' title='bbox 212 4507 363 4566; x_wconf 88' lang='lat' dir='ltr'>ducit.</span> <span class='ocrx_word' id='word_1_741' title='bbox 390 4514 562 4568; x_wconf 86' lang='lat' dir='ltr'>Ponti</span> <span class='ocrx_word' id='word_1_742' title='bbox 572 4513 892 4584; x_wconf 82' lang='lat' dir='ltr'>ﬁcisitaque</span> <span class='ocrx_word' id='word_1_743' title='bbox 908 4513 1153 4569; x_wconf 75' lang='lat' dir='ltr'>ofﬁcium</span> <span class='ocrx_word' id='word_1_744' title='bbox 1171 4521 1255 4567; x_wconf 89' lang='lat' dir='ltr'>est</span> <span class='ocrx_word' id='word_1_745' title='bbox 1274 4515 1419 4568; x_wconf 90' lang='lat' dir='ltr'>inter</span> <span class='ocrx_word' id='word_1_746' title='bbox 1442 4516 1624 4571; x_wconf 89' lang='lat' dir='ltr'>Deum</span> <span class='ocrx_word' id='word_1_747' title='bbox 1647 4522 1796 4573; x_wconf 83' lang='lat' dir='ltr'>stare</span> 
     </span>
    </p>
   </div>
   <div class='ocr_carea' id='block_1_83' title="bbox 214 4603 1795 4674">
    <p class='ocr_par' dir='ltr' id='par_1_83' title="bbox 214 4603 1795 4674">
     <span class='ocr_line' id='line_1_83' title="bbox 214 4603 1795 4674; baseline 0.001 -18"><span class='ocrx_word' id='word_1_748' title='bbox 214 4605 263 4650; x_wconf 76' lang='lat' dir='ltr'>et</span> <span class='ocrx_word' id='word_1_749' title='bbox 288 4603 756 4672; x_wconf 82' lang='lat' dir='ltr'>populum,Deum</span> <span class='ocrx_word' id='word_1_750' title='bbox 779 4603 1065 4673; x_wconf 74' lang='lat' dir='ltr'>deprecari</span> <span class='ocrx_word' id='word_1_751' title='bbox 1090 4620 1189 4674; x_wconf 89' lang='lat' dir='ltr'>pro</span> <span class='ocrx_word' id='word_1_752' title='bbox 1208 4604 1400 4674; x_wconf 82' lang='lat' dir='ltr'>pepuli</span> <span class='ocrx_word' id='word_1_753' title='bbox 1433 4604 1671 4669; x_wconf 90' lang='lat' dir='ltr'>delictis,</span> <span class='ocrx_word' id='word_1_754' title='bbox 1692 4606 1795 4658; x_wconf 90' lang='lat' dir='ltr'>hoc</span> 
     </span>
    </p>
   </div>
   <div class='ocr_carea' id='block_1_84' title="bbox 210 4690 1793 4764">
    <p class='ocr_par' dir='ltr' id='par_1_84' title="bbox 210 4690 1793 4764">
     <span class='ocr_line' id='line_1_84' title="bbox 210 4690 1793 4764; baseline 0.003 -21"><span class='ocrx_word' id='word_1_755' title='bbox 210 4690 402 4745; x_wconf 77' lang='lat' dir='ltr'>etenim</span> <span class='ocrx_word' id='word_1_756' title='bbox 428 4691 694 4747; x_wconf 82' lang='lat' dir='ltr'>Christus</span> <span class='ocrx_word' id='word_1_757' title='bbox 718 4692 869 4755; x_wconf 69' lang='lat' dir='ltr'>fecit,</span> <span class='ocrx_word' id='word_1_758' title='bbox 908 4692 1155 4763; x_wconf 87' lang='lat' dir='ltr'>seipsum</span> <span class='ocrx_word' id='word_1_759' title='bbox 1178 4694 1413 4747; x_wconf 67' lang='lat' dir='ltr'>atterens</span> <span class='ocrx_word' id='word_1_760' title='bbox 1428 4710 1533 4764; x_wconf 89' lang='lat' dir='ltr'>pro</span> <span class='ocrx_word' id='word_1_761' title='bbox 1553 4694 1793 4764; x_wconf 88' lang='lat' dir='ltr'>peccatis</span> 
     </span>
    </p>
   </div>
   <div class='ocr_carea' id='block_1_85' title="bbox 212 4781 1788 4852">
    <p class='ocr_par' dir='ltr' id='par_1_85' title="bbox 212 4781 1788 4852">
     <span class='ocr_line' id='line_1_85' title="bbox 212 4781 1788 4852; baseline 0.005 -23"><span class='ocrx_word' id='word_1_762' title='bbox 212 4782 419 4845; x_wconf 80' lang='lat' dir='ltr'>nostris,</span> <span class='ocrx_word' id='word_1_763' title='bbox 451 4798 682 4852; x_wconf 87' lang='lat' dir='ltr'>semper</span> <span class='ocrx_word' id='word_1_764' title='bbox 701 4781 856 4835; x_wconf 81' lang='lat' dir='ltr'>vivus</span> <span class='ocrx_word' id='word_1_765' title='bbox 885 4781 955 4836; x_wconf 89' lang='lat' dir='ltr'>ad</span> <span class='ocrx_word' id='word_1_766' title='bbox 982 4781 1453 4851; x_wconf 83' lang='lat' dir='ltr'>interpellandum</span> <span class='ocrx_word' id='word_1_767' title='bbox 1476 4799 1580 4852; x_wconf 89' lang='lat' dir='ltr'>pro</span> <span class='ocrx_word' id='word_1_768' title='bbox 1599 4783 1788 4837; x_wconf 87' lang='lat' dir='ltr'>nobis:</span> 
     </span>
    </p>
   </div>
   <div class='ocr_carea' id='block_1_86' title="bbox 210 4869 1795 4941">
    <p class='ocr_par' dir='ltr' id='par_1_86' title="bbox 210 4869 1795 4941">
     <span class='ocr_line' id='line_1_86' title="bbox 210 4869 1795 4941; baseline 0.003 -21"><span class='ocrx_word' id='word_1_769' title='bbox 210 4869 367 4921; x_wconf 77' lang='lat' dir='ltr'>semel</span> <span class='ocrx_word' id='word_1_770' title='bbox 396 4869 467 4923; x_wconf 86' lang='lat' dir='ltr'>ab</span> <span class='ocrx_word' id='word_1_771' title='bbox 496 4869 824 4925; x_wconf 85' lang='lat' dir='ltr'>hominibus</span> <span class='ocrx_word' id='word_1_772' title='bbox 844 4876 1184 4941; x_wconf 83' lang='lat' dir='ltr'>assumptus,</span> <span class='ocrx_word' id='word_1_773' title='bbox 1207 4870 1303 4925; x_wconf 89' lang='lat' dir='ltr'>sed</span> <span class='ocrx_word' id='word_1_774' title='bbox 1325 4888 1548 4941; x_wconf 90' lang='lat' dir='ltr'>semper</span> <span class='ocrx_word' id='word_1_775' title='bbox 1570 4888 1671 4941; x_wconf 89' lang='lat' dir='ltr'>pro</span> <span class='ocrx_word' id='word_1_776' title='bbox 1692 4872 1795 4925; x_wconf 89' lang='lat' dir='ltr'>ho-</span> 
     </span>
    </p>
   </div>
   <div class='ocr_carea' id='block_1_87' title="bbox 214 4955 1796 5030">
    <p class='ocr_par' dir='ltr' id='par_1_87' title="bbox 214 4955 1796 5030">
     <span class='ocr_line' id='line_1_87' title="bbox 214 4955 1796 5030; baseline -0.001 -15"><span class='ocrx_word' id='word_1_777' title='bbox 214 4955 441 5015; x_wconf 72' lang='lat' dir='ltr'>minibus</span> <span class='ocrx_word' id='word_1_778' title='bbox 457 4958 845 5030; x_wconf 81' lang='lat' dir='ltr'>interpellans.</span> <span class='ocrx_word' id='word_1_779' title='bbox 880 4959 1045 5013; x_wconf 85' lang='lat' dir='ltr'>Ponit</span> <span class='ocrx_word' id='word_1_780' title='bbox 1084 4959 1171 5013; x_wconf 88' lang='lat' dir='ltr'>his</span> <span class='ocrx_word' id='word_1_781' title='bbox 1202 4960 1501 5030; x_wconf 86' lang='lat' dir='ltr'>Apostolus</span> <span class='ocrx_word' id='word_1_782' title='bbox 1542 4961 1796 5030; x_wconf 63' lang='lat' dir='ltr'>quaedam</span> 
     </span>
    </p>
   </div>
   <div class='ocr_carea' id='block_1_88' title="bbox 214 5047 1795 5119">
    <p class='ocr_par' dir='ltr' id='par_1_88' title="bbox 214 5047 1795 5119">
     <span class='ocr_line' id='line_1_88' title="bbox 214 5047 1795 5119; baseline 0.005 -23"><span class='ocrx_word' id='word_1_783' title='bbox 214 5048 524 5103; x_wconf 78' lang='lat' dir='ltr'>communia</span> <span class='ocrx_word' id='word_1_784' title='bbox 552 5048 774 5103; x_wconf 83' lang='lat' dir='ltr'>Christo</span> <span class='ocrx_word' id='word_1_785' title='bbox 803 5064 933 5104; x_wconf 85' lang='lat' dir='ltr'>cum</span> <span class='ocrx_word' id='word_1_786' title='bbox 953 5047 1353 5112; x_wconf 83' lang='lat' dir='ltr'>sacerdotibus,</span> <span class='ocrx_word' id='word_1_787' title='bbox 1387 5050 1645 5119; x_wconf 60' lang='lat' dir='ltr'>quaedam</span> <span class='ocrx_word' id='word_1_788' title='bbox 1667 5067 1795 5104; x_wconf 89' lang='lat' dir='ltr'>vero</span> 
     </span>
    </p>
   </div>
   <div class='ocr_carea' id='block_1_89' title="bbox 210 5132 1795 5209">
    <p class='ocr_par' dir='ltr' id='par_1_89' title="bbox 210 5132 1795 5209">
     <span class='ocr_line' id='line_1_89' title="bbox 210 5132 1795 5209; baseline 0.004 -23"><span class='ocrx_word' id='word_1_789' title='bbox 210 5132 416 5191; x_wconf 79' lang='lat' dir='ltr'>altiora.</span> <span class='ocrx_word' id='word_1_790' title='bbox 435 5137 598 5200; x_wconf 85' lang='lat' dir='ltr'>Quod</span> <span class='ocrx_word' id='word_1_791' title='bbox 618 5137 811 5207; x_wconf 83' lang='lat' dir='ltr'>itaque</span> <span class='ocrx_word' id='word_1_792' title='bbox 830 5137 930 5203; x_wconf 88' lang='lat' dir='ltr'>ait,</span> <span class='ocrx_word' id='word_1_793' title='bbox 952 5156 973 5183; x_wconf 75' lang='grc' dir='ltr'>(ι</span> <span class='ocrx_word' id='word_1_794' title='bbox 1000 5137 1183 5193; x_wconf 89' lang='lat' dir='ltr'>omnis</span> <span class='ocrx_word' id='word_1_795' title='bbox 1203 5153 1446 5208; x_wconf 89' lang='lat' dir='ltr'>namque</span> <span class='ocrx_word' id='word_1_796' title='bbox 1461 5138 1707 5209; x_wconf 84' lang='lat' dir='ltr'>pontifex</span> <span class='ocrx_word' id='word_1_797' title='bbox 1729 5157 1795 5195; x_wconf 84' lang='lat' dir='ltr'>ex</span> 
     </span>
    </p>
   </div>
   <div class='ocr_carea' id='block_1_90' title="bbox 214 5218 1791 5295">
    <p class='ocr_par' dir='ltr' id='par_1_90' title="bbox 214 5218 1791 5295">
     <span class='ocr_line' id='line_1_90' title="bbox 214 5218 1791 5295; baseline 0.004 -22"><span class='ocrx_word' id='word_1_798' title='bbox 214 5218 525 5278; x_wconf 84' lang='lat' dir='ltr'>hominibus</span> <span class='ocrx_word' id='word_1_799' title='bbox 541 5234 880 5295; x_wconf 85' lang='lat' dir='ltr'>assumptus,</span> <span class='ocrx_word' id='word_1_800' title='bbox 919 5248 938 5273; x_wconf 76' lang='grc' dir='ltr'><strong>η</strong></span> <span class='ocrx_word' id='word_1_801' title='bbox 978 5227 1080 5280; x_wconf 91' lang='lat' dir='ltr'>hoc</span> <span class='ocrx_word' id='word_1_802' title='bbox 1108 5242 1404 5283; x_wconf 85' lang='lat' dir='ltr'>commune</span> <span class='ocrx_word' id='word_1_803' title='bbox 1432 5234 1521 5281; x_wconf 90' lang='lat' dir='ltr'>est</span> <span class='ocrx_word' id='word_1_804' title='bbox 1551 5228 1791 5282; x_wconf 88' lang='lat' dir='ltr'>Christo.</span> 
     </span>
    </p>
   </div>
   <div class='ocr_carea' id='block_1_91' title="bbox 215 5310 1793 5386">
    <p class='ocr_par' dir='ltr' id='par_1_91' title="bbox 215 5310 1793 5386">
     <span class='ocr_line' id='line_1_91' title="bbox 215 5310 1793 5386; baseline 0.004 -23"><span class='ocrx_word' id='word_1_805' title='bbox 215 5328 235 5355; x_wconf 73' lang='grc' dir='ltr'><strong><em>ει</em></strong></span> <span class='ocrx_word' id='word_1_806' title='bbox 249 5310 351 5364; x_wconf 85' lang='lat' dir='ltr'>Pro</span> <span class='ocrx_word' id='word_1_807' title='bbox 372 5312 697 5369; x_wconf 87' lang='lat' dir='ltr'>hominibus</span> <span class='ocrx_word' id='word_1_808' title='bbox 707 5314 1279 5369; x_wconf 76' lang='lat' dir='ltr'>constituitur.«Etad</span> <span class='ocrx_word' id='word_1_809' title='bbox 1296 5316 1399 5370; x_wconf 90' lang='lat' dir='ltr'>hoc</span> <span class='ocrx_word' id='word_1_810' title='bbox 1409 5316 1649 5386; x_wconf 63' lang='lat' dir='ltr'>[Latiam</span> <span class='ocrx_word' id='word_1_811' title='bbox 1671 5318 1793 5385; x_wconf 91' lang='lat' dir='ltr'>hoc]</span> 
     </span>
    </p>
   </div>
   <div class='ocr_carea' id='block_1_92' title="bbox 218 5400 1789 5475">
    <p class='ocr_par' dir='ltr' id='par_1_92' title="bbox 218 5400 1789 5475">
     <span class='ocr_line' id='line_1_92' title="bbox 218 5400 1789 5475; baseline 0.003 -21"><span class='ocrx_word' id='word_1_812' title='bbox 218 5420 235 5441; x_wconf 68' lang='grc' dir='ltr'>ει</span> <span class='ocrx_word' id='word_1_813' title='bbox 270 5400 339 5454; x_wconf 66' lang='grc' dir='ltr'>ω</span> <span class='ocrx_word' id='word_1_814' title='bbox 361 5402 563 5456; x_wconf 68' lang='lat' dir='ltr'>offerat</span> <span class='ocrx_word' id='word_1_815' title='bbox 579 5403 727 5459; x_wconf 83' lang='lat' dir='ltr'>dona</span> <span class='ocrx_word' id='word_1_816' title='bbox 744 5410 802 5458; x_wconf 89' lang='lat' dir='ltr'>et</span> <span class='ocrx_word' id='word_1_817' title='bbox 831 5403 1103 5459; x_wconf 84' lang='lat' dir='ltr'>sacriﬁcia</span> <span class='ocrx_word' id='word_1_818' title='bbox 1128 5422 1230 5475; x_wconf 91' lang='lat' dir='ltr'>pro</span> <span class='ocrx_word' id='word_1_819' title='bbox 1247 5406 1503 5475; x_wconf 88' lang='lat' dir='ltr'>peccatis.</span> <span class='ocrx_word' id='word_1_820' title='bbox 1532 5426 1555 5455; x_wconf 82' lang='lat'><strong>»</strong></span> <span class='ocrx_word' id='word_1_821' title='bbox 1581 5406 1648 5460; x_wconf 91' lang='lat' dir='ltr'>Et</span> <span class='ocrx_word' id='word_1_822' title='bbox 1668 5406 1789 5471; x_wconf 89' lang='lat' dir='ltr'>hoc,</span> 
     </span>
    </p>
   </div>
   <div class='ocr_carea' id='block_1_93' title="bbox 211 5489 1791 5565">
    <p class='ocr_par' dir='ltr' id='par_1_93' title="bbox 211 5489 1791 5565">
     <span class='ocr_line' id='line_1_93' title="bbox 211 5489 1791 5565; baseline 0.004 -23"><span class='ocrx_word' id='word_1_823' title='bbox 211 5489 301 5543; x_wconf 62' lang='lat' dir='ltr'>sed</span> <span class='ocrx_word' id='word_1_824' title='bbox 320 5506 432 5545; x_wconf 90' lang='lat' dir='ltr'>non</span> <span class='ocrx_word' id='word_1_825' title='bbox 444 5496 624 5551; x_wconf 77' lang='lat' dir='ltr'>totum</span> <span class='ocrx_word' id='word_1_826' title='bbox 633 5493 867 5565; x_wconf 83' lang='lat' dir='ltr'>.reliqua</span> <span class='ocrx_word' id='word_1_827' title='bbox 884 5510 1014 5547; x_wconf 81' lang='lat' dir='ltr'>vero</span> <span class='ocrx_word' id='word_1_828' title='bbox 1035 5510 1146 5549; x_wconf 87' lang='lat' dir='ltr'>non</span> <span class='ocrx_word' id='word_1_829' title='bbox 1157 5500 1289 5548; x_wconf 89' lang='lat' dir='ltr'>sunt</span> <span class='ocrx_word' id='word_1_830' title='bbox 1304 5494 1642 5550; x_wconf 84' lang='lat' dir='ltr'>communia.</span> <span class='ocrx_word' id='word_1_831' title='bbox 1654 5495 1791 5559; x_wconf 70' lang='grc' dir='ltr'>ιριιί</span> 
     </span>
    </p>
   </div>
   <div class='ocr_carea' id='block_1_94' title="bbox 212 5579 1793 5654">
    <p class='ocr_par' dir='ltr' id='par_1_94' title="bbox 212 5579 1793 5654">
     <span class='ocr_line' id='line_1_94' title="bbox 212 5579 1793 5654; baseline 0.004 -21"><span class='ocrx_word' id='word_1_832' title='bbox 212 5592 237 5633; x_wconf 70' lang='lat' dir='ltr'>,I</span> <span class='ocrx_word' id='word_1_833' title='bbox 266 5579 561 5637; x_wconf 77' lang='lat' dir='ltr'>condolere</span> <span class='ocrx_word' id='word_1_834' title='bbox 588 5583 767 5654; x_wconf 78' lang='lat' dir='ltr'>possit</span> <span class='ocrx_word' id='word_1_835' title='bbox 788 5582 882 5639; x_wconf 79' lang='lat' dir='ltr'>his</span> <span class='ocrx_word' id='word_1_836' title='bbox 909 5582 1006 5653; x_wconf 86' lang='lat' dir='ltr'>qui</span> <span class='ocrx_word' id='word_1_837' title='bbox 1031 5583 1304 5654; x_wconf 77' lang='lat' dir='ltr'>ignorant</span> <span class='ocrx_word' id='word_1_838' title='bbox 1319 5590 1379 5639; x_wconf 86' lang='lat' dir='ltr'>et</span> <span class='ocrx_word' id='word_1_839' title='bbox 1404 5588 1613 5647; x_wconf 77' lang='lat' dir='ltr'>errant.</span> <span class='ocrx_word' id='word_1_840' title='bbox 1637 5602 1663 5636; x_wconf 84' lang='lat'><strong><em>»</em></strong></span> <span class='ocrx_word' id='word_1_841' title='bbox 1689 5583 1793 5639; x_wconf 84' lang='lat' dir='ltr'>Hic</span> 
     </span>
    </p>
   </div>
   <div class='ocr_carea' id='block_1_95' title="bbox 1876 4510 3472 4585">
    <p class='ocr_par' dir='ltr' id='par_1_95' title="bbox 1876 4510 3472 4585">
     <span class='ocr_line' id='line_1_95' title="bbox 1876 4510 3472 4585; baseline -0.002 -19"><span class='ocrx_word' id='word_1_842' title='bbox 1876 4514 2064 4585; x_wconf 87' lang='lat' dir='ltr'>prium</span> <span class='ocrx_word' id='word_1_843' title='bbox 2090 4533 2101 4580; x_wconf 86' lang='lat'><strong>;</strong></span> <span class='ocrx_word' id='word_1_844' title='bbox 2138 4515 2611 4584; x_wconf 88' lang='lat' dir='ltr'>quemadmodum</span> <span class='ocrx_word' id='word_1_845' title='bbox 2643 4520 2699 4567; x_wconf 91' lang='lat' dir='ltr'>et</span> <span class='ocrx_word' id='word_1_846' title='bbox 2731 4514 2791 4566; x_wconf 89' lang='lat' dir='ltr'>in</span> <span class='ocrx_word' id='word_1_847' title='bbox 2821 4513 2929 4569; x_wconf 80' lang='lat' dir='ltr'>alio</span> <span class='ocrx_word' id='word_1_848' title='bbox 2952 4513 3071 4567; x_wconf 90' lang='lat' dir='ltr'>loco</span> <span class='ocrx_word' id='word_1_849' title='bbox 3102 4510 3237 4565; x_wconf 87' lang='lat' dir='ltr'>dicit</span> <span class='ocrx_word' id='word_1_850' title='bbox 3270 4528 3279 4562; x_wconf 93' lang='lat'>:</span> <span class='ocrx_word' id='word_1_851' title='bbox 3323 4530 3344 4560; x_wconf 73' lang='grc' dir='ltr'><strong>ε</strong></span> <span class='ocrx_word' id='word_1_852' title='bbox 3387 4512 3472 4565; x_wconf 88' lang='lat' dir='ltr'>Tu</span> 
     </span>
    </p>
   </div>
   <div class='ocr_carea' id='block_1_96' title="bbox 1878 4599 3472 4663">
    <p class='ocr_par' dir='ltr' id='par_1_96' title="bbox 1878 4599 3472 4663">
     <span class='ocr_line' id='line_1_96' title="bbox 1878 4599 3472 4663; baseline -0.002 -6"><span class='ocrx_word' id='word_1_853' title='bbox 1878 4620 1937 4657; x_wconf 86' lang='lat' dir='ltr'>es</span> <span class='ocrx_word' id='word_1_854' title='bbox 1951 4604 2211 4657; x_wconf 85' lang='lat' dir='ltr'>sacerdos</span> <span class='ocrx_word' id='word_1_855' title='bbox 2232 4604 2289 4657; x_wconf 89' lang='lat' dir='ltr'>in</span> <span class='ocrx_word' id='word_1_856' title='bbox 2313 4608 2415 4658; x_wconf 61' lang='lat' dir='ltr'>tete</span> <span class='ocrx_word' id='word_1_857' title='bbox 2422 4620 2523 4657; x_wconf 90' lang='lat' dir='ltr'>rnu</span> <span class='ocrx_word' id='word_1_858' title='bbox 2532 4619 2584 4655; x_wconf 91' lang='lat' dir='ltr'>m</span> <span class='ocrx_word' id='word_1_859' title='bbox 2596 4602 2799 4663; x_wconf 86' lang='lat' dir='ltr'>secund</span> <span class='ocrx_word' id='word_1_860' title='bbox 2808 4618 2902 4655; x_wconf 90' lang='lat' dir='ltr'>um</span> <span class='ocrx_word' id='word_1_861' title='bbox 2917 4600 3172 4659; x_wconf 88' lang='lat' dir='ltr'>ordinem</span> <span class='ocrx_word' id='word_1_862' title='bbox 3185 4599 3472 4654; x_wconf 88' lang='lat' dir='ltr'>Melchise-</span> 
     </span>
    </p>
   </div>
   <div class='ocr_carea' id='block_1_97' title="bbox 1877 4689 3467 4759">
    <p class='ocr_par' dir='ltr' id='par_1_97' title="bbox 1877 4689 3467 4759">
     <span class='ocr_line' id='line_1_97' title="bbox 1877 4689 3467 4759; baseline -0.004 -12"><span class='ocrx_word' id='word_1_863' title='bbox 1877 4692 2012 4747; x_wconf 87' lang='lat' dir='ltr'>dech</span> <span class='ocrx_word' id='word_1_864' title='bbox 2046 4694 2209 4759; x_wconf 72' lang='lat' dir='ltr'>(Psal.</span> <span class='ocrx_word' id='word_1_865' title='bbox 2243 4698 2370 4754; x_wconf 69' lang='lat' dir='ltr'>cxx).</span> <span class='ocrx_word' id='word_1_866' title='bbox 2418 4714 2441 4739; x_wconf 88' lang='lat'>»</span> <span class='ocrx_word' id='word_1_867' title='bbox 2488 4690 2889 4745; x_wconf 87' lang='lat' dir='ltr'>Melchisedech</span> <span class='ocrx_word' id='word_1_868' title='bbox 2919 4689 3228 4746; x_wconf 87' lang='lat' dir='ltr'>secundum</span> <span class='ocrx_word' id='word_1_869' title='bbox 3252 4689 3467 4757; x_wconf 85' lang='lat' dir='ltr'>legalia</span> 
     </span>
    </p>
   </div>
   <div class='ocr_carea' id='block_1_98' title="bbox 1877 4779 3470 4850">
    <p class='ocr_par' dir='ltr' id='par_1_98' title="bbox 1877 4779 3470 4850">
     <span class='ocr_line' id='line_1_98' title="bbox 1877 4779 3470 4850; baseline 0.001 -16"><span class='ocrx_word' id='word_1_870' title='bbox 1877 4781 2144 4837; x_wconf 86' lang='lat' dir='ltr'>mandata</span> <span class='ocrx_word' id='word_1_871' title='bbox 2170 4798 2282 4834; x_wconf 88' lang='lat' dir='ltr'>non</span> <span class='ocrx_word' id='word_1_872' title='bbox 2302 4780 2409 4835; x_wconf 88' lang='lat' dir='ltr'>fuit</span> <span class='ocrx_word' id='word_1_873' title='bbox 2434 4781 2713 4845; x_wconf 85' lang='lat' dir='ltr'>sacerdos,</span> <span class='ocrx_word' id='word_1_874' title='bbox 2732 4780 2829 4833; x_wconf 91' lang='lat' dir='ltr'>sed</span> <span class='ocrx_word' id='word_1_875' title='bbox 2850 4779 3157 4837; x_wconf 84' lang='lat' dir='ltr'>secundum</span> <span class='ocrx_word' id='word_1_876' title='bbox 3176 4779 3470 4850; x_wconf 83' lang='lat' dir='ltr'>cujusdam</span> 
     </span>
    </p>
   </div>
   <div class='ocr_carea' id='block_1_99' title="bbox 1878 4869 3471 4939">
    <p class='ocr_par' dir='ltr' id='par_1_99' title="bbox 1878 4869 3471 4939">
     <span class='ocr_line' id='line_1_99' title="bbox 1878 4869 3471 4939; baseline 0 -18"><span class='ocrx_word' id='word_1_877' title='bbox 1878 4869 2180 4938; x_wconf 85' lang='lat' dir='ltr'>singularis</span> <span class='ocrx_word' id='word_1_878' title='bbox 2235 4870 2528 4927; x_wconf 82' lang='lat' dir='ltr'>sacerdotii</span> <span class='ocrx_word' id='word_1_879' title='bbox 2585 4869 2938 4938; x_wconf 84' lang='lat' dir='ltr'>dignitatem,</span> <span class='ocrx_word' id='word_1_880' title='bbox 2986 4886 3187 4939; x_wconf 88' lang='lat' dir='ltr'>panem</span> <span class='ocrx_word' id='word_1_881' title='bbox 3234 4870 3471 4925; x_wconf 74' lang='lat' dir='ltr'>olferens</span> 
     </span>
    </p>
   </div>
   <div class='ocr_carea' id='block_1_100' title="bbox 1880 4950 3466 5025">
    <p class='ocr_par' dir='ltr' id='par_1_100' title="bbox 1880 4950 3466 5025">
     <span class='ocr_line' id='line_1_100' title="bbox 1880 4950 3466 5025; baseline 0.001 -14"><span class='ocrx_word' id='word_1_882' title='bbox 1880 4958 1994 5013; x_wconf 90' lang='lat' dir='ltr'>Deo</span> <span class='ocrx_word' id='word_1_883' title='bbox 2011 4964 2068 5011; x_wconf 83' lang='lat' dir='ltr'>et</span> <span class='ocrx_word' id='word_1_884' title='bbox 2094 4958 2303 5023; x_wconf 91' lang='lat' dir='ltr'>vinum,</span> <span class='ocrx_word' id='word_1_885' title='bbox 2320 4975 2434 5011; x_wconf 87' lang='lat' dir='ltr'>non</span> <span class='ocrx_word' id='word_1_886' title='bbox 2454 4958 2747 5015; x_wconf 87' lang='lat' dir='ltr'>brutorum</span> <span class='ocrx_word' id='word_1_887' title='bbox 2759 4950 3090 5015; x_wconf 84' lang='lat' dir='ltr'>animalium</span> <span class='ocrx_word' id='word_1_888' title='bbox 3112 4958 3466 5025; x_wconf 81' lang='lat' dir='ltr'>sanguinem,</span> 
     </span>
    </p>
   </div>
   <div class='ocr_carea' id='block_1_101' title="bbox 1874 5047 3471 5117">
    <p class='ocr_par' dir='ltr' id='par_1_101' title="bbox 1874 5047 3471 5117">
     <span class='ocr_line' id='line_1_101' title="bbox 1874 5047 3471 5117; baseline 0.001 -15"><span class='ocrx_word' id='word_1_889' title='bbox 1874 5047 1935 5103; x_wconf 83' lang='lat' dir='ltr'>in</span> <span class='ocrx_word' id='word_1_890' title='bbox 1965 5049 2126 5117; x_wconf 85' lang='lat' dir='ltr'>cujus</span> <span class='ocrx_word' id='word_1_891' title='bbox 2155 5047 2408 5101; x_wconf 86' lang='lat' dir='ltr'>ordinem</span> <span class='ocrx_word' id='word_1_892' title='bbox 2433 5047 2727 5101; x_wconf 86' lang='lat' dir='ltr'>sacerdotii</span> <span class='ocrx_word' id='word_1_893' title='bbox 2758 5048 3013 5102; x_wconf 87' lang='lat' dir='ltr'>Christus</span> <span class='ocrx_word' id='word_1_894' title='bbox 3055 5047 3231 5101; x_wconf 73' lang='lat' dir='ltr'>tactus</span> <span class='ocrx_word' id='word_1_895' title='bbox 3278 5051 3364 5101; x_wconf 85' lang='lat' dir='ltr'>est</span> <span class='ocrx_word' id='word_1_896' title='bbox 3384 5062 3471 5103; x_wconf 76' lang='lat' dir='ltr'>sa-</span> 
     </span>
    </p>
   </div>
   <div class='ocr_carea' id='block_1_102' title="bbox 1878 5135 3467 5207">
    <p class='ocr_par' dir='ltr' id='par_1_102' title="bbox 1878 5135 3467 5207">
     <span class='ocr_line' id='line_1_102' title="bbox 1878 5135 3467 5207; baseline 0.001 -18"><span class='ocrx_word' id='word_1_897' title='bbox 1878 5137 2091 5201; x_wconf 89' lang='lat' dir='ltr'>cerdos,</span> <span class='ocrx_word' id='word_1_898' title='bbox 2124 5154 2233 5190; x_wconf 89' lang='lat' dir='ltr'>non</span> <span class='ocrx_word' id='word_1_899' title='bbox 2265 5137 2609 5207; x_wconf 83' lang='lat' dir='ltr'>temporalis,</span> <span class='ocrx_word' id='word_1_900' title='bbox 2643 5137 2740 5190; x_wconf 88' lang='lat' dir='ltr'>sed</span> <span class='ocrx_word' id='word_1_901' title='bbox 2770 5143 3032 5191; x_wconf 73' lang='lat' dir='ltr'>aeternus.</span> <span class='ocrx_word' id='word_1_902' title='bbox 3059 5136 3141 5189; x_wconf 81' lang='lat' dir='ltr'>Ad</span> <span class='ocrx_word' id='word_1_903' title='bbox 3175 5151 3340 5204; x_wconf 90' lang='lat' dir='ltr'>quem</span> <span class='ocrx_word' id='word_1_904' title='bbox 3364 5135 3467 5191; x_wconf 76' lang='lat' dir='ltr'>hcc</span> 
     </span>
    </p>
   </div>
   <div class='ocr_carea' id='block_1_103' title="bbox 1877 5223 3469 5281">
    <p class='ocr_par' dir='ltr' id='par_1_103' title="bbox 1877 5223 3469 5281">
     <span class='ocr_line' id='line_1_103' title="bbox 1877 5223 3469 5281; baseline -0.001 0"><span class='ocrx_word' id='word_1_905' title='bbox 1877 5226 2087 5281; x_wconf 89' lang='lat' dir='ltr'>dictum</span> <span class='ocrx_word' id='word_1_906' title='bbox 2118 5230 2234 5278; x_wconf 90' lang='lat' dir='ltr'>est:</span> <span class='ocrx_word' id='word_1_907' title='bbox 2263 5245 2285 5272; x_wconf 75' lang='grc' dir='ltr'><strong><em>α</em></strong></span> <span class='ocrx_word' id='word_1_908' title='bbox 2316 5226 2399 5279; x_wconf 89' lang='lat' dir='ltr'>Tu</span> <span class='ocrx_word' id='word_1_909' title='bbox 2420 5243 2479 5279; x_wconf 91' lang='lat' dir='ltr'>es</span> <span class='ocrx_word' id='word_1_910' title='bbox 2508 5226 2767 5280; x_wconf 85' lang='lat' dir='ltr'>sacerdos</span> <span class='ocrx_word' id='word_1_911' title='bbox 2790 5225 2846 5278; x_wconf 90' lang='lat' dir='ltr'>in</span> <span class='ocrx_word' id='word_1_912' title='bbox 2866 5231 3140 5278; x_wconf 81' lang='lat' dir='ltr'>aeternum</span> <span class='ocrx_word' id='word_1_913' title='bbox 3163 5223 3469 5279; x_wconf 85' lang='lat' dir='ltr'>secundum</span> 
     </span>
    </p>
   </div>
   <div class='ocr_carea' id='block_1_104' title="bbox 1876 5311 3472 5381">
    <p class='ocr_par' dir='ltr' id='par_1_104' title="bbox 1876 5311 3472 5381">
     <span class='ocr_line' id='line_1_104' title="bbox 1876 5311 3472 5381; baseline -0.002 -13"><span class='ocrx_word' id='word_1_914' title='bbox 1876 5314 2132 5369; x_wconf 90' lang='lat' dir='ltr'>ordinem</span> <span class='ocrx_word' id='word_1_915' title='bbox 2164 5314 2583 5368; x_wconf 86' lang='lat' dir='ltr'>Melchisedech.</span> <span class='ocrx_word' id='word_1_916' title='bbox 2606 5334 2629 5363; x_wconf 83' lang='lat'><em>»</em></span> <span class='ocrx_word' id='word_1_917' title='bbox 2660 5314 2871 5369; x_wconf 87' lang='lat' dir='ltr'>Omnes</span> <span class='ocrx_word' id='word_1_918' title='bbox 2890 5312 3038 5365; x_wconf 89' lang='lat' dir='ltr'>enim</span> <span class='ocrx_word' id='word_1_919' title='bbox 3060 5311 3160 5365; x_wconf 90' lang='lat' dir='ltr'>sub</span> <span class='ocrx_word' id='word_1_920' title='bbox 3173 5311 3294 5381; x_wconf 84' lang='lat' dir='ltr'>lege</span> <span class='ocrx_word' id='word_1_921' title='bbox 3308 5318 3472 5369; x_wconf 87' lang='lat' dir='ltr'>erant</span> 
     </span>
    </p>
   </div>
   <div class='ocr_carea' id='block_1_105' title="bbox 1876 5401 3469 5465">
    <p class='ocr_par' dir='ltr' id='par_1_105' title="bbox 1876 5401 3469 5465">
     <span class='ocr_line' id='line_1_105' title="bbox 1876 5401 3469 5465; baseline -0.003 -6"><span class='ocrx_word' id='word_1_922' title='bbox 1876 5404 2212 5465; x_wconf 81' lang='lat' dir='ltr'>sacerdotes,</span> <span class='ocrx_word' id='word_1_923' title='bbox 2234 5403 2340 5457; x_wconf 84' lang='lat' dir='ltr'>iste</span> <span class='ocrx_word' id='word_1_924' title='bbox 2370 5404 2550 5456; x_wconf 90' lang='lat' dir='ltr'>solum</span> <span class='ocrx_word' id='word_1_925' title='bbox 2579 5403 2887 5457; x_wconf 88' lang='lat' dir='ltr'>secundum</span> <span class='ocrx_word' id='word_1_926' title='bbox 2911 5401 3164 5455; x_wconf 88' lang='lat' dir='ltr'>ordinem</span> <span class='ocrx_word' id='word_1_927' title='bbox 3184 5401 3469 5456; x_wconf 82' lang='lat' dir='ltr'>Melchise-</span> 
     </span>
    </p>
   </div>
   <div class='ocr_carea' id='block_1_106' title="bbox 1876 5491 3467 5563">
    <p class='ocr_par' dir='ltr' id='par_1_106' title="bbox 1876 5491 3467 5563">
     <span class='ocr_line' id='line_1_106' title="bbox 1876 5491 3467 5563; baseline -0.002 -14"><span class='ocrx_word' id='word_1_928' title='bbox 1876 5493 2033 5555; x_wconf 84' lang='lat' dir='ltr'>dech,</span> <span class='ocrx_word' id='word_1_929' title='bbox 2068 5508 2135 5545; x_wconf 83' lang='lat' dir='ltr'>ex</span> <span class='ocrx_word' id='word_1_930' title='bbox 2165 5509 2231 5546; x_wconf 89' lang='lat' dir='ltr'>eo</span> <span class='ocrx_word' id='word_1_931' title='bbox 2262 5493 2409 5563; x_wconf 88' lang='lat' dir='ltr'>quod</span> <span class='ocrx_word' id='word_1_932' title='bbox 2439 5498 2605 5549; x_wconf 81' lang='lat' dir='ltr'>natus</span> <span class='ocrx_word' id='word_1_933' title='bbox 2633 5498 2720 5546; x_wconf 90' lang='lat' dir='ltr'>est</span> <span class='ocrx_word' id='word_1_934' title='bbox 2739 5492 2808 5545; x_wconf 90' lang='lat' dir='ltr'>de</span> <span class='ocrx_word' id='word_1_935' title='bbox 2851 5496 3009 5546; x_wconf 89' lang='lat' dir='ltr'>utero</span> <span class='ocrx_word' id='word_1_936' title='bbox 3040 5491 3299 5561; x_wconf 80' lang='lat' dir='ltr'>virginali</span> <span class='ocrx_word' id='word_1_937' title='bbox 3335 5496 3467 5547; x_wconf 81' lang='lat' dir='ltr'>ante</span> 
     </span>
    </p>
   </div>
   <div class='ocr_carea' id='block_1_107' title="bbox 1874 5579 3463 5657">
    <p class='ocr_par' dir='ltr' id='par_1_107' title="bbox 1874 5579 3463 5657">
     <span class='ocr_line' id='line_1_107' title="bbox 1874 5579 3463 5657; baseline -0.001 -18"><span class='ocrx_word' id='word_1_938' title='bbox 1874 5581 2220 5648; x_wconf 75' lang='lat' dir='ltr'>Luciferum;</span> <span class='ocrx_word' id='word_1_939' title='bbox 2236 5598 2347 5639; x_wconf 87' lang='lat' dir='ltr'>non</span> <span class='ocrx_word' id='word_1_940' title='bbox 2356 5581 2669 5641; x_wconf 83' lang='lat' dir='ltr'>secundum</span> <span class='ocrx_word' id='word_1_941' title='bbox 2683 5581 2742 5637; x_wconf 83' lang='lat' dir='ltr'>id</span> <span class='ocrx_word' id='word_1_942' title='bbox 2752 5581 2900 5652; x_wconf 82' lang='lat' dir='ltr'>quod</span> <span class='ocrx_word' id='word_1_943' title='bbox 2924 5586 3088 5641; x_wconf 82' lang='lat' dir='ltr'>natus</span> <span class='ocrx_word' id='word_1_944' title='bbox 3102 5586 3193 5635; x_wconf 82' lang='lat' dir='ltr'>est</span> <span class='ocrx_word' id='word_1_945' title='bbox 3210 5596 3277 5639; x_wconf 83' lang='lat' dir='ltr'>ex</span> <span class='ocrx_word' id='word_1_946' title='bbox 3292 5579 3463 5657; x_wconf 77' lang='lat' dir='ltr'>Patre</span> 
     </span>
    </p>
   </div>
  </div>
