3866 6158
409 276 508 331 743
995 277 1058 330 Β.
1101 273 1373 328 ΒΑΒΑΝΙ
1411 271 1644 326 MAURI
1693 265 2027 327 ARCHIEP.

2111 271 2394 329 [OGUNT.
2439 275 2736 332 OPERUM
2774 276 2958 330 PARS
2994 276 3090 330 ΙΙΙ.
3533 279 3614 332 744

408 401 556 454 Deus
584 399 731 470 apud
763 400 1019 462 Patrem;
1051 403 1358 451 coaeternus
1400 395 1656 466 gignenti
1687 401 1744 450 et
1769 395 2244 460 consub-Adere,
2277 417 2390 453 non
2409 400 2612 456 timore
2641 401 2856 462 mortis,
2891 401 2989 454 sed
3015 406 3213 454 nostrae
3239 417 3396 455 causa
3423 402 3618 465 salutis;

409 489 703 552 stantialis,
739 487 836 540 sed
866 487 1125 540 sacerdos
1158 491 1387 556 propter
1433 502 1679 549 carnem,
1717 503 1887 556 quam
1919 503 2004 539 as-
2084 487 2235 541 unde
2257 495 2314 541 et
2333 489 2442 542 alio
2466 490 2584 544 loco
2617 489 2788 544 etiam
2814 489 2952 543 dicit
2986 491 3161 546 (Hebr.
3195 493 3305 558 xu),
3335 491 3622 560 sanguinem

409 576 664 646 sumpsit,
713 581 812 629 aut
857 581 1088 646 propter
1117 575 1418 639 victimam,
1467 591 1636 644 quam
1693 591 1794 644 pro
1843 573 2004 628 nobis
2087 576 2295 630 Christi
2324 578 2526 632 melius
2556 579 2826 632 clamasse
2849 595 2949 648 pro
2969 577 3129 631 nobis
3152 595 3314 648 quam
3336 579 3626 648 sanguinem

409 665 676 719 offerebat
695 681 728 718 a
757 664 916 718 nobis
951 669 1288 735 susceptam,
1323 663 1377 716 id
1410 669 1509 722 est.
1542 680 1766 717 carnem
1791 670 1849 716 et
1879 681 2004 716 san-
2085 665 2242 732 Abel,
2275 667 2370 736 qui
2399 667 2469 721 ad
2500 668 2844 721 causandum
2874 667 3183 720 fraternum
3212 667 3383 721 scelus
3407 667 3468 720 de
3492 672 3622 721 terra

407 755 632 824 guinem
656 771 851 807 suum:
877 754 946 806 de
965 771 1075 822 qua
1095 753 1322 807 victima
1343 752 1534 822 ipsein
1567 752 1865 822 Evangelio
1888 753 1998 806 ait:
2087 755 2346 809 clamavit
2376 757 2525 822 (Gen.
2559 757 2633 826 1v)
2655 775 2666 823 ;
2698 756 2904 810 Christi
2931 773 3058 808 vero
3079 755 3302 825 sanguis
3321 755 3387 808 ad
3408 755 3629 827 interpel-

415 863 436 894 α
471 843 590 896 Nisi
624 843 1091 896 manducaveritis
1115 859 1339 896 carnem
1369 841 1495 894 Filii
1531 839 1794 904 hominis,
1831 847 1888 894 et
1917 841 2003 893 bi-
2085 845 2315 897 landum
2349 862 2448 914 pro
2479 845 2640 899 nobis
2670 847 2738 899 de
2765 851 2920 900 terra
2949 845 3154 898 clamat
3179 845 3248 898 ad
3277 845 3500 898 Patrem.
3525 863 3544 895 (Α
3575 845 3629 899 Et

408 932 604 985 beritis
651 933 774 1002 ejus
834 931 1185 1002 sanguinem,
1236 946 1346 984 nun
1403 929 1684 983 habebitis
1726 930 1898 984 vitam
1947 930 2002 983 in
2091 951 2114 982 (ί
2143 933 2368 1002 quidem
2387 949 2515 986 cum
2537 939 2685 987 esset
2701 933 2874 988 Filius
2902 933 3300 999 Dei,didicitex
3312 931 3392 985 his
3406 949 3513 1002 qua:
3530 950 3630 1002 pas-

407 1021 562 1093 vobis
595 1025 768 1083 (Joan.
804 1025 898 1088 vi).
936 1041 960 1072 ››
997 1021 1104 1074 Sed
1151 1021 1210 1074 in
1261 1019 1371 1072 ista
1414 1036 1579 1072 carne
1617 1036 1682 1072 ac
1709 1019 2000 1089 sanguine,
2091 1027 2325 1075 «susest
2339 1021 2714 1076 obedientiam
2728 1021 3630 1076 etconsummatusfactusomnibus

410 1110 490 1164 nil
523 1115 840 1176 cruentum,
877 1110 953 1162 nil
995 1109 1356 1180 corruptibile
1388 1125 1546 1162 mens
1591 1110 1840 1162 humana
1872 1125 2004 1162 con-
2092 1128 2118 1160 (ι.
2151 1109 2666 1181 obtemperantibus
2687 1111 2790 1164 sibi
2810 1109 3633 1179 causasalutisa2ternae,appella-

368 1257 376 1262 ,
411 1199 600 1270 cipiat,
634 1217 720 1261 ne,
738 1199 882 1252 sicut
910 1199 1047 1252 dicit
1071 1198 1372 1268 Apostolus
1399 1216 1409 1249 :
1437 1216 1464 1248 ((
1497 1197 1602 1260 Qui
1627 1198 1775 1251 enim
1807 1214 2006 1268 corpus
2093 1217 2117 1249 «
2149 1205 2242 1252 tus
2269 1217 2302 1252 a
2331 1201 2445 1254 Deo
2470 1199 2716 1271 pontifex
2731 1200 2893 1270 juxta
2921 1199 3178 1254 ordinem
3205 1198 3632 1253 Melchisedech.»

411 1288 636 1347 Domini
666 1289 891 1358 indigne
917 1288 1239 1352 manducat,
1269 1286 1547 1356 judicium
1577 1286 1680 1340 sibi
1707 1287 2008 1340 manducat
2089 1289 2168 1342 De
2198 1288 2565 1344 similitudine
2597 1289 2951 1360 pontiﬁcatus
2979 1288 3381 1342 Melchisedech
3417 1288 3634 1357 superius

411 1377 467 1447 (Ι
497 1378 617 1431 (1"or.
657 1383 730 1444 xx)
771 1399 821 1442 ι),
857 1377 950 1430 sed
983 1375 1396 1429 viviﬁcatricem
1429 1375 1800 1430 substantiam
1841 1382 2008 1446 atque
2090 1378 2226 1432 satis
2257 1377 2466 1432 dictum
2490 1377 2751 1442 arbitror,
2783 1395 2932 1431 nunc
2956 1377 3247 1431 videamus
3277 1376 3405 1448 quid
3429 1376 3536 1429 vult
3565 1376 3636 1430 in-

413 1467 718 1519 salutarem
759 1466 816 1519 in
839 1483 982 1536 pane
1009 1472 1066 1518 et
1097 1465 1243 1530 vino,
1287 1482 1386 1534 per
1415 1481 1604 1534 quam,
1643 1465 1690 1518 si
1722 1465 1891 1534 digne
1920 1481 2010 1517 su-
2090 1467 2266 1536 telligi
2289 1468 2589 1537 Apostolus
2610 1467 2668 1520 in
2691 1484 2756 1520 eo
2769 1467 2918 1537 quod
2947 1467 3057 1520 ait:
3088 1485 3113 1515 ί(
3146 1465 3392 1530 Quicum
3421 1471 3552 1518 esset
3571 1465 3638 1518 Fi-

415 1555 776 1619 mitur,nobis
787 1559 868 1608 est
885 1559 1235 1624 peccatorum
1255 1553 1511 1606 remissio
1527 1558 1584 1606 et
1595 1553 1863 1624 regniDei
1879 1571 2010 1623 pos-
2088 1555 2196 1608 lius
2219 1555 2318 1609 Dei
2338 1555 2534 1609 didicit
2547 1574 2614 1609 ex
2631 1557 2720 1610 his
2750 1573 2872 1626 quze
2892 1572 3090 1626 passus
3115 1559 3201 1608 est
3219 1553 3589 1618 obedientiam;
3619 1573 3636 1601 γι

415 1644 588 1698 sessio
609 1644 1018 1712 collata.Hujus
1047 1642 1299 1696 ordinem
1323 1641 1581 1695 sacriﬁcii
1603 1659 1704 1712 per
1717 1642 2034 1715 mysticam,
2090 1644 2837 1715 hanc‘obedientiam.quam
2856 1645 2948 1698 hic
2968 1644 3230 1698 didicisse
3251 1643 3444 1697 Filium
3461 1643 3549 1696 Dei
3573 1641 3641 1696 di-

415 1732 1255 1786 similitudinemMelchisedech
1264 1731 1613 1800 justissimus
1631 1731 2002 1796 rexinstituit,
2023 1714 2070 1774 B
2091 1734 2186 1797 cit,
2221 1735 2325 1786 hoc
2353 1739 2455 1800 est,
2489 1733 2801 1787 voluntarie
2831 1733 3160 1804 suscepisse,
3179 1732 3287 1785 alio
3316 1747 3519 1802 quoque
3547 1731 3642 1784 loco

418 1822 641 1892 quando
663 1821 901 1874 Domino
919 1820 1080 1892 panis
1103 1826 1159 1874 et
1179 1820 1291 1874 vini
1319 1820 1530 1874 fructus
1550 1819 2014 1874 obtulit.Constat
2093 1823 2354 1886 ostendit,
2386 1823 2482 1876 ubi
2514 1823 2596 1876 ait
2621 1841 2632 1876 :
2661 1841 2686 1873 ε(
2717 1823 2920 1876 Factus
2941 1827 3029 1876 est
3049 1822 3312 1876 obediens
3329 1820 3472 1874 Patri
3499 1835 3642 1889 usque

419 1911 691 1982 pecudum
721 1910 1004 1963 victimam
1025 1911 1144 1980 jam
1178 1909 1584 1980 periisse,'quze
1613 1909 1842 1962 fuerunt
1869 1909 2014 1962 ordi-
2095 1912 2164 1965 ad
2195 1917 2455 1972 mortem,
2491 1917 2728 1965 mortem
2759 1917 2948 1965 autem
2969 1911 3168 1977 crucis,
3207 1915 3428 1980 propter
3458 1908 3585 1980 quod
3601 1913 3644 1960 et

418 1999 505 2053 nis
542 2001 748 2058 Aaron.
784 2016 895 2052 non
935 1999 1358 2061 Melchisedech,
1391 1998 1488 2051 sed
1519 1999 1622 2051 hoc
1653 2015 1881 2052 manere
1912 2015 2012 2068 po-
2097 2001 2246 2054 Deus
2277 2000 2542 2054 exaltavit
2579 2001 2739 2054 illum
2771 2001 2936 2066 (Phil.
2979 2005 3058 2068 ιι).
3096 2019 3122 2050 ι)
3167 2001 3231 2054 In
3270 2015 3334 2052 eo
3367 2015 3487 2052 vero
3525 1997 3645 2068 quod

419 2089 531 2142 tius
556 2089 898 2150 institutum,
933 2088 1080 2157 quod
1119 2093 1237 2140 toto
1270 2087 1402 2140 orbe
1438 2087 1496 2140 in
1531 2093 2016 2140 sacramentorum
2099 2090 2179 2143 ait
2211 2107 2221 2142 :
2253 2107 2277 2138 «
2313 2090 2748 2143 Consummatus
2775 2089 2955 2143 factus
2986 2094 3072 2143 est
3100 2087 3359 2142 omnibus
3396 2087 3644 2156 obtempe-

420 2177 742 2244 erogationc
769 2175 1101 2230 celebratur.
1136 2177 1406 2230 Sacerdos
1425 2181 1616 2229 autem
1634 2176 1908 2247 praecipue
1937 2175 2019 2228 di-
2099 2177 2352 2232 rantibus
2379 2177 2482 2232 sibi
2506 2195 2674 2232 causa
2701 2179 2898 2232 salutis
2926 2183 3169 2242 aeternae,
3203 2197 3226 2230 θ
3251 2179 3644 2238 consummatus,

421 2265 565 2319 citur
611 2265 885 2328 Christus,
939 2265 1034 2334 qui
1084 2265 1256 2318 semel
1313 2281 1372 2317 se
1447 2281 1549 2335 pro
1608 2264 1768 2318 nobis
1815 2264 2018 2318 obtulit
2099 2267 2156 2321 id
2182 2257 2885 2337 est,perfectus,ostendit
2913 2271 3189 2336 quantum
3223 2267 3432 2320 lucrum
3459 2264 3526 2316 sit
3549 2263 3648 2332 ejus

422 2354 849 2414 immolandum,
873 2353 1018 2407 sicut
1037 2355 1208 2407 semel
1229 2355 1297 2407 de
1326 2353 1730 2407 Melchisedech
1751 2353 1807 2407 in
1827 2359 2019 2407 sancta
2099 2355 2302 2426 passio,
2318 2373 2440 2427 quae
2461 2355 2718 2410 omnibus
2749 2355 3104 2409 credentibus
3131 2354 3338 2408 sufﬁcit
3355 2353 3422 2407 ad
3447 2353 3648 2406 salutem

425 2443 641 2512 legitur
670 2441 960 2512 Scriptura
994 2448 1050 2496 et
1092 2444 1214 2512 ejus
1260 2442 1590 2496 sacerdotio.
1643 2444 1707 2496 In
1745 2447 2020 2496 aeternum
2101 2445 2520 2516 sempiternam.
2553 2445 2732 2514 Igitur
2773 2445 2820 2498 si
2868 2443 3190 2498 obedientia
3235 2443 3360 2497 Filii
3401 2457 3553 2496 causa
3583 2443 3652 2492 est

421 2549 550 2586 vero
564 2549 690 2585 cum
711 2531 1060 2600 dicitur,ipse
1077 2531 1428 2600 signiﬁcatur
1450 2531 1723 2585 Dominus
1740 2531 2014 2596 Christus,
2100 2533 2298 2587 salutis
2323 2535 2601 2599 humanae,
2628 2539 2841 2604 quanta
2860 2533 3022 2587 nobis
3043 2533 3348 2586 necessitas
3368 2537 3448 2584 est
3465 2528 3651 2584 obedire

423 2620 518 2690 qui
537 2625 830 2690 permanet
855 2619 914 2672 in
941 2619 1120 2689 gloria
1148 2619 1508 2690 sempitern'a.
1539 2641 1561 2670 α
1597 2621 1704 2684 Qui
1733 2620 1792 2673 in
1824 2620 2020 2674 diebus
2101 2624 2236 2688 Deo,
2270 2627 2335 2675 ut
2361 2623 2516 2693 digni
2545 2623 2902 2676 inveniamur
2929 2623 3050 2692 ejus
3088 2620 3290 2675 salutis
3335 2636 3494 2690 quam
3525 2615 3653 2672 nobis

429 2729 452 2760 ι
481 2708 667 2762 carnis
687 2725 801 2762 suae
832 2725 1024 2778 preces
1069 2708 1614 2780 supplicationesque
1648 2709 1716 2762 ad
1759 2727 1888 2762 eum
1925 2710 2021 2779 qui
2102 2728 2205 2782 per
2233 2711 2436 2766 Filium
2467 2712 2758 2782 proprium
2785 2711 3114 2782 perdonavit
3137 2711 3162 2763 Ῥ

429 2819 452 2848 α
487 2797 662 2868 possit
693 2797 852 2850 illum
878 2797 1091 2850 salvum
1119 2814 1153 2850 a
1172 2803 1353 2852 morte
1383 2799 1582 2864 facere,
1615 2815 1742 2852 cum
1774 2799 2014 2851 clamore
2175 2819 2198 2851 ι
2228 2801 2308 2853 De
2341 2817 2449 2870 quo
2474 2799 2704 2870 grandis
2731 2799 2892 2853 nobis
2921 2815 3106 2852 sermo
3153 2804 3212 2852 et
3241 2793 3653 2866 ininterpretabi-

430 2905 452 2935 α
488 2886 669 2939 valido
699 2893 756 2940 et
782 2887 1043 2956 lacrymis
1059 2887 1314 2952 offerens,
1343 2887 1636 2940 exauditus
1663 2892 1750 2940 est
1778 2905 1878 2956 pro
1915 2904 2018 2940 sua
2101 2905 2132 2940 ί(
2161 2888 2230 2942 lis
2261 2889 2330 2942 ad
2363 2887 2956 2958 dicendum,quoniam
2984 2886 3292 2940 imbecilles
3321 2885 3444 2939 facti
3461 2882 3579 2937 estis
3602 2879 3657 2934 ad

429 2995 448 3024 α
489 2975 816 3029 reverentia.
862 2995 886 3027 ))
931 2975 1100 3041 (ΑΜ.)
1131 2975 1275 3039 Quid
1303 2993 1430 3029 vero
1469 2975 1528 3029 in
1575 2975 1885 3029 sacerdotio
1923 2993 2018 3029 no-
2045 3031 2080 3041 η
2108 2998 2130 3028 ε
2168 2977 2530 3030 audiendum.
2569 2998 2592 3027 »
2626 2978 2866 3030 Causam
2903 2975 3052 3030 enim
3075 2976 3265 3030 reddit
3283 2991 3381 3029 cur
3399 2977 3534 3028 esset
3555 2986 3652 3024 ser-

424 3072 540 3118 ster
567 3064 814 3134 pontifex
841 3031 1063 3132 egisset,
1085 3031 1306 3118 certius
1324 3065 1414 3117 hic
1429 3065 1691 3135 exprimit
1717 3065 2017 3134 Apostolus
2039 3031 2081 3089 Ο
2103 3083 2195 3119 mo
2227 3083 2394 3136 quem
2423 3066 2492 3118 de
2541 3065 2679 3119 Filio
2720 3065 3010 3119 incarnato
3059 3064 3312 3118 instituit
3349 3060 3570 3116 difﬁcilis
3603 3056 3659 3110 ad

425 3154 616 3207 dicens
649 3173 659 3206 :
699 3173 720 3204 ι
759 3153 854 3224 qui
883 3153 941 3206 in
985 3153 1180 3207 diebus
1222 3153 1407 3207 carnis
1447 3170 1596 3218 suae;
1643 3153 1762 3206 dies
1813 3154 2018 3224 quippe
2099 3154 2589 3224 interpretandum
2621 3173 2632 3207 :
2666 3154 2724 3208 id
2757 3160 2859 3219 est,
2895 3154 3027 3224 quia
3067 3154 3154 3207 illi
3196 3151 3492 3206 imbecilles
3524 3153 3660 3203 erant

426 3243 609 3296 carnis
651 3243 872 3296 Domini
909 3243 1087 3296 nostri
1121 3243 1240 3296 dies
1271 3247 1419 3306 sunt,
1463 3241 1523 3294 in
1561 3241 1762 3311 quibus
1791 3259 2018 3296 carnem
2101 3249 2158 3297 et
2183 3244 2406 3314 fragiles
2445 3260 2612 3296 sensu
2642 3243 2712 3296 ad
2743 3242 3172 3312 intelligendum
3199 3241 3469 3313 profunda
3483 3242 3660 3308 myste-

427 3331 750 3400 assumpsit,
783 3331 841 3384 in
885 3331 1088 3402 quibus
1136 3336 1387 3384 tentatus
1433 3336 1536 3392 est,
1583 3347 1782 3400 passus
1823 3337 1924 3397 est,
1960 3332 2019 3384 in
2104 3333 2230 3385 ria:
2286 3333 2381 3402 qui
2429 3333 2598 3386 etiam
2636 3349 2735 3402 pro
2781 3338 3035 3402 tempore
3081 3330 3340 3401 magistri
3391 3327 3664 3382 debuerant

429 3419 631 3490 quibus
652 3437 843 3490 preces
872 3419 1418 3491 supplicationesque
1458 3419 1528 3472 ad
1560 3436 1688 3472 eum
1725 3418 1820 3489 qui
1849 3420 2025 3490 possit
2105 3439 2244 3486 esse,
2279 3421 2408 3475 facti
2438 3427 2571 3475 sunt
2599 3420 2800 3491 quibus
2830 3421 2916 3473 lac
2945 3437 3084 3490 opus
3115 3426 3224 3486 est,
3253 3435 3364 3473 non
3391 3416 3583 3470 solidus
3607 3412 3666 3466 ci-

427 3509 640 3562 salvum
671 3509 827 3562 illum
851 3508 1032 3562 facere
1061 3526 1096 3561 a
1120 3513 1299 3561 morte
1321 3507 1590 3561 offerebat
1621 3527 1631 3560 :
1667 3513 1850 3562 totum
1892 3525 2022 3562 vero
2103 3510 2244 3578 bus;
2276 3510 2374 3563 illa
2401 3510 2702 3563 difﬁcultas
2749 3509 3181 3580 interpretandi,
3224 3508 3282 3562 in
3319 3507 3532 3561 illorum
3580 3501 3666 3556 fuit

429 3597 700 3668 quidquid
722 3597 838 3668 egit
857 3597 1112 3650 Christus
1134 3597 1192 3649 in
1219 3613 1404 3662 carne,
1429 3613 1622 3666 preces
1655 3603 1786 3650 sunt
1817 3602 1874 3650 et
1899 3615 2026 3668 sup-
2105 3599 2391 3662 tarditate,
2426 3615 2538 3652 non
2565 3597 2624 3651 in
2654 3597 2962 3668 apostolica
3003 3596 3302 3666 sapientia,
3335 3595 3424 3649 cui
3463 3592 3669 3646 revelata

430 3686 754 3756 plicationes
766 3703 867 3757 pro
887 3692 1129 3756 peccatis
1147 3685 1380 3739 humani
1391 3685 1634 3755 generis.
1671 3686 1876 3740 Sancta
1896 3703 2024 3740 vero
2107 3694 2240 3741 sunt
2258 3687 2528 3758 mysteria
2547 3704 2581 3739 a
2607 3687 2824 3740 saeculis
2839 3685 3186 3750 abscondita,
3205 3687 3349 3740 sicut
3378 3685 3434 3738 in
3460 3678 3672 3753 Epistola

428 3775 718 3846 sanguinis
755 3776 876 3845 ejus
933 3775 1147 3838 effusio,
1181 3775 1394 3828 clamor
1437 3774 1651 3828 validus
1681 3780 1784 3840 est,
1826 3775 1885 3828 in
1914 3792 2024 3846 quo
2109 3777 2180 3830 ad
2204 3775 2471 3846 Ephesios
2503 3775 2826 3846 plenissime
2846 3775 3217 3828 demonstrat.
3241 3777 3441 3841 (Joan.)
3469 3767 3673 3824 Attende

430 3863 723 3918 exauditus
753 3869 838 3916 est
866 3880 900 3916 a
936 3864 1052 3917 Deo
1074 3863 1240 3916 Patre
1273 3879 1374 3932 pro
1415 3861 1729 3916 reverentia
1773 3864 2028 3933 ejusdem
2111 3865 2388 3934 quomodo
2411 3881 2539 3918 cum
2560 3864 2727 3917 laude
2749 3863 2884 3917 facit
2902 3863 3380 3926 desiderium,hoc
3399 3861 3588 3932 quippe
3609 3859 3676 3910 est

429 3952 706 4022 passionis
735 3969 848 4006 suae
878 3953 999 4005 sine
1050 3957 1310 4022 peccato;
1353 3956 1558 4006 nostra:
1610 3952 1807 4006 salutis
1859 3969 2029 4006 causa
2111 3970 2332 4024 semper
2359 3951 2646 4023 sapientiae
2677 3951 3114 4017 Pauli,difﬁcilia
3133 3951 3302 4006 bonis
3327 3948 3676 4004 intermiscen-

431 4057 628 4110 passus
657 4045 760 4104 est,
777 4040 892 4109 qui,
917 4040 1132 4092 nullum
1159 4039 1369 4092 habens
1401 4047 1709 4110 peccatum,
1740 4047 2029 4112 peccatum
2109 4043 2204 4108 tis,
2229 4043 2378 4113 quod
2409 4041 2656 4096 etiamin
2685 4041 2934 4112 Epistola
2963 4041 3032 4094 ad
3063 4041 3297 4094 Galatas
3320 4039 3447 4094 fecit
3473 4037 3638 4090 dicens
3664 4048 3673 4081 ε

431 4145 532 4198 pro
559 4127 719 4182 nobis
739 4128 915 4182 factus
937 4133 1040 4192 est,
1056 4128 1113 4180 id
1144 4133 1246 4194 est,
1283 4128 1490 4182 oblatio
1520 4146 1620 4200 pro
1649 4130 1891 4200 peccatis
1918 4147 2030 4184 no—
2113 4149 2142 4185 α
2173 4131 2498 4186 Currebatis
2515 4129 2810 4200 bene,quis
2831 4146 2926 4184 vos
2947 4127 3524 4199 impedivit?»et«sine
3537 4136 3677 4178 causa

432 4217 716 4270 stris.Hoc
736 4217 886 4270 enim
905 4223 1087 4270 totum
1117 4217 1176 4270 in
1202 4235 1410 4288 magna
1437 4219 1751 4272 reverentia
1767 4225 1824 4273 et
1845 4221 2028 4290 perfe-
2109 4225 2270 4274 tanta
2316 4219 2463 4290 passi
2511 4218 2664 4282 estis,
2698 4217 2744 4271 si
2773 4223 2965 4271 tamen
2999 4216 3120 4270 sine
3159 4233 3332 4270 causa
3364 4216 3496 4282 (Gal.
3523 4215 3598 4279 v);
3629 4213 3674 4260 et

432 4305 680 4359 etissima
697 4305 970 4360 charitate
1015 4307 1250 4376 peregit,
1285 4307 1379 4378 qui
1415 4307 1569 4377 prior
1596 4307 1789 4361 dilexit
1835 4325 1936 4361 nos
1973 4313 2032 4362 et
2111 4307 2245 4362 item
2281 4327 2291 4360 :
2327 4327 2352 4358 «
2387 4308 2587 4361 Certus
2617 4323 2742 4360 sum
2774 4306 2843 4360 de
2879 4305 3034 4360 vobis
3063 4305 3121 4358 in
3151 4305 3394 4360 Domino
3428 4302 3621 4370 (Ibid);
3650 4315 3669 4346 θ

433 4394 671 4448 tradidit
688 4395 1054 4466 semetipsum
1076 4412 1176 4466 pro
1200 4395 1359 4449 nobis
1377 4396 1622 4449 hostiam
1642 4396 1758 4449 Deo
1773 4385 2092 4467 accepta-1)
2111 4398 2216 4450 hoc
2259 4396 2428 4450 etiam
2458 4403 2515 4450 et
2543 4396 2693 4449 circa
2721 4395 2858 4449 istos
2910 4395 3060 4458 facit,
3097 4414 3121 4446 «
3147 4401 3339 4448 certus
3367 4398 3546 4446 autem
3573 4399 3672 4440 sum

433 4483 620 4548 bilem,
655 4485 751 4554 qui
779 4484 903 4538 ideo
935 4484 1229 4538 exauditus
1259 4489 1345 4538 est
1370 4501 1404 4537 a
1443 4485 1576 4549 Deo,
1614 4484 1747 4554 quia
1785 4485 2027 4539 hostiam
2110 4487 2179 4540 de
2199 4485 2353 4539 vobis
2371 4484 2607 4538 meliora
2635 4490 2692 4538 et
2738 4485 2976 4538 salutem
3007 4479 3538 4537 habentia.»Deinde
3564 4473 3671 4530 sub-

435 4572 833 4642 acceptabilem
873 4571 1075 4626 obtiilit
1109 4575 1242 4638 Deo,
1289 4573 1346 4626 id
1389 4580 1492 4639 est,
1537 4572 1802 4643 seipsum.
1837 4575 2067 4629 Simile-
2105 4575 2295 4645 junxit
2323 4593 2334 4628 :
2373 4592 2398 4625 «
2433 4573 2651 4628 Etenim
2683 4590 2808 4627 cum
2838 4572 3116 4626 deberetis
3137 4571 3395 4642 magistri
3427 4585 3542 4623 esse
3567 4578 3672 4635 pro-

435 4666 523 4714 est
553 4660 746 4730 itaque
772 4662 918 4730 quod
939 4661 1029 4715 hic
1058 4661 1263 4715 dicitur
1295 4681 1306 4714 ε
1349 4682 1371 4712 ι
1397 4661 1502 4725 Qui
1531 4678 1722 4732 preces
1754 4664 2030 4734 supplica-
2114 4682 2140 4716 «
2166 4669 2292 4734 pter
2324 4667 2566 4734 tempus,
2611 4679 2834 4716 rursum
2875 4661 3138 4732 indigetis
3167 4667 3233 4715 ut
3273 4677 3370 4714 vos
3398 4648 3673 4712 doceamini

436 4749 728 4818 tionesque
757 4749 827 4802 ad
855 4766 982 4802 eum
1015 4750 1109 4820 qui
1133 4751 1309 4820 possit
1337 4751 1550 4804 salvum
1593 4750 1774 4804 facere
1804 4751 1963 4805 illum
1995 4769 2029 4806 a
2115 4772 2138 4804 ε
2162 4769 2283 4824 quae
2312 4752 2425 4806 sint
2450 4753 2731 4805 elementa
2759 4750 2967 4805 exordii
2998 4767 3324 4804 sermonum
3357 4747 3536 4810 Dei,et
3559 4737 3668 4795 facti

437 4843 637 4902 morte,
669 4853 796 4890 cum
829 4837 1072 4892 clamore
1099 4839 1282 4892 valido
1323 4843 1380 4893 et
1407 4839 1668 4909 lacrymis
1691 4841 1960 4907 offerens;
1996 4859 2024 4895 ι

437 4943 502 4980 eo
529 4926 677 4996 quod
708 4925 765 4980 in
794 4926 1091 4996 Evangelio
1114 4928 1323 4997 legitur
1343 4944 1474 4981 eum
1507 4927 1710 4982 dixisse
1734 4947 1744 4981 :
1787 4949 1808 4980 ε
1836 4930 2024 4996 Pater,

436 5015 484 5069 si
504 5015 625 5070 ﬁeri
653 5020 855 5086 potest,
887 5016 1130 5070 transfer
1156 5034 1190 5069 a
1218 5033 1306 5070 me
1327 5017 1556 5070 calicem
1576 5017 1749 5070 istum
1777 5036 1788 5070 :
1815 5035 2032 5073 verum-

435 5111 627 5158 tamen
647 5121 758 5158 non
774 5121 900 5158 mea
914 5105 1188 5170 voluntas,
1213 5106 1310 5158 sed
1331 5111 1430 5158 tua
1445 5107 1544 5158 ﬁat
1567 5106 1866 5172 (.llatth..xx
1879 5111 1972 5176 v1),
2002 5129 2024 5158 »

441 5193 572 5262 quia
604 5211 715 5247 non
760 5194 912 5248 venit
949 5194 1130 5248 facere
1159 5195 1502 5248 voluntatem
1552 5211 1732 5262 suam,
1766 5196 1864 5250 sed
1907 5197 2029 5267 ejus

441 5281 537 5350 qui
564 5281 718 5335 misit
743 5283 920 5347 illum,
946 5283 1290 5337 voluntatem
1319 5289 1566 5354 paterna
1596 5285 2028 5355 dispensationis

440 5370 742 5440 praeposuit
766 5373 1041 5426 voluntati
1073 5372 1256 5426 carnis
1281 5389 1415 5436 suae,
1451 5378 1515 5432 ut
1552 5389 1738 5427 veram
1769 5375 2028 5428 ostende-

440 5457 612 5511 retin
641 5459 822 5530 seipso
853 5461 1220 5516 humanitatis
1257 5467 1459 5516 nostrae
1503 5468 1784 5516 naturam.
1823 5463 2028 5518 Beatus

441 5545 649 5602 Paulus
677 5547 767 5602 hic
793 5549 946 5616 dicit,
981 5567 1172 5622 preces
1203 5567 1332 5606 eum
1363 5555 1418 5604 et
1445 5551 1878 5622 supplicationes
1905 5552 2029 5608 fun-

2115 4861 2136 4892 ι
2163 4841 2296 4895 estis
2323 4840 2525 4912 quibus
2552 4829 2694 4894 lacte
2725 4856 2864 4911 Opus
2890 4840 2982 4904 sit,
3001 4857 3113 4893 non
3139 4839 3320 4892 solido
3349 4836 3520 4890 cibo.»
3538 4829 3671 4893 (ιιίιὺι)

2108 4930 2194 4983 Ad
2205 4947 2300 4984 eos
2311 4930 2498 5000 itaque
2509 4929 2876 4999 loquitur,qui
2890 4928 3255 4982 exercitatum
3276 4940 3498 4980 sensum
3512 4917 3672 4992 perle-

2111 5036 2238 5088 gem
2253 5024 2308 5072 et
2327 5019 2626 5088 prophetas
2639 5018 2708 5070 de
2717 5018 2960 5071 adventu
2971 5016 3179 5071 Christi
3191 5021 3247 5070 et
3259 5014 3580 5086 gratimqllﬁ’
3593 5019 3674 5076 Per

2113 5123 2241 5161 eum
2271 5106 2625 5160 credentibus
2653 5107 2824 5160 allata
2843 5105 2946 5170 est,
2988 5105 3194 5158 habere
3242 5103 3564 5160 debuerunt,
3593 5091 3670 5163 qui

2113 5196 2282 5250 etiam
2291 5195 2618 5270 magisterio
2634 5195 2758 5248 aliis
2772 5212 2870 5266 per
2885 5194 3152 5266 mysteria
3169 5193 3418 5262 Dei,quze
3430 5189 3552 5243 data
3563 5184 3670 5238 sunt

2111 5285 2241 5352 illis,
2274 5290 2533 5356 poterant
2551 5285 2744 5349 esse,si
2773 5283 3166 5338 credidissent:
3184 5298 3331 5336 nunc
3352 5284 3533 5334 autem
3553 5271 3666 5326 tales

2112 5373 2241 5427 facti
2269 5379 2404 5429 sunt
2431 5379 2495 5428 ut
2534 5373 2794 5438 infantes,
2829 5372 3030 5443 quibus
3077 5371 3257 5443 prima
3298 5369 3565 5422 elementa
3587 5359 3664 5413 lit-

2109 5467 2359 5518 terarum
2389 5462 2692 5517 traduntur
2718 5463 2790 5516 ad
2815 5461 3132 5532 legendum,
3165 5461 3295 5514 dum
3325 5457 3538 5510 illorum
3577 5446 3663 5502 fuit

2108 5552 2278 5607 fortes
2298 5569 2420 5606 esse
2449 5552 2508 5606 in
2527 5551 2637 5606 ﬁde
2657 5557 2716 5606 et
2740 5551 2952 5606 alacres
2982 5551 3038 5604 in
3060 5547 3307 5614 scientia,
3329 5543 3557 5600 solidum
3586 5550 3663 5589 sa-
