3848 6164
161 347 234 401 745
508 340 1088 398 ENARRATIONUM
1123 340 1202 395 IN
1238 334 1392 394 EPP.
1434 335 1649 392 PAULI
1687 335 1824 402 LIB.
1865 337 2090 392 XXVII.
2117 366 2182 376 —
2221 335 2300 390 IN
2338 336 2560 392 EPIST.
2601 338 2698 394 AD
2737 340 2954 396 HEBR.
3273 343 3376 398 746

157 467 330 542 pientim
340 465 602 520 cibumad
619 465 1056 537 percipiendum,
1077 463 1172 534 qui
1193 467 1279 517 est
1297 461 1688 533 perfectorum,
1708 461 1760 520 Α
1778 465 1878 515 aut
1905 461 2076 526 illius,
2101 467 2158 515 et
2174 466 2308 516 tunc
2332 462 2484 528 dicit,
2519 463 2752 534 proinde
2785 471 3056 519 annotata
3072 465 3228 521 vobis
3256 485 3378 522 esse

154 555 392 616 nuncfacti
413 561 547 610 sunt
569 555 774 626 quibus
795 561 882 609 est
904 555 1047 608 lacte
1077 571 1233 624 opus.
1259 553 1367 606 Lac
1407 551 1556 605 enim
1589 551 1694 605 hu-
1777 549 2071 614 debebant,
2125 559 2182 605 et
2219 569 2332 605 non
2391 554 2572 606 solum
2610 553 2796 624 ipsum
2831 560 3046 609 textum
3091 555 3380 614 debebatis

157 646 296 700 milem
318 660 629 697 sermonem
653 649 832 707 vocat,
857 660 968 713 quo
993 659 1088 698 eos
1115 640 1419 710 indiguisse
1435 646 1690 704 testatur,
1779 639 1938 704 scire,
1959 641 2055 693 sed
2076 647 2133 694 et
2151 658 2348 694 causas
2389 658 2582 695 eorum
2633 659 2754 713 quae
2777 643 2984 714 scripta
3001 650 3152 708 sunt,
3171 651 3228 698 et
3251 648 3377 717 quis

155 734 224 805 qui
237 733 382 786 etiam
401 733 470 786 ad
499 732 702 786 altiora
725 732 1121 804 mysteriorum
1151 731 1252 786 Dei
1267 735 1484 784 secreta
1505 746 1696 783 ascen-
1777 728 1892 782 haec
1913 729 2132 788 dixerit,
2153 731 2250 782 sed
2271 730 2460 784 omnia
2477 731 2598 784 sine
2609 749 2776 786 causa
2795 739 2851 786 et
2865 750 3224 804 supervacue.
3241 735 3380 788 Om-

157 821 250 874 dere
271 836 368 873 non
406 826 684 890 poterant.
707 820 956 890 Exempli
1005 819 1208 890 gratia,
1241 819 1337 889 qui
1369 836 1480 873 non
1512 824 1694 889 potest
1775 817 1864 870 nis
1889 818 2170 872 festinatio
2227 819 2284 872 in
2315 819 2401 872 his
2432 837 2557 890 quae
2585 821 2655 874 ad
2709 822 2881 875 vitam
2927 823 3072 876 hanc
3094 824 3381 893 pertinent

157 909 412 978 intelligere
463 909 611 978 quod
668 908 1010 978 evangelista
1047 908 1128 962 ait
1157 926 1167 960 :
1193 928 1215 958 ‹
1262 907 1512 962 Verbum
1565 923 1693 961 caro
1775 913 2093 960 evacuatur.
2131 908 2212 961 De
2237 907 2580 978 spiritalibus
2621 916 2808 964 autem
2861 911 3016 964 nulla
3071 912 3215 965 ratio
3273 920 3374 977 est,

157 998 313 1051 factum
335 1002 433 1061 est,
471 1014 498 1048 ι
549 997 831 1068 quomodo
852 1003 1039 1068 potest
1065 997 1137 1050 ad
1181 997 1540 1050 altitudinem
1571 999 1693 1066 ejus
1780 1001 2076 1066 propterea
2103 996 2262 1050 nobis
2284 1014 2468 1068 neque
2486 998 2585 1051 illa
2619 1015 2719 1069 pro
2748 1005 2877 1054 voto
2900 999 3252 1070 proveniunt,
3283 1003 3378 1056 sed

158 1085 375 1140 sermonis
403 1085 712 1156 pervenire,
749 1085 842 1140 ubi
887 1085 1010 1140 ait:
1049 1105 1074 1135 (ι
1135 1086 1200 1140 In
1255 1085 1528 1157 principio
1577 1090 1700 1138 erat
1781 1085 2037 1155 plurimae
2079 1085 2249 1140 etiam
2307 1085 2382 1139 ibi
2416 1087 2808 1154 difﬁcultates;
2862 1089 3121 1142 Christus
3175 1089 3380 1162 quippe

158 1193 179 1222 ι
199 1171 424 1239 Verbum,
457 1180 514 1228 et
533 1174 782 1228 Verbum
803 1181 926 1228 erat
945 1174 1094 1246 apud
1117 1175 1315 1240 Deum,
1341 1181 1398 1228 et
1417 1175 1565 1228 Deus
1578 1180 1700 1228 erat
1780 1173 1922 1228 dixit
1953 1193 1963 1227 :
1993 1191 2019 1226 (‹
2049 1175 2229 1228 Petite
2251 1192 2487 1246 regnum
2517 1176 2636 1242 Dei,
2662 1183 2720 1230 et
2742 1178 2858 1230 hanc
2879 1177 3069 1232 omnia
3092 1194 3379 1248 apponen-

162 1280 177 1311 ι
201 1261 410 1315 Verbum
440 1263 464 1314 ἱ)
507 1282 530 1314 ρ)
1782 1267 1878 1316 tur
1903 1262 2057 1316 vobis
2090 1264 2297 1330 (Matth.
2332 1263 2424 1330 v1).
2447 1284 2470 1314 ι
2510 1265 2579 1318 Et
2629 1265 2744 1320 haec
2774 1267 3000 1338 quidem
3055 1265 3114 1320 in
3156 1269 3379 1339 apposi-

209 1371 228 1400 (ι
243 1352 416 1406 Omnis
431 1352 581 1406 enim
615 1353 710 1423 qui
730 1353 892 1406 lactis
931 1358 1017 1406 est
1059 1351 1357 1423 particeps,
1387 1370 1586 1424 expers
1624 1352 1700 1406 fa-
1781 1350 1952 1404 tionis
1981 1357 2140 1422 parte
2156 1351 2292 1406 dicit
2318 1353 2604 1421 daturum,
2636 1371 2738 1408 nos
2768 1361 2958 1411 autem
2977 1361 3233 1416 ordinem
3255 1378 3378 1432 per-

161 1457 177 1489 ι
193 1445 286 1492 ctus
310 1444 390 1493 est
407 1440 684 1494 sermonis
701 1440 954 1510 justitize,
974 1440 1238 1511 parvulus
1255 1441 1404 1493 enim
1434 1445 1536 1494 est.
1572 1441 1702 1494 Per-
1783 1439 2049 1493 vertimus
2070 1441 2382 1511 etpetimus
2402 1449 2610 1496 terram
2632 1450 2688 1497 et
2701 1443 2846 1499 bona
2867 1447 2924 1499 in
2941 1453 3094 1503 terra
3111 1456 3380 1522 tanquam

157 1529 421 1583 «fectorum
475 1537 668 1584 autem
715 1535 801 1584 est
827 1530 1039 1584 solidus
1061 1529 1216 1584 cibus
1246 1546 1479 1595 :eorum
1510 1535 1701 1584 autem
1783 1528 1894 1581 illis
1949 1529 2009 1582 in
2061 1529 2364 1584 additioms
2421 1531 2540 1585 loco
2597 1533 2927 1601 tribuendis,
2993 1554 3094 1592 nos
3149 1540 3374 1604 idcirco,

156 1636 174 1667 «ι
211 1618 284 1688 qui
333 1617 659 1672 exercitatos
707 1617 917 1672 habent
943 1635 1141 1672 sensus
1189 1619 1258 1672 ad
1305 1619 1702 1674 discretionem
1784 1632 1966 1685 neque
2013 1615 2140 1678 ista,
2181 1634 2361 1687 neque
2408 1617 2506 1672 illa
2541 1619 2831 1675 habemus.
2890 1623 3228 1694 Evigilemus
3282 1628 3381 1682 ali-

155 1727 173 1757 ξ
205 1706 306 1760 boni
331 1724 392 1762 ac
419 1707 574 1760 mali.
630 1728 654 1758 n
711 1708 942 1761 Palatus
971 1708 1122 1761 enim
1154 1723 1382 1778 sapores
1435 1708 1705 1762 discernit
1785 1705 2028 1776 quando,
2087 1713 2144 1760 et
2199 1707 2511 1761 efﬁciamur
2581 1709 2900 1764 futurorum
2947 1713 3376 1780 desideratores,
3457 1755 3465 1770 .

151 1793 349 1849 ciborum
378 1815 390 1848 :
417 1795 612 1850 anima
631 1795 914 1850 variarum
931 1795 1132 1866 probat
1157 1813 1443 1849 sermones
1483 1797 1691 1850 doctri-
1714 1780 1761 1840 B
1784 1793 1862 1846 sic
1900 1793 2070 1847 etiam
2099 1793 2208 1848 ista
2246 1802 2570 1865 sequentur,
2625 1797 2972 1869 impossibile
3009 1818 3252 1874 namque
3297 1807 3385 1857 est

151 1899 324 1952 namm,
342 1885 409 1938 de
439 1885 642 1956 quibus
669 1885 729 1938 in
759 1883 1228 1955 consequentibus
1251 1885 1420 1954 hujus
1437 1885 1694 1956 Epistolm
1778 1899 1928 1946 eum,
1959 1883 2072 1953 qui,
2107 1900 2228 1953 qua:
2258 1883 2359 1937 Dei
2381 1891 2532 1952 sunt,
2568 1887 2786 1955 quaerit,
2813 1903 2923 1942 non
2947 1889 3116 1944 etiam
3133 1909 3256 1962 quae
3273 1893 3380 1947 hu-

151 1973 286 2026 dicit:
317 1992 341 2025 α
371 1973 653 2028 Doctrinis
682 1973 852 2026 variis
875 1972 1047 2026 nolite
1067 1971 1266 2027 abduci
1282 1974 1463 2040 (Hebr.
1487 1981 1619 2042 xm).
1666 1993 1691 2026 ι)
1780 1987 1947 2024 mana
1975 1977 2126 2036 sunt,
2177 1973 2434 2042 assequi:
2465 1975 2745 2030 sententia
2785 1982 2871 2030 est
2899 1977 3076 2048 ipsius
3131 1981 3384 2034 veritatis

152 2060 266 2115 Sicut
283 2062 424 2116 enim
453 2063 717 2133 parvulus
746 2063 902 2116 inter
945 2061 1131 2115 cibum
1169 2067 1228 2114 et
1272 2061 1458 2115 cibum
1493 2062 1697 2116 discer-
1782 2058 1887 2111 hoc
1913 2058 2169 2112 dicentis.
2205 2061 2578 2131 Nequaquam
2601 2061 2776 2132 igitur
2790 2064 2954 2117 aliter
2979 2065 3267 2133 faciamus,
3284 2069 3382 2122 sed

149 2167 250 2204 nere
271 2151 454 2217 nescit,
471 2157 528 2206 et
557 2168 704 2222 saepe
732 2151 790 2206 in
817 2150 1297 2206 noxiissumendis
1327 2151 1694 2221 periclitatur,
1782 2147 2172 2216 aequanimiter
2226 2149 2471 2202 feramus
2517 2151 2863 2212 voluntatem
2921 2153 3148 2218 Christi,
3194 2173 3263 2209 ne
3313 2156 3383 2210 ab

149 2237 288 2292 sinon
319 2240 683 2310 prohibeatur
709 2258 742 2294 a
789 2239 1031 2305 seniore,
1057 2239 1137 2292 ita
1164 2239 1422 2293 indoctus
1461 2241 1698 2312 quisque
1782 2234 2042 2290 omnibus
2073 2237 2412 2291 excidamus.

148 2325 490 2384 discretionem
512 2329 896 2384 doctrinarum
931 2329 1126 2394 nescit,
1145 2329 1306 2383 facile
1325 2329 1620 2401 decipitur,
1651 2341 1709 2390 et
2403 2383 2444 2404 Γ,
2462 2382 2638 2404 nm,"
2675 2383 2720 2404 υ

147 2414 276 2472 invia
299 2382 500 2474 an.
535 2382 922 2491 periclitatur;
963 2382 1126 2489 quod,
1167 2382 1226 2472 m’
1273 2419 1415 2472 lacte
1450 2382 1709 2478 signa;
2403 2382 2638 2436 CAPUT
2675 2383 2766 2437 Ἦ·

144 2504 253 2570 cibo,
271 2507 432 2562 hocin
451 2509 676 2563 indocto
705 2515 763 2562 et
783 2509 1034 2579 sapiente
1054 2508 1262 2562 differt.
1289 2508 1446 2562 Sicut
1468 2510 1552 2563 lac
1582 2529 1706 2582 par-
1786 2496 2070 2584 ΑΙΨῆίοῖῖιε
2098 2497 2260 2584 αξίίίξιγ
2279 2513 2343 2580 ἕνα
2360 2501 2616 2584 qui?!”
2651 2500 2944 2584 ίίίυέξίέρζνθι
2981 2501 3181 2584 ρμίὺιιιῑ
3187 2517 3382 2584 PBt/'61):

149 2594 260 2648 uilis
306 2597 584 2666 congruit,
619 2603 677 2651 et
735 2597 948 2652 solidus
1001 2596 1156 2650 cibus
1205 2603 1369 2650 aetate
1393 2598 1696 2668 perfectis:
2546 2572 2918 2636 "nposs'b’l’s’
2979 2576 3027 2624 (⁷⁸
3080 2574 3279 2639 gmw”
3309 2579 3379 2626 δή

150 2683 212 2737 ita
227 2685 444 2741 indoctis
467 2687 698 2741 humilis
722 2703 928 2752 sermo,
971 2692 1028 2740 et
1063 2685 1410 2756 sapientibus
1433 2704 1700 2744 arcanum
1857 2679 2097 2690 W'm'm
2115 2679 2174 2690 ’Ν
2206 2679 2252 2691 ”

150 2771 227 2825 Dei
251 2776 570 2846 mysterium
607 2792 772 2829 nosse
801 2775 1079 2841 convenit,
1104 2774 1199 2845 qui
1238 2775 1570 2830 exercitatos
1598 2779 1700 2832 ha-
1858 2792 1882 2820 «
1915 2771 2269 2842 Quapropter
2304 2771 2744 2828 intermittentes
2771 2774 3146 2830 inchoationis
3178 2777 3387 2832 Christi

149 2857 250 2915 bere
273 2863 527 2917 videntur
561 2881 778 2918 sensus.
815 2882 842 2916 α
890 2863 1180 2926 Quomodo
1219 2863 1396 2932 igitur
1435 2870 1668 2935 poterun

1867 2877 2171 2926 ermonem,
2225 2861 2295 2914 ad
2327 2861 2722 2932 perfectionem
2752 2863 3018 2930 feramur,
3051 2881 3163 2919 non
3191 2883 3385 2921 rursus

143 2966 302 3006 sensus
325 2951 500 3006 nostri
533 2953 824 3007 exercitati
851 2952 1012 3006 esse?
1058 2952 1252 3022 utique
1273 2969 1338 3006 ex
1370 2970 1474 3007 usu
1506 2961 1562 3008 et
1589 2956 1700 3010 fre-
1788 2966 1813 2998 (ί
1841 2949 2115 3018 iacientes
2143 2948 2574 3004 fundamentum
2612 2951 2952 3021 paenitentiae
2998 2952 3068 3006 ab
3125 2955 3384 3025 operibus

141 3040 295 3108 quenti
305 3041 542 3096 lectione
554 3047 880 3096 sanctarum
895 3041 1333 3112 Scripturarum.
1346 3061 1369 3092 »
1387 3042 1546 3096 Unde
1562 3043 1696 3098 bea-
1726 3105 1760 3112 η
1787 3053 1813 3087 ι
1846 3038 2102 3102 ῐιιοιτιιὶε,
2136 3044 2194 3092 et
2208 3038 2338 3092 ﬁdei
2370 3038 2440 3092 ad
2457 3040 2659 3105 Deum,
2678 3039 3079 3112 baptismatllm
3091 3043 3378 3110 doct-Time,

140 3131 234 3180 tum
250 3129 421 3204 virum
451 3129 754 3184 Psalmista
796 3130 933 3184 dicit
951 3146 1091 3190 esse,
1119 3129 1218 3199 qui
1241 3129 1299 3183 in
1321 3131 1444 3201 lege
1473 3131 1696 3186 Domini
1719 3105 1762 3164 θ
1789 3146 1811 3178 ι
1844 3125 2218 3196 impositionis
2255 3143 2476 3198 quoque
2528 3145 2800 3182 manuum
2835 3147 2900 3183 ac
2958 3131 3382 3186 resurrectionis

140 3217 994 3290 meditabiturdieacnocte(Psal.
1021 3221 1075 3285 ι).
1105 3218 1175 3288 [J.
1203 3219 1426 3290 Chrys.]
1461 3221 1701 3284 Quomo—
1787 3234 1810 3266 ι
1843 3221 2215 3281 mortuorum,
2243 3220 2300 3268 et
2312 3216 2511 3286 judicii
2534 3217 2748 3271 aeterni.
2783 3219 2853 3272 Et
2872 3219 2989 3273 haec
3015 3219 3302 3287 faciemus,
3335 3221 3382 3274 si

138 3302 367 3362 doautem
381 3309 738 3362 ﬁuntsensus
750 3307 928 3361 nostri
939 3307 1321 3362 exercitati?ex
1335 3325 1439 3363 usu
1455 3309 1701 3380 Scriptu-
1787 3320 1814 3352 ((
1847 3303 2073 3373 quidem
2089 3303 2408 3373 Ρθΐωίεενίῐ
2424 3305 2592 3358 Πευε-
2619 3326 2640 3353 ³)
2657 3308 2727 3371 (ιῘο
2744 3307 2960 3376 (HW/3.)
2982 3309 3188 3362 Alldite
3208 3326 3384 3380 quan-

140 3408 394 3461 rarum,ex
416 3397 700 3468 frequenti
719 3396 1007 3451 auditione
1035 3415 1050 3450 :
1077 3397 1302 3466 quando
1327 3385 1475 3452 enim
1495 3416 1699 3470 propo-
1781 3396 1902 3445 tum
1927 3392 2187 3446 Hebraeos
2200 3392 2444 3462 culpavit
2454 3393 2660 3447 Paulus
2672 3395 2919 3448 volentes
2933 3397 3381 3468 semperdiscere

136 3483 377 3542 suerimus
399 3502 598 3540 eorum
625 3501 862 3550 errores,
899 3491 958 3539 et,
985 3485 1152 3540 hodie
1185 3485 1450 3552 audieris,
1485 3493 1542 3541 et
1577 3505 1700 3542 cm-
1783 3480 2130 3550 eademipsa,
2153 3487 2210 3533 et
2225 3480 2457 3534 merito:
2486 3501 2508 3531 α
2527 3483 2666 3535 Cum
2686 3482 3128 3538 deberetisenim
3139 3503 3281 3553 esse,
3299 3487 3381 3540 in-

139 3570 258 3626 stina
275 3574 600 3644 probaveris
613 3591 726 3629 non
746 3573 887 3628 bene
911 3591 970 3628 se
988 3573 1215 3640 habere,
1231 3581 1431 3629 cuncta
1461 3577 1697 3642 deceris,
1783 3568 1922 3638 quit,
1956 3568 2210 3622 ἀοοιοΐεε
2236 3575 2466 3640 Propter
2491 3574 2729 3640 tempus,
2753 3571 2957 3625 iterum
2977 3589 3118 3644 opus
3137 3574 3375 3640 habetis,

137 3663 924 3734 mnctacognoscis,etsihodie
938 3680 1051 3718 non
1069 3665 1540 3736 assequeris,cras
1555 3683 1702 3721 asse-
1783 3657 1880 3727 qui
1901 3675 1995 3710 vos
2025 3658 2239 3723 doceat,
2275 3674 2396 3728 quae
2423 3658 2536 3711 sint
2564 3659 2840 3712 elementa
2883 3661 3143 3732 principii
3173 3681 3382 3717 sermo-

138 3751 309 3817 queris.
337 3773 358 3802 ι
386 3754 622 3818 Sensus,
637 3752 840 3823 inquit,
856 3753 1701 3810 exercitatoshabentes.nVides
1783 3763 1918 3799 num
1948 3747 2068 3800 Dei-
2109 3766 2131 3796 ³
2181 3746 2374 3800 Timeo
2403 3763 2474 3800 ne
2531 3747 2702 3800 etiam
2738 3749 2807 3801 ad
2864 3766 2960 3802 VOS
3004 3749 3113 3804 ista
3157 3751 3379 3805 dicendi

135 3838 241 3905 quia
263 3847 485 3913 oportet
516 3841 809 3896 exercitari
830 3841 1086 3896 auditum
1105 3848 1361 3897 nostrum
1381 3843 1704 3914 frequenter
1783 3839 2004 3905 tempus
2059 3835 2150 3900 sit,
2204 3834 2337 3905 quia
2391 3833 2656 3888 debentes
2686 3854 2806 3890 esse
2846 3837 3102 3892 doctores
3150 3845 3380 3910 propter

137 3927 387 3984 auditione
420 3930 740 3984 divinarum
761 3930 1276 4002 Scripturarum,ut
1294 3931 1704 3985 nullanovitate
1785 3927 2025 3994 tempus,
2056 3939 2238 3994 neque
2266 3923 2667 3994 discipulorum
2700 3925 2940 3994 gradum
2991 3926 3227 3992 habetis,
3278 3929 3376 3982 sed

135 4019 962 4091 expavescamuszExercitatum,
977 4019 1180 4090 inquit,
1203 4019 1274 4073 ad
1285 4019 1698 4085 discretionem,
1785 4029 2005 4083 semper
2017 4012 2347 4083 eademipsa
2367 4013 2678 4080 audientes,
2702 4016 2837 4069 etde
2860 4015 3224 4088 iisdemipsis,
3257 4025 3380 4073 tan-

137 4100 220 4158 hoc
237 4113 335 4174 est,
359 4108 612 4180 peritum
636 4125 785 4162 esse:
827 4107 971 4162 alius
1001 4108 1226 4178 quidem
1274 4109 1410 4162 dicit
1440 4126 1552 4163 non
1581 4127 1702 4163 esse
1786 4118 1954 4172 quam
1985 4101 2033 4155 si
2071 4101 2211 4154 nihil
2231 4100 2519 4169 audiretis,
2563 4104 2643 4157 sic
2673 4105 2926 4176 dispositi
2960 4107 3113 4166 estis.
3138 4108 3254 4164 Etsi
3283 4125 3379 4162 vos

135 4197 598 4269 resurrectionem,
631 4195 775 4250 alius
811 4201 1002 4250 autem
1028 4195 1169 4249 nihil
1191 4195 1511 4250 futurorum
1537 4213 1702 4267 expe—
1785 4191 2540 4262 quisquaminterrogaverit,
2570 4210 2736 4248 nemo
2763 4203 3012 4250 vestrum
3052 4198 3261 4268 poterit
3289 4215 3380 4252 re-

134 4284 227 4334 ctat
253 4302 265 4349 ;
289 4286 432 4340 alius
452 4285 702 4339 alterum
731 4285 870 4338 dicit
887 4285 1068 4338 Deum
1089 4303 1100 4351 ;
1125 4284 1268 4338 alius
1289 4302 1356 4339 ex
1375 4286 1554 4339 Maria
1571 4285 1706 4339 dicit
1785 4280 2076 4350 spondere,
2099 4285 2302 4352 praeter
2316 4281 2620 4336 admodum
2638 4301 2843 4354 paucos
2863 4291 2920 4338 et
2934 4285 3094 4340 facile
3123 4304 3380 4342 numera-

135 4382 239 4423 enm
263 4371 471 4428 habere
491 4373 850 4444 principium.
878 4375 1104 4428 Intuere
1117 4375 1408 4428 confestim
1428 4375 1705 4446 quomodo
1723 4431 1768 4446 ﬂ
1786 4369 1956 4423 biles:
1988 4371 2093 4424 hoc
2113 4377 2302 4426 autem
2326 4389 2437 4426 non
2467 4378 2553 4427 est
2580 4389 2813 4444 parvum
2843 4373 3132 4428 damnum.
3167 4377 3379 4446 Saepius

132 4473 185 4510 ex
209 4459 669 4517 immoderatione
707 4479 900 4516 omnes
957 4463 1280 4517 ceciderunt
1311 4483 1323 4531 ς
1355 4464 1451 4517 alii
1480 4431 1770 4534 quidemD
1790 4458 1994 4528 quippe
2007 4459 2291 4512 doctorem
2319 4462 2594 4514 volentem
2623 4462 2683 4515 in
2730 4461 3027 4541 anteriora
3055 4464 3374 4532 procedere,

132 4559 324 4619 semper
349 4551 587 4606 modum
625 4551 991 4617 excedentes;
1026 4551 1122 4604 alii
1165 4557 1355 4606 autem
1399 4552 1551 4606 intra
1593 4570 1709 4606 mo-
1789 4553 1846 4601 et
1875 4547 2202 4602 secretiores
2240 4549 2576 4618 altioresque
2601 4567 2886 4603 sermones
2934 4551 3232 4621 attingere,
3264 4569 3376 4606 non

131 4632 244 4689 dum
269 4655 326 4692 se
354 4645 730 4705 coarctantes,
754 4645 819 4694 ut
855 4646 994 4712 puta
1023 4640 1442 4712 primaquidem
1455 4641 1708 4696 omnium
1788 4636 2063 4708 permittit
2091 4636 2422 4690 inhabitudo
2453 4637 2806 4692 discentium.
2847 4639 3004 4693 Sicut
3032 4641 3184 4694 enim
3229 4642 3378 4713 apud

133 4720 330 4780 heresis
365 4729 477 4783 fuit
524 4728 840 4794 Marcionis,
893 4729 992 4782 illa
1042 4730 1282 4784 alterum
1328 4729 1507 4784 Deum
1535 4730 1707 4784 intro-
1789 4725 2298 4796 magistrosludi,si
2325 4742 2548 4796 semper
2561 4727 2987 4796 puerelementa
3002 4729 3238 4785 audiens
3267 4731 3380 4785 n‘on

132 4810 279 4880 duxit,
301 4818 396 4887 qui
429 4835 545 4872 non
565 4824 707 4884 erat,
739 4817 976 4872 excessit
989 4819 1239 4873 modum.
1269 4818 1570 4872 Postillam
1603 4820 1705 4874 Sa—
1787 4820 1994 4878 teneat,
2018 4830 2239 4884 semper
2258 4814 2338 4866 illi
2384 4814 2684 4869 necessitas
2745 4816 2852 4870 erit
2897 4819 3090 4872 eadem
3122 4819 3244 4890 ipsa
3300 4821 3381 4874 in-

134 4895 276 4968 bellii,
299 4906 530 4972 Filium,
553 4913 612 4962 et
641 4907 913 4978 Spiritum
945 4914 1002 4961 et
1031 4907 1256 4961 Patrem
1280 4922 1458 4962 unum
1489 4925 1609 4962 esse
1627 4909 1706 4963 di-
1788 4919 1986 4956 sonare
2013 4919 2206 4972 puero,
2228 4907 2286 4956 et
2312 4919 2423 4956 non
2443 4903 2682 4957 cessabit
2703 4911 2834 4958 ante
2854 4905 3058 4960 docens
3089 4924 3381 4979 usquequo

131 4993 296 5046 centis.
327 4995 544 5048 Deinde
561 4996 810 5050 Marcelli
837 5003 895 5050 et
916 4997 1161 5063 Photini,
1181 4998 1353 5052 etiam
1372 4998 1600 5053 istihgec
1619 5017 1708 5053 ea-
1789 4991 1884 5044 illa
1913 4990 2128 5060 integre
2139 4990 2352 5044 discere
2371 4991 2609 5045 valuerit
2635 5011 2646 5059 ;
2681 4993 2964 5048 enimvero
2984 4995 3237 5050 stultitiae
3267 5013 3382 5048 ma-

133 5075 237 5132 dem
256 5083 644 5152 praedicantes,
669 5089 725 5138 et
745 5085 905 5138 Pauli
929 5086 1298 5150 Samosateni,
1332 5087 1401 5140 de
1424 5087 1602 5141 Maria
1619 5087 1705 5140 di-
1758 5079 1926 5160 .joris
1947 5085 2049 5144 est,
2065 5085 2145 5144 ut,
2167 5079 2262 5150 qui
2287 5079 2472 5150 prima
2491 5097 2602 5134 non
2632 5080 2772 5136 bene
2793 5082 3140 5154 imposuerit,
3175 5084 3248 5136 ad
3273 5083 3382 5137 alia

131 5169 282 5224 Gentis
315 5188 451 5226 eum
479 5171 686 5226 habere
734 5173 1092 5245 principium.
1123 5175 1336 5230 Deinde
1373 5175 1706 5231 Manicham-
1789 5172 1921 5226 velit
1957 5189 2193 5242 puerum
2213 5173 2515 5238 adducere;
2551 5173 2631 5226 sic
2659 5173 2846 5246 itaque
2877 5180 2934 5228 et
2953 5176 3010 5228 in
3041 5176 3303 5242 Ecclesia,
3335 5177 3382 5230 si

133 5271 254 5324 rum,
285 5260 396 5315 ista
423 5261 576 5315 enim
595 5261 1008 5333 aliquantulum
1038 5281 1197 5318 nova.
1223 5265 1490 5318 Postillas
1517 5271 1708 5319 autem
1789 5279 2009 5332 semper
2038 5263 2232 5316 eadem
2261 5261 2744 5316 dicentibusnobis
2761 5263 2898 5316 nihil
2913 5263 3154 5334 amplius
3175 5263 3383 5318 edisca-

129 5345 246 5402 Arii.
279 5350 428 5405 Sunt
457 5356 647 5405 autem
687 5356 745 5404 et
773 5351 918 5406 aliae.
953 5352 1190 5424 Propter
1218 5352 1322 5406 hoc
1343 5351 1510 5408 ﬁdem
1541 5351 1710 5407 susci-
1788 5353 1882 5416 tis,
1922 5368 2210 5422 nunquam
2249 5351 2444 5404 eadem
2465 5351 2698 5406 dicendo
2722 5351 3080 5408 cessabimus.
3117 5355 3282 5422 (Διὸ.)
3328 5355 3385 5409 Si

129 5434 308 5503 pimus,
367 5444 434 5492 ut
481 5456 594 5494 non
622 5455 895 5510 cogamur
925 5441 1117 5494 decem
1156 5440 1338 5495 millia
1364 5441 1603 5496 haereses
1655 5445 1712 5494 et
1794 5441 1944 5495 enim
1974 5439 2364 5498 ostentationis
2392 5439 2552 5494 nobis
2579 5447 2726 5494 esset
2761 5441 2905 5494 ratio
2933 5448 2991 5496 et
3010 5444 3382 5510 amori-audis,

129 5519 354 5580 laborem
382 5526 610 5582 habere.
641 5529 965 5583 Ascendens
1005 5529 1175 5595 enim,
1209 5529 1306 5601 qui
1341 5529 1498 5600 legit,
1532 5529 1713 5600 primo
1795 5545 2020 5584 necesse
2049 5533 2197 5582 esset
2224 5545 2448 5599 semper
2467 5529 2767 5594 transilire,
2793 5530 3100 5600 praeterire,
3133 5533 3272 5586 nihil
3294 5549 3389 5586 cu-

129 5608 246 5666 dicit
265 5615 476 5670 librum
503 5618 664 5688 cujus
695 5624 800 5685 est,
840 5618 994 5673 illius
1041 5618 1194 5674 verbi
1220 5619 1409 5690 gratia
1432 5619 1715 5692 prophetae
1798 5623 1988 5673 rantes
2016 5617 2500 5689 vestrigratia,sed
2521 5619 2748 5689 plausus
2782 5625 2996 5674 vestros
3026 5626 3250 5677 tantum
3289 5639 3390 5694 ap-

355 5715 626 5780 PATBOL.
661 5717 846 5781 CXII.
3081 5725 3159 5782 24
