3848 6164
163 358 248 415 749

543 337 1127 416 'ENARMTIONUI
1163 357 1244 412 IN
1279 355 1435 412 EPP.
1475 354 1692 412 PAULI

1812 355 1866 410 Β.
1909 355 2131 412 XXVII.
2169 380 2234 397 -ι
2260 355 2340 412 ΙΝ
2375 355 2598 416 EPIST.
2638 356 2736 412 AzD
2773 356 2989 412 HEBR.

3295 359 3398 434 750

154 503 176 538 ι
199 485 322 540 lium
348 483 466 546 Dei,
503 489 560 538 et
589 483 834 538 ostentui
861 482 1148 538 habentes.
1179 503 1203 535 ι)
1227 482 1578 553 Impossibile
1606 482 1710 547 est,
1736 481 1980 566 Afacere
2011 481 2372 552 paenitentiae,
2417 487 2697 554 quatenus
2733 477 3056 540 nullatenus
3091 483 3152 540 in
3195 483 3394 542 eadem

150 573 322 644 inquit,
337 588 447 626 non
461 571 707 626 difficile.
727 573 1077 643 Impossibile
1097 578 1200 636 est,
1219 571 1422 644 inquit.
1441 573 1505 627 In
1525 571 1718 642 despe-

149 663 393 718 rationem
421 677 519 717 eos
561 661 716 716 misit
751 662 995 718 secundo
1036 661 1308 732 baptizari
1341 677 1504 732 posse
1537 680 1547 714 :
1583 660 1718 731 quia

153 749 459 822 impossibile
514 756 602 804 est
657 751 807 821 quod
867 751 986 804 ﬁeri
1041 768 1154 806 non
1201 755 1385 821 potest
1428 768 1440 802 :
1489 749 1716 808 difﬁcile

159 856 258 894 vero
297 839 460 909 quod,
495 839 754 909 quamvis
799 856 931 894 cum
965 839 1174 902 labore,
1217 839 1344 893 ﬁeri
1377 845 1569 894 tamen
1612 855 1718 910 po-

159 933 256 984 test.
285 927 343 983 Si
377 928 573 994 semel,
605 927 810 998 inquit,
843 928 1147 983 illuminati
1184 929 1317 982 estis
1343 945 1446 1000 per
1475 928 1719 997 gratiam

158 1016 302 1072 sancti
345 1016 607 1086 Spiritus,
642 1024 700 1071 et
745 1018 1017 1087 gustastis
1063 1018 1274 1072 donum
1321 1017 1564 1082 caeleste,
1617 1017 1720 1070 hoc

157 1113 236 1170 est,
263 1104 645 1160 remissionem
685 1111 1043 1175 peccatorum
1083 1103 1398 1176 accepistis,
1450 1110 1507 1158 et
1549 1105 1722 1176 parti-

159 1195 279 1264 cipes
323 1193 444 1248 facti
483 1194 622 1248 estis
669 1194 913 1264 Spiritus
971 1195 1172 1259 sancti,
1225 1195 1284 1248 in
1326 1193 1722 1248 distributione

158 1283 392 1336 donorum
441 1282 564 1346 Dei,
603 1299 728 1353 qua
773 1283 834 1338 in
876 1283 1125 1354 Epistola
1167 1283 1238 1338 ad
1288 1283 1608 1338 Corinthios
1654 1283 1719 1336 B.

160 1372 330 1426 Paulus
363 1376 694 1438 enumerat;
729 1377 786 1426 et
806 1371 1016 1428 bonum
1043 1372 1310 1442 gestastis
1341 1371 1569 1426 verbum
1599 1371 1720 1436 Dei,

161 1461 230 1514 hic
252 1460 551 1518 doctrinam
592 1460 730 1516 dicit
770 1461 1180 1532 Evangelicam,
1225 1466 1284 1514 et
1321 1460 1555 1514 virtutes
1598 1476 1724 1513 ven-

159 1547 249 1601 turi
281 1547 456 1601 saeculi
510 1549 867 1618 cognovistis.
916 1551 1050 1612 Quae
1101 1554 1187 1602 est
1244 1548 1509 1602 revelatio
1550 1548 1724 1601 futuri

159 1637 332 1700 seculi,
366 1637 470 1690 nisi
502 1637 839 1694 resurrectio
887 1643 946 1692 et
989 1637 1103 1692 vita
1144 1637 1314 1693 beata
1345 1655 1466 1708 quae
1515 1637 1727 1690 sanctis

1797 569 2004 624 iterum
2041 576 2267 624 corruat
2284 576 2530 642 peccata.
2557 571 2770 626 Deinde
2799 572 2995 626 multis
3023 572 3394 644 eleemosynis

1797 659 2073 714 redimere
2099 675 2158 714 se
2187 659 2437 730 incipiat,
2473 659 2569 730 qui
2604 661 2788 715 saeculi
2811 661 3016 716 habeat
3031 668 3392 733 potestatem,

1797 748 1943 802 sicut
1966 749 2240 818 scriptum
2271 755 2356 804 est
2378 768 2388 802 :
2421 767 2446 801 α
2473 748 2689 804 Divitiae
2720 747 2824 804 viri
2851 751 3165 822 redemptio
3191 752 3396 810 ammte

1799 836 1952 892 illius
1983 840 2160 904 (Prov.
2194 839 2326 903 xm).
2356 857 2383 891 ιν
2416 839 2706 894 Postremo
2745 856 2887 909 opus
2921 845 3006 894 est
3037 839 3182 896 nulli
3211 839 3396 907 irasci,

1802 943 1982 996 neque
2013 927 2223 982 malum
2253 943 2353 998 pro
2374 927 2522 982 malo
2549 927 2804 994 reddere,
2827 927 3086 984 omnibus
3109 929 3398 984 dimittere

1802 1015 2160 1086 peccantibus
2199 1016 2257 1070 in
2287 1033 2366 1082 se,
2404 1016 2624 1074 dicente
2653 1017 2777 1088 ipsa
2815 1017 3064 1074 Veritate
3092 1036 3104 1071 :
3139 1037 3164 1069 α
3197 1017 3401 1074 Dimit-

1802 1104 1924 1170 tite,
1958 1110 2014 1158 et
2041 1104 2358 1160 dimittetur
2378 1104 2531 1158 vobis
2564 1125 2588 1154 »
2617 1105 2813 1176 (Matii.
2849 1115 2946 1170 vi).

1880 1214 1903 1244 ((
1940 1194 2114 1248 Terra
2161 1193 2312 1247 enim
2340 1210 2488 1264 saepe
2537 1193 2850 1250 venientem
2897 1211 3068 1267 super
3111 1212 3173 1250 se
3209 1195 3404 1251 bibens

1811 1297 1834 1332 α
1867 1281 2124 1346 imbrem,
2168 1289 2225 1336 et
2248 1281 2574 1352 germinans
2611 1282 2846 1337 herbam
2879 1289 3252 1356 Opportunam
3291 1285 3402 1352 his,

1810 1389 1836 1420 α
1869 1387 1904 1424 a
1931 1370 2133 1442 quibus
2175 1370 2394 1434 colitur,
2427 1371 2646 1442 accepit
2691 1371 3136 1430 benedictionem
3164 1391 3200 1428 a
3247 1375 3402 1440 Deo;

1812 1480 1832 1509 ι
1865 1460 2155 1530 proferens
2195 1466 2384 1512 autem
2423 1459 2614 1530 spinas
2657 1477 2721 1512 ac
2760 1460 3002 1514 tribulos
3034 1463 3271 1532 reproba
3298 1469 3405 1530 est,

1814 1568 1834 1598 ι
1873 1553 1930 1600 et
1948 1547 2244 1601 maledicto
2273 1549 2544 1618 proxima,
2572 1550 2733 1619 cujus
2753 1551 3161 1605 consummatio
3184 1552 3242 1604 in
3262 1569 3411 1606 com-

1813 1654 1839 1689 «
1872 1634 2211 1690 bustionem.
2241 1639 2343 1690 »lJ.
2371 1638 2588 1706 Chrys.)
2613 1639 2757 1691 Cum
2786 1637 2990 1692 timore
3010 1645 3201 1694 autem
3221 1641 3413 1695 audia-

161 1726 471 1796 promittitur
490 1725 515 1778 '?
545 1725 675 1780 Haec
697 1726 886 1780 omnia
915 1727 972 1780 in
1002 1723 1259 1781 doctrina
1281 1724 1429 1790 ﬁdei,
1462 1725 1522 1780 in
1543 1727 1727 1796 gratia
1811 1739 1938 1777 mus
1967 1740 2258 1778 sermones
2291 1723 2410 1778 Del.
2444 1726 2570 1779 Non
2595 1732 2730 1780 sunt
2758 1727 2844 1780 ha:
2874 1727 3044 1782 mina
3075 1729 3264 1796 Pauh;
3298 1747 3412 1784 non

160 1815 246 1868 Dei
276 1831 365 1884 per
403 1813 748 1885 baptismum
792 1815 1097 1869 illuminati
1127 1815 1418 1886 accepistis
1447 1821 1505 1868 et
1533 1798 1948 1884 cogno-Bsunt
1999 1812 2244 1865 hominis
2284 1812 2470 1878 verba,
2523 1813 2690 1867 verba
2745 1815 2989 1885 Spiritus
3034 1817 3214 1872 sancti
3259 1824 3408 1884 sunt,

161 1904 306 1956 vistis.
337 1903 542 1960 Scitote
574 1903 908 1970 certissime,
949 1905 996 1958 si
1027 1904 1085 1958 in
1115 1905 1355 1976 peccatis
1385 1904 1594 1958 iterum
1637 1898 1753 1958 ca?

159 1991 298 2058 detis,
327 1992 666 2064 impossibile
698 2010 819 2048 esse
863 2009 960 2047 vos
988 1993 1246 2048 renovari
1272 1993 1480 2047 iterum
1510 1992 1580 2047 ad
1607 2008 1729 2063 pos-

157 2080 441 2145 nitentiam,
482 2081 590 2136 hoc
644 2087 750 2147 est,
784 2098 884 2154 per
919 2082 1330 2154 paenitentiam.
1368 2081 1512 2145 Quid
1557 2081 1729 2150 ergo?

165 2167 376 2230 Exclusa
403 2175 488 2224 est
506 2170 840 2241 pcenitentia
853 2175 980 2240 post
997 2170 1340 2242 baptismum
1361 2171 1384 2223 ?
1411 2169 1600 2236 Absit;
1634 2169 1732 2224 sed

157 2259 409 2314 renovatio
455 2276 556 2330 per
601 2259 745 2314 sacri
787 2258 1140 2330 baptismatis
1169 2261 1454 2314 lavacrum
1483 2258 1732 2313 secunda

156 2347 250 2402 vice
276 2347 392 2402 ﬁeri
419 2364 530 2402 non
557 2353 770 2418 potest:
791 2349 1071 2413 renovari,
1095 2349 1257 2415 dixit,
1275 2349 1378 2402 hoc
1397 2354 1504 2414 est,
1523 2363 1729 2402 novum

159 2436 277 2490 ﬁeri.
316 2437 531 2495 Novum
569 2437 777 2508 quippe
807 2436 990 2492 facere
1023 2437 1310 2492 hominem
1355 2437 1502 2491 sacri
1541 2435 1729 2508 bapti-

157 2525 336 2579 smatis
368 2530 469 2588 est,
503 2525 575 2580 de
597 2542 707 2596 quo
733 2527 1015 2598 Propheta
1031 2527 1112 2580 ait
1140 2545 1150 2578 :
1179 2544 1203 2578 «
1222 2525 1604 2580 Renovabitur
1631 2525 1731 2578 sic-

161 2619 212 2666 ut
243 2610 435 2684 aquilae
466 2615 737 2684 juventus
777 2620 876 2670 tua
903 2615 1076 2685 (Psal.
1113 2617 1222 2684 cn).
1261 2634 1287 2669 υ
1325 2615 1500 2684 Cujus
1528 2614 1724 2678 virtus,

155 2701 205 2755 id
223 2710 318 2765 est,
335 2703 685 2774 baptismatis
703 2704 869 2769 sacri,
887 2703 944 2756 in
959 2720 1126 2758 cruce
1137 2709 1194 2757 et
1216 2704 1507 2774 sepultura
1522 2702 1731 2756 Christi

157 2797 368 2845 constat.
410 2789 655 2848 Proinde
683 2792 974 2863 subjunxit
1007 2811 1018 2847 :
1061 2814 1084 2843 α
1119 2793 1363 2847 Rursum
1395 2791 1728 2862 cruciﬁgen—

153 2885 223 2933 tes
247 2880 614 2952 sibimetipsis
642 2881 846 2936 Filium
868 2882 990 2942 Dei,
1009 2887 1066 2936 et
1091 2881 1336 2937 ostentui
1368 2880 1666 2934 habentes;
1703 2897 1730 2933 υ

153 2967 242 3022 hoc
269 2975 356 3024 est
387 2987 399 3022 :
435 2989 459 3022 «
496 2971 672 3024 Vetus
711 2971 880 3026 homo
912 2977 1103 3025 noster
1127 2971 1295 3026 simul
1326 2969 1622 3024 cruciﬁxus
1649 2974 1736 3023 est

151 3072 261 3110 cum
289 3057 704 3126 Christo(Rom.
731 3064 822 3128 γι).
851 3078 876 3111 »
914 3059 1071 3114 Sicut
1099 3058 1210 3114 alio
1231 3059 1352 3113 loco
1375 3059 1453 3112 ait
1488 3076 1498 3110 :
1535 3076 1561 3110 α
1587 3059 1734 3112 Con-

155 3145 338 3200 formes
371 3146 527 3202 enim
564 3146 694 3202 facti
730 3163 924 3202 sumus
955 3147 1154 3202 mortis
1179 3147 1331 3216 ejus;
1363 3167 1384 3198 ι
1409 3153 1461 3200 et
1484 3146 1689 3200 iterum
1717 3164 1728 3198 :

155 3251 174 3283 ς
203 3234 518 3307 Consepulti
549 3236 700 3290 enim
731 3235 866 3290 estis
897 3236 948 3290 ei
981 3253 1083 3308 per
1122 3235 1468 3306 baptismum
1499 3235 1558 3289 in
1588 3251 1734 3290 mor-

149 3327 195 3374 te
229 3325 438 3389 (001033.
483 3329 562 3394 ιι).
620 3345 644 3376 ›)
705 3325 862 3379 Sicut
913 3325 1064 3380 enim
1119 3323 1461 3395 impossibile
1507 3330 1594 3378 est
1642 3340 1732 3377 se-

146 3412 308 3466 cundo
360 3413 618 3484 cruciﬁgi
663 3414 969 3479 Christum,
1019 3413 1124 3468 hoc
1173 3417 1259 3466 est
1305 3413 1550 3467 ostentui
1602 3429 1732 3467 eum

145 3498 348 3555 habere.
389 3502 502 3566 Qui
531 3503 775 3558 secundo
805 3520 866 3556 se
905 3502 1174 3574 baptizari
1204 3517 1366 3573 posse
1414 3507 1594 3574 putat,
1641 3519 1732 3556 se-

144 3589 308 3644 cundo
343 3591 634 3644 Christum
682 3590 1008 3660 cruciﬁgere
1049 3589 1250 3662 quaerit
1284 3607 1294 3642 :
1345 3588 1440 3660 qui
1473 3589 1519 3642 si
1552 3589 1732 3642 cruci-

141 3676 264 3731 ﬁxus
289 3685 398 3746 est,
415 3685 474 3733 et
502 3685 776 3744 mortuus,
801 3685 858 3734 et
879 3679 1055 3733 victor
1073 3677 1271 3732 mortis
1299 3677 1626 3738 resurrexit,
1653 3684 1734 3731 at-

140 3780 233 3834 que
259 3783 389 3822 cum
421 3767 710 3838 triumpho
738 3775 798 3823 et
820 3769 1002 3838 gloria
1033 3769 1200 3821 caelos
1226 3767 1494 3822 ascendit.
1514 3785 1552 3818 .¢
1579 3767 1734 3821 Sicut

139 3854 272 3908 enim
299 3857 480 3910 semel
505 3856 762 3910 Christus
787 3863 1043 3911 mortuus
1064 3862 1149 3910 est
1165 3872 1332 3910 carne
1361 3856 1418 3909 in
1449 3872 1628 3918 cruce,
1655 3855 1733 3910 sic

141 3957 230 3996 nos
262 3945 443 4000 semel
480 3946 755 4000 morimur
783 3945 840 3999 in
873 3944 1235 4015 baptismate;
1261 3961 1375 3998 non
1416 3960 1603 4009 carne,
1635 3945 1733 3997 sed

139 4041 371 4100 peccato.
397 4053 423 4086 ι
455 4036 641 4104 Atque
662 4033 805 4088 sicut
837 4034 929 4088 ille
951 4033 1157 4088 iterum
1187 4032 1329 4087 mori
1358 4049 1469 4086 non
1501 4033 1728 4104 poterit,

139 4118 208 4172 ita
233 4138 336 4177 nos
373 4123 648 4192 baptizari
691 4139 802 4178 non
850 4139 1166 4194 possumus,
1203 4121 1309 4175 nisi
1355 4120 1608 4174 fortassis
1648 4121 1732 4175 la-

137 4212 334 4280 crymis
362 4212 732 4284 poenitentiae,
755 4228 868 4268 non
891 4211 1094 4266 lavacri
1117 4211 1561 4282 regeneratione.
1586 4209 1731 4273 Quid

136 4313 256 4367 ergo
287 4307 376 4354 est
399 4301 424 4354 ?
451 4301 660 4372 inquis,
699 4317 809 4355 non
842 4307 927 4355 est
974 4299 1351 4372 paenitentia?
1392 4300 1489 4352 Est
1535 4297 1730 4370 utique

131 4387 478 4456 paenitentia,
511 4389 609 4443 sed
638 4389 916 4459 baptisma
945 4389 1096 4443 aliud
1119 4405 1230 4443 non
1257 4393 1360 4442 est.
1391 4386 1731 4442 Poenitentia

133 4491 252 4530 vero
281 4484 394 4542 est,
426 4484 488 4533 et
530 4479 772 4532 multam
817 4477 990 4532 habet
1031 4475 1419 4532 fortitudinem
1459 4477 1630 4530 etiam
1672 4475 1730 4530 in

133 4577 250 4618 eum
279 4567 379 4637 qui
423 4567 673 4639 peccatis
710 4567 868 4622 valde
907 4566 1186 4621 dimersus
1229 4572 1333 4620 est.
1373 4566 1430 4620 Si
1467 4564 1726 4633 voluerit,

131 4659 304 4722 potest
331 4673 472 4710 eum
501 4656 742 4710 liberare
781 4672 846 4709 ex
889 4672 1058 4710 onere
1087 4661 1462 4726 peccatorum,
1494 4660 1552 4708 et
1579 4653 1727 4724 peri-

130 4740 414 4798 clitantem
428 4745 492 4798 in
507 4750 628 4800 tuto
655 4744 1016 4811 constituere,
1037 4761 1100 4798 ac
1121 4743 1168 4797 si
1189 4743 1256 4797 ad
1289 4742 1474 4815 ipsum
1490 4740 1727 4797 fundum

128 4827 444 4902 iniquitatis
475 4832 823 4904 pervenerit;
849 4840 908 4887 et
933 4830 1040 4886 hoc
1059 4849 1124 4886 ex
1152 4829 1344 4886 multis
1370 4831 1727 4885 manifestum

129 4927 202 4970 est
228 4920 606 4975 testimoniis.
636 4921 768 4976 Ideo
795 4917 1013 4976 addidit
1044 4939 1055 4974 :
1087 4940 1114 4971 ι(
1141 4919 1410 4992 Nunquid
1451 4920 1599 4975 enim
1630 4920 1727 4992 qui

127 5008 295 5074 cadet,
325 5026 450 5066 non
483 5016 770 5080 resurget;
803 5015 902 5064 aut
921 5010 1015 5081 qui
1036 5009 1327 5074 avertitur,
1357 5025 1466 5064 non
1491 5016 1729 5064 reverte-

126 5098 210 5149 tur
223 5097 284 5150 ’2)
316 5101 462 5164 (λεν.
485 5101 621 5167 vni.)
634 5099 808 5164 Quale
823 5115 956 5169 ergo
981 5096 1231 5153 estistud
1257 5097 1726 5153 medicamentum

127 5187 489 5254 pauitantia,
511 5194 610 5242 aut
638 5187 881 5259 qualiter
907 5184 1232 5242 conﬁcitur?
1261 5186 1514 5242 Primum
1545 5189 1726 5242 excul-

126 5277 296 5342 pando
317 5275 560 5347 propria
578 5282 806 5348 peccata
829 5295 840 5330 :
870 5295 896 5328 α
919 5276 1300 5348 Iniquitatem,
1325 5275 1526 5347 inquit.
1542 5294 1724 5332 meam

125 5378 225 5418 non
270 5365 497 5430 celavi;
536 5370 592 5418 et
627 5364 1003 5436 pronuntiabo
1043 5367 1338 5420 adversum
1386 5383 1475 5420 me
1525 5365 1727 5436 iniqui-

123 5456 288 5506 tatem
325 5470 527 5508 meam
566 5453 823 5521 Domino,
857 5460 915 5509 et
948 5461 1011 5508 tu
1051 5453 1332 5508 abstulisti
1373 5454 1722 5526 impietatem

124 5541 299 5596 cordis
327 5542 449 5599 mei
479 5543 642 5613 (Psai.
679 5549 854 5613 xxxx).
883 5561 908 5595 ››
956 5541 1230 5609 Secundo,
1274 5543 1451 5597 multa
1493 5543 1722 5598 humili-

124 5635 227 5686 tate
252 5632 541 5704 plangere
570 5637 798 5704 peccata
822 5649 944 5700 sua,
963 5631 1286 5706 fructusque
1307 5632 1508 5705 dignos
1527 5630 1726 5688 exinde

1751 4435 1797 4493 D

1813 1901 2021 1954 Christi
2043 1907 2176 1954 sunt
2194 1902 2476 1972 loquentis
2505 1903 2562 1956 in
2585 1903 2778 1958 Paulo.
2803 1905 3294 1974 Comparationem
3324 1908 3416 1962 hic

1812 1989 1944 2044 fecit
1971 1989 2039 2043 de
2067 1990 2393 2060 proﬁciente
2415 1991 2606 2044 anima
2634 1991 2693 2046 in
2721 1989 2978 2046 doctrina
2996 1995 3116 2060 Dei,
3151 2001 3209 2049 et
3233 1997 3416 2066 negli-

1810 2078 1968 2148 genti
1990 2079 2228 2132 salutem
2253 2095 2431 2132 suam.
2458 2079 2776 2134 Fructiferae
2799 2087 2965 2136 terra;
2987 2083 3418 2156 caelestibusque

1811 2159 2090 2222 imbribus
2105 2166 2350 2237 irrigataa
2366 2168 2682 2238 adaequavit
2690 2169 3079 2240 proﬁcientem
3095 2173 3345 2229 animam
3357 2174 3419 2227 in

1816 2254 2051 2310 floribus
2099 2262 2423 2310 sanctorum
2469 2273 2812 2326 germinum,
2865 2257 3055 2312 dicens
3105 2277 3116 2312 :
3170 2280 3195 2312 «
3244 2262 3420 2319 Terra

1814 2345 1963 2398 enim
2001 2348 2148 2416 saepe
2191 2346 2506 2402 venientem
2535 2361 2706 2417 super
2747 2364 2808 2400 se
2857 2346 3094 2402 imbrem
3132 2348 3348 2404 bibens.
3388 2371 3412 2404 n

1814 2433 1915 2486 Hic
1953 2433 2206 2488 declarat
2236 2434 2384 2507 quod
2415 2434 2472 2488 hi
2517 2434 2588 2488 ad
2629 2451 2768 2506 quos
2799 2436 2921 2506 ejus
2952 2453 3136 2491 sermo
3167 2438 3292 2505 fuit,
3327 2457 3419 2498 su-

1813 2527 2113 2594 sceperunt
2132 2528 2189 2576 et
2208 2521 2598 2578 combiberunt
2612 2523 2842 2578 verbum
2863 2526 3103 2580 caelestis
3123 2527 3410 2595 do’ctrinze,

1814 2617 1871 2663 et
1881 2609 2082 2682 saepius
2103 2627 2206 2681 per
2225 2611 2427 2680 legem,
2435 2629 2535 2682 per
2545 2612 2846 2682 prophetas
2861 2620 3251 2684 perceperunt,
3271 2622 3328 2670 et
3347 2633 3418 2670 ne

1814 2697 1892 2752 sic
1927 2698 2172 2770 prompti
2197 2697 2327 2752 facti
2347 2705 2479 2753 sunt
2499 2700 2759 2770 germina
2778 2701 2908 2755 ﬁdei
2929 2703 3198 2772 proferre.
3219 2699 3416 2760 Adhuc

1813 2785 2029 2841 addidit
2056 2789 2124 2840 de
2155 2787 2300 2842 bona
2318 2795 2489 2854 terra,
2524 2787 2584 2842 in
2616 2807 2784 2864 quam
2810 2791 3012 2845 cecidit
3047 2809 3239 2848 semen
3271 2793 3422 2848 verbi

1815 2875 1936 2942 Dei,
1957 2898 1977 2928 ι
1991 2875 2336 2947 germinans,
2357 2877 2454 2944 ait,
2470 2877 2703 2932 herbam
2720 2886 3150 2950 opportunam.»
3165 2881 3320 2938 Nihil
3336 2883 3418 2938 sic

1817 2972 2195 3037 opportunum
2219 2967 2364 3020 sicut
2385 2967 2525 3021 ﬁdes
2544 2967 2602 3020 in
2630 2967 2836 3022 Filium
2857 2969 2958 3022 Dei
2979 2975 3038 3023 et
3055 2969 3170 3026 vita
3183 2971 3414 3042 optima.

1819 3053 1949 3108 Haec
1977 3069 2106 3108 vero
2136 3054 2266 3108 talis
2297 3061 2449 3109 terra
2485 3056 2686 3128 accipit
2729 3055 3177 3114 benedictionem
3207 3077 3242 3116 a
3279 3061 3415 3129 Deo,

1754 3115 1798 3175 ί)
1821 3149 1884 3196 ut
1910 3143 2052 3198 ferat
2077 3143 2450 3214 trigesimum,
2486 3144 2912 3215 sexagesimum,
2950 3148 3122 3202 etiam
3152 3154 3210 3202 et
3237 3155 3422 3205 cente-

1817 3233 2024 3286 simum
2054 3231 2318 3286 fructum.
2355 3233 2422 3286 Et
2451 3233 2554 3287 hoc
2593 3235 2905 3288 notandum
2927 3241 3030 3300 est,
3056 3237 3204 3307 quod
3234 3239 3418 3294 omnis

1815 3319 2162 3374 abundantia
2189 3319 2247 3376 in
2277 3318 2533 3392 frugibus
2562 3327 2748 3388 terrae,
2772 3322 2830 3376 in
2859 3321 3134 3379 fructibus
3155 3325 3422 3382 arborum

1815 3425 1925 3462 non
1939 3409 1987 3462 al
1997 3407 2235 3474 iter,nisi
2250 3426 2352 3478 per
2367 3409 2466 3462 Dei
2481 3407 2920 3464 benedictionem
2933 3413 3240 3469 cultoribus
3253 3416 3324 3469 ad
3336 3433 3424 3472 v0-

1815 3496 2089 3551 luntatem
2115 3497 2388 3567 respicere
2415 3497 2638 3568 poterit.
2665 3499 2858 3569 Neque
2878 3501 3028 3554 enim
3049 3503 3423 3572 agricolarum

1813 3585 1921 3640 fuit
1949 3593 2158 3640 terram
2190 3585 2430 3639 excitare
2463 3585 2535 3639 ad
2563 3586 2796 3652 fructus,
2831 3589 2928 3641 sed
2963 3589 3263 3660 imperium
3293 3593 3414 3660 Dei,

1815 3673 1958 3728 sicut
1987 3673 2120 3728 alibi
2153 3673 2298 3726 idem
2333 3673 2530 3728 beatus
2561 3675 2770 3728 Paulus
2795 3675 2912 3730 ait:
2941 3696 2966 3728 «
3002 3679 3115 3748 Ego
3147 3680 3413 3750 plantavi,

1814 3761 2012 3833 Apollo
2059 3762 2278 3832 rigavit,
2321 3761 2416 3816 sed
2452 3763 2598 3816 Deus
2629 3763 3038 3819 incrementum
3080 3767 3179 3820 dat
3211 3770 3261 3834 (Ι
3289 3769 3411 3824 Cor.

1816 3857 1913 3920 Ill).
1955 3873 1974 3903 υ
2011 3852 2128 3904 Hoc
2157 3867 2288 3920 ergo
2319 3850 2388 3904 de
2425 3851 2631 3909 anima.
2657 3853 2879 3906 ﬂorenti
2923 3853 2981 3908 in
3021 3855 3318 3912 virtutibus
3357 3864 3414 3914 et

1816 3941 1915 3994 Dei
1936 3940 2320 3994 benedictione
2343 3939 2510 4010 digne
2533 3940 2768 4012 protulit
2795 3943 3112 4014 exemplum
3135 3963 3147 4012 ;
3177 3963 3415 4018 moxque

1815 4028 2104 4100 subjunxit
2123 4027 2276 4082 aliud
2296 4027 2627 4100 paradigma
2653 4029 2722 4083 de
2741 4047 2809 4084 ea
2839 4049 2961 4102 qum
2989 4049 3148 4087 suam
3179 4035 3414 4107 negligit

1814 4119 2075 4184 salutem,
2107 4117 2297 4172 dicens
2333 4137 2344 4172 :
2381 4137 2406 4169 «
2438 4117 2733 4174 Proferens
2772 4125 2964 4175 autem
2993 4122 3184 4193 spinas
3221 4141 3287 4178 ac
3314 4125 3413 4180 tri-

1813 4203 1994 4273 bulos,
2041 4207 2280 4278 reproba
2328 4213 2432 4272 est,
2483 4211 2542 4262 et
2597 4207 2892 4264 maledicto
2938 4211 3209 4282 proxima,
3251 4198 3412 4284 cujus

1813 4295 2222 4350 consummatio
2253 4296 2310 4350 in
2339 4295 2804 4352 combustionem.
2841 4319 2866 4351 »
2899 4300 3037 4363 Quis
3057 4319 3307 4372 namque
3328 4308 3416 4358 est

1811 4383 2019 4438 abistis
2048 4385 2224 4456 spinis
2248 4386 2526 4440 mundus?
2543 4387 2621 4441 Ac
2647 4387 2693 4441 si
2716 4405 2967 4442 essemus
2997 4390 3210 4456 mundi,
3228 4407 3410 4462 neque

1813 4473 1894 4527 sic
1921 4480 2392 4545 prmsumptuosos
2429 4491 2530 4528 nos
2569 4481 2788 4546 oportet
2819 4494 2958 4540 esse,
2985 4478 3081 4530 sed
3123 4478 3320 4533 timere
3353 4486 3412 4536 et

1812 4566 2073 4630 tremere,
2106 4580 2176 4616 ne
2206 4562 2347 4617 forte
2369 4561 2645 4634 pullulent
2671 4563 2730 4618 in
2761 4563 2922 4618 nobis
2949 4565 3123 4636 spinae
3149 4574 3408 4638 peccato-

1812 4667 1958 4704 rum.
1993 4651 2284 4715 Quomodo
2313 4650 2500 4706 anima
2538 4651 2621 4704 vel
2649 4669 2778 4706 caro
2807 4651 2981 4723 spinis
3013 4653 3179 4724 plena
3206 4674 3404 4730 super-

1811 4740 1930 4793 bire
1945 4739 2175 4810 poterit?
2194 4739 2460 4811 Nunquid
2472 4756 2584 4794 non
2598 4741 2797 4810 majori
2815 4741 3189 4799 sollicitudine
3211 4748 3407 4802 exstir-

1809 4845 1943 4900 pare
1972 4845 2067 4882 eas
2099 4846 2238 4900 opus
2267 4827 2536 4882 haberet?
2565 4829 2699 4894 Quae
2737 4837 2870 4885 sunt
2897 4848 3029 4902 ergo
3052 4835 3224 4906 spinae
3237 4837 3260 4889 ’ἲ
3287 4839 3404 4892 Au-

1809 4918 2030 4972 diamus
2057 4915 2342 4972 Christum
2361 4916 2430 4971 de
2459 4917 2636 4988 spinis
2667 4917 2964 4987 dicentem,
2989 4921 3122 4992 quia
3150 4941 3285 4979 cura
3305 4944 3404 4982 sae-

1810 5007 1922 5062 culi
1941 5008 2108 5078 hujus
2127 5011 2184 5061 et
2209 5005 2461 5078 deceptio
2482 5007 2801 5062 divitiarum
2825 5008 3126 5080 praefocant
3149 5013 3401 5082 verbum,

1810 5103 1867 5152 et
1891 5096 2300 5152 infructuosum
2329 5095 2570 5150 efﬁcitur
2585 5094 2799 5164 (Matth.
2822 5103 2956 5168 xm).
2981 5096 3293 5169 Proferens,
3320 5104 3402 5158 di-

1807 5185 1906 5252 xit,
1929 5181 2136 5258 spinas,
2165 5201 2276 5238 non
2294 5201 2588 5255 generans,
2615 5185 2992 5242 maledictioni
3012 5190 3266 5260 proxima
3293 5198 3396 5247 est.

1809 5275 1855 5329 O
1877 5280 2145 5346 quantam
2165 5273 2335 5328 habet
2360 5273 2797 5329 consolationem
2820 5276 2910 5331 hic
2930 5280 3143 5332 sermo!
3171 5279 3400 5337 Maledi-

1807 5363 1996 5430 ctioni,
2028 5363 2213 5435 inquit
2247 5362 2518 5434 proxima.
2541 5365 2667 5418 Non
2697 5365 3008 5432 maledicta,
3045 5367 3178 5440 quia
3207 5378 3398 5426 autem

1807 5453 2046 5508 necdum
2062 5453 2120 5506 in
2145 5451 2593 5506 maledictionem
2613 5453 2823 5519 incidit,
2840 5453 2936 5509 sed
2957 5457 3396 5529 proximitatem,

1807 5549 1866 5596 et
1890 5542 2054 5613 longe
2072 5541 2194 5596 ﬁeri
2211 5541 2438 5614 poterit.
2467 5541 2534 5596 Et
2561 5559 2674 5596 non
2703 5543 2808 5598 hoc
2844 5542 3026 5600 solum
3055 5551 3396 5618 consolatur,

1806 5631 1906 5686 sed
1925 5631 2175 5686 etiamin
2204 5647 2268 5686 eo
2293 5629 2442 5703 quod
2460 5627 2868 5704 sequitur.Non
2887 5629 3030 5691 dixit
3046 5655 3056 5691 :
3073 5634 3330 5710 Reproba
3340 5643 3398 5692 et
