3866 6158
507 319 604 376 751

1086 318 1150 372 Β.
1191 281 1462 372 RABANI
1499 316 1731 372 MAURI
1783 316 2118 372 ARCHIEP.
2161 316 2484 372 MOGUNT.
2529 316 2825 372 OPERUM
2864 314 3047 369 PARS
3085 314 3178 405 IIl.

3606 324 3680 379 75‘.’

505 440 881 498 maledictioni
911 441 1182 512 proxima,
1208 460 1331 513 qua:
1359 441 1738 498 comburetur.
1784 445 1891 498 Sed
1923 445 2055 515 quid
2078 444 2102 497 ?
2119 447 2166 504 Α
2186 438 2378 514 Neque
2427 461 2558 513 ergo
2610 444 2667 497 in
2717 441 2975 496 omnibus
3027 441 3293 508 adulatur,
3323 459 3385 496 ne
3415 446 3600 515 pejores
3623 449 3683 501 ef.

505 550 535 586 α
569 532 742 601 Cujus
771 531 1182 584 consummatio
1212 531 1270 585 in
1300 533 1761 587 combustionem.
1789 535 1916 587 Haec
1947 551 2100 586 com-
2183 533 2366 595 ﬁciat;
2401 550 2580 603 neque
2624 533 2682 585 in
2711 530 2970 584 omnibus
2999 531 3248 600 percutit,
3283 533 3370 586 sed
3396 534 3682 604 aliquantum

501 619 688 676 bustio
705 635 815 673 non
832 619 957 684 erit,
975 620 1082 673 nisi
1107 621 1231 690 quis
1248 638 1424 692 usque
1441 623 1498 676 in
1515 625 1684 676 ﬁnem
1705 623 2098 694 permaneatin
2181 623 2406 692 quidem
2435 621 2782 692 percussoria
2803 637 3108 690 apponens,
3138 621 3360 673 multum
3384 627 3547 676 autem
3565 641 3687 678 cura-

496 709 738 781 peccatis
749 708 884 763 suis.
900 709 1045 772 Quia
1059 726 1085 761 c
1101 709 1160 762 in
1173 727 1504 782 quacunque
1518 712 1608 764 die
1622 729 1918 766 conversus
1931 713 2096 766 fuerit

493 804 772 870 peccator,
807 797 921 851 vita
935 798 1081 851 vivet
1108 803 1164 852 et
1192 816 1303 853 non
1335 801 1608 854 morietur
1635 803 1840 866 (Ezech.
1867 806 2036 869 xvm).
2064 822 2090 852 ιο

497 887 555 943 Si
580 904 710 941 vero
737 886 1127 941 abscindamus
1154 888 1344 960 spinas
1377 907 1477 960 per
1505 890 1908 960 poenitentiam,
1937 896 2095 960 pote-

493 976 673 1031 rimus
702 976 856 1030 mille
878 975 1039 1029 bonis
1064 978 1295 1046 perfrui,
1324 985 1379 1032 et
1408 979 1528 1032 ﬁeri
1555 979 1887 1050 probabiles,
1915 985 1972 1032 et
1997 979 2094 1032 be-

453 1061 466 1078 ’
492 1065 828 1121 nedictionis
852 1065 954 1119 Dei
980 1066 1300 1137 participes.
1322 1070 1390 1134 (J.
1423 1069 1596 1135 Chrys
1622 1069 1642 1136 )
1670 1069 1975 1138 Postquam
2001 1086 2095 1122 eos

490 1154 668 1225 igitur
686 1154 992 1225 increpavit
1018 1155 1377 1222 sufficienter,
1400 1163 1455 1210 et
1476 1157 1683 1210 terruit
1711 1163 1768 1210 et
1796 1158 2090 1227 percussit,

490 1250 653 1299 curat
674 1243 880 1298 iterum
903 1261 975 1297 ne
1006 1245 1248 1315 amplius
1268 1262 1363 1298 eos
1393 1246 1620 1315 dejiciat
1645 1251 1702 1299 et
1722 1247 1953 1317 supinos
1976 1247 2091 1299 efﬁ-

491 1333 620 1399 ciat,
651 1332 879 1387 tardum
917 1333 1088 1398 enim,
1125 1333 1218 1404 qui
1250 1334 1510 1404 percutit,
1550 1335 1858 1389 tardiorem
1897 1335 2086 1388 efﬁcit.

2178 712 2324 764 toria
2337 713 2498 764 all‘ert
2519 729 2616 780 per
2635 728 2701 762 ea
2723 727 2844 780 qua)
2862 708 3268 771 inferunt.Quid
3285 709 3420 762 enim
3438 711 3686 767 dixit?.\'on

2177 801 2346 853 veluti
2359 801 2648 870 culpantes
2663 817 2754 852 vos
2774 799 2888 851 inec
2907 797 3159 859 dicimus,
3181 814 3350 868 neque
3362 799 3510 852 veluti
3526 805 3686 870 putan-

2177 896 2262 942 tes
2283 908 2377 942 vos
2393 889 2566 959 spinis
2589 889 2800 959 plenos,
2818 887 2913 940 sed
2929 887 3206 948 timentes,
3227 903 3292 938 ne
3308 887 3435 940 tales
3457 888 3688 942 efﬁciami-

2177 979 2234 1032 ni
2255 997 2266 1031 :
2296 980 2495 1032 melius
2518 979 2821 1048 quippecst
2833 976 3011 1029 verbis
3034 993 3128 1028 vos
3141 982 3340 1028 terrere
3359 976 3572 1030 nerebus
3585 978 3687 1047 ipsis

2177 1068 2438 1132 deleatis;
2465 1074 2522 1121 et
2548 1067 2650 1120 hoc
2679 1065 2966 1136 sapientiae
2997 1064 3153 1118 Pauli
3184 1070 3266 1117 est
3289 1083 3300 1129 ;
3324 1071 3376 1117 et
3402 1066 3630 1130 maxime,
3649 1074 3690 1119 et

2177 1174 2288 1210 non
2318 1157 2474 1218 dixit,
2527 1162 2809 1226 putamus,
2849 1171 3031 1224 neque
3073 1153 3404 1222 conjicimus,
3433 1171 3586 1223 neque
3619 1171 3689 1206 ex-

2173 1251 2510 1317 spectamus,
2535 1263 2717 1316 neque
2741 1261 3050 1315 speramus,
3067 1243 3164 1296 sed
3188 1243 3345 1312 plena
3363 1243 3542 1296 virtute
3557 1243 3690 1296 animi

2173 1335 2524 1400 conﬁdimus,
2542 1335 2690 1405 quod
2719 1334 2776 1386 in
2801 1333 2962 1386 initio
2982 1331 3266 1402 sequentis
3284 1330 3402 1384 libri
3421 1331 3688 1384 ostenditur.

817 1571 1356 1704 LIBER
1455 1574 2430 1703 VICESIMUS
2564 1572 3421 1702 OCTAVUS.

905 1877 1262 1942 SEQUITUR
1305 1877 1540 1931 CAPUT
1570 1877 1662 1930 VI.

559 1978 587 2014 α
603 1961 951 2020 Conﬁdimus
971 1971 1182 2032 autem,
1201 1966 1570 2031 dilectissimi,
1593 1966 1661 2019 de
1678 1965 1828 2019 vobis
1849 1966 2084 2019 meliora

487 2067 514 2101 ι
531 2051 867 2108 etviciniora
880 2056 1068 2121 saluti,
1084 2056 1310 2110 tametsi
1324 2056 1401 2109 ita
1413 2055 1714 2125 loquimur.
1729 2074 1750 2105 ι
1762 2055 1925 2123 (Αιὺ.)
1941 2055 2084 2119 Quia

481 2136 682 2195 beatus
702 2141 910 2198 Paulus
931 2161 1045 2198 non
1072 2145 1271 2198 habuit
1289 2145 1438 2198 unde
1461 2161 1556 2198 eos
1578 2145 1648 2198 ad
1674 2161 1813 2214 quos
1834 2145 2076 2215 scripsit,

457 2227 552 2282 'de
579 2232 842 2299 praesenti
869 2233 1145 2298 laudaret,
1187 2233 1386 2304 incipit
1415 2233 1495 2286 eis
1533 2234 1602 2286 de
1632 2251 1730 2304 spe
1760 2234 2080 2287 futurorum

479 2317 785 2386 praedicare
832 2321 1022 2376 dicens
1057 2339 1068 2374 :
1105 2340 1131 2375 α
1162 2323 1528 2388 Conﬁdimus,
1570 2323 1790 2388 fratres,
1827 2324 1895 2376 de
1930 2323 2079 2376 vobis

478 2405 715 2484 meliora
747 2415 804 2463 et
831 2410 1102 2465 viciniora
1123 2412 1310 2476 saluti,
1345 2411 1598 2482 quamvis
1629 2412 1707 2465 ita
1737 2412 1988 2465 dicamus
2013 2429 2022 2462 :
2054 2431 2076 2462 ι

482 2495 642 2564 quasi
661 2495 894 2552 dixisset
913 2515 924 2550 :
941 2499 1168 2570 Optima
1182 2501 1439 2570 quaedam
1461 2500 1529 2552 de
1550 2499 1703 2553 vobis
1725 2501 2074 2564 conﬁdimus,

481 2586 541 2635 et
561 2599 686 2653 quae
710 2587 879 2640 saluti
899 2593 1095 2642 vestrae
1118 2589 1446 2658 proﬁciant;
1471 2606 1582 2642 non
1605 2589 1798 2659 utique
1823 2591 1970 2658 quod
1991 2606 2081 2643 st:-

479 2670 671 2742 perius
691 2673 804 2728 dixi
826 2675 895 2729 de
910 2677 1150 2746 reproba
1161 2683 1313 2731 terra
1335 2683 1392 2730 et
1415 2677 1784 2731 combustiom
1807 2679 2077 2748 proxima,

478 2774 593 2813 non
619 2763 689 2818 de
713 2765 868 2818 vobis
887 2765 991 2818 hoc
1016 2765 1272 2830 dicimus,
1297 2767 1430 2836 quia
1453 2767 1686 2820 meliora
1708 2767 1776 2820 de
1799 2768 1953 2820 vobis
1967 2785 2082 2821 cre-

479 2853 685 2909 dimus.
709 2853 958 2908 Adduxit
977 2870 1198 2925 quoque
1227 2855 1308 2912 eis
1336 2855 1393 2909 in
1419 2855 1748 2909 memoriam
1768 2858 2076 2926 praeterita,

477 2949 545 2998 ut
571 2961 638 2999 ex
664 2942 963 3014 praeteritis
993 2959 1088 2996 eos
1108 2944 1358 2998 alliceret
1386 2945 1456 2998 ad
1488 2944 1633 2998 bona
1663 2962 1915 3016 quaeque,
1953 2946 2076 2999 ideo

477 3031 769 3103 subjunxit
799 3050 810 3085 :
849 3047 877 3082 ι
896 3031 1022 3086 Non
1045 3032 1195 3086 enim
1226 3033 1472 3103 injustas
1499 3035 1666 3100 Deus,
1692 3039 1756 3087 ut
1785 3033 2076 3088 oblivisca-

481 3139 510 3174 α
535 3127 634 3176 tur
660 3121 845 3192 operis
873 3123 1064 3187 vestri,
1093 3127 1150 3175 et
1179 3122 1511 3188 dilectionis,
1547 3140 1717 3193 quam
1749 3123 2075 3176 ostendistis

480 3226 510 3264 ι
536 3210 596 3264 in
623 3210 848 3265 nomine
881 3212 1076 3283 ipsius,
1111 3211 1206 3282 qui
1243 3211 1604 3266 ministrastis
1642 3212 1850 3265 sanctis
1880 3219 1937 3265 et
1965 3213 2072 3264 mi-

481 3319 506 3351 ¢
541 3299 814 3354 nistratis.
834 3321 858 3352 »
877 3304 943 3369 (J.
961 3303 1182 3368 Chrys.)
1199 3302 1335 3356 Ecce
1358 3301 1637 3371 quomodo
1664 3301 1938 3354 recreavit
1959 3301 2074 3354 ani-

465 3405 601 3442 mas
650 3405 842 3444 eorum
881 3394 938 3442 et
980 3390 1332 3453 confortavit,
1368 3391 1602 3460 antiqua
1629 3389 1708 3443 eis
1740 3389 1799 3443 in
1828 3395 2073 3443 mentem

474 3493 760 3532 revocans.
791 3478 946 3532 Tunc
988 3479 1119 3532 fecit
1166 3496 1281 3544 eos,
1311 3483 1374 3532 ut
1415 3496 1527 3532 non
1559 3478 1902 3532 aestimarent
1939 3479 2074 3531 obli-

473 3565 605 3620 visci
635 3567 814 3621 Deum
856 3573 913 3621 et
945 3567 1230 3638 praterita
1267 3569 1388 3638 ejus
1427 3567 1696 3621 beneﬁcia
1721 3568 1780 3620 in
1811 3585 1923 3621 eos.
1958 3569 2071 3621 Ne-

473 3671 628 3708 cesse
654 3661 742 3710 est
767 3656 919 3710 enim
949 3673 1077 3710 eum
1104 3673 1354 3726 peccare,
1387 3656 1474 3710 cui
1507 3673 1633 3727 spes
1661 3656 1841 3709 deerit
1860 3656 2067 3710 futura.

471 3743 685 3798 Deinde
709 3745 968 3799 hortatur
993 3762 1087 3798 eos
1107 3745 1366 3798 omnibus
1395 3745 1576 3798 modis
1603 3762 1830 3815 sperare
1861 3745 2068 3798 futura.

471 3831 616 3887 Eum
651 3833 803 3888 enim
835 3833 930 3905 qui
961 3835 1222 3904 desperat
1265 3835 1334 3886 de
1375 3834 1743 3904 praesentibus
1786 3834 2072 3886 beneﬁciis

471 3921 594 3987 Dei,
629 3923 778 3992 quod
805 3939 841 3975 a
858 3923 974 3976 Deo
1002 3939 1113 3976 non
1142 3921 1366 3981 habeat,
1392 3923 1460 3975 de
1488 3923 1690 3976 futuris
1716 3922 1840 3992 quis
1865 3923 2072 3993 poterit

471 4026 601 4064 eum
630 4010 982 4064 confortare?
1004 4011 1196 4064 Simile
1223 4011 1358 4080 quid
1387 4011 1601 4064 Galatis
1626 4011 1970 4082 improperat
1992 4012 2071 4065 di-

469 4114 600 4152 cens
632 4114 643 4150 :
680 4115 708 4151 α
738 4098 1063 4152 Currebatis
1100 4097 1241 4154 bene
1270 4100 1294 4152 ’ἶ
1325 4100 1450 4170 quis
1479 4117 1576 4153 vos
1605 4100 1894 4154 fascinavit
1928 4103 2060 4170 (Gal.

470 4183 534 4256 ν)
576 4204 600 4238 ι
657 4187 841 4257 Atque
897 4187 1104 4242 iterum
1165 4207 1176 4241 :
1235 4207 1258 4239 ε
1317 4189 1500 4242 Tanta
1552 4190 1700 4260 passi
1763 4191 1895 4243 estis
1948 4191 2069 4243 sine

468 4291 667 4342 causa;
693 4295 720 4327 in
753 4281 817 4330 ut
839 4293 1085 4348 praesens
1115 4277 1405 4348 mitigaret
1431 4279 1688 4331 eamdem
1708 4279 2063 4336 sententiam.

467 4380 597 4419 mox
623 4363 912 4436 subjunxit
945 4383 956 4419 :
995 4386 1016 4417 σ
1051 4366 1098 4420 si
1127 4373 1319 4421 tamen
1349 4367 1471 4420 sine
1495 4385 1683 4421 causa.
1716 4387 1742 4420 υ
1777 4369 1865 4422 Sic
1896 4369 2064 4421 etiam

465 4453 571 4508 hoc
585 4455 704 4509 loco
723 4456 1060 4527 temperavit
1077 4457 1418 4510 sententiam
1437 4474 1616 4516 suam,
1642 4457 1832 4510 dicens
1859 4476 1869 4509 :
1891 4478 1912 4507 ε
1941 4459 2064 4510 Non

2099 1862 2147 1921 B
2168 1895 2316 1932 rum.
2352 1879 2418 1931 Et
2448 1895 2556 1930 non
2585 1877 2726 1930 dixit
2777 1880 2920 1939 r010;
2953 1877 3102 1946 quod
3148 1882 3235 1929 est
3281 1873 3596 1928 auctoritatis
3627 1871 3695 1923 do-

2165 1968 2383 2032 ctrinm;
2418 1967 2534 2032 sed,
2568 1966 2716 2036 quod
2747 1971 2868 2019 erat
2898 1971 3145 2036 paternae
3167 1963 3484 2024 dilectionis,
3505 1961 3594 2014 hoc
3616 1966 3693 2018 est,

2169 2075 2194 2107 tt
2226 2057 2484 2126 cupimus
2503 2077 2521 2104 ι
2548 2071 3005 2126 unumquemque
3035 2059 3279 2107 vestrum
3309 2052 3542 2106 eamdem
3567 2065 3696 2120 quam

2165 2145 2299 2198 olim
2349 2145 2624 2198 habuistis
2659 2143 3095 2196 sollicitudinem
3136 2143 3208 2196 ad
3235 2141 3575 2212 expletionem
3608 2135 3698 2207 spei

2164 2234 2369 2288 habere
2395 2235 2463 2287 de
2481 2234 2647 2288 beata
2662 2234 2720 2286 in
2737 2240 3004 2287 aeternam
3028 2229 3568 2297 resurrectionem.(?;
3591 2226 3699 2278 «Ve-

2170 2343 2191 2373 ι
2223 2341 2348 2376 rum
2381 2324 2692 2376 imitatores
2732 2339 2948 2385 eorum,
2995 2322 3089 2392 qui
3121 2321 3232 2374 ﬁde
3264 2327 3318 2372 et
3346 2316 3590 2390 patientia
3611 2315 3697 2367 hie-

2167 2431 2193 2465 a
2227 2412 2550 2466 reditabunt
2581 2411 2999 2482 promissiones.
3045 2429 3070 2462 >>
3107 2409 3272 2473 (Αιὺ.)
3305 2410 3558 2462 Hortatur
3583 2404 3699 2458 enim

2163 2503 2448 2556 auditores
2478 2519 2628 2567 suos,
2643 2507 2706 2554 ut
2724 2501 2832 2554 ﬁde
2855 2517 2966 2553 non
2987 2501 3117 2552 ficta
3138 2505 3198 2552 et
3218 2497 3479 2569 patientia
3503 2493 3700 2566 perfecta

2163 2597 2481 2661 exspectent
2526 2591 2928 2661 promissiones
2977 2588 3098 2654 Dei,
3132 2594 3192 2641 et
3221 2586 3570 2649 haereditates,
3593 2597 3700 2651 quas

2163 2680 2370 2732 sanctis
2397 2680 2512 2732 suis
2534 2679 2809 2748 promisit.
2838 2679 2902 2731 Et
2924 2679 3028 2731 hoc
3048 2677 3270 2730 ﬁrmius
3287 2674 3536 2744 exemplis
3559 2685 3702 2724 corro-

2163 2767 2360 2822 borare
2395 2769 2612 2833 nititur,
2647 2768 2780 2820 dum
2811 2767 2944 2819 dicit
2978 2784 2988 2816 :
3027 2785 3052 2816 «
3085 2766 3324 2818 Abrahae
3362 2778 3582 2832 namque
3603 2774 3702 2829 pro-

2165 2873 2192 2907 α
2228 2858 2458 2910 mittens
2483 2858 2650 2918 Deus,
2677 2855 2940 2926 quoniam
2960 2855 3246 2908 neminem
3266 2853 3454 2907 habuit
3470 2868 3559 2922 per
3572 2863 3702 2918 quem

2169 2966 2189 2995 ι
2216 2947 2437 3016 juraret
2464 2947 2756 3015 majorem,
2787 2945 2999 3015 juravit
3028 2961 3130 3014 per
3159 2943 3533 3013 semetipsum,
3554 2937 3702 2992 dicens

2164 3055 2185 3084 α
2227 3036 2375 3102 (Gen.
2424 3039 2556 3100 xxn)
2597 3054 2607 3087 :
2659 3035 2781 3087 Nisi
2825 3033 3157 3087 benedicens
3205 3032 3517 3086 benedicam
3558 3033 3621 3089 te,
3663 3031 3704 3076 et

2123 3184 2136 3200 η
2163 3144 2187 3174 ‹‹
2221 3124 2596 3194 multiplicans
2629 3123 3008 3193 multiplicabo
3035 3129 3120 3179 te:
3157 3123 3239 3176 sic
3259 3117 3625 3192 longanimiter
3648 3112 3704 3165 fe-

2165 3232 2184 3262 ι
2212 3229 2340 3265 rens
2358 3214 2592 3282 adeptus
2605 3212 3215 3282 estrepromissionem,
3232 3211 3481 3264 homines
3491 3207 3620 3261 enim
3630 3217 3706 3273 per

2161 3321 2184 3351 ι
2218 3303 2489 3370 majorem
2518 3301 2602 3354 sui
2620 3303 2834 3371 jurant,
2859 3308 2915 3355 et
2935 3301 3119 3354 omnis
3143 3297 3524 3354 controversia:
3543 3306 3700 3348 eorum

2160 3409 2185 3440 «
2207 3390 2332 3443 ﬁnis
2347 3391 2413 3443 ad
2432 3391 2909 3444 conﬁrmationem
2926 3397 3011 3443 est
3015 3391 3424 3460 juramentum.
3437 3385 3703 3452 »(J.(‘hrys.|

2157 3479 2461 3550 Postquam
2482 3480 2789 3550 increpavit
2808 3479 3028 3532 fortiter
3052 3478 3318 3532 Hebrzeos
3340 3483 3395 3529 et
3423 3471 3605 3528 terruit
3622 3465 3706 3521 suf-

2156 3568 2424 3633 ﬁcienter,
2452 3569 2698 3638 primum
2729 3568 2954 3639 quilem
2985 3567 3248 3621 laudibus
3273 3583 3366 3620 eos
3393 3561 3702 3618 consolatur:

2155 3657 2397 3710 secundo
2427 3663 2636 3723 autem,
2672 3657 2818 3726 quod
2849 3656 3019 3709 etiam
3047 3657 3250 3710 fortius
3283 3660 3367 3708 est
3396 3669 3490 3724 per
3515 3650 3566 3702 id
3591 3643 3704 3716 quod
3745 3705 3752 3715 _

2155 3747 2348 3816 utique
2381 3754 2738 3817 percepturos
2769 3763 2862 3798 eos
2893 3746 3155 3808 ostendit,
3193 3761 3318 3814 quae
3347 3739 3638 3813 Sperabam,
3663 3740 3706 3785 et

2154 3835 2298 3888 hanc
2329 3836 2764 3888 consolationem
2797 3852 2862 3888 ex
2891 3834 3095 3909 futuris
3136 3834 3289 3898 facit,
3336 3832 3428 3885 sed
3457 3830 3635 3883 iterum
3658 3839 3706 3874 ex

2153 3925 2470 3994 praeteritis,
2509 3925 2656 3994 quod
2687 3923 2864 3992 magis
2907 3941 3001 3976 eos
3033 3923 3263 3976 credere
3301 3918 3548 3974 faciebat.
3587 3913 3707 3968 Sicut

2154 4013 2302 4066 enim
2327 4014 2382 4066 in
2409 4013 2680 4083 supplicio
2713 4029 2813 4083 per
2839 4013 2930 4065 illa
2965 4011 3142 4082 magis
3173 4016 3370 4071 terret,
3394 4009 3468 4062 sic
3495 4005 3642 4059 etiam
3663 4000 3706 4051 in

2153 4102 2396 4172 przemiis
2427 4120 2526 4172 per
2553 4103 2670 4155 haec
2699 4102 3036 4155 consolatur.
3070 4100 3376 4153 ostendens
3405 4086 3707 4151 consuetudi-

2152 4207 2280 4244 nem
2305 4191 2403 4244 Dei
2441 4209 2451 4241 :
2487 4191 2601 4244 lucc
2631 4197 2817 4244 autem
2849 4197 2953 4256 est,
2987 4197 3183 4243 utnon
3210 4188 3468 4242 celeriter
3494 4179 3708 4237 exhibeat

2151 4280 2442 4350 promissa,
2477 4280 2572 4333 sed
2607 4297 2705 4350 per
2731 4280 2973 4333 multum
2995 4285 3220 4348 tempus
3249 4297 3260 4332 :
3290 4277 3418 4330 fecit
3438 4278 3610 4328 autem
3627 4268 3706 4320 hoc

2151 4369 2599 4422 mansuetudinis
2630 4376 2685 4422 et
2708 4368 2928 4422 virtutis
2966 4370 3087 4437 ejus
3132 4367 3423 4437 proferens
3459 4369 3708 4431 argumen-

2147 4463 2289 4523 tum,
2330 4463 2385 4511 et
2417 4475 2517 4511 nos
2547 4459 2612 4510 ad
2664 4459 2832 4511 ﬁdem
2864 4457 3165 4510 adducens.
3203 4456 3302 4526 qui
3333 4455 3390 4507 in
3435 4443 3706 4506 tribulatio-

467 4542 619 4597 enim
651 4543 896 4614 injustus
933 4545 1101 4612 Deus,
1135 4551 1199 4599 ut
1232 4545 1592 4600 obliviscatur
1638 4546 1823 4616 operis
1872 4539 2126 4612 vestri,D
2147 4546 2310 4600 nibus
2335 4547 2591 4612 vivimus,
2626 4552 2681 4600 et
2712 4547 3110 4617 promissiones
3138 4545 3382 4598 necdum
3414 4538 3702 4608 accepimus.

472 4630 606 4685 dum
627 4636 845 4687 tantam
865 4635 1162 4689 caritatem
1191 4635 1516 4689 ostendistis
1547 4635 1606 4688 in
1637 4635 1861 4691 sanctis.
1899 4654 1920 4685 ι
1959 4636 2064 4689 Vo-

463 4719 653 4774 lumus
675 4721 826 4774 enim
849 4739 945 4776 vos
970 4723 1181 4777 imitari
1207 4741 1300 4777 eos
1331 4723 1425 4795 qui
1453 4741 1554 4793 per
1582 4724 1747 4778 ﬁdem
1779 4730 1832 4777 et
1851 4725 2065 4795 patien-

461 4807 605 4863 tiam
627 4809 938 4864 haereditati
961 4818 1094 4867 sunt
1113 4813 1532 4883 promissiones.
1556 4813 1730 4876 Quale
1761 4830 1890 4866 vero
1920 4814 2064 4866 desi-

464 4897 686 4954 derium
699 4898 932 4954 haberet
943 4901 1011 4955 de
1023 4902 1206 4956 salute
1223 4919 1438 4966 eorum,
1458 4902 1713 4972 sequenti
1730 4903 1975 4956 ostendit
1986 4903 2063 4956 al-

463 4987 765 5058 legatione,
789 4988 980 5044 dicens
1016 5008 1026 5043 :
1064 5009 1090 5043 ‹‹
1123 4991 1393 5062 Cupimus
1423 4990 1572 5044 enim
1604 5007 2061 5062 unumquemque

467 5097 493 5129 ε
526 5083 774 5133 vestrum
807 5079 1064 5134 eamdem
1089 5085 1373 5134 ostentare
1401 5080 1836 5134 sollicitudinem
1865 5081 1935 5134 ad
1964 5099 2058 5134 ex-

463 5180 493 5219 (
523 5167 826 5237 pletionem
854 5167 972 5240 spei
996 5185 1175 5238 usque
1203 5169 1261 5222 in
1291 5170 1479 5232 ﬁnem,
1517 5175 1580 5223 ut
1609 5186 1720 5222 non
1755 5187 1954 5239 segnes
1984 5171 2058 5224 ef-

464 5271 494 5306 α
523 5255 813 5310 ﬁciamini.
849 5275 876 5309 n
925 5257 1322 5312 Desideramus
1368 5274 1518 5324 vero,
1548 5257 1752 5328 inquit,
1787 5275 1898 5311 non
1929 5265 2056 5312 tan-

458 5347 584 5396 tum
607 5343 754 5397 circa
772 5345 957 5412 verba,
977 5347 1074 5400 sed
1097 5346 1269 5400 etiam
1290 5346 1349 5400 in
1375 5347 1676 5401 virtutibus
1699 5349 2014 5401 conversari
2041 5365 2052 5399 :

458 5444 573 5486 non
601 5432 761 5502 quasi
781 5434 970 5503 priora
998 5441 1182 5490 vestra
1211 5435 1518 5506 culpantes,
1545 5437 1642 5489 sed
1673 5442 1736 5490 ut
1757 5437 1825 5490 de
1854 5437 2058 5490 futuris

459 5518 685 5575 solliciti
705 5521 848 5590 sitis,
872 5523 1266 5592 admonentes;
1288 5525 1392 5578 hoc
1409 5531 1511 5590 est,
1528 5526 1721 5596 quales
1736 5526 1920 5580 fuistis
1941 5526 2057 5597 pri-

461 5623 636 5680 mum,
666 5610 810 5667 tales
837 5628 934 5666 vos
972 5613 1230 5684 cupimus
1262 5618 1320 5668 et
1351 5613 1516 5668 modo
1548 5630 1688 5680 esse,
1724 5621 1781 5668 et
1808 5615 1868 5668 in
1901 5614 2056 5669 futu-

2148 4651 2260 4689 non
2291 4636 2651 4706 desperemus
2682 4636 2993 4689 mercedem
3026 4633 3284 4688 laborum
3314 4638 3639 4688 nostrorum;
3665 4625 3709 4672 et

2147 4740 2341 4778 omnes
2364 4725 2704 4794 relinquens.
2731 4740 3052 4794 quanquam
3073 4723 3282 4775 multos
3303 4720 3546 4782 haberet,
3567 4713 3627 4767 ad
3645 4709 3708 4762 di-

2145 4815 2382 4866 cendum
2429 4814 2712 4866 Abraham
2755 4813 2812 4866 in
2853 4813 3099 4866 medium
3148 4809 3384 4864 adduxit
3421 4814 3475 4861 et
3513 4805 3707 4876 propter

2144 4902 2473 4972 dignitatem
2499 4920 2767 4972 personae,
2793 4909 2848 4954 et
2877 4909 3106 4972 propter
3136 4899 3288 4970 quod
3320 4896 3555 4952 maxime
3582 4893 3630 4944 in
3655 4901 3706 4939 eo

2145 4992 2281 5044 illud
2312 4991 2626 5061 contigerit,
2667 5009 2791 5044 cum
2821 4991 2993 5044 etiam
3033 4991 3090 5043 in
3133 4990 3244 5042 ﬁne
3283 4985 3539 5058 Epistolas
3565 4979 3702 5032 dicat.

2147 5081 2277 5150 quia
2291 5082 2346 5134 hi
2363 5098 2557 5134 omnes
2571 5081 2638 5135 de
2655 5080 2960 5150 longinquo
2973 5080 3098 5132 illas
3110 5078 3366 5130 videntes
3387 5071 3705 5140 etdiligentes

2139 5187 2251 5224 non
2282 5176 2613 5240 receperunt
2642 5170 3041 5240 promissiones
3071 5185 3142 5221 ne
3172 5167 3294 5220 sine
3328 5162 3488 5218 nobis
3513 5157 3704 5231 perﬁce-

2139 5265 2355 5312 rentur.
2418 5279 2440 5310 α
2489 5259 2744 5322 Abrahae,
2815 5275 3077 5328 namque,
3141 5254 3344 5325 inquit,
3407 5247 3702 5323 promittens

2140 5347 2307 5409 Deus,
2343 5348 2607 5417 quoniam
2646 5347 2930 5400 neminem
2971 5344 3166 5399 habuit
3193 5359 3296 5414 per
3321 5357 3487 5412 quem
3521 5334 3706 5407 juraret

2143 5438 2435 5505 majorem,
2451 5436 2662 5505 juravit
2694 5454 2792 5506 per
2814 5435 3176 5504 semetipsum
3197 5431 3410 5489 dicens,
3439 5426 3552 5482 Nisi
3573 5423 3708 5476 bene-

2140 5525 2328 5579 dicens
2357 5526 2682 5578 benedicam
2715 5532 2790 5592 te,
2823 5531 2879 5578 et
2929 5523 3306 5594 multiplicans
3356 5508 3708 5585 multiplicabi

2138 5619 2224 5682 te;
2250 5620 2307 5669 et
2334 5615 2412 5668 sic
2443 5615 2842 5685 longanimiter
2867 5615 3052 5671 ferens
3070 5612 3304 5682 adeptus
3330 5613 3418 5663 est
3438 5612 3704 5676 repromis-
