3866 6158
213 249 294 305 753

564 245 1135 302 ENARRATIONUM
1173 249 1251 303 IN
1290 249 1441 303 EPP.
1486 251 1699 306 PAULI
1739 252 1874 319 LIB.
1916 251 2168 305 XXVIII.
2193 250 2353 304 -ΙΝ
2393 249 2613 305 EPIST.
2654 249 2752 303 AD
2791 250 3004 305 HEBR.

3318 250 3421 306 754

209 376 400 429 sionem.
434 390 453 421 ι
488 370 645 439 (Αιό.)
672 372 814 425 Mira
827 379 908 426 est
940 374 1216 443 sapientia
1246 376 1393 430 beati
1420 377 1599 429 Pauli.
1636 378 2069 437 Peermnium
2084 394 2204 447 quae
2220 377 2486 430 sunt.Sed
2499 376 2994 446 quiaincredulum
3016 378 3421 433 esthumanum

209 465 322 517 vices
346 461 478 514 enim
508 460 760 514 laudibus
792 464 1009 515 extollit
1038 482 1132 515 eos
1155 466 1224 518 ad
1244 482 1381 535 quos
1413 466 1622 531 scribit,
1649 484 1747 535 per

210 554 323 605 vices
338 549 616 604 terroribus
646 552 1026 605 antecedentis
1056 553 1300 606 historize
1328 561 1503 607 terret
1533 573 1645 615 eos,
1676 573 1746 608 ne

210 642 416 696 inﬁdeles
443 647 620 693 essent
651 648 707 693 et
754 641 938 694 minus
979 643 1190 696 creduli
1238 645 1593 714 promissioni
1622 645 1740 709 Dei,

210 748 286 802 per
306 730 431 783 vices
455 746 579 781 vero
608 746 705 782 eos
735 731 1001 801 exemplis
1031 733 1291 785 hortatur
1312 734 1380 786 ad
1411 734 1743 803 patientiam

210 826 251 873 et
273 818 432 883 ﬁdem,
462 824 515 871 et
531 824 591 871 ut
609 818 995 872 indubitanter
1015 822 1267 885 credant,
1296 838 1405 874 non
1433 824 1612 875 solum
1630 823 1742 875 Deo

209 909 401 969 dicente,
440 924 625 961 verum
657 910 828 962 etiam
853 912 1082 979 jurante
1129 928 1228 981 per
1255 913 1617 982 semetipsum
1644 932 1655 972 ;
1691 917 1747 963 et

208 998 309 1052 dum
327 998 370 1051 ei
400 999 567 1051 multa
598 1008 963 1069 suppeterent
993 1003 1244 1071 exempla
1276 1009 1615 1061 sanctorum,
1652 1002 1745 1071 qui

207 1106 281 1159 per
296 1088 595 1158 patientiam
620 1089 1022 1143 hzereditarunt
1050 1092 1447 1159 pI‘Oll'liSSit'HICS
1471 1092 1589 1155 Dei,
1607 1109 1747 1161 prte-

206 1178 329 1247 cipue
356 1177 518 1230 ﬁdelis
555 1177 841 1230 Abraham
868 1186 1099 1248 propter
1127 1180 1457 1247 dignitatem
1499 1199 1749 1251 personae

204 1282 303 1327 suae,
326 1272 371 1317 et
400 1272 620 1335 propter
644 1267 792 1335 quod
814 1267 1055 1319 maxime
1080 1268 1135 1320 in
1167 1286 1231 1319 eo
1255 1268 1401 1321 istud
1430 1269 1746 1336 contigerit.

208 1376 222 1404 σ
236 1354 319 1417 Qui
332 1353 712 1421 longanimiter
725 1355 911 1407 ferens
926 1356 1162 1425 adeptus
1182 1364 1267 1409 est
1282 1357 1337 1409 in
1357 1357 1484 1409 filiis
1501 1358 1616 1410 suis
1628 1375 1752 1427 pro-

205 1442 459 1505 missiones,
486 1461 509 1492 ι)
534 1459 649 1494 non
664 1444 830 1496 modo
850 1445 1117 1513 praeteriti
1136 1446 1423 1515 temporis,
1442 1463 1563 1515 quae
1581 1447 1637 1498 in
1656 1463 1749 1516 po-

204 1530 399 1600 puloDei
419 1530 660 1600 impleta:
677 1538 825 1597 sunt,
851 1534 1030 1601 magis
1060 1535 1231 1587 etiam
1258 1536 1310 1586 in
1335 1536 1585 1588 futurum
1616 1553 1747 1605 pro-

204 1620 418 1673 nuntians
442 1620 496 1673 in
526 1621 673 1673 ﬁlios
706 1622 831 1674 ﬁdei
850 1623 1106 1676 Abrahae.
1142 1625 1577 1677 I’romissionem
1601 1625 1749 1676 enim

1827 483 2022 534 genus,
2061 472 2289 535 propter
2314 466 2418 517 hoc
2447 464 2839 517 condescendit
2860 466 2930 518 ad
2961 483 3081 532 nos;
3106 466 3251 519 sicut
3273 466 3426 520 enim

1825 556 1983 623 jurat
2012 572 2063 624 pi
2079 560 2239 623 opter
2256 552 2636 623 nos,quamvis
2658 553 2951 622 indignum
2969 555 3106 608 eisit
3120 570 3232 608 non
3251 554 3422 622 credi,

1831 644 1911 697 ita
1925 643 2182 713 superius
2195 643 2405 695 dictum
2424 649 2535 693 est:
2566 661 2587 691 ι
2615 648 2672 694 et
2683 642 2880 695 didicit
2890 660 2956 696 ex
2970 643 3208 714 his,quae
3230 661 3428 715 passus

1833 738 1943 793 est;
1966 752 1987 781 ρ
2023 732 2288 802 quoniam
2314 731 2571 784 homines
2597 731 2701 783 hoc
2731 737 2934 801 putant
2950 732 3194 786 maxime
3218 749 3339 786 esse
3350 733 3432 788 di-

1826 822 2217 890 gnumﬁde,ut
2239 837 2337 890 per
2366 820 2809 890 experimentum
2843 821 2967 891 quis
2990 827 3243 877 transeat
3269 822 3339 875 ad
3361 823 3429 875 ﬁ-

1829 911 1977 963 dem.
1998 928 2023 961 α
2050 911 2121 962 Ut
2136 927 2234 979 per
2250 909 2389 962 duas
2407 925 2494 962 res
2510 908 2843 976 immobiles,
2868 910 3070 980 quibus
3086 910 3431 981 impossibile

1832 1007 1917 1053 est
1948 998 2171 1051 mentiri
2190 999 2387 1063 Deum,
2410 997 2780 1051 fortissimum
2810 999 3074 1053 solatium
3103 999 3429 1065 habeamus,

1833 1090 1927 1159 qui
1959 1088 2308 1157 confugimus
2339 1087 2408 1139 ad
2456 1088 2757 1145 tenendam
2814 1088 3201 1158 promissionis
3249 1105 3427 1159 spem,

1835 1195 2003 1247 quam
2033 1178 2179 1229 sicut
2206 1178 2508 1229 anchoram
2538 1176 2808 1230 habemus
2828 1176 3030 1231 animae
3049 1182 3233 1231 tutam
3254 1193 3319 1230 ac
3341 1178 3435 1230 ﬁr-

1834 1285 2003 1319 mam.
2035 1287 2056 1316 »
2082 1267 2233 1319 Duas
2260 1282 2347 1318 res
2374 1265 2513 1318 dixit
2542 1282 2555 1318 :
2594 1265 2694 1318 Dei
2724 1266 2910 1319 Patris
2933 1266 3333 1336 promissiones
3362 1266 3433 1320 de

1834 1356 1975 1409 Filio
2024 1372 2144 1417 suo,
2199 1361 2257 1407 et
2311 1354 2613 1407 adventum
2673 1354 2801 1407 Filii
2850 1355 2909 1407 in
2955 1355 3103 1409 hunc
3156 1355 3433 1409 mundum

1840 1462 1940 1514 pro
1972 1444 2152 1496 salute
2203 1450 2413 1495 nostra.
2464 1444 2758 1513 Proposita
2784 1460 2915 1497 vero
2956 1461 3083 1513 spes
3111 1444 3316 1498 veritas
3347 1449 3435 1498 est

1832 1550 2021 1585 rerum
2042 1538 2349 1601 gestarum,
2386 1548 2506 1600 quae
2538 1532 2872 1601 patriarchis
2899 1533 3189 1603 promissa;
3212 1538 3346 1587 sunt
3378 1538 3436 1586 et

1834 1622 2084 1685 redditae,
2120 1627 2184 1674 ut
2214 1638 2277 1672 ex
2316 1620 2614 1673 transactis
2668 1622 2858 1673 futura
2905 1622 3219 1675 credamus.
3252 1622 3435 1684 Quam

201 1710 277 1762 Dei
301 1716 570 1779 c00perata
602 1716 685 1763 est
712 1711 1109 1779 longanimitas
1131 1714 1430 1779 audientis,
1466 1720 1522 1765 et
1552 1731 1809 1793 exspe-B
1834 1728 2009 1781 spem,
2036 1710 2181 1762 sicut
2207 1710 2529 1773 anchoram,
2566 1710 2767 1780 inquit,
2802 1709 3074 1763 habemus
3103 1709 3305 1763 animae
3340 1715 3434 1764 tu-

200 1797 357 1851 ctantis
380 1798 761 1852 hzereditatem
793 1800 1146 1869 promissam,
1182 1819 1349 1871 quam
1384 1802 1609 1871 quidem
1642 1820 1745 1872 pu-

198 1887 448 1940 sillanimes
476 1896 530 1941 et
582 1888 941 1942 incredibiles
984 1891 1161 1944 verbis
1220 1892 1317 1944 Dei
1376 1909 1485 1945 non
1518 1891 1748 1944 fuerunt

197 1976 359 2047 adepti,
387 1977 476 2030 sed
505 1978 756 2047 plurima
786 1978 1012 2033 illorum
1062 1981 1120 2032 in
1148 1981 1369 2034 deserto
1405 1981 1570 2051 periit
1602 1982 1745 2033 mul-

196 2065 350 2118 titudo.
380 2066 551 2129 Quam
584 2067 823 2137 impium
855 2076 957 2134 est,
994 2070 1113 2123 Deo
1136 2071 1384 2138 jurante,
1424 2088 1532 2123 non
1560 2071 1746 2123 crede-

196 2155 259 2207 re!
280 2174 297 2205 ί
321 2155 519 2208 Juravit
538 2156 697 2209 enim
721 2158 868 2210 Deus
890 2175 990 2227 per
1010 2159 1392 2229 semetipsum,
1414 2159 1545 2229 quia
1566 2159 1747 2212 nemi-

191 2258 287 2295 nem
336 2244 519 2297 habuit
562 2246 861 2313 majorem,
914 2264 1014 2316 per
1042 2265 1206 2317 quem
1232 2250 1468 2317 juraret.
1510 2269 1532 2297 υ
1558 2249 1749 2301 Potest

192 2330 256 2383 hic
276 2349 509 2402 peisona,
542 2334 603 2387 in
642 2336 746 2388 hoc
770 2337 1114 2405 juramento,
1142 2337 1241 2389 Dei
1278 2338 1458 2391 Patris
1486 2337 1743 2405 intelligi,

188 2422 329 2489 quide
344 2422 473 2475 Filio
488 2440 590 2476 suo
625 2424 808 2476 eidem
838 2426 1170 2495 patriarchae
1202 2427 1476 2496 promisit,
1514 2427 1702 2479 dicens
1728 2444 1738 2477 ε

189 2524 208 2558 Ι
233 2507 291 2562 Et
314 2510 363 2563 in
390 2513 597 2565 semine
610 2518 713 2565 tuo
729 2513 1127 2567 benedicentur
1147 2533 1342 2568 omnes
1353 2522 1602 2584 gentes.»
1618 2516 1743 2566 Non

1828 1806 1945 1853 tam
1967 1817 2030 1852 ac
2052 1802 2291 1851 ﬁrmam.
2317 1800 2385 1865 (.l.
2403 1799 2780 1867 Chrys.)Sicut
2791 1799 2943 1852 enim
2955 1799 3201 1853 anchora
3215 1800 3432 1868 jactata

1829 1890 1898 1942 de
1928 1888 2071 1954 navi,
2106 1904 2218 1941 non
2257 1887 2535 1957 permittit
2563 1904 2688 1940 eam
2720 1886 3088 1951 circumferri,
3122 1887 3254 1941 licet
3280 1888 3432 1943 venti

1831 1983 2218 2031 commoveant
2238 1993 2382 2042 eam,
2409 1976 2506 2028 sed
2530 1977 2744 2045 jactata
2774 1977 2996 2030 ﬁrmam
3025 1975 3158 2029 facit
3182 1991 3387 2030 navem
3413 1995 3428 2044 ;

1829 2068 1908 2121 sic
1939 2074 1995 2119 et
2042 2067 2180 2120 ﬁdes
2209 2082 2306 2135 spe
2352 2064 2616 2118 roborata
2642 2065 2949 2118 introducit
3003 2081 3105 2118 nos
3136 2064 3195 2118 in
3235 2081 3428 2119 rerum

1830 2156 2093 2227 speciem,
2126 2172 2295 2225 quam
2324 2154 2490 2207 modo
2519 2154 2627 2206 ﬁde
2651 2160 2708 2207 et
2735 2171 2832 2224 spe
2852 2160 3144 2219 tenemus;
3177 2153 3304 2207 ideo
3334 2154 3430 2207 ad-

1831 2247 1991 2311 didit,
2026 2246 2214 2298 dicens
2246 2264 2256 2297 :
2297 2265 2317 2294 ι
2368 2244 2434 2297 Et
2462 2243 2815 2296 incedentem
2844 2259 3022 2314 usque
3052 2243 3124 2296 ad
3154 2242 3427 2296 interiora

1832 2335 2139 2388 velaminis.
2179 2354 2200 2383 ι
2231 2335 2557 2403 Tempestas
2576 2332 2727 2385 enim
2756 2338 2814 2386 et
2845 2333 3056 2385 multus
3085 2330 3425 2385 imbercom-

1826 2431 2011 2477 movet
2032 2430 2235 2488 ratem;
2273 2422 2519 2475 anchora
2550 2427 2742 2474 autem
2801 2438 2913 2474 non
2971 2420 3252 2492 permittit
3295 2435 3421 2474 eam

1826 2512 2073 2581 demergi
2112 2530 2122 2563 :
2158 2512 2233 2563 sic
2266 2511 2436 2564 etiam
2465 2516 2657 2563 nostra
2686 2527 2832 2580 spes,
2869 2527 3036 2580 quam
3068 2510 3339 2564 habemus
3361 2510 3425 2563 ﬁ-

188 2598 290 2651 dicit
310 2619 330 2650 ι
359 2600 410 2653 in
437 2601 771 2667 seminibus,
809 2622 833 2653 »
869 2609 929 2655 ut
958 2603 1155 2655 beatus
1190 2604 1396 2655 Paulus
1416 2603 1473 2655 in
1504 2603 1613 2654 alia
1644 2602 1741 2652 de-
1825 2619 1952 2654 xam
1982 2601 2039 2654 in
2070 2601 2337 2654 interiora
2369 2599 2681 2663 velaminis,
2704 2599 2860 2651 nulla
2887 2598 3218 2653 inﬁdelitate
3242 2598 3422 2668 mergi

190 2694 415 2742 monstrat
445 2691 696 2760 Epistola
716 2692 859 2760 (Gal.
904 2698 1001 2759 In),
1036 2693 1131 2744 sed
1169 2712 1189 2741 α
1230 2693 1283 2744 in
1315 2692 1527 2745 semine
1559 2696 1674 2751 tuo,
1713 2710 1736 2739 ι
1824 2691 2048 2760 poterit,
2080 2690 2127 2741 si
2155 2706 2283 2741 cum
2314 2688 2595 2757 Propheta
2623 2685 2894 2739 veraciter
2922 2686 3203 2739 dicamus:
3224 2687 3424 2740 «Jacta

188 2776 265 2828 hoc
290 2786 378 2843 est,
409 2780 657 2833 Christo.
692 2781 717 2833 ,Ι
728 2787 855 2833 urat
902 2781 1050 2833 enim
1105 2788 1160 2834 et
1209 2781 1356 2833 idem
1392 2781 1649 2834 Christus
1680 2780 1737 2831 in
1818 2780 1875 2833 in
1908 2781 2085 2833 Deum
2108 2794 2302 2831 cuiam
2315 2782 2561 2839 tuam,et
2584 2776 2768 2846 ipsete
2798 2774 3045 2828 enutriet
3075 2776 3235 2841 (Psal.
3256 2776 3416 2845 Liv).»

187 2864 449 2936 Evangelia,
472 2870 696 2923 dicens:
720 2872 1297 2933 «Amen,amen,dico
1322 2871 1599 2935 vobis,»et
1618 2869 1736 2938 ipse
1822 2869 1879 2921 Si
1905 2870 2047 2920 hanc
2077 2884 2185 2920 non
2242 2865 2593 2931 haberemus,
2628 2864 2857 2918 omnino
2894 2863 3136 2917 demersi
3167 2880 3413 2930 eramus,

184 2970 258 3023 per
300 2956 549 3028 seipsum,
576 2960 717 3029 quia
762 2977 861 3013 nec
919 2961 1037 3029 ipse
1072 2960 1266 3013 habuit
1312 2961 1602 3028 majorem,
1639 2975 1737 3029 per
1819 2975 1930 3011 non
1960 2962 2179 3009 tantum
2210 2956 2267 3009 in
2296 2954 2775 3026 spiritalibus,sed
2796 2953 2969 3006 etiam
2990 2953 3048 3005 in
3071 2951 3414 3006 carnalibus.

183 3059 310 3111 quem
329 3047 554 3114 juraret.
575 3070 601 3098 (ι
632 3049 974 3102 Benedicens
993 3049 1319 3103 benedicam
1338 3055 1389 3102 te
1418 3068 1428 3109 ;
1469 3070 1491 3099 ι
1518 3049 1621 3101 hoc
1650 3055 1733 3101 est
1750 3058 1791 3113 υ
1816 3048 2050 3101 Multam
2081 3046 2204 3116 quis
2236 3046 2404 3114 hujus
2424 3044 2636 3097 invenit
2661 3042 3071 3107 fortitudinem,
3106 3046 3171 3095 ut
3191 3047 3331 3113 puta
3348 3042 3409 3096 in

180 3130 221 3184 in
244 3135 394 3188 stellis
415 3138 557 3199 caeli,
589 3154 697 3208 per
725 3156 864 3208 quas
894 3139 1071 3192 sancti
1104 3140 1490 3207 designantur,
1528 3139 1595 3190 de
1610 3140 1728 3206 ejus

176 3224 346 3277 semine
363 3226 551 3290 futuri,
578 3227 822 3296 intelligi
847 3233 1029 3297 potest
1049 3229 1278 3285 dictum.
1311 3250 1333 3273 «
1354 3227 1729 3296 multiplicans

174 3310 502 3382 multiplicabo
530 3322 610 3381 te,
650 3333 677 3367 »
712 3320 768 3367 et
796 3316 901 3368 hoc
928 3316 986 3368 in
1009 3333 1180 3369 arena
1210 3317 1397 3379 maris,
1436 3333 1534 3385 per
1560 3332 1728 3385 quam

173 3410 440 3466 peccatores
468 3404 670 3474 populi
698 3404 849 3457 illius
876 3406 1157 3473 designari
1191 3412 1439 3475 possunt.
1482 3406 1728 3473 Utraque

170 3488 282 3542 enim
310 3491 603 3546 Dominum
637 3493 843 3546 dixisse
872 3494 1097 3563 legitur,
1118 3495 1207 3547 ubi
1238 3496 1319 3547 ait
1343 3514 1352 3546 :
1387 3515 1407 3543 ι
1434 3496 1502 3546 Et
1521 3494 1628 3545 erit
1649 3512 1733 3545 se-

173 3596 189 3623 ε
214 3594 319 3631 men
348 3588 503 3634 tuum
553 3581 708 3634 sicut
735 3583 908 3634 stellae
937 3583 1081 3645 cadi,
1136 3589 1191 3635 et
1232 3584 1375 3635 sicut
1406 3600 1577 3636 arena
1607 3600 1728 3652 quae

175 3688 187 3709 μ
215 3674 283 3719 est
307 3667 355 3720 in
387 3669 576 3722 littore
610 3670 848 3722 maris.»
874 3692 895 3721 ι
922 3672 1188 3724 Homines
1211 3672 1381 3735 enim,
1405 3672 1606 3741 inquit,
1635 3688 1734 3740 per

171 3774 187 3797 ε
214 3756 452 3824 majorem
482 3758 572 3812 sui
620 3760 840 3826 jurant,
876 3765 932 3811 et
984 3760 1163 3812 omnis
1211 3761 1599 3813 controversiae
1633 3778 1727 3811 eo-

173 3862 189 3887 ι
216 3859 319 3896 rum
355 3847 479 3900 ﬁnis
519 3848 595 3900 ad
625 3848 1113 3901 conﬁrmationem
1147 3856 1232 3901 est
1253 3852 1661 3917 juramentum.
1702 3872 1724 3895 ››

168 3930 209 3983 Si
227 3932 375 4001 igitur
386 3936 686 3990 hominum
700 3936 754 3989 in
777 3938 1030 3991 futurum
1048 3942 1163 4005 (sic)
1187 3939 1423 3990 credend
1435 3955 1527 3991 um
1550 3938 1731 4001 est,de

170 4020 329 4087 quibus
346 4025 477 4078 dicit
502 4027 790 4095 Propheta
816 4045 825 4078 :
857 4047 881 4077 «
906 4028 1101 4080 Omnis
1122 4028 1285 4079 homo
1308 4028 1541 4080 mendax
1562 4027 1726 4097 (Ps-al.

169 4111 268 4178 XIV},
304 4134 321 4161 ι)
353 4122 565 4183 quanto
626 4115 806 4183 magis
864 4116 961 4168 Dei
986 4118 1309 4184 juramento
1360 4116 1511 4168 credi
1543 4115 1727 4179 debet,

171 4199 241 4266 qui
266 4208 341 4254 est
369 4204 595 4267 veritas,
644 4204 739 4273 qui
788 4221 886 4257 nec
918 4205 1053 4269 falli,
1092 4222 1191 4258 nec
1241 4205 1463 4258 mentiri
1496 4211 1680 4274 potest
1715 4205 1726 4256 !

170 4302 189 4335 ί
216 4287 460 4345 Homines
488 4293 645 4346 enim
672 4310 770 4361 per
800 4295 1071 4362 majorem
1102 4294 1188 4346 sui
1214 4296 1428 4363 jurant,
1464 4300 1521 4345 et
1550 4292 1732 4346 omnis

166 4381 517 4434 controversiae
527 4398 729 4434 eorum
742 4381 869 4433 ﬁnis
884 4382 951 4434 ad
971 4384 1453 4435 conﬁrmationem
1471 4388 1556 4434 est
1571 4383 1732 4449 jura-

170 4470 528 4539 mentum.»(.l.
558 4470 1014 4534 L'Itrys.)Proutsi
1030 4472 1241 4524 diceret
1269 4490 1277 4522 :
1300 4472 1487 4523 Exhoc
1500 4471 1735 4522 solvitur

170 4555 311 4607 totius
322 4558 712 4611 controversiae
729 4558 1200 4629 disceptatiomon
1226 4560 1390 4613 unius
1412 4559 1728 4628 cujuslibet,

170 4642 245 4695 sed
271 4645 449 4699 totius.
503 4646 819 4717 Oportebat
849 4649 1077 4717 quidem
1106 4650 1223 4702 sine
1265 4651 1585 4719 juramento
1620 4666 1735 4701 cre-

170 4729 275 4785 dere
300 4735 427 4801 Deo,
462 4737 562 4789 sed
588 4738 784 4806 jurare
818 4738 997 4790 Deum
1028 4739 1161 4791 dicit
1199 4758 1209 4791 :
1250 4760 1275 4790 «
1314 4741 1376 4792 In
1420 4756 1529 4808 quo
1563 4738 1736 4790 abun-

174 4835 189 4865 ε
213 4820 414 4876 dantius
438 4826 633 4877 volens
666 4826 814 4878 Deus
836 4827 1132 4879 ostendere
1150 4828 1609 4897 pollicitationem
1634 4828 1739 4879 haz-

175 4926 191 4953 έι
218 4912 1021 4986 redibus,immobilitatemque
1033 4918 1249 4969 consilii
1271 4917 1412 4970 sui.»
1434 4918 1739 4987 Propterea

174 4994 308 5066 hujus
333 5003 785 5072 repromissionis
815 5007 1161 5059 mentionem
1182 5007 1330 5073 facit,
1368 5024 1489 5076 quae
1539 5007 1609 5058 ad
1640 5022 1740 5058 nos

174 5091 515 5144 communiter
538 5092 686 5145 facta
719 5100 821 5146 est.
850 5112 875 5146 α
908 5096 1252 5167 Interposuit
1273 5096 1738 5165 jusjurandum.»

179 5177 307 5239 (ΛΜ.)
328 5180 609 5242 Quoniam
628 5182 777 5235 enim
796 5185 943 5253 apud
964 5186 1219 5238 homines
1238 5186 1339 5238 hoc
1351 5186 1570 5237 videtur
1582 5184 1743 5236 ﬁdele

176 5278 289 5329 esse,
313 5286 434 5321 cszn
449 5271 839 5338 juramentum
872 5273 1191 5328 interfuerit
1238 5274 1629 5327 controversiis
1658 5290 1745 5325 eo-

179 5366 297 5417 rum»
324 5366 623 5426 propterea
651 5360 819 5414 etiam
852 5364 954 5416 hoc
976 5365 1211 5418 addidit.
1246 5367 1367 5419 Non
1399 5366 1612 5434 aequale
1661 5368 1748 5416 est

178 5436 401 5498 homines
432 5462 479 5515 p:
508 5466 529 5496 ζ’
556 5468 577 5495 .2
606 5470 613 5482 δ
637 5449 1112 5516 jurare.etDeum
1138 5473 1147 5506 :
1170 5456 1336 5507 homo
1354 5454 1503 5507 enim
1534 5453 1617 5505 sui
1654 5469 1749 5522 po-

1814 3136 2170 3205 negotiando,
2195 3136 2252 3187 in
2284 3134 2647 3203 agricultura,
2670 3134 2727 3185 in
2757 3132 2988 3198 militia;
3019 3130 3078 3184 ni
3107 3131 3416 3202 hancquis—

1814 3242 1981 3295 quam
2036 3225 2216 3294 primo
2272 3227 2566 3293 proponat,
2601 3238 2890 3291 nunquam
2934 3221 3088 3274 aliud
3135 3219 3408 3289 attingit:

1817 3336 1837 3365 α
1874 3315 2031 3377 Quia.
2069 3313 2163 3383 qui
2191 3319 2331 3377 arat,
2364 3312 2549 3381 inquit
2587 3311 2908 3381 Apostolus,
2950 3310 3008 3363 in
3053 3326 3150 3380 spe
3208 3314 3335 3363 arat
3364 3310 3417 3376 (Ι

1812 3404 1932 3457 Cor.
1951 3406 2046 3471 ιχ),
2080 3421 2103 3453 »
2141 3408 2198 3453 et
2216 3402 2399 3454 omnis
2422 3400 2578 3453 labor
2606 3406 2798 3453 noster
2815 3416 2913 3468 spe
2933 3397 3205 3451 mercedis
3223 3399 3409 3467 cujus-

1812 3492 1947 3543 libet
1966 3491 2304 3543 consolatur.
2340 3492 2477 3559 Spes
2509 3505 2635 3541 vero
2658 3493 2915 3557 penetrat
2953 3486 3226 3539 interiora
3254 3486 3406 3539 vela-

1814 3581 1997 3643 minis,
2022 3580 2155 3632 dum
2187 3578 2435 3631 cmlestia
2464 3578 2672 3647 absque
2696 3577 2811 3628 ulla
2830 3575 3182 3628 dubitatione
3208 3574 3405 3639 credit,

1816 3678 1872 3723 et
1898 3674 2088 3738 sperat
2116 3674 2173 3721 et
2192 3673 2361 3729 amat,
2388 3666 2762 3737 Operibusque
2775 3663 3038 3728 ostendit,
3058 3670 3122 3716 ut
3134 3668 3263 3733 pote
3274 3661 3407 3732 quid

1814 3759 2022 3816 credat.
2059 3758 2193 3828 quid
2224 3763 2428 3826 speret.
2464 3756 2537 3808 Ut
2584 3753 2890 3807 ﬁrmiorem
2933 3752 3095 3806 nobis
3124 3768 3283 3823 spem
3315 3751 3410 3805 ad-

1812 3848 1987 3912 deret,
2011 3846 2298 3915 subjunxit
2332 3862 2341 3895 τ
2372 3843 2517 3897 (Ubi
2546 3858 2857 3914 praacursor
2881 3858 2981 3912 pro
3002 3840 3162 3895 nobis
3193 3840 3412 3894 introiit

1817 3955 1840 3987 ι
1873 3938 2053 3999 Jesus,
2088 3934 2393 3987 secundum
2420 3933 2675 3987 ordinem
2705 3930 3128 3995 Melchisedech,
3160 3928 3409 4001 pontifex

1818 4044 1842 4075 «
1876 4025 2049 4077 factus
2070 4024 2127 4076 in
2143 4030 2433 4076 aeternum.
2456 4042 2477 4071 ι
2503 4021 3039 4089 (Joan.)Praacursor
3064 4024 3256 4073 autem
3275 4034 3412 4089 quo-

1814 4115 2071 4166 rumdam
2103 4120 2188 4166 est
2220 4128 2547 4182 przecursor,
2574 4111 2719 4164 sicut
2744 4111 2989 4163 Joannes
3019 4108 3248 4163 Christi.
3285 4108 3413 4161 Non

1815 4202 2226 4256 enimdixitsim
2234 4202 2467 4271 pliciter,
2490 4198 2966 4264 introiit,sed,Ubi
2980 4213 3292 4269 praecursor
3308 4212 3411 4267 pro

1814 4293 1973 4345 nobis
2002 4292 2234 4355 introiit,
2253 4290 2421 4343 veluti
2438 4290 2647 4360 absque
2668 4287 2837 4341 dubio
2864 4293 3122 4357 oporteat
3142 4276 3404 4356 prosequi

1817 4398 2218 4451 przecursorem
2261 4386 2533 4433 nostrum.
2571 4379 2980 4432 Przecursorem
3033 4374 3310 4444 siquidem
3358 4377 3416 4425 et

1816 4470 2318 4540 consequentemin
2340 4468 2536 4521 eadem
2567 4468 2737 4520 etiam
2759 4466 2847 4519 via
2866 4480 2986 4517 esse
3006 4461 3281 4516 convenit.
3298 4461 3418 4514 Hoc

1816 4567 2005 4613 autem
2036 4561 2102 4611 de
2134 4576 2217 4623 eo,
2243 4559 2337 4628 qui
2368 4557 2675 4610 secundum
2697 4570 2924 4608 carnem
2952 4558 3055 4617 est,
3074 4551 3298 4625 dicitur;
3318 4550 3417 4620 qui

1817 4649 2180 4718 semetipsum
2201 4647 2405 4700 obtulit
2434 4644 2767 4699 sacriﬁcium
2780 4644 2893 4696 Deo
2905 4642 2965 4694 in
2981 4642 3209 4695 odorem
3226 4639 3414 4693 suavi-

1818 4740 1970 4792 tatis.
2006 4735 2259 4790 Pontifex
2289 4736 2465 4788 factus
2494 4733 2800 4787 secundum
2843 4730 3099 4784 ordinem
3129 4729 3420 4783 Melchise-

1822 4829 1979 4881 dech.
2015 4827 2248 4896 Oportet
2279 4825 2467 4894 itaque
2497 4830 2553 4875 et
2584 4822 2725 4886 illos,
2759 4837 2999 4891 quorum
3030 4818 3283 4890 pontifex
3309 4823 3413 4883 est,

1824 4917 2083 4971 meliores
2094 4933 2213 4968 esse
2222 4957 2233 4981 ,
2243 4921 2298 4967 et
2310 4920 2582 4984 quantum
2596 4917 2683 4965 est
2692 4911 3029 4963 interAaron
3040 4913 3098 4961 et
3110 4908 3417 4972 Christum,

1823 5012 2045 5059 tantum
2066 5012 2153 5059 est
2163 5002 2572 5075 quodammodo
2583 5001 2731 5053 inter
2742 5000 2767 5053 J
2776 4999 2965 5052 udeeos
2976 5004 3034 5051 et
3046 4996 3416 5062 Christianos;

1827 5095 2119 5166 superiora
2131 5094 2300 5146 etiam
2313 5099 2369 5145 et
2382 5090 2655 5144 sacriﬁcia
2670 5109 2681 5155 ;
2698 5088 2836 5142 talia
2848 5087 3105 5141 videlicet
3120 5086 3421 5139 offeramus

1828 5184 2118 5247 sacrificia,
2155 5199 2277 5253 quae
2304 5182 2361 5234 in
2402 5180 2539 5233 illud
2572 5178 2956 5234 sanctuarium
2986 5175 3210 5229 caeleste
3235 5173 3425 5228 offerri

1830 5279 2081 5344 possunt,
2115 5288 2229 5324 non
2262 5272 2381 5339 jam
2433 5270 2704 5340 pecudem
2727 5275 2783 5321 et
2813 5267 3025 5329 bovem,
3058 5280 3172 5317 non
3200 5262 3426 5333 sangui-

1828 5380 1959 5415 nem
1980 5368 2036 5415 et
2063 5362 2305 5430 adipem,
2340 5360 2527 5413 omnia
2554 5360 2673 5413 haec
2703 5358 2887 5411 soluta
2917 5360 3068 5417 sunt,
3101 5359 3158 5407 et
3194 5369 3295 5423 pro
3345 5351 3427 5406 eis

1834 5452 2217 5505 introductum
2245 5456 2331 5503 est
2362 5448 2694 5502 rationabile
2708 5444 3059 5516 obsequium,
3077 5441 3428 5512 etiam,quod

177 5532 411 5586 testatem
440 5551 557 5589 non
584 5536 748 5591 habet
773 5558 784 5595 :
824 5540 972 5596 Deus
996 5550 1186 5597 autem
1215 5549 1551 5614 potestatem
1582 5542 1750 5595 habet
1833 5558 1934 5611 per
1957 5540 2223 5606 animam,
2248 5540 2395 5611 quod
2408 5555 2509 5610 per
2538 5537 2800 5610 spiritum
2822 5535 3054 5588 offertur
3071 5532 3207 5587 Deo.
3245 5550 3270 5583 ‹
3304 5529 3431 5600 Spi-
