3854 6164
449 293 552 353 759

1043 299 1108 355 Β.
1148 298 1421 356 RABANI
1459 300 1691 358 MAURI
1728 303 2067 399 AliCHIEP.

2106 300 2431 360 MOGUNT.
2473 297 2772 356 OPERUM
2806 296 2992 354 PARS
3027 296 3125 353 ΙΙΙ.
3565 302 3648 359 ιω

456 439 483 475 α
515 423 822 479 secundum
862 424 1128 478 virtutem
1157 423 1281 478 vitae
1319 425 1650 497 insolubilis,
1679 420 2107 493 ContestaturA
2128 449 2151 482 ι
2184 429 2267 484 xit
2294 429 2365 483 ad
2393 427 2553 482 illum
2591 444 2604 480 :
2643 423 2863 480 Iuravit
2885 422 3153 478 Dominus
3186 427 3242 476 et
3266 438 3370 477 non
3402 423 3652 494 paenitebit

455 530 485 566 ι
510 513 661 567 enim
673 512 939 584 quoniam
950 518 1013 567 tu
1029 529 1089 566 es
1099 514 1357 567 sacerdos
1370 514 1425 568 in
1438 518 2045 583 mternum,secundum

458 621 481 652 α
506 601 761 656 ordinem
780 601 1203 657 Melchisedech.
1231 622 1258 655 )›
1289 604 1500 658 Novam
1519 605 1624 659 hoc
1644 607 1762 660 loco
1788 606 2047 662 dill'eren-

451 690 590 744 tiam
612 689 1026 745 instituit‘inter
1051 692 1425 746 sacerdotium
1456 694 1765 750 Leviticum
1781 701 1839 750 et
1864 713 2046 751 sacer-

450 779 668 833 dotium
679 779 887 834 Christi
901 798 913 834 :
935 781 1071 851 quia
1079 781 1219 836 illud
1233 782 1475 847 carnale,
1492 782 1597 837 hoc
1616 801 1745 839 vero
1757 785 2010 856 spiritale
2025 779 2049 854 ς’

448 867 586 922 illud
614 869 944 940 temporale,
966 870 1070 923 hoc
1117 887 1245 924 vero
1277 876 1549 926 aeternum
1579 878 1684 927 est.
1718 873 1865 928 Dicit
1892 874 2043 929 enim

447 956 517 1010 de
537 957 851 1012 sacerdotio
877 959 1101 1013 Aaron:
1152 982 1178 1011 (ι
1222 960 1532 1015 secundum
1563 961 1744 1032 legem
1799 964 2042 1018 carnalis

444 1046 716 1101 mandati.
742 1065 765 1097 ι
791 1047 902 1102 Lex
923 1047 1129 1120 quippe
1169 1048 1268 1103 illa
1287 1065 1353 1103 ex
1391 1050 1571 1104 multa
1588 1057 1747 1122 parte
1801 1052 2042 1107 carnalis

445 1140 571 1190 erat
592 1154 603 1189 :
628 1135 689 1190 in
702 1135 1122 1191 circumcisione
1151 1137 1421 1205 carnis,in
1449 1139 1814 1194 mundatione
1830 1141 2039 1209 carnis,

446 1223 506 1279 in
535 1225 734 1279 hostiis
763 1231 821 1280 et
847 1225 1223 1281 oblationibus
1241 1226 1576 1293 carnalibus,
1608 1227 1667 1282 in
1709 1228 2045 1285 discretione

408 1338 417 1345 -
447 1312 965 1381 ciborum,dierum,
979 1320 1296 1386 temporum
1314 1315 1567 1382 etiam,et
1583 1317 1641 1371 in
1656 1317 2043 1388 retributione,

452 1402 654 1473 quibus
675 1402 1171 1469 benefacientibus,
1195 1410 1252 1459 et
1262 1405 1438 1474 legem
1456 1401 1918 1473 custodientibus,
1940 1424 2048 1479 pax

449 1496 509 1545 et
535 1491 826 1558 securitas,
848 1497 907 1547 et
928 1492 1272 1564 prosperitas
1298 1499 1358 1546 et
1370 1493 1596 1565 frugum
1616 1494 1964 1551 abundantia
1989 1500 2048 1551 et

2133 536 2161 568 α
2185 534 2335 583 eum,
2363 522 2427 571 tu
2457 513 2794 570 essacerdos
2832 511 2892 566 in
2948 518 3233 567 aeternum.
3265 530 3291 564 »
3340 511 3651 583 Introductio,

2127 606 2330 678 inquit,
2349 603 2598 659 melioris
2618 602 2737 674 spei
2756 620 2770 670 ;
2789 600 2990 656 habuit
3005 600 3207 673 quippe
3219 605 3275 655 et
3297 600 3379 654 lex
3395 616 3551 671 spem,
3574 603 3653 657 sed

2126 712 2240 750 non
2267 695 2460 750 talem.
2504 690 2818 764 Sperabant
2831 689 2981 745 enim
3006 689 3149 744 bene
3162 689 3429 761 placentes
3450 690 3656 760 etlegem

2123 785 2227 839 Dei
2237 783 2616 838 custodientes
2626 779 2911 853 possidere
2923 784 3133 834 terram
3154 796 3168 846 ;
3182 777 3320 832 nihil
3333 793 3657 834 aerumnosum

2124 873 2262 946 pati,
2291 887 2557 944 prospere
2590 870 2797 937 vivere,
2823 868 2970 924 sicut
2993 867 3203 922 dictum
3220 872 3332 921 est:
3356 864 3660 931 «Quifecerit

2124 979 2268 1029 eam,
2284 961 2433 1016 vivet
2445 961 2504 1015 in
2516 976 2586 1014 ea
2606 960 2748 1028 (Gal.
2770 962 2866 1025 ιιι).
2892 978 2916 1010 ι
2936 957 3041 1012 Hic
3060 962 3248 1012 autem
3266 956 3661 1027 speramus,quia

2124 1051 2406 1123 placentes
2421 1055 2480 1104 et
2501 1046 2821 1118 evangelica
2848 1051 3127 1118 precepts
3175 1043 3544 1109 custodientes,
3571 1059 3661 1100 non

2124 1145 2333 1195 terram
2358 1138 2663 1212 possidere,
2703 1136 2800 1190 sed
2829 1135 3051 1190 coelum.
3106 1133 3284 1204 Magis
3325 1137 3517 1199 autem,
3543 1133 3663 1203 quod

2125 1229 2264 1283 coelo
2284 1228 2462 1282 multo
2481 1225 2682 1281 melius
2711 1231 2815 1292 est,
2872 1239 3165 1296 speramus
3190 1220 3417 1295 proximi
3439 1221 3543 1276 Deo
3562 1237 3664 1276 con.

2127 1317 2344 1383 sistere,
2389 1317 2461 1371 ad
2512 1316 2700 1388 ipsum
2738 1320 3038 1386 paternum
3081 1311 3283 1368 solium
3328 1309 3585 1383 pervenire
3621 1315 3665 1364 et

2127 1407 2450 1461 ministrare
2474 1405 2527 1460 ei
2554 1421 2684 1461 cum
2699 1403 2932 1474 angelis.
2958 1403 3075 1458 Hoc
3084 1418 3215 1457 vero
3227 1398 3668 1470 sacerdotium,per

2129 1496 2277 1567 quod
2310 1495 2453 1550 hanc
2475 1493 2716 1566 gloriam
2737 1491 3051 1565 possessuri
3079 1507 3293 1550 sumus.
3319 1504 3426 1544 non
3456 1487 3554 1542 erit
3572 1487 3666 1542 sine

448 1579 609 1650 regni
654 1580 908 1652 potentia
952 1581 1227 1652 promissa
1285 1588 1388 1649 est,
1421 1599 1544 1654 quae
1593 1585 1784 1639 omnia
1864 1590 2055 1640 morte.
2123 1583 2514 1656 jurejurando,
2533 1584 2828 1638 utﬁrmam
2840 1579 3373 1652 Deipromissionem
3400 1576 3664 1643 credamus,

452 1668 701 1722 ﬁnienda
755 1676 934 1724 erant.
968 1670 1075 1724 Sed
1132 1688 1246 1725 non
1273 1670 1352 1725 ita
1406 1672 1781 1727 sacerdotium
1811 1674 2040 1741 Christi,
2128 1673 2263 1744 quia
2290 1673 2410 1728 haec
2431 1671 2623 1727 omnia
2668 1671 2829 1726 nobis
2872 1670 2932 1724 in
2982 1669 3124 1724 Filio
3168 1667 3388 1740 proprio
3438 1664 3666 1738 promis“,

452 1757 602 1827 quod
621 1757 932 1812 secundum
958 1759 1226 1813 virtutem
1247 1759 1373 1814 vitae
1422 1760 1735 1815 insolubilis
1774 1768 1879 1817 est.
1910 1754 2111 1828 QuisB
2128 1778 2297 1833 quem
2325 1778 2427 1834 pro
2456 1761 2616 1817 nobis
2664 1758 2926 1815 omnibus
2946 1758 3200 1824 tradidit,
3234 1765 3291 1812 et
3316 1771 3544 1830 pereum
3579 1759 3669 1815 hec

454 1846 559 1899 iste
587 1851 673 1901 est
686 1847 946 1902 sacerdos
956 1847 1086 1902 talis
1101 1849 1261 1903 ?Non
1280 1849 1489 1909 Aaron.
1506 1866 1618 1905 non
1634 1851 1753 1922 ipse
1764 1852 2051 1908 Melchise-

453 1934 612 2001 dech,
629 1935 728 1989 sed
750 1935 861 1999 ille,
878 1937 1038 2007 cujus
1054 1937 1148 1991 ille
1167 1937 1572 1993 Melchisedech
1583 1944 1781 2011 typum
1794 1940 2046 2011 gerebat,

451 2023 533 2080 De
562 2039 672 2095 quo
692 2023 811 2095 ipse
830 2025 980 2079 Deus
999 2025 1170 2081 Pater
1191 2027 1563 2097 jurejurando
1590 2033 1838 2084 testatur
1867 2047 1879 2083 :
1917 2048 1943 2081 α
1965 2031 2050 2086 Tu

453 2128 515 2165 es
527 2113 786 2167 sacerdos
796 2113 855 2168 in
869 2115 1373 2181 aeternum,secund
1381 2133 1475 2170 um
1488 2116 1743 2171 ordinem
1763 2119 2053 2174 Melchise-

454 2200 628 2268 dech;
666 2221 690 2253 ι
724 2202 830 2256 hoc
856 2208 961 2269 est,
992 2220 1104 2258 non
1151 2205 1496 2277 temporalis,
1540 2222 1722 2277 neque
1752 2207 1920 2262 ﬁnem
1946 2208 2051 2262 ha-

457 2289 610 2356 bens,
641 2291 738 2345 sed
770 2292 1080 2347 secundum
1108 2293 1417 2364 potentiam
1446 2293 1760 2350 insolubilis
1784 2296 1940 2365 vitae;
1973 2297 2050 2351 vi-

456 2384 573 2433 tam
592 2396 724 2434 vero
752 2379 811 2434 in
838 2381 1022 2453 seipso
1050 2381 1265 2437 habens
1284 2382 1659 2450 insolubilem,
1685 2385 1942 2456 quamvis
1977 2386 2049 2440 ad

455 2474 682 2540 tempus
736 2476 994 2525 mortuus
1037 2480 1183 2526 esset
1224 2488 1392 2527 carne
1424 2490 1437 2526 :
1468 2479 1662 2528 tamen
1692 2473 1749 2528 in
1778 2480 2050 2529 aeternum

455 2556 748 2612 divinitate
762 2559 913 2625 vivit,
933 2566 990 2613 et
1009 2560 1380 2625 humanitate,
1404 2562 1682 2616 mediator
1699 2563 1850 2617 inter
1872 2564 2052 2619 Deum

459 2650 516 2698 et
531 2645 804 2712 homines,
827 2664 1051 2718 semper
1069 2648 1258 2703 vivens
1268 2649 1340 2703 ad
1358 2649 1829 2722 interpellandum
1846 2669 1947 2724 pro
1956 2669 2055 2706 no-

458 2733 562 2786 bis.
581 2750 609 2786 s
642 2733 981 2805 Reprobatio
1018 2736 1245 2807 quidem
1292 2739 1358 2792 ﬁt
1394 2739 1759 2810 praecedentis
1777 2741 2049 2808 mandati,

464 2839 489 2873 ι
534 2828 765 2893 prOpter
806 2823 1193 2879 inﬁrmitatem
1237 2827 1361 2896 ejus
1386 2833 1445 2881 et
1484 2828 1869 2884 inutilitatem.
1899 2830 2054 2885 Nihil

463 2931 490 2960 ιι
523 2909 674 2965 enim
701 2911 774 2966 ad
804 2914 1111 2983 perlectum
1137 2913 1371 2970 adduxit
1396 2915 1501 2970 lex.
1539 2934 1565 2970 3
1601 2920 1671 2986 (J.
1707 2919 1924 2987 Chrys.)
1950 2919 2055 2974 Hic

2130 1851 2337 1918 omnia,
2367 1852 2560 1923 dequo
2579 1850 2927 1905 dictumest:
2964 1867 2989 1900 ί
3014 1848 3101 1902 Tu
3130 1863 3191 1901 es
3208 1847 3669 1905 sacerdosinaaterb

2135 1960 2157 1992 ι
2183 1957 2321 1996 num
2352 1940 2661 1995 secundum
2679 1938 2938 1993 ordinem
2961 1936 3384 1992 Melchisedech.
3410 1937 3470 1992 In
3490 1944 3671 1992 tantum

2133 2047 2161 2083 α
2183 2029 2431 2084 melioris
2445 2027 2795 2084 Testamenti
2810 2025 3240 2099 sponsorfactus
3254 2031 3341 2080 est
3358 2026 3578 2082 Jesus:et
3594 2026 3672 2080 alii

2135 2137 2161 2170 «
2189 2117 2416 2190 quidem
2445 2118 2634 2190 plures
2652 2116 2786 2172 facti
2813 2121 2950 2171 sunt
2975 2115 3313 2181 sacerdotes,
3341 2114 3531 2170 idcirco
3555 2114 3672 2186 quod

2135 2223 2163 2259 α
2193 2211 2374 2260 morte
2398 2205 2832 2278 prohiberentur
2865 2220 3234 2276 permanere:
3286 2202 3373 2259 hic
3408 2210 3594 2269 autem,
3622 2218 3674 2258 eo

2135 2312 2159 2345 (ι
2191 2295 2341 2366 quod
2363 2302 2591 2350 maneat
2618 2295 2676 2349 in
2696 2299 2989 2355 aeternum,
3021 2293 3425 2365 sempiternum
3445 2291 3593 2346 habet
3608 2308 3676 2346 sa-

2137 2402 2163 2437 α
2190 2383 2520 2439 cerdotium.
2553 2403 2577 2437 ι
2605 2385 2758 2439 Duas
2777 2382 2936 2456 ponit
2953 2381 3319 2449 differentias,
3351 2381 3476 2454 quia
3493 2380 3678 2435 nonha-

2132 2472 2229 2528 bet
2255 2475 2425 2528 ﬁnem
2447 2473 2709 2528 sacerdos
2733 2478 2945 2539 noster,
2976 2471 3125 2526 sicut
3143 2471 3356 2542 legalis.
3382 2471 3491 2525 Hoc
3523 2475 3676 2524 autem

2098 2594 2107 2601 -
2132 2562 2265 2618 facit
2290 2579 2358 2618 ex
2380 2578 2622 2634 persona
2635 2561 2861 2628 Christi,
2888 2582 2910 2613 ‹
2946 2561 3043 2633 qui
3074 2561 3363 2632 ingressus
3391 2565 3489 2626 est,
3509 2558 3675 2630 inquit,

2133 2651 2441 2706 secundum
2463 2651 2729 2706 virtutem
2752 2651 2881 2706 vita:
2895 2649 3234 2705 insolubilis.
3255 2669 3284 2703 ιι
3309 2650 3377 2705 Et
3401 2649 3497 2703 hoc
3503 2648 3680 2719 jureju-

2135 2740 2312 2795 rando
2324 2745 2586 2806 testatur,
2600 2739 2745 2795 sicut
2763 2755 2936 2811 supra
2943 2738 3160 2794 dictum
3179 2744 3284 2793 est.
3298 2738 3450 2794 Sicut
3487 2736 3568 2790 ille
3585 2750 3680 2807 per-

2136 2835 2344 2894 manet,
2370 2829 2449 2884 ita
2488 2829 2658 2884 etiam
2708 2833 2767 2883 et
2818 2828 2906 2882 lex
2935 2843 3107 2900 quam
3155 2826 3348 2883 attulit
3366 2838 3682 2898 permansura

2135 2924 2238 2985 est,
2270 2919 2329 2972 in
2356 2934 2470 2990 qua
2495 2923 2582 2972 est
2608 2933 2742 2972 vera
2763 2922 3121 2989 peccatorum
3152 2915 3424 2983 remissio,
3449 2919 3504 2969 et
3525 2927 3684 2986 perpo-

460 2999 706 3054 hzeretici
724 2999 1044 3072 insurgunt,
1075 3002 1173 3057 sed
1199 3003 1426 3059 adverte
1451 3004 1669 3077 integre
1704 3025 1716 3060 :
1740 3023 1854 3062 non
1887 3008 2049 3075 dixit,
2085 3072 2117 3080 _
2132 3013 2246 3062 tua:
2269 3007 2551 3080 perceptio
2576 3007 2792 3078 gratim.
2827 3007 2886 3062 Si
2906 3005 3059 3063 enim
3088 3006 3195 3061 illa
3212 3005 3368 3078 prior
3392 3010 3597 3077 propter
3606 3003 3685 3056 im-

461 3093 694 3160 propter
705 3089 1136 3161 malignitatem,
1152 3108 1354 3164 neque,
1374 3072 1602 3165 propter
1624 3095 1922 3164 malitiam,
1955 3072 2056 3153 sed
2077 3072 2495 3152 Clbecillitatein
2516 3072 2625 3164 sui,
2652 3112 2774 3168 qum
2800 3095 2942 3150 nihil
2969 3095 3041 3150 ad
3067 3072 3383 3167 perfectum
3392 3072 3590 3148 ducere
3612 3106 3686 3162 po-

467 3196 494 3230 α
516 3183 746 3249 propter
760 3178 1150 3234 inﬁrmitatem
1170 3185 1229 3235 et
1240 3181 1624 3238 inutilitatem.
1654 3204 1680 3235 ι)
1697 3185 1840 3239 Nam
1854 3192 1912 3240 et
1921 3185 2055 3241 alibi

459 3266 1104 3323 ostenditinﬁrmitatem
1124 3271 1265 3340 ejus,
1290 3287 1418 3326 cum
1437 3272 1601 3326 dicit:
1623 3293 1649 3324 ί(
1682 3275 1748 3328 In
1766 3290 1877 3345 quo
1903 3275 2058 3330 inﬁr-

466 3354 729 3410 mabatur
755 3373 859 3428 per
897 3374 1124 3412 carnem
1155 3361 1330 3429 (Rom.
1362 3362 1505 3422 vm).
1548 3382 1571 3413 ι
1607 3363 1735 3417 Non
1772 3379 1906 3433 ergo
1934 3364 2059 3436 ipsa

464 3443 751 3499 inﬁrmata
770 3452 873 3509 est,
888 3448 1314 3502 sednos.¢Nihil
1334 3449 1484 3503 enim
1503 3452 1723 3522 perﬁcit
1750 3453 1891 3506 lex.»
1911 3452 2056 3518 Quid

461 3538 549 3587 est
558 3533 699 3588 nihil
731 3535 984 3606 perﬁcit?
996 3537 1214 3591 nullum
1229 3538 1536 3609 perfectum
1553 3546 1785 3612 operata
1803 3547 1907 3608 est,
1921 3542 2057 3596 dum

459 3621 511 3675 ei
533 3639 646 3677 non
672 3622 951 3679 obeditur.
986 3625 1087 3680 His
1113 3626 1275 3691 adde,
1299 3627 1416 3699 qui,
1447 3645 1628 3700 neque
1655 3629 1717 3683 sir
1741 3631 2052 3698 audiretur,
2077 3628 2085 3633 ’

461 3711 768 3782 perfectum
788 3730 1130 3786 quemquam
1144 3715 1372 3783 faceret,
1395 3722 1454 3771 et
1472 3717 1694 3772 virtutis
1703 3724 2053 3791 compotem:

460 3800 687 3857 interim
715 3808 906 3857 autem
934 3820 1047 3859 non
1084 3803 1190 3859 hoc
1241 3805 1380 3860 dicit
1429 3806 1537 3871 hic,
1576 3808 1673 3862 sed
1731 3809 1865 3880 quia
1916 3809 2056 3864 nihil

462 3890 640 3945 valuit
668 3910 679 3944 :
706 3896 766 3944 et
819 3897 970 3948 recte
1007 3893 1210 3948 litterae
1231 3900 1395 3949 erant
1422 3896 1742 3967 propositae,
1778 3898 1896 3952 Hoc
1948 3898 2054 3967 fac,

460 3977 600 4033 illud
629 3995 743 4034 non
771 3979 960 4035 facias.
1014 3982 1309 4053 Pr0posita
1339 3989 1502 4039 erant
1529 3985 1644 4040 haec
1668 3990 1913 4054 tantum,
1944 4003 2058 4042 non

461 4072 653 4121 autem
681 4074 739 4121 et
758 4069 1023 4123 virtutem
1051 4069 1404 4141 inspirabant
1434 4091 1446 4126 :
1483 4072 1614 4143 quia
1640 4090 1770 4144 spes
1800 4091 1912 4129 non
1935 4081 2058 4131 erat

460 4154 610 4209 talis.
645 4155 982 4226 Reprobatio
1002 4157 1135 4228 quid
1156 4165 1260 4226 est,
1283 4159 1392 4213 nisi
1412 4161 1655 4216 exclusio
1674 4163 1700 4215 ?
1718 4163 2056 4235 Reprobatio

463 4242 671 4315 quippe
727 4261 924 4300 eorum
979 4262 1102 4316 quae
1149 4247 1403 4302 obtinent
1469 4254 1556 4303 est
1611 4251 1753 4320 jam.
1813 4252 2056 4308 Proinde

2135 3186 2328 3251 tuerit,
2359 3186 2584 3241 exclusa
2609 3191 2698 3240 est
2724 3185 3019 3251 :istavero,
3035 3199 3216 3256 quam
3234 3182 3474 3256 pontifex
3490 3195 3686 3252 magnus

2137 3274 2346 3341 attulit,
2368 3275 2535 3341 valet,
2569 3280 2628 3328 et
2652 3274 2811 3329 fortis
2855 3278 2959 3340 est,
3004 3279 3063 3328 et
3103 3278 3320 3328 manet.
3353 3270 3590 3327 Ostendit
3610 3284 3686 3322 au-

2135 3370 2254 3418 tem
2280 3363 2386 3418 hoc
2395 3380 2461 3417 ex
2490 3363 2752 3435 pontiﬁce
2771 3382 2783 3416 :
2801 3362 3081 3434 quomodo
3101 3361 3127 3415 ?
3150 3361 3297 3426 Quia
3311 3377 3453 3416 unus
3476 3363 3570 3414 est.
3585 3358 3684 3413 Non

2139 3453 2288 3507 enim
2317 3468 2465 3507 unus
2488 3457 2656 3519 esset,
2689 3451 2798 3506 nisi
2827 3456 2979 3506 esset
3004 3449 3368 3507 immortalis.
3399 3445 3683 3505 Sicutenim

2138 3541 2305 3596 multi
2360 3541 2676 3596 sacerdotes
2729 3540 2789 3594 in
2839 3540 2961 3609 lege
3008 3539 3264 3608 fuerunt,
3295 3539 3427 3611 quia
3464 3534 3688 3592 mortales

2134 3630 2397 3684 fuerunt:
2432 3630 2514 3685 sic
2535 3646 2703 3697 unus,
2726 3629 2860 3701 quia
2884 3628 3244 3697 immortalis,
3286 3628 3383 3700 qui
3409 3628 3465 3681 in
3502 3628 3684 3680 tantm

2135 3719 2385 3774 melioris
2408 3719 2754 3774 Testamenti
2781 3734 3021 3790 sponsor
3054 3718 3238 3774 factus
3265 3722 3370 3785 est,
3401 3714 3538 3788 quod
3566 3714 3689 3784 jura-

2135 3813 2258 3862 tum
2323 3814 2411 3864 est
2464 3808 2535 3863 de
2589 3825 2674 3875 eo,
2726 3824 2950 3880 semper
2993 3823 3127 3861 eum
3191 3823 3314 3862 esse
3380 3816 3685 3860 mansurum.

2142 3914 2171 3951 α
2195 3897 2356 3953 Unde
2405 3902 2465 3952 et
2504 3898 2720 3952 salvare
2753 3898 2812 3952 in
2830 3902 3169 3969 perpetuum
3196 3901 3384 3968 potest
3408 3891 3688 3948 accedentes

2141 4004 2167 4038 ι
2191 4002 2293 4057 per
2315 3987 2678 4059 semetipsum
2699 3986 2771 4041 ad
2797 3987 2998 4052 Deum,
3029 4001 3259 4058 semper
3277 3982 3539 4039 vivensad
3553 3981 3691 4034 inter-

2143 4093 2167 4127 c
2192 4075 2510 4145 pellandum
2540 4077 2746 4146 procis.
2766 4095 2789 4126 ι
2818 4073 3063 4130 Intueris
3082 4073 3222 4145 quia
3242 4074 3318 4128 de
3339 4088 3406 4128 eo
3433 4070 3689 4143 quisecan-

2137 4163 2272 4217 dum
2296 4180 2523 4218 carnem
2544 4170 2632 4219 est
2656 4164 2767 4218 ista
2790 4163 2946 4218 dicit.
2977 4162 3219 4228 Quando
3248 4161 3400 4217 enim
3425 4160 3561 4216 sicut
3583 4169 3689 4228 pon-

2137 4252 2271 4307 tifex
2298 4259 2405 4318 est,
2425 4259 2562 4309 tunc
2581 4253 2754 4308 etiam
2785 4251 3137 4324 interpellat:
3171 4251 3309 4324 quia
3349 4267 3416 4305 ex
3433 4265 3498 4304 ea
3519 4250 3688 4301 ιιιωη

459 4331 707 4386 ostendit
756 4332 890 4404 quid
946 4333 1251 4402 obtinebat,
1282 4336 1381 4390 sed
1417 4343 1739 4410 contempta
1784 4345 1871 4394 est
1910 4342 2050 4411 jam.
2072 4407 2109 4413 _
2137 4357 2249 4413 qua
2264 4342 2509 4413 pontifex
2527 4348 2631 4407 est,
2652 4342 2976 4412 interpellat
2991 4357 3095 4412 pro
3113 4341 3198 4395 eis
3213 4343 3280 4407 (Ι.
3305 4339 3513 4408 Chrys.)
3531 4332 3692 4390 Proin-

460 4419 594 4491 quia
622 4421 761 4476 nihil
790 4423 1044 4494 prolicit;
1076 4423 1220 4478 nihil
1255 4440 1390 4495 ergo
1439 4407 1658 4497 profuit
1675 4428 1763 4482 lex
1790 4429 1815 4482 ?
1847 4407 2207 4501 profuithe
2232 4407 2290 4485 et
2316 4431 2540 4501 quando
2568 4431 2707 4485 dicit
2724 4407 2953 4497 Paulus,
2982 4407 3011 4483 cl
3050 4430 3149 4501 qui
3195 4429 3372 4484 etiam
3414 4420 3691 4495 interponit

459 4510 708 4581 quidem,
737 4511 898 4566 valde
926 4512 1153 4585 profuit,
1210 4514 1308 4568 sed
1356 4514 1426 4569 ad
1471 4513 1753 4571 faciendos
1782 4518 2054 4589 perfectos

460 4598 599 4653 nihil
626 4600 839 4670 profuit
868 4620 880 4655 :
913 4601 1054 4656 nihil
1084 4619 1217 4673 ergo
1245 4603 1555 4675 perfectum
1583 4605 1714 4660 fecit
1757 4607 1863 4673 lex,
1891 4608 2055 4678 juxta

461 4686 566 4741 hoc
584 4688 793 4759 quippe
802 4689 956 4755 dicit,
971 4691 1165 4746 omnia
1173 4692 1312 4763 legis
1330 4694 1571 4748 formam
1589 4711 1712 4749 esse
1727 4702 1786 4750 et
1801 4695 2048 4762 umbras,

457 4774 825 4844 circumcisio,
875 4779 1212 4835 sacriﬁcium
1231 4820 1246 4847 ,
1294 4781 1611 4838 sabbatum.
1662 4785 1785 4839 Non
1835 4785 2055 4841 valebat

458 4876 595 4935 ergo
611 4866 955 4936 pertransire
973 4867 1033 4922 in
1054 4869 1558 4943 animam,propter
1584 4872 1691 4927 hoc
1716 4873 1886 4929 etiam
1907 4874 2057 4930 cedit

456 4959 628 5025 atque
707 4953 965 5011 discedit.
1026 4957 1196 5025 (Alb.)
1254 4959 1467 5015 Idcirco
1537 4961 1660 5032 ejus
1731 4963 2050 5034 reprobatio

453 5041 577 5109 fuit,
607 5048 674 5098 ut.
700 5044 901 5114 gratiae
935 5045 1168 5101 daretur
1193 5048 1367 5115 locus,
1397 5049 1534 5104 dum
1555 5049 1790 5117 veniret,
1822 5051 1881 5106 in
1938 5069 2051 5123 qua

451 5132 720 5203 perfectio
750 5134 929 5188 ﬁeret.
979 5135 1145 5193 Utilis
1180 5134 1289 5190 fuit
1308 5137 1514 5210 quippe
1540 5138 1648 5205 lex,
1691 5140 1789 5194 sed
1806 5139 1919 5194 illis
1950 5141 2048 5212 qui

450 5219 620 5276 ﬁdem
640 5221 962 5278 habuerunt
976 5223 1036 5278 in
1050 5224 1293 5293 Christo,
1324 5243 1437 5281 non
1458 5227 1570 5282 illis
1587 5227 1683 5299 qui
1694 5234 1873 5283 totam
1883 5245 2046 5284 suam

448 5324 607 5380 spem
634 5312 697 5365 in
714 5327 840 5366 eam
859 5313 1243 5367 ﬁrmaverunt.
1270 5332 1298 5368 ι
1330 5315 1676 5371 Introductio
1700 5334 1832 5372 vero
1864 5335 1892 5369 α
1922 5334 2045 5373 me-

452 5414 477 5448 ι
512 5392 666 5451 lioris
692 5399 812 5468 spei
838 5416 940 5470 per
986 5417 1158 5472 quam
1204 5403 1584 5474 proximamus
1639 5406 1711 5460 ad
1756 5407 1956 5471 Deum,
1988 5412 2047 5462 et

2136 4518 2425 4591 pronobis,
2456 4540 2480 4571 ι
2499 4519 2605 4576 hoc
2622 4521 2775 4575 idem
2812 4519 3113 4591 signiﬁcat,
3133 4519 3242 4574 hoc
3261 4524 3367 4583 est,
3397 4509 3690 4588 pontifexin-

2132 4609 2398 4680 terpellat
2414 4627 2427 4676 ;
2441 4608 2693 4681 alioquin
2710 4609 2808 4681 qui
2820 4609 3119 4665 resuscitat
3132 4613 3408 4672 mortuos,
3428 4619 3558 4675 quos
3570 4598 3681 4660 vult»

2134 4703 2193 4752 et
2209 4697 2467 4764 viviﬁcat,
2484 4698 2631 4752 sicut
2654 4703 2835 4770 pater,
2858 4697 3139 4769 quomodo
3158 4695 3257 4751 ubi
3270 4692 3565 4750 salvatione
3575 4698 3690 4758 opus

2135 4791 2239 4854 est,
2257 4785 2597 4859 interpellat,
2619 4787 2717 4859 qui
2746 4803 2911 4842 omne
2919 4786 3202 4857 judicium
3227 4783 3402 4839 habet
3425 4771 3691 4836 omnium?

2137 4876 2417 4947 quomodo
2453 4875 2794 4948 interpellat,
2832 4875 2933 4948 qui
2978 4874 3156 4930 mittit
3194 4872 3443 4945 angelos,
3469 4873 3530 4925 ut
3573 4863 3690 4920 alios

2136 4964 2363 5036 quidem
2385 4964 2444 5018 in
2487 4965 2773 5021 caminum
2801 4965 3050 5031 mittant,
3074 4963 3219 5018 alios
3243 4967 3431 5018 autem
3458 4949 3689 5014 salvam?

2130 5052 2260 5107 inde
2311 5053 2454 5108 dixit
2486 5079 2507 5104 ι
2539 5053 2711 5109 etiam
2739 5054 2956 5109 salvare
2980 5057 3192 5124 potest;
3230 5070 3255 5103 ι
3275 5053 3686 5123 propterea“?

2128 5141 2324 5210 salvat,
2381 5143 2516 5214 quia
2562 5159 2675 5198 non
2720 5142 2978 5209 moritur,
3025 5141 3159 5213 quia
3207 5155 3433 5210 semper
3476 5133 3613 5195 vivit,
3641 5134 3687 5181 et

2127 5246 2241 5285 non
2268 5230 2441 5286 habet
2479 5247 2878 5286 successorem.
2904 5230 2965 5286 Si
3012 5246 3142 5285 vero
3162 5244 3280 5284 non
3309 5226 3477 5281 habet
3491 5232 3685 5317 succes-

2127 5336 2331 5387 sorem,
2379 5326 2567 5392 potest
2609 5320 2783 5376 etiam
2824 5319 3086 5375 omnibus
3129 5318 3345 5373 adesse.
3390 5334 3414 5367 ι
3438 5312 3537 5368 Hic
3559 5312 3685 5363 enim

2126 5408 2389 5480 pontifex,
2450 5427 2480 5463 ι
2524 5426 2592 5465 ac
2615 5409 2662 5464 si
2996 5413 3161 5476 esset,
3191 5420 3371 5478 usque
3399 5402 3469 5457 ad
3494 5406 3684 5480 tempus

450 5503 475 5536 ι
504 5490 781 5557 quantum
799 5493 886 5542 est
910 5491 1159 5546 nonsine
1173 5491 1545 5564 jurejurando
1572 5495 1890 5550 sacerdotes
1907 5497 2041 5551 facti
2120 5478 2260 5552 illud
2288 5503 2431 5567 erat,
2462 5499 2521 5554 in
2554 5515 2665 5571 quo
2688 5498 2863 5553 vitam
2890 5497 3115 5569 agebat,
3161 5495 3311 5550 sicut
3339 5487 3556 5548 Samuel
3574 5489 3625 5539 et
3643 5478 3681 5533 εί

448 5590 475 5624 ιι
496 5578 649 5638 sunt,
663 5572 757 5628 hic
775 5580 989 5645 autem,
1011 5595 1139 5635 cum
1154 5581 1525 5651 jurejurando
1540 5599 1643 5654 per
1669 5600 1800 5639 eum
1830 5584 1929 5655 qui
1949 5585 2038 5639 di-
2121 5585 2219 5657 qui
2232 5587 2375 5643 tales
2409 5606 2423 5655 ;
2454 5593 2652 5659 postea
2675 5602 2807 5643 vero
2825 5600 3182 5661 nequaquam
3198 5586 3387 5647 erant,
3420 5578 3467 5634 εί
3485 5573 3683 5648 “id”
