  <div class='ocr_page' id='page_1' title='image "/cluster/home/n/w/nwhite01/storage/ocr_20150623/112/hvd.32044054759774/386.png"; bbox 0 0 3848 6164; ppageno 0'>
   <div class='ocr_carea' id='block_1_1' title="bbox 188 322 3428 393">
    <p class='ocr_par' dir='ltr' id='par_1_1' title="bbox 188 322 3428 393">
     <span class='ocr_line' id='line_1_1' title="bbox 188 322 3428 393; baseline 0.004 -14"><span class='ocrx_word' id='word_1_1' title='bbox 188 322 266 380; x_wconf 82' lang='grc'>761</span> <span class='ocrx_word' id='word_1_2' title='bbox 514 329 525 338; x_wconf 88' lang='grc'><em>’</em></span> <span class='ocrx_word' id='word_1_3' title='bbox 567 323 1148 384; x_wconf 74' lang='lat' dir='ltr'>ENARRATIONUM</span> <span class='ocrx_word' id='word_1_4' title='bbox 1182 327 1261 386; x_wconf 85' lang='lat' dir='ltr'>IN</span> <span class='ocrx_word' id='word_1_5' title='bbox 1299 330 1452 388; x_wconf 88' lang='lat' dir='ltr'>EPP.</span> <span class='ocrx_word' id='word_1_6' title='bbox 1494 333 1708 392; x_wconf 84' lang='lat' dir='ltr'><strong>PAULI</strong></span> <span class='ocrx_word' id='word_1_7' title='bbox 1745 335 1882 393; x_wconf 89' lang='lat' dir='ltr'>LIB.</span> <span class='ocrx_word' id='word_1_8' title='bbox 1923 333 2248 393; x_wconf 79' lang='lat' dir='ltr'>XXVIIL—</span> <span class='ocrx_word' id='word_1_9' title='bbox 2271 335 2350 392; x_wconf 88' lang='lat' dir='ltr'><strong>IN</strong></span> <span class='ocrx_word' id='word_1_10' title='bbox 2389 333 2612 391; x_wconf 87' lang='lat' dir='ltr'>EPIST.</span> <span class='ocrx_word' id='word_1_11' title='bbox 2653 331 2750 388; x_wconf 82' lang='lat' dir='ltr'>AD</span> <span class='ocrx_word' id='word_1_12' title='bbox 2789 331 3000 390; x_wconf 81' lang='lat' dir='ltr'>HEBR.</span> <span class='ocrx_word' id='word_1_13' title='bbox 3326 335 3428 392; x_wconf 82' lang='lat'><strong>762</strong></span> 
     </span>
    </p>
   </div>
   <div class='ocr_carea' id='block_1_2' title="bbox 186 445 3430 534">
    <p class='ocr_par' dir='ltr' id='par_1_2' title="bbox 186 445 3430 534">
     <span class='ocr_line' id='line_1_2' title="bbox 186 445 3430 534; baseline 0.004 -30"><span class='ocrx_word' id='word_1_14' title='bbox 186 445 554 512; x_wconf 80' lang='lat' dir='ltr'>moriebantur,</span> <span class='ocrx_word' id='word_1_15' title='bbox 569 447 662 502; x_wconf 90' lang='lat' dir='ltr'>hic</span> <span class='ocrx_word' id='word_1_16' title='bbox 681 453 874 502; x_wconf 90' lang='lat' dir='ltr'>autem</span> <span class='ocrx_word' id='word_1_17' title='bbox 893 465 1007 504; x_wconf 92' lang='lat' dir='ltr'>non</span> <span class='ocrx_word' id='word_1_18' title='bbox 1027 451 1106 506; x_wconf 88' lang='lat' dir='ltr'>ita</span> <span class='ocrx_word' id='word_1_19' title='bbox 1123 458 1228 519; x_wconf 90' lang='lat' dir='ltr'>est,</span> <span class='ocrx_word' id='word_1_20' title='bbox 1242 455 1342 508; x_wconf 91' lang='lat' dir='ltr'>sed</span> <span class='ocrx_word' id='word_1_21' title='bbox 1359 456 1538 512; x_wconf 90' lang='lat' dir='ltr'>salvat</span> <span class='ocrx_word' id='word_1_22' title='bbox 1550 458 1610 512; x_wconf 93' lang='lat' dir='ltr'>in</span> <span class='ocrx_word' id='word_1_23' title='bbox 1625 476 1751 530; x_wconf 87' lang='lat' dir='ltr'>per-</span> <span class='ocrx_word' id='word_1_24' title='bbox 1766 464 1814 520; x_wconf 79' lang='grc' dir='ltr'><strong>Α</strong></span> <span class='ocrx_word' id='word_1_25' title='bbox 1829 461 1939 516; x_wconf 86' lang='lat' dir='ltr'>fuit</span> <span class='ocrx_word' id='word_1_26' title='bbox 1947 462 2052 517; x_wconf 88' lang='lat' dir='ltr'>hoc</span> <span class='ocrx_word' id='word_1_27' title='bbox 2063 462 2490 527; x_wconf 88' lang='lat' dir='ltr'>sacriﬁcium,ut</span> <span class='ocrx_word' id='word_1_28' title='bbox 2499 460 2672 515; x_wconf 84' lang='lat' dir='ltr'><strong>semel</strong></span> <span class='ocrx_word' id='word_1_29' title='bbox 2685 459 2936 514; x_wconf 91' lang='lat' dir='ltr'>oblatum</span> <span class='ocrx_word' id='word_1_30' title='bbox 2949 459 3007 514; x_wconf 91' lang='lat' dir='ltr'>in</span> <span class='ocrx_word' id='word_1_31' title='bbox 3019 466 3294 517; x_wconf 69' lang='lat' dir='ltr'>aeternum</span> <span class='ocrx_word' id='word_1_32' title='bbox 3305 479 3430 534; x_wconf 86' lang='lat' dir='ltr'>pro-</span> 
     </span>
    </p>
   </div>
   <div class='ocr_carea' id='block_1_3' title="bbox 187 537 3429 622">
    <p class='ocr_par' dir='ltr' id='par_1_3' title="bbox 187 537 3429 622">
     <span class='ocr_line' id='line_1_3' title="bbox 187 537 3429 622; baseline 0.005 -30"><span class='ocrx_word' id='word_1_33' title='bbox 187 545 405 610; x_wconf 84' lang='lat' dir='ltr'>petuum.</span> <span class='ocrx_word' id='word_1_34' title='bbox 421 537 852 592; x_wconf 88' lang='lat' dir='ltr'>Sacramentum</span> <span class='ocrx_word' id='word_1_35' title='bbox 875 541 1158 610; x_wconf 83' lang='lat' dir='ltr'>quoddam</span> <span class='ocrx_word' id='word_1_36' title='bbox 1195 543 1494 613; x_wconf 87' lang='lat' dir='ltr'>signiﬁcat,</span> <span class='ocrx_word' id='word_1_37' title='bbox 1521 564 1634 602; x_wconf 92' lang='lat' dir='ltr'>non</span> <span class='ocrx_word' id='word_1_38' title='bbox 1661 549 1753 604; x_wconf 88' lang='lat' dir='ltr'>hic</span> <span class='ocrx_word' id='word_1_39' title='bbox 1831 551 2029 605; x_wconf 87' lang='lat' dir='ltr'>fuisset</span> <span class='ocrx_word' id='word_1_40' title='bbox 2040 551 2247 622; x_wconf 90' lang='lat' dir='ltr'>populo</span> <span class='ocrx_word' id='word_1_41' title='bbox 2259 550 2378 605; x_wconf 90' lang='lat' dir='ltr'>Dei.</span> <span class='ocrx_word' id='word_1_42' title='bbox 2411 570 2434 601; x_wconf 75' lang='grc' dir='ltr'>ι</span> <span class='ocrx_word' id='word_1_43' title='bbox 2469 550 2581 604; x_wconf 85' lang='lat' dir='ltr'>Lex</span> <span class='ocrx_word' id='word_1_44' title='bbox 2592 549 2742 602; x_wconf 90' lang='lat' dir='ltr'>enim</span> <span class='ocrx_word' id='word_1_45' title='bbox 2753 548 3008 604; x_wconf 82' lang='lat' dir='ltr'>homines</span> <span class='ocrx_word' id='word_1_46' title='bbox 3023 551 3316 606; x_wconf 84' lang='lat' dir='ltr'>constituit</span> <span class='ocrx_word' id='word_1_47' title='bbox 3337 569 3429 607; x_wconf 89' lang='lat' dir='ltr'>sa-</span> 
     </span>
    </p>
   </div>
   <div class='ocr_carea' id='block_1_4' title="bbox 187 625 3432 712">
    <p class='ocr_par' dir='ltr' id='par_1_4' title="bbox 187 625 3432 712">
     <span class='ocr_line' id='line_1_4' title="bbox 187 625 3432 712; baseline 0.005 -30"><span class='ocrx_word' id='word_1_48' title='bbox 187 628 354 691; x_wconf 82' lang='lat' dir='ltr'>solum,</span> <span class='ocrx_word' id='word_1_49' title='bbox 385 625 587 697; x_wconf 87' lang='lat' dir='ltr'>inquit,</span> <span class='ocrx_word' id='word_1_50' title='bbox 621 628 720 681; x_wconf 89' lang='lat' dir='ltr'>sed</span> <span class='ocrx_word' id='word_1_51' title='bbox 750 628 922 682; x_wconf 84' lang='lat' dir='ltr'>etiam</span> <span class='ocrx_word' id='word_1_52' title='bbox 949 629 1066 684; x_wconf 90' lang='lat' dir='ltr'>illic</span> <span class='ocrx_word' id='word_1_53' title='bbox 1093 631 1272 686; x_wconf 71' lang='lat' dir='ltr'>salirat</span> <span class='ocrx_word' id='word_1_54' title='bbox 1298 635 1623 691; x_wconf 79' lang='lat' dir='ltr'>accedentes</span> <span class='ocrx_word' id='word_1_55' title='bbox 1650 655 1753 709; x_wconf 90' lang='lat' dir='ltr'>per</span> <span class='ocrx_word' id='word_1_56' title='bbox 1839 659 1861 690; x_wconf 78' lang='grc' dir='ltr'>ι</span> <span class='ocrx_word' id='word_1_57' title='bbox 1885 639 2537 694; x_wconf 86' lang='lat' dir='ltr'>cerdotesinﬂrmitatem</span> <span class='ocrx_word' id='word_1_58' title='bbox 2549 635 2841 692; x_wconf 83' lang='lat' dir='ltr'>habentes.</span> <span class='ocrx_word' id='word_1_59' title='bbox 2871 658 2894 688; x_wconf 73' lang='grc' dir='ltr'><strong>ι</strong></span> <span class='ocrx_word' id='word_1_60' title='bbox 2928 640 3100 706; x_wconf 69' lang='grc' dir='ltr'>(Αιὺ.)</span> <span class='ocrx_word' id='word_1_61' title='bbox 3125 639 3432 712; x_wconf 81' lang='lat' dir='ltr'>Propterea</span> 
     </span>
    </p>
   </div>
   <div class='ocr_carea' id='block_1_5' title="bbox 187 715 3432 800">
    <p class='ocr_par' dir='ltr' id='par_1_5' title="bbox 187 715 3432 800">
     <span class='ocr_line' id='line_1_5' title="bbox 187 715 3432 800; baseline 0.004 -28"><span class='ocrx_word' id='word_1_62' title='bbox 187 715 512 786; x_wconf 79' lang='lat' dir='ltr'>semetipsum</span> <span class='ocrx_word' id='word_1_63' title='bbox 525 716 596 770; x_wconf 89' lang='lat' dir='ltr'>ad</span> <span class='ocrx_word' id='word_1_64' title='bbox 607 717 1108 782; x_wconf 90' lang='lat' dir='ltr'>Deum.Quomodo</span> <span class='ocrx_word' id='word_1_65' title='bbox 1117 721 1295 776; x_wconf 90' lang='lat' dir='ltr'>salvat</span> <span class='ocrx_word' id='word_1_66' title='bbox 1305 723 1359 776; x_wconf 73' lang='grc'>7(</span> <span class='ocrx_word' id='word_1_67' title='bbox 1375 724 1609 797; x_wconf 86' lang='lat' dir='ltr'>Semper</span> <span class='ocrx_word' id='word_1_68' title='bbox 1619 727 1754 784; x_wconf 86' lang='lat' dir='ltr'>vivit</span> <span class='ocrx_word' id='word_1_69' title='bbox 1831 745 1932 800; x_wconf 87' lang='lat' dir='ltr'>pro</span> <span class='ocrx_word' id='word_1_70' title='bbox 1945 746 2004 783; x_wconf 90' lang='lat' dir='ltr'>se</span> <span class='ocrx_word' id='word_1_71' title='bbox 2014 729 2158 783; x_wconf 85' lang='lat' dir='ltr'>sicut</span> <span class='ocrx_word' id='word_1_72' title='bbox 2171 734 2228 782; x_wconf 90' lang='lat' dir='ltr'>et</span> <span class='ocrx_word' id='word_1_73' title='bbox 2238 745 2338 800; x_wconf 91' lang='lat' dir='ltr'>pro</span> <span class='ocrx_word' id='word_1_74' title='bbox 2365 728 2573 799; x_wconf 85' lang='lat' dir='ltr'>pOpulo</span> <span class='ocrx_word' id='word_1_75' title='bbox 2599 743 2822 798; x_wconf 87' lang='lat' dir='ltr'>semper</span> <span class='ocrx_word' id='word_1_76' title='bbox 2842 726 3175 782; x_wconf 74' lang='lat' dir='ltr'>offerebant:</span> <span class='ocrx_word' id='word_1_77' title='bbox 3198 728 3306 784; x_wconf 88' lang='lat' dir='ltr'>iste</span> <span class='ocrx_word' id='word_1_78' title='bbox 3333 746 3432 785; x_wconf 91' lang='lat' dir='ltr'>au-</span> 
     </span>
    </p>
   </div>
   <div class='ocr_carea' id='block_1_6' title="bbox 187 805 3430 889">
    <p class='ocr_par' dir='ltr' id='par_1_6' title="bbox 187 805 3430 889">
     <span class='ocr_line' id='line_1_6' title="bbox 187 805 3430 889; baseline 0.004 -29"><span class='ocrx_word' id='word_1_79' title='bbox 187 805 707 876; x_wconf 81' lang='lat' dir='ltr'>adinterpellandum</span> <span class='ocrx_word' id='word_1_80' title='bbox 725 823 827 876; x_wconf 87' lang='lat' dir='ltr'>pro</span> <span class='ocrx_word' id='word_1_81' title='bbox 844 806 1022 862; x_wconf 91' lang='lat' dir='ltr'>nobis.</span> <span class='ocrx_word' id='word_1_82' title='bbox 1045 828 1068 859; x_wconf 74' lang='grc' dir='ltr'><strong><em>ι</em></strong></span> <span class='ocrx_word' id='word_1_83' title='bbox 1084 809 1254 865; x_wconf 85' lang='lat' dir='ltr'>Vides</span> <span class='ocrx_word' id='word_1_84' title='bbox 1269 811 1752 882; x_wconf 89' lang='lat' dir='ltr'>humilitatem,vi-</span> <span class='ocrx_word' id='word_1_85' title='bbox 1831 823 1946 872; x_wconf 84' lang='lat' dir='ltr'>tem</span> <span class='ocrx_word' id='word_1_86' title='bbox 1969 823 2088 871; x_wconf 88' lang='lat' dir='ltr'>tam</span> <span class='ocrx_word' id='word_1_87' title='bbox 2117 822 2316 889; x_wconf 90' lang='lat' dir='ltr'>potens</span> <span class='ocrx_word' id='word_1_88' title='bbox 2342 822 2444 882; x_wconf 88' lang='lat' dir='ltr'>est,</span> <span class='ocrx_word' id='word_1_89' title='bbox 2471 821 2536 870; x_wconf 92' lang='lat' dir='ltr'>ut</span> <span class='ocrx_word' id='word_1_90' title='bbox 2563 815 2736 878; x_wconf 86' lang='lat' dir='ltr'>semel</span> <span class='ocrx_word' id='word_1_91' title='bbox 2755 815 2977 870; x_wconf 90' lang='lat' dir='ltr'>oblatus</span> <span class='ocrx_word' id='word_1_92' title='bbox 2999 833 3114 872; x_wconf 67' lang='lat' dir='ltr'>suae</span> <span class='ocrx_word' id='word_1_93' title='bbox 3135 817 3318 872; x_wconf 88' lang='lat' dir='ltr'>carnis</span> <span class='ocrx_word' id='word_1_94' title='bbox 3344 835 3430 873; x_wconf 78' lang='lat' dir='ltr'>sa-</span> 
     </span>
    </p>
   </div>
   <div class='ocr_carea' id='block_1_7' title="bbox 186 894 3430 978">
    <p class='ocr_par' dir='ltr' id='par_1_7' title="bbox 186 894 3430 978">
     <span class='ocr_line' id='line_1_7' title="bbox 186 894 3430 978; baseline 0.005 -31"><span class='ocrx_word' id='word_1_95' title='bbox 186 895 263 948; x_wconf 84' lang='lat' dir='ltr'>des</span> <span class='ocrx_word' id='word_1_96' title='bbox 270 894 844 950; x_wconf 83' lang='lat' dir='ltr'>humanitatem?Non</span> <span class='ocrx_word' id='word_1_97' title='bbox 859 896 1011 950; x_wconf 89' lang='lat' dir='ltr'>enim</span> <span class='ocrx_word' id='word_1_98' title='bbox 1025 897 1166 952; x_wconf 82' lang='lat' dir='ltr'>dixit</span> <span class='ocrx_word' id='word_1_99' title='bbox 1176 916 1306 955; x_wconf 91' lang='lat' dir='ltr'>eum</span> <span class='ocrx_word' id='word_1_100' title='bbox 1321 901 1750 971; x_wconf 91' lang='lat' dir='ltr'>obtinuisse,sed</span> <span class='ocrx_word' id='word_1_101' title='bbox 1831 905 2058 973; x_wconf 84' lang='lat' dir='ltr'>oriﬁcio,</span> <span class='ocrx_word' id='word_1_102' title='bbox 2083 906 2224 960; x_wconf 88' lang='lat' dir='ltr'>nihil</span> <span class='ocrx_word' id='word_1_103' title='bbox 2247 922 2388 976; x_wconf 90' lang='lat' dir='ltr'>opus</span> <span class='ocrx_word' id='word_1_104' title='bbox 2403 910 2528 960; x_wconf 89' lang='lat' dir='ltr'>erat</span> <span class='ocrx_word' id='word_1_105' title='bbox 2540 905 2803 976; x_wconf 86' lang='lat' dir='ltr'>cuiquam</span> <span class='ocrx_word' id='word_1_106' title='bbox 2824 905 3173 960; x_wconf 82' lang='lat' dir='ltr'>credentium</span> <span class='ocrx_word' id='word_1_107' title='bbox 3199 907 3324 978; x_wconf 91' lang='lat' dir='ltr'>plus</span> <span class='ocrx_word' id='word_1_108' title='bbox 3352 909 3430 962; x_wconf 84' lang='lat' dir='ltr'>of-</span> 
     </span>
    </p>
   </div>
   <div class='ocr_carea' id='block_1_8' title="bbox 185 983 3432 1068">
    <p class='ocr_par' dir='ltr' id='par_1_8' title="bbox 185 983 3432 1068">
     <span class='ocr_line' id='line_1_8' title="bbox 185 983 3432 1068; baseline 0.004 -28"><span class='ocrx_word' id='word_1_109' title='bbox 185 983 1189 1059; x_wconf 86' lang='lat' dir='ltr'>utobtineatsemperinterpellarepro</span> <span class='ocrx_word' id='word_1_110' title='bbox 1201 989 1453 1056; x_wconf 90' lang='lat' dir='ltr'>eis.Quid</span> <span class='ocrx_word' id='word_1_111' title='bbox 1466 994 1617 1048; x_wconf 88' lang='lat' dir='ltr'>estin</span> <span class='ocrx_word' id='word_1_112' title='bbox 1629 1012 1752 1066; x_wconf 48' lang='lat' dir='ltr'>per»</span> <span class='ocrx_word' id='word_1_113' title='bbox 1831 995 1977 1050; x_wconf 87' lang='lat' dir='ltr'>ferre</span> <span class='ocrx_word' id='word_1_114' title='bbox 2008 1012 2108 1067; x_wconf 91' lang='lat' dir='ltr'>pro</span> <span class='ocrx_word' id='word_1_115' title='bbox 2138 1012 2223 1050; x_wconf 92' lang='lat' dir='ltr'>eo.</span> <span class='ocrx_word' id='word_1_116' title='bbox 2263 1015 2286 1048; x_wconf 73' lang='grc' dir='ltr'><strong>α</strong></span> <span class='ocrx_word' id='word_1_117' title='bbox 2313 995 2508 1050; x_wconf 90' lang='lat' dir='ltr'>Sermo</span> <span class='ocrx_word' id='word_1_118' title='bbox 2537 1000 2728 1048; x_wconf 90' lang='lat' dir='ltr'>autem</span> <span class='ocrx_word' id='word_1_119' title='bbox 2752 995 3146 1064; x_wconf 85' lang='lat' dir='ltr'>jurisjurandi,</span> <span class='ocrx_word' id='word_1_120' title='bbox 3179 996 3275 1067; x_wconf 89' lang='lat' dir='ltr'>qui</span> <span class='ocrx_word' id='word_1_121' title='bbox 3303 1002 3432 1068; x_wconf 85' lang='lat' dir='ltr'>post</span> 
     </span>
    </p>
   </div>
   <div class='ocr_carea' id='block_1_9' title="bbox 184 1073 3429 1156">
    <p class='ocr_par' dir='ltr' id='par_1_9' title="bbox 184 1073 3429 1156">
     <span class='ocr_line' id='line_1_9' title="bbox 184 1073 3429 1156; baseline 0.004 -28"><span class='ocrx_word' id='word_1_122' title='bbox 184 1073 359 1146; x_wconf 83' lang='lat' dir='ltr'>petua?</span> <span class='ocrx_word' id='word_1_123' title='bbox 375 1089 485 1128; x_wconf 90' lang='lat' dir='ltr'>non</span> <span class='ocrx_word' id='word_1_124' title='bbox 499 1073 572 1127; x_wconf 90' lang='lat' dir='ltr'>ad</span> <span class='ocrx_word' id='word_1_125' title='bbox 588 1078 815 1146; x_wconf 86' lang='lat' dir='ltr'>tempus</span> <span class='ocrx_word' id='word_1_126' title='bbox 827 1078 1172 1143; x_wconf 90' lang='lat' dir='ltr'>tantum,sed</span> <span class='ocrx_word' id='word_1_127' title='bbox 1184 1079 1356 1134; x_wconf 88' lang='lat' dir='ltr'>etiam</span> <span class='ocrx_word' id='word_1_128' title='bbox 1372 1081 1484 1136; x_wconf 91' lang='lat' dir='ltr'>illic</span> <span class='ocrx_word' id='word_1_129' title='bbox 1494 1082 1553 1136; x_wconf 92' lang='lat' dir='ltr'>in</span> <span class='ocrx_word' id='word_1_130' title='bbox 1562 1083 1753 1139; x_wconf 86' lang='lat' dir='ltr'>futura</span> <span class='ocrx_word' id='word_1_131' title='bbox 1839 1104 1861 1136; x_wconf 76' lang='grc' dir='ltr'>ι</span> <span class='ocrx_word' id='word_1_132' title='bbox 1879 1085 2059 1156; x_wconf 83' lang='lat' dir='ltr'>legem</span> <span class='ocrx_word' id='word_1_133' title='bbox 2074 1084 2388 1150; x_wconf 88' lang='lat' dir='ltr'>est,Filium</span> <span class='ocrx_word' id='word_1_134' title='bbox 2401 1084 2458 1138; x_wconf 90' lang='lat' dir='ltr'>in</span> <span class='ocrx_word' id='word_1_135' title='bbox 2473 1089 2744 1137; x_wconf 71' lang='lat' dir='ltr'>aeternum</span> <span class='ocrx_word' id='word_1_136' title='bbox 2760 1083 3088 1154; x_wconf 84' lang='lat' dir='ltr'>perfectum.</span> <span class='ocrx_word' id='word_1_137' title='bbox 3100 1103 3122 1136; x_wconf 75' lang='grc' dir='ltr'><strong><em>ι</em></strong></span> <span class='ocrx_word' id='word_1_138' title='bbox 3140 1085 3245 1138; x_wconf 91' lang='lat' dir='ltr'>Hic</span> <span class='ocrx_word' id='word_1_139' title='bbox 3257 1085 3429 1140; x_wconf 87' lang='lat' dir='ltr'>etiam</span> 
     </span>
    </p>
   </div>
   <div class='ocr_carea' id='block_1_10' title="bbox 185 1163 3430 1244">
    <p class='ocr_par' dir='ltr' id='par_1_10' title="bbox 185 1163 3430 1244">
     <span class='ocr_line' id='line_1_10' title="bbox 185 1163 3430 1244; baseline 0.004 -29"><span class='ocrx_word' id='word_1_140' title='bbox 185 1164 294 1216; x_wconf 81' lang='lat' dir='ltr'>vita.</span> <span class='ocrx_word' id='word_1_141' title='bbox 316 1163 543 1234; x_wconf 82' lang='lat' dir='ltr'>Semper</span> <span class='ocrx_word' id='word_1_142' title='bbox 555 1179 692 1233; x_wconf 88' lang='lat' dir='ltr'>ergo</span> <span class='ocrx_word' id='word_1_143' title='bbox 703 1180 845 1235; x_wconf 90' lang='lat' dir='ltr'>opus</span> <span class='ocrx_word' id='word_1_144' title='bbox 857 1164 1028 1220; x_wconf 85' lang='lat' dir='ltr'>habet</span> <span class='ocrx_word' id='word_1_145' title='bbox 1043 1167 1329 1238; x_wconf 90' lang='lat' dir='ltr'>deprecari</span> <span class='ocrx_word' id='word_1_146' title='bbox 1348 1188 1360 1236; x_wconf 91' lang='lat'><strong>;</strong></span> <span class='ocrx_word' id='word_1_147' title='bbox 1379 1177 1438 1224; x_wconf 89' lang='lat' dir='ltr'>et</span> <span class='ocrx_word' id='word_1_148' title='bbox 1469 1173 1746 1244; x_wconf 89' lang='lat' dir='ltr'>quomodo</span> <span class='ocrx_word' id='word_1_149' title='bbox 1828 1173 1954 1228; x_wconf 91' lang='lat' dir='ltr'>Filii</span> <span class='ocrx_word' id='word_1_150' title='bbox 1975 1189 2179 1227; x_wconf 91' lang='lat' dir='ltr'>nomen</span> <span class='ocrx_word' id='word_1_151' title='bbox 2201 1173 2272 1226; x_wconf 89' lang='lat' dir='ltr'>ad</span> <span class='ocrx_word' id='word_1_152' title='bbox 2292 1172 2708 1227; x_wconf 89' lang='lat' dir='ltr'>distinctionem</span> <span class='ocrx_word' id='word_1_153' title='bbox 2740 1188 3050 1239; x_wconf 87' lang='lat' dir='ltr'>servorum,</span> <span class='ocrx_word' id='word_1_154' title='bbox 3075 1173 3170 1244; x_wconf 93' lang='lat' dir='ltr'>qui</span> <span class='ocrx_word' id='word_1_155' title='bbox 3200 1173 3430 1229; x_wconf 82' lang='lat' dir='ltr'>fuerunt</span> 
     </span>
    </p>
   </div>
   <div class='ocr_carea' id='block_1_11' title="bbox 185 1251 3428 1334">
    <p class='ocr_par' dir='ltr' id='par_1_11' title="bbox 185 1251 3428 1334">
     <span class='ocr_line' id='line_1_11' title="bbox 185 1251 3428 1334; baseline 0.003 -28"><span class='ocrx_word' id='word_1_156' title='bbox 185 1253 268 1307; x_wconf 90' lang='lat' dir='ltr'>hoc</span> <span class='ocrx_word' id='word_1_157' title='bbox 283 1253 548 1306; x_wconf 89' lang='lat' dir='ltr'>rationem</span> <span class='ocrx_word' id='word_1_158' title='bbox 563 1251 832 1308; x_wconf 86' lang='lat' dir='ltr'>habebit?</span> <span class='ocrx_word' id='word_1_159' title='bbox 855 1260 912 1308; x_wconf 92' lang='lat' dir='ltr'>et</span> <span class='ocrx_word' id='word_1_160' title='bbox 931 1255 1189 1310; x_wconf 90' lang='lat' dir='ltr'>homines</span> <span class='ocrx_word' id='word_1_161' title='bbox 1201 1259 1352 1312; x_wconf 90' lang='lat' dir='ltr'>enim</span> <span class='ocrx_word' id='word_1_162' title='bbox 1375 1261 1514 1330; x_wconf 86' lang='lat' dir='ltr'>justi</span> <span class='ocrx_word' id='word_1_163' title='bbox 1544 1263 1748 1332; x_wconf 80' lang='lat' dir='ltr'>saepius</span> <span class='ocrx_word' id='word_1_164' title='bbox 1829 1262 1886 1316; x_wconf 95' lang='lat' dir='ltr'>in</span> <span class='ocrx_word' id='word_1_165' title='bbox 1903 1263 2044 1334; x_wconf 88' lang='lat' dir='ltr'>lege,</span> <span class='ocrx_word' id='word_1_166' title='bbox 2065 1263 2312 1334; x_wconf 89' lang='lat' dir='ltr'>positum</span> <span class='ocrx_word' id='word_1_167' title='bbox 2330 1267 2416 1316; x_wconf 88' lang='lat' dir='ltr'>est</span> <span class='ocrx_word' id='word_1_168' title='bbox 2437 1281 2449 1328; x_wconf 88' lang='lat'><strong>;</strong></span> <span class='ocrx_word' id='word_1_169' title='bbox 2487 1261 2619 1332; x_wconf 84' lang='lat' dir='ltr'>quia</span> <span class='ocrx_word' id='word_1_170' title='bbox 2637 1261 2781 1314; x_wconf 84' lang='lat' dir='ltr'>servi</span> <span class='ocrx_word' id='word_1_171' title='bbox 2798 1260 3008 1315; x_wconf 90' lang='lat' dir='ltr'>inﬁrmi</span> <span class='ocrx_word' id='word_1_172' title='bbox 3025 1261 3255 1316; x_wconf 87' lang='lat' dir='ltr'>fuerunt</span> <span class='ocrx_word' id='word_1_173' title='bbox 3275 1281 3286 1316; x_wconf 95' lang='lat'>:</span> <span class='ocrx_word' id='word_1_174' title='bbox 3311 1263 3428 1318; x_wconf 90' lang='lat' dir='ltr'>sive</span> 
     </span>
    </p>
   </div>
   <div class='ocr_carea' id='block_1_12' title="bbox 185 1341 3429 1423">
    <p class='ocr_par' dir='ltr' id='par_1_12' title="bbox 185 1341 3429 1423">
     <span class='ocr_line' id='line_1_12' title="bbox 185 1341 3429 1423; baseline 0.004 -30"><span class='ocrx_word' id='word_1_175' title='bbox 185 1359 235 1395; x_wconf 84' lang='lat' dir='ltr'>ex</span> <span class='ocrx_word' id='word_1_176' title='bbox 249 1357 350 1395; x_wconf 89' lang='lat' dir='ltr'>una</span> <span class='ocrx_word' id='word_1_177' title='bbox 366 1341 636 1412; x_wconf 84' lang='lat' dir='ltr'>petitione</span> <span class='ocrx_word' id='word_1_178' title='bbox 650 1348 833 1396; x_wconf 89' lang='lat' dir='ltr'>totum</span> <span class='ocrx_word' id='word_1_179' title='bbox 853 1344 1304 1418; x_wconf 83' lang='lat' dir='ltr'>impetrant.ipse</span> <span class='ocrx_word' id='word_1_180' title='bbox 1323 1355 1514 1404; x_wconf 90' lang='lat' dir='ltr'>autem</span> <span class='ocrx_word' id='word_1_181' title='bbox 1525 1367 1749 1422; x_wconf 90' lang='lat' dir='ltr'>semper</span> <span class='ocrx_word' id='word_1_182' title='bbox 1829 1351 1963 1423; x_wconf 86' lang='lat' dir='ltr'>quia</span> <span class='ocrx_word' id='word_1_183' title='bbox 1989 1357 2325 1423; x_wconf 87' lang='lat' dir='ltr'>peccatores,</span> <span class='ocrx_word' id='word_1_184' title='bbox 2354 1350 2468 1404; x_wconf 89' lang='lat' dir='ltr'>sive</span> <span class='ocrx_word' id='word_1_185' title='bbox 2498 1349 2633 1421; x_wconf 90' lang='lat' dir='ltr'>quia</span> <span class='ocrx_word' id='word_1_186' title='bbox 2658 1350 2924 1404; x_wconf 86' lang='lat' dir='ltr'>mortales</span> <span class='ocrx_word' id='word_1_187' title='bbox 2967 1356 3148 1405; x_wconf 90' lang='lat' dir='ltr'>erant.</span> <span class='ocrx_word' id='word_1_188' title='bbox 3182 1351 3251 1406; x_wconf 91' lang='lat' dir='ltr'>Et</span> <span class='ocrx_word' id='word_1_189' title='bbox 3279 1352 3429 1406; x_wconf 91' lang='lat' dir='ltr'>hunc</span> 
     </span>
    </p>
   </div>
   <div class='ocr_carea' id='block_1_13' title="bbox 185 1430 3424 1512">
    <p class='ocr_par' dir='ltr' id='par_1_13' title="bbox 185 1430 3424 1512">
     <span class='ocr_line' id='line_1_13' title="bbox 185 1430 3424 1512; baseline 0.004 -29"><span class='ocrx_word' id='word_1_190' title='bbox 185 1431 412 1502; x_wconf 86' lang='lat' dir='ltr'>postulat.</span> <span class='ocrx_word' id='word_1_191' title='bbox 431 1430 620 1495; x_wconf 87' lang='lat' dir='ltr'>Quare</span> <span class='ocrx_word' id='word_1_192' title='bbox 642 1432 937 1487; x_wconf 83' lang='lat' dir='ltr'>considet?</span> <span class='ocrx_word' id='word_1_193' title='bbox 957 1433 1212 1502; x_wconf 90' lang='lat' dir='ltr'>intueris,</span> <span class='ocrx_word' id='word_1_194' title='bbox 1231 1437 1362 1507; x_wconf 88' lang='lat' dir='ltr'>quia</span> <span class='ocrx_word' id='word_1_195' title='bbox 1371 1438 1642 1494; x_wconf 89' lang='lat' dir='ltr'>dissensio</span> <span class='ocrx_word' id='word_1_196' title='bbox 1661 1446 1748 1496; x_wconf 88' lang='lat' dir='ltr'>est</span> <span class='ocrx_word' id='word_1_197' title='bbox 1828 1441 2031 1494; x_wconf 87' lang='lat' dir='ltr'>Filium</span> <span class='ocrx_word' id='word_1_198' title='bbox 2049 1441 2356 1512; x_wconf 87' lang='lat' dir='ltr'>perfectum</span> <span class='ocrx_word' id='word_1_199' title='bbox 2377 1455 2500 1494; x_wconf 89' lang='lat' dir='ltr'>esse</span> <span class='ocrx_word' id='word_1_200' title='bbox 2520 1439 2888 1504; x_wconf 89' lang='lat' dir='ltr'>demonstrat,</span> <span class='ocrx_word' id='word_1_201' title='bbox 2914 1439 3010 1510; x_wconf 92' lang='lat' dir='ltr'>qui</span> <span class='ocrx_word' id='word_1_202' title='bbox 3035 1456 3256 1510; x_wconf 85' lang='lat' dir='ltr'>semper</span> <span class='ocrx_word' id='word_1_203' title='bbox 3271 1441 3424 1508; x_wconf 85' lang='lat' dir='ltr'>vivit,</span> 
     </span>
    </p>
   </div>
   <div class='ocr_carea' id='block_1_14' title="bbox 184 1519 3424 1600">
    <p class='ocr_par' dir='ltr' id='par_1_14' title="bbox 184 1519 3424 1600">
     <span class='ocr_line' id='line_1_14' title="bbox 184 1519 3424 1600; baseline 0.004 -29"><span class='ocrx_word' id='word_1_204' title='bbox 184 1519 286 1572; x_wconf 82' lang='lat' dir='ltr'>ista.</span> <span class='ocrx_word' id='word_1_205' title='bbox 297 1519 473 1573; x_wconf 87' lang='lat' dir='ltr'>Nolite</span> <span class='ocrx_word' id='word_1_206' title='bbox 491 1520 715 1587; x_wconf 88' lang='lat' dir='ltr'>timere,</span> <span class='ocrx_word' id='word_1_207' title='bbox 749 1539 850 1576; x_wconf 91' lang='lat' dir='ltr'>nec</span> <span class='ocrx_word' id='word_1_208' title='bbox 869 1522 1066 1578; x_wconf 89' lang='lat' dir='ltr'>dicatis</span> <span class='ocrx_word' id='word_1_209' title='bbox 1087 1524 1277 1591; x_wconf 86' lang='lat' dir='ltr'>etiam,</span> <span class='ocrx_word' id='word_1_210' title='bbox 1294 1526 1487 1597; x_wconf 85' lang='lat' dir='ltr'>Diligit</span> <span class='ocrx_word' id='word_1_211' title='bbox 1515 1524 1742 1600; x_wconf 89' lang='lat' dir='ltr'>quidem</span> <span class='ocrx_word' id='word_1_212' title='bbox 1824 1534 1882 1582; x_wconf 91' lang='lat' dir='ltr'>et</span> <span class='ocrx_word' id='word_1_213' title='bbox 1899 1545 2120 1600; x_wconf 90' lang='lat' dir='ltr'>semper</span> <span class='ocrx_word' id='word_1_214' title='bbox 2137 1528 2258 1583; x_wconf 87' lang='lat' dir='ltr'>sine</span> <span class='ocrx_word' id='word_1_215' title='bbox 2278 1533 2506 1600; x_wconf 87' lang='lat' dir='ltr'>peccato</span> <span class='ocrx_word' id='word_1_216' title='bbox 2525 1533 2630 1582; x_wconf 90' lang='lat' dir='ltr'>est.</span> <span class='ocrx_word' id='word_1_217' title='bbox 2654 1527 2968 1598; x_wconf 88' lang='lat' dir='ltr'>Utrumque</span> <span class='ocrx_word' id='word_1_218' title='bbox 2995 1529 3296 1600; x_wconf 86' lang='lat' dir='ltr'>Apostolus</span> <span class='ocrx_word' id='word_1_219' title='bbox 3324 1529 3424 1596; x_wconf 87' lang='lat' dir='ltr'>ait,</span> 
     </span>
    </p>
   </div>
   <div class='ocr_carea' id='block_1_15' title="bbox 185 1608 3430 1687">
    <p class='ocr_par' dir='ltr' id='par_1_15' title="bbox 185 1608 3430 1687">
     <span class='ocr_line' id='line_1_15' title="bbox 185 1608 3430 1687; baseline 0.004 -26"><span class='ocrx_word' id='word_1_220' title='bbox 185 1625 265 1662; x_wconf 85' lang='lat' dir='ltr'>nos</span> <span class='ocrx_word' id='word_1_221' title='bbox 277 1613 330 1662; x_wconf 88' lang='lat' dir='ltr'>et</span> <span class='ocrx_word' id='word_1_222' title='bbox 343 1608 600 1663; x_wconf 87' lang='lat' dir='ltr'>ﬁduciam</span> <span class='ocrx_word' id='word_1_223' title='bbox 617 1609 790 1665; x_wconf 86' lang='lat' dir='ltr'>habet</span> <span class='ocrx_word' id='word_1_224' title='bbox 805 1611 865 1665; x_wconf 92' lang='lat' dir='ltr'>in</span> <span class='ocrx_word' id='word_1_225' title='bbox 879 1612 1126 1678; x_wconf 89' lang='lat' dir='ltr'>Patrem,</span> <span class='ocrx_word' id='word_1_226' title='bbox 1140 1614 1238 1668; x_wconf 92' lang='lat' dir='ltr'>sed</span> <span class='ocrx_word' id='word_1_227' title='bbox 1258 1631 1370 1670; x_wconf 90' lang='lat' dir='ltr'>non</span> <span class='ocrx_word' id='word_1_228' title='bbox 1391 1622 1575 1687; x_wconf 90' lang='lat' dir='ltr'>potest</span> <span class='ocrx_word' id='word_1_229' title='bbox 1593 1634 1743 1672; x_wconf 90' lang='lat' dir='ltr'>sem-</span> <span class='ocrx_word' id='word_1_230' title='bbox 1824 1623 1882 1672; x_wconf 91' lang='lat' dir='ltr'>et</span> <span class='ocrx_word' id='word_1_231' title='bbox 1899 1617 2134 1672; x_wconf 90' lang='lat' dir='ltr'>miriﬁce</span> <span class='ocrx_word' id='word_1_232' title='bbox 2163 1617 2486 1672; x_wconf 89' lang='lat' dir='ltr'>consolatur</span> <span class='ocrx_word' id='word_1_233' title='bbox 2513 1617 2822 1681; x_wconf 89' lang='lat' dir='ltr'>audientes,</span> <span class='ocrx_word' id='word_1_234' title='bbox 2848 1622 2907 1670; x_wconf 91' lang='lat' dir='ltr'>et</span> <span class='ocrx_word' id='word_1_235' title='bbox 2928 1617 3227 1671; x_wconf 85' lang='lat' dir='ltr'>minaciter</span> <span class='ocrx_word' id='word_1_236' title='bbox 3251 1623 3430 1674; x_wconf 87' lang='lat' dir='ltr'>terret</span> 
     </span>
    </p>
   </div>
   <div class='ocr_carea' id='block_1_16' title="bbox 185 1697 3426 1778">
    <p class='ocr_par' dir='ltr' id='par_1_16' title="bbox 185 1697 3426 1778">
     <span class='ocr_line' id='line_1_16' title="bbox 185 1697 3426 1778; baseline 0.003 -28"><span class='ocrx_word' id='word_1_237' title='bbox 185 1697 470 1768; x_wconf 85' lang='lat' dir='ltr'>pervivere;</span> <span class='ocrx_word' id='word_1_238' title='bbox 495 1715 738 1770; x_wconf 86' lang='lat' dir='ltr'>semper,</span> <span class='ocrx_word' id='word_1_239' title='bbox 771 1700 975 1771; x_wconf 90' lang='lat' dir='ltr'>inquit,</span> <span class='ocrx_word' id='word_1_240' title='bbox 1003 1702 1155 1756; x_wconf 84' lang='lat' dir='ltr'>vivit.</span> <span class='ocrx_word' id='word_1_241' title='bbox 1181 1705 1346 1771; x_wconf 76' lang='grc' dir='ltr'><em>(Διὸ.)</em></span> <span class='ocrx_word' id='word_1_242' title='bbox 1379 1705 1516 1768; x_wconf 87' lang='lat' dir='ltr'>Quis</span> <span class='ocrx_word' id='word_1_243' title='bbox 1541 1713 1627 1760; x_wconf 89' lang='lat' dir='ltr'>est</span> <span class='ocrx_word' id='word_1_244' title='bbox 1647 1707 1744 1778; x_wconf 90' lang='lat' dir='ltr'>qui</span> <span class='ocrx_word' id='word_1_245' title='bbox 1768 1766 1804 1778; x_wconf 43' lang='grc' dir='ltr'>η</span> <span class='ocrx_word' id='word_1_246' title='bbox 1825 1707 2192 1777; x_wconf 84' lang='lat' dir='ltr'>negligentes.</span> <span class='ocrx_word' id='word_1_247' title='bbox 2229 1707 2566 1760; x_wconf 90' lang='lat' dir='ltr'>Consolatur</span> <span class='ocrx_word' id='word_1_248' title='bbox 2592 1707 2650 1759; x_wconf 92' lang='lat' dir='ltr'>in</span> <span class='ocrx_word' id='word_1_249' title='bbox 2689 1723 2774 1772; x_wconf 89' lang='lat' dir='ltr'>eo,</span> <span class='ocrx_word' id='word_1_250' title='bbox 2811 1705 2908 1776; x_wconf 93' lang='lat' dir='ltr'>qui</span> <span class='ocrx_word' id='word_1_251' title='bbox 2952 1706 3034 1760; x_wconf 90' lang='lat' dir='ltr'>ait</span> <span class='ocrx_word' id='word_1_252' title='bbox 3079 1707 3426 1761; x_wconf 87' lang='lat' dir='ltr'>sacerdotem</span> 
     </span>
    </p>
   </div>
   <div class='ocr_carea' id='block_1_17' title="bbox 183 1766 3424 1866">
    <p class='ocr_par' dir='ltr' id='par_1_17' title="bbox 183 1766 3424 1866">
     <span class='ocr_line' id='line_1_17' title="bbox 183 1766 3424 1866; baseline 0.004 -28"><span class='ocrx_word' id='word_1_253' title='bbox 183 1766 508 1856; x_wconf 85' lang='lat' dir='ltr'>interpellat?</span> <span class='ocrx_word' id='word_1_254' title='bbox 557 1766 666 1841; x_wconf 78' lang='lat' dir='ltr'>nisi</span> <span class='ocrx_word' id='word_1_255' title='bbox 713 1766 973 1844; x_wconf 77' lang='lat' dir='ltr'>humanae</span> <span class='ocrx_word' id='word_1_256' title='bbox 1010 1767 1224 1847; x_wconf 69' lang='lat' dir='ltr'>natura:</span> <span class='ocrx_word' id='word_1_257' title='bbox 1253 1766 1558 1848; x_wconf 77' lang='lat' dir='ltr'>divinitatis</span> <span class='ocrx_word' id='word_1_258' title='bbox 1595 1766 1744 1850; x_wconf 80' lang='lat' dir='ltr'>illius</span> <span class='ocrx_word' id='word_1_259' title='bbox 1767 1766 1806 1824; x_wconf 63' lang='grc' dir='ltr'><strong>Β</strong></span> <span class='ocrx_word' id='word_1_260' title='bbox 1827 1766 2095 1866; x_wconf 73' lang='lat' dir='ltr'>magnum</span> <span class='ocrx_word' id='word_1_261' title='bbox 2125 1795 2340 1866; x_wconf 90' lang='lat' dir='ltr'>potenti</span> <span class='ocrx_word' id='word_1_262' title='bbox 2369 1795 2642 1850; x_wconf 90' lang='lat' dir='ltr'>sacriﬁcio</span> <span class='ocrx_word' id='word_1_263' title='bbox 2670 1766 2984 1866; x_wconf 67' lang='lat' dir='ltr'>propitiari.</span> <span class='ocrx_word' id='word_1_264' title='bbox 3017 1795 3216 1850; x_wconf 89' lang='lat' dir='ltr'>Terret</span> <span class='ocrx_word' id='word_1_265' title='bbox 3251 1795 3307 1850; x_wconf 90' lang='lat' dir='ltr'>in</span> <span class='ocrx_word' id='word_1_266' title='bbox 3337 1812 3424 1852; x_wconf 92' lang='lat' dir='ltr'>eo.</span> 
     </span>
    </p>
   </div>
   <div class='ocr_carea' id='block_1_18' title="bbox 181 1875 3429 1956">
    <p class='ocr_par' dir='ltr' id='par_1_18' title="bbox 181 1875 3429 1956">
     <span class='ocr_line' id='line_1_18' title="bbox 181 1875 3429 1956; baseline 0.003 -29"><span class='ocrx_word' id='word_1_267' title='bbox 181 1875 482 1944; x_wconf 86' lang='lat' dir='ltr'>eonjunctio.</span> <span class='ocrx_word' id='word_1_268' title='bbox 507 1893 680 1946; x_wconf 90' lang='lat' dir='ltr'>quam</span> <span class='ocrx_word' id='word_1_269' title='bbox 707 1883 943 1947; x_wconf 87' lang='lat' dir='ltr'>paterno</span> <span class='ocrx_word' id='word_1_270' title='bbox 971 1881 1111 1935; x_wconf 91' lang='lat' dir='ltr'>solio</span> <span class='ocrx_word' id='word_1_271' title='bbox 1141 1881 1389 1949; x_wconf 84' lang='lat' dir='ltr'>advexit;</span> <span class='ocrx_word' id='word_1_272' title='bbox 1413 1900 1636 1956; x_wconf 88' lang='lat' dir='ltr'>semper</span> <span class='ocrx_word' id='word_1_273' title='bbox 1661 1885 1744 1939; x_wconf 72' lang='lat' dir='ltr'>vi-</span> <span class='ocrx_word' id='word_1_274' title='bbox 1827 1901 1898 1938; x_wconf 91' lang='lat' dir='ltr'>ne</span> <span class='ocrx_word' id='word_1_275' title='bbox 1929 1890 2178 1955; x_wconf 89' lang='lat' dir='ltr'>peccent,</span> <span class='ocrx_word' id='word_1_276' title='bbox 2197 1885 2332 1956; x_wconf 87' lang='lat' dir='ltr'>quia</span> <span class='ocrx_word' id='word_1_277' title='bbox 2348 1884 2486 1938; x_wconf 93' lang='lat' dir='ltr'>illud</span> <span class='ocrx_word' id='word_1_278' title='bbox 2505 1883 2840 1937; x_wconf 88' lang='lat' dir='ltr'>sacriﬁcium</span> <span class='ocrx_word' id='word_1_279' title='bbox 2869 1899 3162 1954; x_wconf 90' lang='lat' dir='ltr'>nunquam</span> <span class='ocrx_word' id='word_1_280' title='bbox 3187 1900 3288 1956; x_wconf 89' lang='lat' dir='ltr'>pro</span> <span class='ocrx_word' id='word_1_281' title='bbox 3305 1901 3429 1956; x_wconf 86' lang='lat' dir='ltr'>pec-</span> 
     </span>
    </p>
   </div>
   <div class='ocr_carea' id='block_1_19' title="bbox 181 1964 3423 2044">
    <p class='ocr_par' dir='ltr' id='par_1_19' title="bbox 181 1964 3423 2044">
     <span class='ocr_line' id='line_1_19' title="bbox 181 1964 3423 2044; baseline 0.004 -28"><span class='ocrx_word' id='word_1_282' title='bbox 181 1979 276 2028; x_wconf 80' lang='lat' dir='ltr'>vus,</span> <span class='ocrx_word' id='word_1_283' title='bbox 305 1964 373 2017; x_wconf 84' lang='lat' dir='ltr'>ad</span> <span class='ocrx_word' id='word_1_284' title='bbox 422 1965 754 2020; x_wconf 88' lang='lat' dir='ltr'>salvandum</span> <span class='ocrx_word' id='word_1_285' title='bbox 802 1967 1056 2023; x_wconf 92' lang='lat' dir='ltr'>idoneus.</span> <span class='ocrx_word' id='word_1_286' title='bbox 1102 1970 1212 2024; x_wconf 83' lang='lat' dir='ltr'>Alii</span> <span class='ocrx_word' id='word_1_287' title='bbox 1255 1988 1382 2026; x_wconf 91' lang='lat' dir='ltr'>vero</span> <span class='ocrx_word' id='word_1_288' title='bbox 1429 1974 1740 2044; x_wconf 88' lang='lat' dir='ltr'>pontiﬁces,</span> <span class='ocrx_word' id='word_1_289' title='bbox 1827 1973 1966 2028; x_wconf 88' lang='lat' dir='ltr'>catis</span> <span class='ocrx_word' id='word_1_290' title='bbox 1985 1973 2190 2028; x_wconf 87' lang='lat' dir='ltr'>iterum</span> <span class='ocrx_word' id='word_1_291' title='bbox 2213 1972 2462 2026; x_wconf 89' lang='lat' dir='ltr'>oblatum</span> <span class='ocrx_word' id='word_1_292' title='bbox 2489 1972 2616 2026; x_wconf 89' lang='lat' dir='ltr'>erit.</span> <span class='ocrx_word' id='word_1_293' title='bbox 2644 1973 2770 2026; x_wconf 91' lang='lat' dir='ltr'>Non</span> <span class='ocrx_word' id='word_1_294' title='bbox 2787 1978 2874 2026; x_wconf 91' lang='lat' dir='ltr'>est</span> <span class='ocrx_word' id='word_1_295' title='bbox 2902 1973 3054 2026; x_wconf 89' lang='lat' dir='ltr'>aliud</span> <span class='ocrx_word' id='word_1_296' title='bbox 3068 1972 3423 2040; x_wconf 89' lang='lat' dir='ltr'>sacriﬁcium,</span> 
     </span>
    </p>
   </div>
   <div class='ocr_carea' id='block_1_20' title="bbox 181 2052 3422 2132">
    <p class='ocr_par' dir='ltr' id='par_1_20' title="bbox 181 2052 3422 2132">
     <span class='ocr_line' id='line_1_20' title="bbox 181 2052 3422 2132; baseline 0.004 -28"><span class='ocrx_word' id='word_1_297' title='bbox 181 2052 290 2122; x_wconf 87' lang='lat' dir='ltr'>quia</span> <span class='ocrx_word' id='word_1_298' title='bbox 314 2069 529 2124; x_wconf 85' lang='lat' dir='ltr'>semper</span> <span class='ocrx_word' id='word_1_299' title='bbox 557 2071 670 2108; x_wconf 90' lang='lat' dir='ltr'>non</span> <span class='ocrx_word' id='word_1_300' title='bbox 701 2062 881 2118; x_wconf 85' lang='lat' dir='ltr'>erant,</span> <span class='ocrx_word' id='word_1_301' title='bbox 937 2074 1160 2129; x_wconf 87' lang='lat' dir='ltr'>semper</span> <span class='ocrx_word' id='word_1_302' title='bbox 1202 2076 1316 2114; x_wconf 91' lang='lat' dir='ltr'>non</span> <span class='ocrx_word' id='word_1_303' title='bbox 1361 2061 1740 2132; x_wconf 89' lang='lat' dir='ltr'>interpellant.</span> <span class='ocrx_word' id='word_1_304' title='bbox 1827 2077 2002 2116; x_wconf 89' lang='lat' dir='ltr'>unum</span> <span class='ocrx_word' id='word_1_305' title='bbox 2029 2079 2161 2116; x_wconf 85' lang='lat' dir='ltr'>vero</span> <span class='ocrx_word' id='word_1_306' title='bbox 2206 2078 2309 2116; x_wconf 92' lang='lat' dir='ltr'>nos</span> <span class='ocrx_word' id='word_1_307' title='bbox 2349 2061 2634 2132; x_wconf 83' lang='lat' dir='ltr'>purgavit;</span> <span class='ocrx_word' id='word_1_308' title='bbox 2677 2065 2804 2132; x_wconf 91' lang='lat' dir='ltr'>post</span> <span class='ocrx_word' id='word_1_309' title='bbox 2829 2061 2934 2114; x_wconf 92' lang='lat' dir='ltr'>hoc</span> <span class='ocrx_word' id='word_1_310' title='bbox 2974 2060 3252 2131; x_wconf 90' lang='lat' dir='ltr'>judicium</span> <span class='ocrx_word' id='word_1_311' title='bbox 3296 2062 3422 2116; x_wconf 91' lang='lat' dir='ltr'>erit.</span> 
     </span>
    </p>
   </div>
   <div class='ocr_carea' id='block_1_21' title="bbox 179 2139 3427 2222">
    <p class='ocr_par' dir='ltr' id='par_1_21' title="bbox 179 2139 3427 2222">
     <span class='ocr_line' id='line_1_21' title="bbox 179 2139 3427 2222; baseline 0.004 -29"><span class='ocrx_word' id='word_1_312' title='bbox 179 2139 279 2194; x_wconf 80' lang='lat' dir='ltr'>Non</span> <span class='ocrx_word' id='word_1_313' title='bbox 309 2141 485 2196; x_wconf 89' lang='lat' dir='ltr'>solum</span> <span class='ocrx_word' id='word_1_314' title='bbox 509 2143 568 2196; x_wconf 88' lang='lat' dir='ltr'>in</span> <span class='ocrx_word' id='word_1_315' title='bbox 598 2143 702 2198; x_wconf 88' lang='lat' dir='ltr'>hac</span> <span class='ocrx_word' id='word_1_316' title='bbox 749 2145 865 2199; x_wconf 90' lang='lat' dir='ltr'>vita</span> <span class='ocrx_word' id='word_1_317' title='bbox 891 2146 1070 2200; x_wconf 90' lang='lat' dir='ltr'>salvat</span> <span class='ocrx_word' id='word_1_318' title='bbox 1102 2165 1204 2219; x_wconf 88' lang='lat' dir='ltr'>per</span> <span class='ocrx_word' id='word_1_319' title='bbox 1235 2149 1745 2220; x_wconf 88' lang='lat' dir='ltr'>interpellationem</span> <span class='ocrx_word' id='word_1_320' title='bbox 1827 2151 2115 2222; x_wconf 87' lang='lat' dir='ltr'>Quotquot</span> <span class='ocrx_word' id='word_1_321' title='bbox 2165 2150 2441 2222; x_wconf 87' lang='lat' dir='ltr'>redempti</span> <span class='ocrx_word' id='word_1_322' title='bbox 2491 2166 2685 2204; x_wconf 91' lang='lat' dir='ltr'>sumus</span> <span class='ocrx_word' id='word_1_323' title='bbox 2727 2150 2836 2204; x_wconf 91' lang='lat' dir='ltr'>isto</span> <span class='ocrx_word' id='word_1_324' title='bbox 2883 2149 3176 2214; x_wconf 74' lang='lat' dir='ltr'>sacriﬁcio,</span> <span class='ocrx_word' id='word_1_325' title='bbox 3209 2167 3427 2221; x_wconf 89' lang='lat' dir='ltr'>perma-</span> 
     </span>
    </p>
   </div>
   <div class='ocr_carea' id='block_1_22' title="bbox 179 2228 3428 2310">
    <p class='ocr_par' dir='ltr' id='par_1_22' title="bbox 179 2228 3428 2310">
     <span class='ocr_line' id='line_1_22' title="bbox 179 2228 3428 2310; baseline 0.004 -28"><span class='ocrx_word' id='word_1_326' title='bbox 179 2228 516 2285; x_wconf 85' lang='lat' dir='ltr'>bumanitatis</span> <span class='ocrx_word' id='word_1_327' title='bbox 543 2249 678 2298; x_wconf 79' lang='lat' dir='ltr'>suae,</span> <span class='ocrx_word' id='word_1_328' title='bbox 701 2234 799 2288; x_wconf 89' lang='lat' dir='ltr'>sed</span> <span class='ocrx_word' id='word_1_329' title='bbox 829 2235 1000 2288; x_wconf 91' lang='lat' dir='ltr'>etiam</span> <span class='ocrx_word' id='word_1_330' title='bbox 1045 2235 1105 2290; x_wconf 92' lang='lat' dir='ltr'>in</span> <span class='ocrx_word' id='word_1_331' title='bbox 1149 2237 1404 2291; x_wconf 81' lang='lat' dir='ltr'>futurum</span> <span class='ocrx_word' id='word_1_332' title='bbox 1445 2239 1740 2309; x_wconf 88' lang='lat' dir='ltr'>gloriﬁcat,</span> <span class='ocrx_word' id='word_1_333' title='bbox 1826 2255 2079 2306; x_wconf 91' lang='lat' dir='ltr'>neamus,</span> <span class='ocrx_word' id='word_1_334' title='bbox 2107 2239 2544 2310; x_wconf 79' lang='lat' dir='ltr'>generositatem</span> <span class='ocrx_word' id='word_1_335' title='bbox 2563 2244 2814 2293; x_wconf 90' lang='lat' dir='ltr'>nostram</span> <span class='ocrx_word' id='word_1_336' title='bbox 2842 2244 2900 2292; x_wconf 87' lang='lat' dir='ltr'>et</span> <span class='ocrx_word' id='word_1_337' title='bbox 2919 2239 3188 2292; x_wconf 87' lang='lat' dir='ltr'>honorem</span> <span class='ocrx_word' id='word_1_338' title='bbox 3205 2255 3428 2294; x_wconf 89' lang='lat' dir='ltr'>servan-</span> 
     </span>
    </p>
   </div>
   <div class='ocr_carea' id='block_1_23' title="bbox 176 2317 3425 2400">
    <p class='ocr_par' dir='ltr' id='par_1_23' title="bbox 176 2317 3425 2400">
     <span class='ocr_line' id='line_1_23' title="bbox 176 2317 3425 2400; baseline 0.003 -29"><span class='ocrx_word' id='word_1_339' title='bbox 176 2317 288 2372; x_wconf 86' lang='lat' dir='ltr'>dum</span> <span class='ocrx_word' id='word_1_340' title='bbox 308 2320 486 2375; x_wconf 88' lang='lat' dir='ltr'>tradet</span> <span class='ocrx_word' id='word_1_341' title='bbox 504 2336 744 2400; x_wconf 83' lang='lat' dir='ltr'>regnum</span> <span class='ocrx_word' id='word_1_342' title='bbox 760 2323 876 2378; x_wconf 88' lang='lat' dir='ltr'>Deo</span> <span class='ocrx_word' id='word_1_343' title='bbox 901 2322 1134 2392; x_wconf 85' lang='lat' dir='ltr'>Patri,et</span> <span class='ocrx_word' id='word_1_344' title='bbox 1145 2327 1415 2397; x_wconf 90' lang='lat' dir='ltr'>perducet</span> <span class='ocrx_word' id='word_1_345' title='bbox 1440 2335 1662 2383; x_wconf 87' lang='lat' dir='ltr'>sanctos</span> <span class='ocrx_word' id='word_1_346' title='bbox 1675 2330 1748 2384; x_wconf 89' lang='lat' dir='ltr'>ad</span> <span class='ocrx_word' id='word_1_347' title='bbox 1827 2334 1932 2383; x_wconf 87' lang='lat' dir='ltr'>tes.</span> <span class='ocrx_word' id='word_1_348' title='bbox 1961 2329 2032 2393; x_wconf 85' lang='lat' dir='ltr'>(J.</span> <span class='ocrx_word' id='word_1_349' title='bbox 2058 2327 2566 2399; x_wconf 78' lang='lat' dir='ltr'>0hrys.)Quoniam</span> <span class='ocrx_word' id='word_1_350' title='bbox 2586 2328 2778 2398; x_wconf 88' lang='lat' dir='ltr'>itaque</span> <span class='ocrx_word' id='word_1_351' title='bbox 2804 2327 2976 2381; x_wconf 90' lang='lat' dir='ltr'>talem</span> <span class='ocrx_word' id='word_1_352' title='bbox 2991 2325 3264 2380; x_wconf 86' lang='lat' dir='ltr'>habemus</span> <span class='ocrx_word' id='word_1_353' title='bbox 3284 2344 3425 2398; x_wconf 89' lang='lat' dir='ltr'>pon-</span> 
     </span>
    </p>
   </div>
   <div class='ocr_carea' id='block_1_24' title="bbox 176 2407 3424 2488">
    <p class='ocr_par' dir='ltr' id='par_1_24' title="bbox 176 2407 3424 2488">
     <span class='ocr_line' id='line_1_24' title="bbox 176 2407 3424 2488; baseline 0.003 -28"><span class='ocrx_word' id='word_1_354' title='bbox 176 2407 418 2462; x_wconf 83' lang='lat' dir='ltr'>visionem</span> <span class='ocrx_word' id='word_1_355' title='bbox 443 2417 690 2480; x_wconf 76' lang='lat' dir='ltr'>paternae</span> <span class='ocrx_word' id='word_1_356' title='bbox 719 2413 1051 2482; x_wconf 86' lang='lat' dir='ltr'>majestatis.</span> <span class='ocrx_word' id='word_1_357' title='bbox 1088 2432 1115 2468; x_wconf 73' lang='grc' dir='ltr'>α</span> <span class='ocrx_word' id='word_1_358' title='bbox 1148 2415 1298 2469; x_wconf 88' lang='lat' dir='ltr'>Talis</span> <span class='ocrx_word' id='word_1_359' title='bbox 1327 2417 1478 2470; x_wconf 89' lang='lat' dir='ltr'>enim</span> <span class='ocrx_word' id='word_1_360' title='bbox 1493 2417 1744 2488; x_wconf 86' lang='lat' dir='ltr'>decebat,</span> <span class='ocrx_word' id='word_1_361' title='bbox 1827 2417 2056 2482; x_wconf 86' lang='lat' dir='ltr'>tiﬂcem,</span> <span class='ocrx_word' id='word_1_362' title='bbox 2089 2416 2378 2471; x_wconf 89' lang='lat' dir='ltr'>imitemur</span> <span class='ocrx_word' id='word_1_363' title='bbox 2395 2432 2545 2482; x_wconf 90' lang='lat' dir='ltr'>eum,</span> <span class='ocrx_word' id='word_1_364' title='bbox 2579 2417 2702 2486; x_wconf 88' lang='lat' dir='ltr'>ejus</span> <span class='ocrx_word' id='word_1_365' title='bbox 2729 2415 2967 2485; x_wconf 88' lang='lat' dir='ltr'>vestigia</span> <span class='ocrx_word' id='word_1_366' title='bbox 2993 2431 3424 2486; x_wconf 88' lang='lat' dir='ltr'>consequamur.</span> 
     </span>
    </p>
   </div>
   <div class='ocr_carea' id='block_1_25' title="bbox 177 2497 3428 2578">
    <p class='ocr_par' dir='ltr' id='par_1_25' title="bbox 177 2497 3428 2578">
     <span class='ocr_line' id='line_1_25' title="bbox 177 2497 3428 2578; baseline 0.003 -29"><span class='ocrx_word' id='word_1_367' title='bbox 177 2514 200 2548; x_wconf 72' lang='grc' dir='ltr'><strong>ε</strong></span> <span class='ocrx_word' id='word_1_368' title='bbox 223 2503 278 2550; x_wconf 88' lang='lat' dir='ltr'>ut</span> <span class='ocrx_word' id='word_1_369' title='bbox 305 2497 462 2552; x_wconf 91' lang='lat' dir='ltr'>nobis</span> <span class='ocrx_word' id='word_1_370' title='bbox 491 2506 642 2554; x_wconf 89' lang='lat' dir='ltr'>esset</span> <span class='ocrx_word' id='word_1_371' title='bbox 660 2501 928 2571; x_wconf 84' lang='lat' dir='ltr'>pontifex,</span> <span class='ocrx_word' id='word_1_372' title='bbox 957 2508 1200 2570; x_wconf 90' lang='lat' dir='ltr'>sanctus,</span> <span class='ocrx_word' id='word_1_373' title='bbox 1232 2504 1519 2573; x_wconf 87' lang='lat' dir='ltr'>innocens,</span> <span class='ocrx_word' id='word_1_374' title='bbox 1543 2507 1746 2578; x_wconf 91' lang='lat' dir='ltr'>impol-</span> <span class='ocrx_word' id='word_1_375' title='bbox 1828 2506 1955 2560; x_wconf 90' lang='lat' dir='ltr'>Non</span> <span class='ocrx_word' id='word_1_376' title='bbox 1985 2512 2072 2560; x_wconf 92' lang='lat' dir='ltr'>est</span> <span class='ocrx_word' id='word_1_377' title='bbox 2099 2505 2252 2559; x_wconf 91' lang='lat' dir='ltr'>aliud</span> <span class='ocrx_word' id='word_1_378' title='bbox 2275 2504 2630 2571; x_wconf 89' lang='lat' dir='ltr'>sacriﬁcium,</span> <span class='ocrx_word' id='word_1_379' title='bbox 2663 2520 2840 2558; x_wconf 91' lang='lat' dir='ltr'>unum</span> <span class='ocrx_word' id='word_1_380' title='bbox 2870 2521 2973 2558; x_wconf 93' lang='lat' dir='ltr'>nos</span> <span class='ocrx_word' id='word_1_381' title='bbox 2991 2503 3267 2575; x_wconf 85' lang='lat' dir='ltr'>purgavit,</span> <span class='ocrx_word' id='word_1_382' title='bbox 3297 2509 3428 2576; x_wconf 89' lang='lat' dir='ltr'>post</span> 
     </span>
    </p>
   </div>
   <div class='ocr_carea' id='block_1_26' title="bbox 178 2585 3426 2667">
    <p class='ocr_par' dir='ltr' id='par_1_26' title="bbox 178 2585 3426 2667">
     <span class='ocr_line' id='line_1_26' title="bbox 178 2585 3426 2667; baseline 0.003 -29"><span class='ocrx_word' id='word_1_383' title='bbox 178 2605 197 2636; x_wconf 80' lang='grc' dir='ltr'>ι</span> <span class='ocrx_word' id='word_1_384' title='bbox 225 2585 386 2652; x_wconf 86' lang='lat' dir='ltr'>lutus,</span> <span class='ocrx_word' id='word_1_385' title='bbox 414 2595 743 2660; x_wconf 87' lang='lat' dir='ltr'>segregatus</span> <span class='ocrx_word' id='word_1_386' title='bbox 769 2608 802 2644; x_wconf 87' lang='lat' dir='ltr'>a</span> <span class='ocrx_word' id='word_1_387' title='bbox 827 2591 1210 2662; x_wconf 87' lang='lat' dir='ltr'>peccatoribus</span> <span class='ocrx_word' id='word_1_388' title='bbox 1229 2600 1288 2648; x_wconf 88' lang='lat' dir='ltr'>et</span> <span class='ocrx_word' id='word_1_389' title='bbox 1301 2595 1571 2650; x_wconf 84' lang='lat' dir='ltr'>excelsior</span> <span class='ocrx_word' id='word_1_390' title='bbox 1594 2597 1746 2651; x_wconf 74' lang='lat' dir='ltr'>ccelis</span> <span class='ocrx_word' id='word_1_391' title='bbox 1828 2595 1980 2667; x_wconf 86' lang='lat' dir='ltr'>istud</span> <span class='ocrx_word' id='word_1_392' title='bbox 2000 2594 2146 2665; x_wconf 86' lang='lat' dir='ltr'>ignis</span> <span class='ocrx_word' id='word_1_393' title='bbox 2167 2599 2254 2648; x_wconf 91' lang='lat' dir='ltr'>est</span> <span class='ocrx_word' id='word_1_394' title='bbox 2280 2599 2338 2648; x_wconf 92' lang='lat' dir='ltr'>et</span> <span class='ocrx_word' id='word_1_395' title='bbox 2353 2595 2630 2664; x_wconf 85' lang='lat' dir='ltr'>gehenna.</span> <span class='ocrx_word' id='word_1_396' title='bbox 2647 2593 2868 2648; x_wconf 89' lang='lat' dir='ltr'>Etenim</span> <span class='ocrx_word' id='word_1_397' title='bbox 2892 2598 3426 2665; x_wconf 85' lang='lat' dir='ltr'>proptereasursum</span> 
     </span>
    </p>
   </div>
   <div class='ocr_carea' id='block_1_27' title="bbox 175 2673 3422 2755">
    <p class='ocr_par' dir='ltr' id='par_1_27' title="bbox 175 2673 3422 2755">
     <span class='ocr_line' id='line_1_27' title="bbox 175 2673 3422 2755; baseline 0.002 -27"><span class='ocrx_word' id='word_1_398' title='bbox 175 2693 194 2723; x_wconf 77' lang='grc' dir='ltr'>ι</span> <span class='ocrx_word' id='word_1_399' title='bbox 223 2673 409 2730; x_wconf 80' lang='lat' dir='ltr'>factus.</span> <span class='ocrx_word' id='word_1_400' title='bbox 448 2695 478 2731; x_wconf 65' lang='grc' dir='ltr'><strong><em>ι</em></strong></span> <span class='ocrx_word' id='word_1_401' title='bbox 503 2678 655 2732; x_wconf 89' lang='lat' dir='ltr'>Talis</span> <span class='ocrx_word' id='word_1_402' title='bbox 685 2679 856 2733; x_wconf 90' lang='lat' dir='ltr'>etiam</span> <span class='ocrx_word' id='word_1_403' title='bbox 882 2679 992 2734; x_wconf 90' lang='lat' dir='ltr'>illis</span> <span class='ocrx_word' id='word_1_404' title='bbox 1013 2681 1203 2736; x_wconf 88' lang='lat' dir='ltr'>decuit</span> <span class='ocrx_word' id='word_1_405' title='bbox 1225 2699 1348 2737; x_wconf 90' lang='lat' dir='ltr'>esse</span> <span class='ocrx_word' id='word_1_406' title='bbox 1377 2681 1643 2755; x_wconf 83' lang='lat' dir='ltr'>pontifex,</span> <span class='ocrx_word' id='word_1_407' title='bbox 1675 2687 1746 2740; x_wconf 91' lang='lat' dir='ltr'>de</span> <span class='ocrx_word' id='word_1_408' title='bbox 1828 2690 1996 2754; x_wconf 88' lang='lat' dir='ltr'>atque</span> <span class='ocrx_word' id='word_1_409' title='bbox 2027 2684 2291 2738; x_wconf 90' lang='lat' dir='ltr'>deorsum</span> <span class='ocrx_word' id='word_1_410' title='bbox 2324 2683 2558 2737; x_wconf 87' lang='lat' dir='ltr'>revolvit</span> <span class='ocrx_word' id='word_1_411' title='bbox 2599 2683 2814 2736; x_wconf 90' lang='lat' dir='ltr'>dicens:</span> <span class='ocrx_word' id='word_1_412' title='bbox 2849 2699 3025 2736; x_wconf 91' lang='lat' dir='ltr'>unum</span> <span class='ocrx_word' id='word_1_413' title='bbox 3054 2681 3422 2747; x_wconf 86' lang='lat' dir='ltr'>sacerdotem,</span> 
     </span>
    </p>
   </div>
   <div class='ocr_carea' id='block_1_28' title="bbox 172 2763 3428 2843">
    <p class='ocr_par' dir='ltr' id='par_1_28' title="bbox 172 2763 3428 2843">
     <span class='ocr_line' id='line_1_28' title="bbox 172 2763 3428 2843; baseline 0.003 -27"><span class='ocrx_word' id='word_1_414' title='bbox 172 2763 354 2834; x_wconf 84' lang='lat' dir='ltr'>quibus</span> <span class='ocrx_word' id='word_1_415' title='bbox 377 2765 452 2820; x_wconf 88' lang='lat' dir='ltr'>ait</span> <span class='ocrx_word' id='word_1_416' title='bbox 484 2785 496 2820; x_wconf 90' lang='lat'>:</span> <span class='ocrx_word' id='word_1_417' title='bbox 534 2787 556 2817; x_wconf 76' lang='grc' dir='ltr'>ι</span> <span class='ocrx_word' id='word_1_418' title='bbox 585 2769 712 2822; x_wconf 87' lang='lat' dir='ltr'>Jam</span> <span class='ocrx_word' id='word_1_419' title='bbox 743 2785 856 2822; x_wconf 92' lang='lat' dir='ltr'>non</span> <span class='ocrx_word' id='word_1_420' title='bbox 889 2769 1196 2826; x_wconf 85' lang='lat' dir='ltr'>dicam&#39;vos</span> <span class='ocrx_word' id='word_1_421' title='bbox 1235 2789 1442 2839; x_wconf 90' lang='lat' dir='ltr'>servos,</span> <span class='ocrx_word' id='word_1_422' title='bbox 1473 2774 1570 2828; x_wconf 92' lang='lat' dir='ltr'>sed</span> <span class='ocrx_word' id='word_1_423' title='bbox 1599 2775 1745 2828; x_wconf 87' lang='lat' dir='ltr'>ami-</span> <span class='ocrx_word' id='word_1_424' title='bbox 1826 2789 2003 2827; x_wconf 91' lang='lat' dir='ltr'>unum</span> <span class='ocrx_word' id='word_1_425' title='bbox 2031 2772 2384 2838; x_wconf 88' lang='lat' dir='ltr'>sacriﬁcium,</span> <span class='ocrx_word' id='word_1_426' title='bbox 2412 2789 2484 2826; x_wconf 92' lang='lat' dir='ltr'>ne</span> <span class='ocrx_word' id='word_1_427' title='bbox 2532 2771 2658 2843; x_wconf 88' lang='lat' dir='ltr'>quis</span> <span class='ocrx_word' id='word_1_428' title='bbox 2693 2777 2898 2843; x_wconf 89' lang='lat' dir='ltr'>putans</span> <span class='ocrx_word' id='word_1_429' title='bbox 2933 2771 3114 2826; x_wconf 89' lang='lat' dir='ltr'>multa</span> <span class='ocrx_word' id='word_1_430' title='bbox 3154 2787 3276 2825; x_wconf 89' lang='lat' dir='ltr'>esse</span> <span class='ocrx_word' id='word_1_431' title='bbox 3305 2770 3428 2825; x_wconf 88' lang='lat' dir='ltr'>sine</span> 
     </span>
    </p>
   </div>
   <div class='ocr_carea' id='block_1_29' title="bbox 171 2855 3426 2932">
    <p class='ocr_par' dir='ltr' id='par_1_29' title="bbox 171 2855 3426 2932">
     <span class='ocr_line' id='line_1_29' title="bbox 171 2855 3426 2932; baseline 0.003 -27"><span class='ocrx_word' id='word_1_432' title='bbox 171 2867 247 2905; x_wconf 88' lang='lat' dir='ltr'>cos</span> <span class='ocrx_word' id='word_1_433' title='bbox 271 2871 281 2905; x_wconf 91' lang='lat'>:</span> <span class='ocrx_word' id='word_1_434' title='bbox 318 2855 449 2924; x_wconf 90' lang='lat' dir='ltr'>quia</span> <span class='ocrx_word' id='word_1_435' title='bbox 475 2856 667 2910; x_wconf 88' lang='lat' dir='ltr'>omnia</span> <span class='ocrx_word' id='word_1_436' title='bbox 723 2873 1088 2930; x_wconf 78' lang='lat' dir='ltr'>quaecumque</span> <span class='ocrx_word' id='word_1_437' title='bbox 1117 2860 1303 2914; x_wconf 89' lang='lat' dir='ltr'>audivi</span> <span class='ocrx_word' id='word_1_438' title='bbox 1331 2878 1365 2915; x_wconf 87' lang='lat' dir='ltr'>a</span> <span class='ocrx_word' id='word_1_439' title='bbox 1402 2862 1568 2916; x_wconf 87' lang='lat' dir='ltr'>Patre</span> <span class='ocrx_word' id='word_1_440' title='bbox 1596 2880 1742 2931; x_wconf 90' lang='lat' dir='ltr'>meo,</span> <span class='ocrx_word' id='word_1_441' title='bbox 1828 2861 2030 2916; x_wconf 90' lang='lat' dir='ltr'>timore</span> <span class='ocrx_word' id='word_1_442' title='bbox 2055 2861 2364 2932; x_wconf 89' lang='lat' dir='ltr'>delinquat.</span> <span class='ocrx_word' id='word_1_443' title='bbox 2391 2861 2679 2932; x_wconf 90' lang='lat' dir='ltr'>Quotquot</span> <span class='ocrx_word' id='word_1_444' title='bbox 2703 2861 2880 2931; x_wconf 83' lang='lat' dir='ltr'>igitur</span> <span class='ocrx_word' id='word_1_445' title='bbox 2897 2860 3054 2931; x_wconf 86' lang='lat' dir='ltr'>digni</span> <span class='ocrx_word' id='word_1_446' title='bbox 3074 2859 3205 2914; x_wconf 86' lang='lat' dir='ltr'>facti</span> <span class='ocrx_word' id='word_1_447' title='bbox 3229 2875 3426 2914; x_wconf 89' lang='lat' dir='ltr'>sumus</span> 
     </span>
    </p>
   </div>
   <div class='ocr_carea' id='block_1_30' title="bbox 172 2942 3426 3022">
    <p class='ocr_par' dir='ltr' id='par_1_30' title="bbox 172 2942 3426 3022">
     <span class='ocr_line' id='line_1_30' title="bbox 172 2942 3426 3022; baseline 0.002 -28"><span class='ocrx_word' id='word_1_448' title='bbox 172 2947 283 2995; x_wconf 83' lang='lat' dir='ltr'>nota</span> <span class='ocrx_word' id='word_1_449' title='bbox 305 2942 412 2997; x_wconf 80' lang='lat' dir='ltr'>feci</span> <span class='ocrx_word' id='word_1_450' title='bbox 439 2943 596 2998; x_wconf 89' lang='lat' dir='ltr'>vobis</span> <span class='ocrx_word' id='word_1_451' title='bbox 646 2947 828 3010; x_wconf 86' lang='lat' dir='ltr'>(Joan.</span> <span class='ocrx_word' id='word_1_452' title='bbox 857 2951 974 3016; x_wconf 87' lang='lat' dir='ltr'>xv).</span> <span class='ocrx_word' id='word_1_453' title='bbox 1011 2967 1036 2998; x_wconf 68' lang='grc' dir='ltr'><strong>ι</strong></span> <span class='ocrx_word' id='word_1_454' title='bbox 1068 2948 1339 3004; x_wconf 86' lang='lat' dir='ltr'>Videlicet</span> <span class='ocrx_word' id='word_1_455' title='bbox 1367 2952 1512 3004; x_wconf 88' lang='lat' dir='ltr'>servi</span> <span class='ocrx_word' id='word_1_456' title='bbox 1539 2952 1748 3022; x_wconf 86' lang='lat' dir='ltr'>legales</span> <span class='ocrx_word' id='word_1_457' title='bbox 1829 2951 2136 3021; x_wconf 85' lang='lat' dir='ltr'>signaculo,</span> <span class='ocrx_word' id='word_1_458' title='bbox 2163 2956 2441 3021; x_wconf 90' lang='lat' dir='ltr'>quotquot</span> <span class='ocrx_word' id='word_1_459' title='bbox 2467 2949 2778 3004; x_wconf 89' lang='lat' dir='ltr'>sacerdotio</span> <span class='ocrx_word' id='word_1_460' title='bbox 2820 2949 2983 3022; x_wconf 87' lang='lat' dir='ltr'>potiti</span> <span class='ocrx_word' id='word_1_461' title='bbox 3012 2965 3228 3016; x_wconf 88' lang='lat' dir='ltr'>sumus,</span> <span class='ocrx_word' id='word_1_462' title='bbox 3260 2953 3426 3020; x_wconf 86' lang='lat' dir='ltr'>quot-</span> 
     </span>
    </p>
   </div>
   <div class='ocr_carea' id='block_1_31' title="bbox 169 3031 3428 3112">
    <p class='ocr_par' dir='ltr' id='par_1_31' title="bbox 169 3031 3428 3112">
     <span class='ocr_line' id='line_1_31' title="bbox 169 3031 3428 3112; baseline 0.002 -28"><span class='ocrx_word' id='word_1_463' title='bbox 169 3031 444 3099; x_wconf 88' lang='lat' dir='ltr'>pontiﬁces</span> <span class='ocrx_word' id='word_1_464' title='bbox 474 3033 794 3089; x_wconf 87' lang='lat' dir='ltr'>habuerunt</span> <span class='ocrx_word' id='word_1_465' title='bbox 821 3037 1104 3104; x_wconf 87' lang='lat' dir='ltr'>mortales,</span> <span class='ocrx_word' id='word_1_466' title='bbox 1160 3044 1498 3108; x_wconf 86' lang='lat' dir='ltr'>peccatores,</span> <span class='ocrx_word' id='word_1_467' title='bbox 1526 3057 1628 3112; x_wconf 90' lang='lat' dir='ltr'>pro</span> <span class='ocrx_word' id='word_1_468' title='bbox 1665 3058 1749 3096; x_wconf 90' lang='lat' dir='ltr'>se-</span> <span class='ocrx_word' id='word_1_469' title='bbox 1768 3085 1809 3112; x_wconf 61' lang='lat' dir='ltr'><strong>n</strong></span> <span class='ocrx_word' id='word_1_470' title='bbox 1830 3045 1965 3110; x_wconf 90' lang='lat' dir='ltr'>quot</span> <span class='ocrx_word' id='word_1_471' title='bbox 1992 3056 2059 3094; x_wconf 87' lang='lat' dir='ltr'>ex</span> <span class='ocrx_word' id='word_1_472' title='bbox 2089 3039 2392 3094; x_wconf 84' lang='lat' dir='ltr'>immortali</span> <span class='ocrx_word' id='word_1_473' title='bbox 2418 3055 2616 3093; x_wconf 87' lang='lat' dir='ltr'>mensa</span> <span class='ocrx_word' id='word_1_474' title='bbox 2645 3039 3065 3110; x_wconf 88' lang='lat' dir='ltr'>participamus,</span> <span class='ocrx_word' id='word_1_475' title='bbox 3093 3052 3428 3110; x_wconf 88' lang='lat' dir='ltr'>permanea-</span> 
     </span>
    </p>
   </div>
   <div class='ocr_carea' id='block_1_32' title="bbox 173 3121 3425 3200">
    <p class='ocr_par' dir='ltr' id='par_1_32' title="bbox 173 3121 3425 3200">
     <span class='ocr_line' id='line_1_32' title="bbox 173 3121 3425 3200; baseline 0.002 -25"><span class='ocrx_word' id='word_1_476' title='bbox 173 3121 400 3191; x_wconf 88' lang='lat' dir='ltr'>metipsis</span> <span class='ocrx_word' id='word_1_477' title='bbox 429 3123 729 3178; x_wconf 65' lang='lat' dir='ltr'>offerentes</span> <span class='ocrx_word' id='word_1_478' title='bbox 761 3143 773 3177; x_wconf 93' lang='lat'>:</span> <span class='ocrx_word' id='word_1_479' title='bbox 817 3125 918 3179; x_wconf 88' lang='lat' dir='ltr'>ﬁlii</span> <span class='ocrx_word' id='word_1_480' title='bbox 944 3143 1072 3180; x_wconf 88' lang='lat' dir='ltr'>vero</span> <span class='ocrx_word' id='word_1_481' title='bbox 1103 3133 1161 3181; x_wconf 90' lang='lat' dir='ltr'>et</span> <span class='ocrx_word' id='word_1_482' title='bbox 1197 3127 1363 3182; x_wconf 88' lang='lat' dir='ltr'>amici</span> <span class='ocrx_word' id='word_1_483' title='bbox 1393 3129 1494 3183; x_wconf 93' lang='lat' dir='ltr'>Dei</span> <span class='ocrx_word' id='word_1_484' title='bbox 1523 3130 1746 3200; x_wconf 87' lang='lat' dir='ltr'>pontiﬁ-</span> <span class='ocrx_word' id='word_1_485' title='bbox 1767 3121 1811 3145; x_wconf 67' lang='grc' dir='ltr'><em>υ</em></span> <span class='ocrx_word' id='word_1_486' title='bbox 1828 3145 1954 3184; x_wconf 89' lang='lat' dir='ltr'>mus</span> <span class='ocrx_word' id='word_1_487' title='bbox 1981 3129 2362 3183; x_wconf 89' lang='lat' dir='ltr'>custodientes</span> <span class='ocrx_word' id='word_1_488' title='bbox 2387 3128 2827 3199; x_wconf 87' lang='lat' dir='ltr'>generositatem</span> <span class='ocrx_word' id='word_1_489' title='bbox 2872 3133 3124 3182; x_wconf 90' lang='lat' dir='ltr'>nostram</span> <span class='ocrx_word' id='word_1_490' title='bbox 3163 3127 3425 3181; x_wconf 80' lang='lat' dir='ltr'>et.hono-</span> 
     </span>
    </p>
   </div>
   <div class='ocr_carea' id='block_1_33' title="bbox 169 3209 3425 3288">
    <p class='ocr_par' dir='ltr' id='par_1_33' title="bbox 169 3209 3425 3288">
     <span class='ocr_line' id='line_1_33' title="bbox 169 3209 3425 3288; baseline 0.002 -26"><span class='ocrx_word' id='word_1_491' title='bbox 169 3223 270 3262; x_wconf 82' lang='lat' dir='ltr'>cem</span> <span class='ocrx_word' id='word_1_492' title='bbox 296 3209 507 3265; x_wconf 88' lang='lat' dir='ltr'>habent</span> <span class='ocrx_word' id='word_1_493' title='bbox 535 3212 911 3267; x_wconf 83' lang='lat' dir='ltr'>immortalem</span> <span class='ocrx_word' id='word_1_494' title='bbox 941 3233 968 3267; x_wconf 75' lang='grc' dir='ltr'><strong><em>α</em></strong></span> <span class='ocrx_word' id='word_1_495' title='bbox 997 3223 1353 3287; x_wconf 85' lang='lat' dir='ltr'>segregatum</span> <span class='ocrx_word' id='word_1_496' title='bbox 1381 3234 1417 3272; x_wconf 89' lang='lat' dir='ltr'>a</span> <span class='ocrx_word' id='word_1_497' title='bbox 1445 3219 1746 3288; x_wconf 87' lang='lat' dir='ltr'>peccatori-</span> <span class='ocrx_word' id='word_1_498' title='bbox 1828 3235 1977 3273; x_wconf 87' lang='lat' dir='ltr'>rem:</span> <span class='ocrx_word' id='word_1_499' title='bbox 2000 3235 2112 3272; x_wconf 89' lang='lat' dir='ltr'>non</span> <span class='ocrx_word' id='word_1_500' title='bbox 2143 3217 2294 3272; x_wconf 91' lang='lat' dir='ltr'>enim</span> <span class='ocrx_word' id='word_1_501' title='bbox 2318 3217 2439 3271; x_wconf 90' lang='lat' dir='ltr'>sine</span> <span class='ocrx_word' id='word_1_502' title='bbox 2457 3217 2706 3288; x_wconf 92' lang='lat' dir='ltr'>periculo</span> <span class='ocrx_word' id='word_1_503' title='bbox 2735 3223 2823 3272; x_wconf 91' lang='lat' dir='ltr'>est</span> <span class='ocrx_word' id='word_1_504' title='bbox 2851 3216 3013 3271; x_wconf 86' lang='lat' dir='ltr'>nobis</span> <span class='ocrx_word' id='word_1_505' title='bbox 3041 3216 3226 3270; x_wconf 88' lang='lat' dir='ltr'>ruina.</span> <span class='ocrx_word' id='word_1_506' title='bbox 3249 3215 3425 3280; x_wconf 88' lang='lat' dir='ltr'>Quot-</span> 
     </span>
    </p>
   </div>
   <div class='ocr_carea' id='block_1_34' title="bbox 168 3295 3428 3378">
    <p class='ocr_par' dir='ltr' id='par_1_34' title="bbox 168 3295 3428 3378">
     <span class='ocr_line' id='line_1_34' title="bbox 168 3295 3428 3378; baseline 0.002 -28"><span class='ocrx_word' id='word_1_507' title='bbox 168 3295 271 3360; x_wconf 84' lang='lat' dir='ltr'>hns,</span> <span class='ocrx_word' id='word_1_508' title='bbox 298 3317 324 3352; x_wconf 74' lang='grc' dir='ltr'><strong>ι</strong></span> <span class='ocrx_word' id='word_1_509' title='bbox 357 3299 418 3353; x_wconf 91' lang='lat' dir='ltr'>id</span> <span class='ocrx_word' id='word_1_510' title='bbox 446 3306 552 3366; x_wconf 92' lang='lat' dir='ltr'>est,</span> <span class='ocrx_word' id='word_1_511' title='bbox 577 3299 858 3372; x_wconf 72' lang='lat' dir='ltr'>prioribus</span> <span class='ocrx_word' id='word_1_512' title='bbox 884 3304 1286 3372; x_wconf 87' lang='lat' dir='ltr'>sacerdotibus,</span> <span class='ocrx_word' id='word_1_513' title='bbox 1309 3307 1405 3377; x_wconf 93' lang='lat' dir='ltr'>qui</span> <span class='ocrx_word' id='word_1_514' title='bbox 1427 3312 1572 3361; x_wconf 88' lang='lat' dir='ltr'>esset</span> <span class='ocrx_word' id='word_1_515' title='bbox 1607 3328 1628 3359; x_wconf 75' lang='grc' dir='ltr'>ι</span> <span class='ocrx_word' id='word_1_516' title='bbox 1663 3307 1746 3362; x_wconf 92' lang='lat' dir='ltr'>in-</span> <span class='ocrx_word' id='word_1_517' title='bbox 1829 3312 1966 3378; x_wconf 91' lang='lat' dir='ltr'>quot</span> <span class='ocrx_word' id='word_1_518' title='bbox 1991 3313 2181 3362; x_wconf 88' lang='lat' dir='ltr'>autem</span> <span class='ocrx_word' id='word_1_519' title='bbox 2212 3307 2450 3360; x_wconf 88' lang='lat' dir='ltr'>necdum</span> <span class='ocrx_word' id='word_1_520' title='bbox 2465 3306 2620 3376; x_wconf 87' lang='lat' dir='ltr'>digni</span> <span class='ocrx_word' id='word_1_521' title='bbox 2649 3306 2779 3360; x_wconf 89' lang='lat' dir='ltr'>facti</span> <span class='ocrx_word' id='word_1_522' title='bbox 2806 3311 2940 3360; x_wconf 87' lang='lat' dir='ltr'>sunt</span> <span class='ocrx_word' id='word_1_523' title='bbox 2957 3305 3100 3372; x_wconf 89' lang='lat' dir='ltr'>istis,</span> <span class='ocrx_word' id='word_1_524' title='bbox 3128 3321 3311 3376; x_wconf 90' lang='lat' dir='ltr'>neque</span> <span class='ocrx_word' id='word_1_525' title='bbox 3340 3304 3428 3376; x_wconf 91' lang='lat' dir='ltr'>ip-</span> 
     </span>
    </p>
   </div>
   <div class='ocr_carea' id='block_1_35' title="bbox 169 3393 3430 3467">
    <p class='ocr_par' dir='ltr' id='par_1_35' title="bbox 169 3393 3430 3467">
     <span class='ocr_line' id='line_1_35' title="bbox 169 3393 3430 3467; baseline 0.002 -28"><span class='ocrx_word' id='word_1_526' title='bbox 169 3401 346 3441; x_wconf 84' lang='lat' dir='ltr'>noeens</span> <span class='ocrx_word' id='word_1_527' title='bbox 375 3394 436 3442; x_wconf 91' lang='lat' dir='ltr'>et</span> <span class='ocrx_word' id='word_1_528' title='bbox 462 3396 710 3444; x_wconf 88' lang='lat' dir='ltr'>sanctus.</span> <span class='ocrx_word' id='word_1_529' title='bbox 738 3393 808 3458; x_wconf 90' lang='lat' dir='ltr'>(J.</span> <span class='ocrx_word' id='word_1_530' title='bbox 835 3393 1054 3462; x_wconf 77' lang='lat' dir='ltr'>Chrys.)</span> <span class='ocrx_word' id='word_1_531' title='bbox 1080 3411 1106 3446; x_wconf 71' lang='lat' dir='ltr'><strong>n</strong></span> <span class='ocrx_word' id='word_1_532' title='bbox 1137 3395 1429 3462; x_wconf 89' lang='lat' dir='ltr'>Innocens,</span> <span class='ocrx_word' id='word_1_533' title='bbox 1465 3396 1596 3467; x_wconf 85' lang='lat' dir='ltr'>quia</span> <span class='ocrx_word' id='word_1_534' title='bbox 1623 3396 1746 3451; x_wconf 88' lang='lat' dir='ltr'>sine</span> <span class='ocrx_word' id='word_1_535' title='bbox 1827 3395 1876 3450; x_wconf 89' lang='lat' dir='ltr'>si</span> <span class='ocrx_word' id='word_1_536' title='bbox 1902 3400 2572 3467; x_wconf 74' lang='lat' dir='ltr'>proptereapraesumant.</span> <span class='ocrx_word' id='word_1_537' title='bbox 2599 3395 2834 3458; x_wconf 91' lang='lat' dir='ltr'>Quando</span> <span class='ocrx_word' id='word_1_538' title='bbox 2856 3394 3006 3448; x_wconf 91' lang='lat' dir='ltr'>enim</span> <span class='ocrx_word' id='word_1_539' title='bbox 3033 3393 3158 3465; x_wconf 90' lang='lat' dir='ltr'>quis</span> <span class='ocrx_word' id='word_1_540' title='bbox 3177 3399 3430 3465; x_wconf 87' lang='lat' dir='ltr'>propter-</span> 
     </span>
    </p>
   </div>
   <div class='ocr_carea' id='block_1_36' title="bbox 167 3475 3431 3556">
    <p class='ocr_par' dir='ltr' id='par_1_36' title="bbox 167 3475 3431 3556">
     <span class='ocr_line' id='line_1_36' title="bbox 167 3475 3431 3556; baseline 0.002 -29"><span class='ocrx_word' id='word_1_541' title='bbox 167 3475 514 3546; x_wconf 83' lang='lat' dir='ltr'>malignitate,</span> <span class='ocrx_word' id='word_1_542' title='bbox 541 3479 690 3549; x_wconf 92' lang='lat' dir='ltr'>quod</span> <span class='ocrx_word' id='word_1_543' title='bbox 710 3479 846 3534; x_wconf 91' lang='lat' dir='ltr'>dicit</span> <span class='ocrx_word' id='word_1_544' title='bbox 864 3482 1172 3552; x_wconf 85' lang='lat' dir='ltr'>propheta:</span> <span class='ocrx_word' id='word_1_545' title='bbox 1207 3503 1233 3532; x_wconf 78' lang='grc' dir='ltr'>ιι</span> <span class='ocrx_word' id='word_1_546' title='bbox 1252 3484 1369 3538; x_wconf 79' lang='lat' dir='ltr'>Nec</span> <span class='ocrx_word' id='word_1_547' title='bbox 1379 3484 1540 3538; x_wconf 90' lang='lat' dir='ltr'>dolus</span> <span class='ocrx_word' id='word_1_548' title='bbox 1559 3485 1748 3540; x_wconf 86' lang='lat' dir='ltr'>inven-</span> <span class='ocrx_word' id='word_1_549' title='bbox 1829 3501 1895 3539; x_wconf 89' lang='lat' dir='ltr'>ea</span> <span class='ocrx_word' id='word_1_550' title='bbox 1918 3490 2130 3556; x_wconf 88' lang='lat' dir='ltr'>peccat,</span> <span class='ocrx_word' id='word_1_551' title='bbox 2165 3490 2231 3537; x_wconf 93' lang='lat' dir='ltr'>ut</span> <span class='ocrx_word' id='word_1_552' title='bbox 2258 3489 2514 3538; x_wconf 88' lang='lat' dir='ltr'>sanctum</span> <span class='ocrx_word' id='word_1_553' title='bbox 2542 3483 2882 3554; x_wconf 85' lang='lat' dir='ltr'>baptismum</span> <span class='ocrx_word' id='word_1_554' title='bbox 2911 3483 2970 3536; x_wconf 94' lang='lat' dir='ltr'>in</span> <span class='ocrx_word' id='word_1_555' title='bbox 2999 3481 3302 3537; x_wconf 91' lang='lat' dir='ltr'>novissima</span> <span class='ocrx_word' id='word_1_556' title='bbox 3325 3498 3431 3536; x_wconf 88' lang='lat' dir='ltr'>sua</span> 
     </span>
    </p>
   </div>
   <div class='ocr_carea' id='block_1_37' title="bbox 164 3566 3431 3644">
    <p class='ocr_par' dir='ltr' id='par_1_37' title="bbox 164 3566 3431 3644">
     <span class='ocr_line' id='line_1_37' title="bbox 164 3566 3431 3644; baseline 0.002 -29"><span class='ocrx_word' id='word_1_557' title='bbox 164 3566 411 3620; x_wconf 85' lang='lat' dir='ltr'>tusestin</span> <span class='ocrx_word' id='word_1_558' title='bbox 426 3583 522 3620; x_wconf 90' lang='lat' dir='ltr'>ore</span> <span class='ocrx_word' id='word_1_559' title='bbox 541 3568 666 3637; x_wconf 86' lang='lat' dir='ltr'>ejus</span> <span class='ocrx_word' id='word_1_560' title='bbox 688 3569 814 3634; x_wconf 79' lang='lat' dir='ltr'>([sa.</span> <span class='ocrx_word' id='word_1_561' title='bbox 849 3573 976 3638; x_wconf 85' lang='lat' dir='ltr'>Lm).</span> <span class='ocrx_word' id='word_1_562' title='bbox 1003 3588 1030 3622; x_wconf 85' lang='grc'><strong>))</strong></span> <span class='ocrx_word' id='word_1_563' title='bbox 1057 3571 1312 3638; x_wconf 88' lang='lat' dir='ltr'>Sanctus,</span> <span class='ocrx_word' id='word_1_564' title='bbox 1349 3573 1481 3644; x_wconf 92' lang='lat' dir='ltr'>quia</span> <span class='ocrx_word' id='word_1_565' title='bbox 1508 3573 1567 3627; x_wconf 91' lang='lat' dir='ltr'>in</span> <span class='ocrx_word' id='word_1_566' title='bbox 1591 3575 1745 3628; x_wconf 89' lang='lat' dir='ltr'>omni</span> <span class='ocrx_word' id='word_1_567' title='bbox 1828 3573 2201 3643; x_wconf 84' lang='lat' dir='ltr'>exspiratione</span> <span class='ocrx_word' id='word_1_568' title='bbox 2225 3573 2512 3643; x_wconf 88' lang='lat' dir='ltr'>suscipiat,</span> <span class='ocrx_word' id='word_1_569' title='bbox 2543 3571 2798 3626; x_wconf 87' lang='lat' dir='ltr'>fortassis</span> <span class='ocrx_word' id='word_1_570' title='bbox 2829 3588 2942 3625; x_wconf 91' lang='lat' dir='ltr'>non</span> <span class='ocrx_word' id='word_1_571' title='bbox 2979 3571 3324 3642; x_wconf 87' lang='lat' dir='ltr'>adipiscitur.</span> <span class='ocrx_word' id='word_1_572' title='bbox 3359 3570 3431 3624; x_wconf 91' lang='lat' dir='ltr'>Et</span> 
     </span>
    </p>
   </div>
   <div class='ocr_carea' id='block_1_38' title="bbox 164 3648 3428 3732">
    <p class='ocr_par' dir='ltr' id='par_1_38' title="bbox 164 3648 3428 3732">
     <span class='ocr_line' id='line_1_38' title="bbox 164 3648 3428 3732; baseline 0.001 -24"><span class='ocrx_word' id='word_1_573' title='bbox 164 3648 390 3709; x_wconf 83' lang='lat' dir='ltr'>bonitate</span> <span class='ocrx_word' id='word_1_574' title='bbox 419 3657 774 3727; x_wconf 65' lang='lat' dir='ltr'>praecipuus;</span> <span class='ocrx_word' id='word_1_575' title='bbox 813 3678 835 3710; x_wconf 74' lang='grc' dir='ltr'><strong>ε</strong></span> <span class='ocrx_word' id='word_1_576' title='bbox 869 3659 1216 3730; x_wconf 89' lang='lat' dir='ltr'>impollutus,</span> <span class='ocrx_word' id='word_1_577' title='bbox 1245 3680 1268 3712; x_wconf 72' lang='grc' dir='ltr'><strong><em>ι</em></strong></span> <span class='ocrx_word' id='word_1_578' title='bbox 1298 3661 1431 3732; x_wconf 90' lang='lat' dir='ltr'>quia</span> <span class='ocrx_word' id='word_1_579' title='bbox 1470 3662 1613 3716; x_wconf 90' lang='lat' dir='ltr'>nihil</span> <span class='ocrx_word' id='word_1_580' title='bbox 1641 3664 1746 3718; x_wconf 86' lang='lat' dir='ltr'>ha—</span> <span class='ocrx_word' id='word_1_581' title='bbox 1831 3661 2040 3715; x_wconf 89' lang='lat' dir='ltr'>credite</span> <span class='ocrx_word' id='word_1_582' title='bbox 2071 3661 2232 3728; x_wconf 90' lang='lat' dir='ltr'>mihi,</span> <span class='ocrx_word' id='word_1_583' title='bbox 2265 3677 2377 3714; x_wconf 91' lang='lat' dir='ltr'>non</span> <span class='ocrx_word' id='word_1_584' title='bbox 2405 3665 2624 3714; x_wconf 89' lang='lat' dir='ltr'>terrens</span> <span class='ocrx_word' id='word_1_585' title='bbox 2668 3676 2766 3713; x_wconf 86' lang='lat' dir='ltr'>vos</span> <span class='ocrx_word' id='word_1_586' title='bbox 2811 3660 2953 3723; x_wconf 90' lang='lat' dir='ltr'>dico,</span> <span class='ocrx_word' id='word_1_587' title='bbox 2986 3660 3136 3730; x_wconf 91' lang='lat' dir='ltr'>quod</span> <span class='ocrx_word' id='word_1_588' title='bbox 3176 3659 3428 3712; x_wconf 88' lang='lat' dir='ltr'>dicturus</span> 
     </span>
    </p>
   </div>
   <div class='ocr_carea' id='block_1_39' title="bbox 165 3738 3428 3822">
    <p class='ocr_par' dir='ltr' id='par_1_39' title="bbox 165 3738 3428 3822">
     <span class='ocr_line' id='line_1_39' title="bbox 165 3738 3428 3822; baseline 0.002 -30"><span class='ocrx_word' id='word_1_589' title='bbox 165 3738 266 3796; x_wconf 82' lang='lat' dir='ltr'>buit</span> <span class='ocrx_word' id='word_1_590' title='bbox 283 3745 494 3814; x_wconf 84' lang='lat' dir='ltr'>peccati</span> <span class='ocrx_word' id='word_1_591' title='bbox 519 3763 532 3811; x_wconf 92' lang='lat'><strong>;</strong></span> <span class='ocrx_word' id='word_1_592' title='bbox 557 3765 580 3796; x_wconf 72' lang='grc' dir='ltr'><strong>ε</strong></span> <span class='ocrx_word' id='word_1_593' title='bbox 607 3746 876 3800; x_wconf 87' lang='lat' dir='ltr'>excelsior</span> <span class='ocrx_word' id='word_1_594' title='bbox 897 3748 1050 3802; x_wconf 76' lang='lat' dir='ltr'>ccelis</span> <span class='ocrx_word' id='word_1_595' title='bbox 1069 3748 1268 3815; x_wconf 88' lang='lat' dir='ltr'>factus,</span> <span class='ocrx_word' id='word_1_596' title='bbox 1295 3771 1318 3800; x_wconf 75' lang='grc' dir='ltr'><strong>ο</strong></span> <span class='ocrx_word' id='word_1_597' title='bbox 1345 3751 1481 3822; x_wconf 89' lang='lat' dir='ltr'>quia</span> <span class='ocrx_word' id='word_1_598' title='bbox 1512 3753 1752 3806; x_wconf 88' lang='lat' dir='ltr'>adorant</span> <span class='ocrx_word' id='word_1_599' title='bbox 1831 3767 1958 3804; x_wconf 89' lang='lat' dir='ltr'>sum</span> <span class='ocrx_word' id='word_1_600' title='bbox 1982 3770 1993 3804; x_wconf 89' lang='lat'>:</span> <span class='ocrx_word' id='word_1_601' title='bbox 2020 3750 2230 3804; x_wconf 91' lang='lat' dir='ltr'>multos</span> <span class='ocrx_word' id='word_1_602' title='bbox 2248 3750 2396 3816; x_wconf 90' lang='lat' dir='ltr'>novi,</span> <span class='ocrx_word' id='word_1_603' title='bbox 2413 3749 2509 3820; x_wconf 90' lang='lat' dir='ltr'>qui</span> <span class='ocrx_word' id='word_1_604' title='bbox 2525 3749 2630 3803; x_wconf 91' lang='lat' dir='ltr'>hoc</span> <span class='ocrx_word' id='word_1_605' title='bbox 2648 3748 2800 3820; x_wconf 91' lang='lat' dir='ltr'>passi</span> <span class='ocrx_word' id='word_1_606' title='bbox 2829 3753 2980 3812; x_wconf 91' lang='lat' dir='ltr'>sunt,</span> <span class='ocrx_word' id='word_1_607' title='bbox 3002 3747 3098 3818; x_wconf 92' lang='lat' dir='ltr'>qui</span> <span class='ocrx_word' id='word_1_608' title='bbox 3117 3764 3215 3818; x_wconf 93' lang='lat' dir='ltr'>spe</span> <span class='ocrx_word' id='word_1_609' title='bbox 3243 3746 3428 3818; x_wconf 89' lang='lat' dir='ltr'>bapti—</span> 
     </span>
    </p>
   </div>
   <div class='ocr_carea' id='block_1_40' title="bbox 163 3835 3429 3912">
    <p class='ocr_par' dir='ltr' id='par_1_40' title="bbox 163 3835 3429 3912">
     <span class='ocr_line' id='line_1_40' title="bbox 163 3835 3429 3912; baseline 0.001 -26"><span class='ocrx_word' id='word_1_610' title='bbox 163 3845 271 3885; x_wconf 85' lang='lat' dir='ltr'>eum</span> <span class='ocrx_word' id='word_1_611' title='bbox 297 3849 496 3888; x_wconf 88' lang='lat' dir='ltr'>omnes</span> <span class='ocrx_word' id='word_1_612' title='bbox 523 3835 725 3905; x_wconf 88' lang='lat' dir='ltr'>Angeli</span> <span class='ocrx_word' id='word_1_613' title='bbox 753 3835 874 3890; x_wconf 91' lang='lat' dir='ltr'>Dei.</span> <span class='ocrx_word' id='word_1_614' title='bbox 907 3853 936 3890; x_wconf 80' lang='grc'>‹</span> <span class='ocrx_word' id='word_1_615' title='bbox 977 3837 1084 3902; x_wconf 91' lang='lat' dir='ltr'>Qui</span> <span class='ocrx_word' id='word_1_616' title='bbox 1126 3855 1238 3892; x_wconf 93' lang='lat' dir='ltr'>non</span> <span class='ocrx_word' id='word_1_617' title='bbox 1288 3839 1459 3895; x_wconf 89' lang='lat' dir='ltr'>habet</span> <span class='ocrx_word' id='word_1_618' title='bbox 1501 3841 1748 3912; x_wconf 90' lang='lat' dir='ltr'>quotidie</span> <span class='ocrx_word' id='word_1_619' title='bbox 1832 3839 2030 3894; x_wconf 89' lang='lat' dir='ltr'>smatis</span> <span class='ocrx_word' id='word_1_620' title='bbox 2056 3839 2238 3893; x_wconf 90' lang='lat' dir='ltr'>multa</span> <span class='ocrx_word' id='word_1_621' title='bbox 2263 3837 2600 3910; x_wconf 88' lang='lat' dir='ltr'>peccabant;</span> <span class='ocrx_word' id='word_1_622' title='bbox 2647 3837 2795 3891; x_wconf 91' lang='lat' dir='ltr'>circa</span> <span class='ocrx_word' id='word_1_623' title='bbox 2837 3837 2986 3890; x_wconf 89' lang='lat' dir='ltr'>diem</span> <span class='ocrx_word' id='word_1_624' title='bbox 3009 3842 3198 3892; x_wconf 89' lang='lat' dir='ltr'>autem</span> <span class='ocrx_word' id='word_1_625' title='bbox 3229 3835 3429 3890; x_wconf 87' lang='lat' dir='ltr'>mortis</span> 
     </span>
    </p>
   </div>
   <div class='ocr_carea' id='block_1_41' title="bbox 166 3923 3428 4002">
    <p class='ocr_par' dir='ltr' id='par_1_41' title="bbox 166 3923 3428 4002">
     <span class='ocr_line' id='line_1_41' title="bbox 166 3923 3428 4002; baseline 0.002 -30"><span class='ocrx_word' id='word_1_626' title='bbox 166 3923 610 3988; x_wconf 77' lang='lat' dir='ltr'>(necessitatem,</span> <span class='ocrx_word' id='word_1_627' title='bbox 628 3925 1103 3996; x_wconf 87' lang='lat' dir='ltr'>quemadmodum</span> <span class='ocrx_word' id='word_1_628' title='bbox 1123 3929 1459 3994; x_wconf 89' lang='lat' dir='ltr'>sacerdotes,</span> <span class='ocrx_word' id='word_1_629' title='bbox 1467 3931 1623 4001; x_wconf 83' lang='lat' dir='ltr'>prius</span> <span class='ocrx_word' id='word_1_630' title='bbox 1641 3947 1743 4002; x_wconf 89' lang='lat' dir='ltr'>pro</span> <span class='ocrx_word' id='word_1_631' title='bbox 1824 3929 2201 3982; x_wconf 88' lang='lat' dir='ltr'>discesserunt</span> <span class='ocrx_word' id='word_1_632' title='bbox 2225 3927 2420 3981; x_wconf 89' lang='lat' dir='ltr'>vacui:</span> <span class='ocrx_word' id='word_1_633' title='bbox 2454 3927 2606 3981; x_wconf 91' lang='lat' dir='ltr'>Deus</span> <span class='ocrx_word' id='word_1_634' title='bbox 2642 3925 2795 3980; x_wconf 91' lang='lat' dir='ltr'>enim</span> <span class='ocrx_word' id='word_1_635' title='bbox 2837 3929 3068 3996; x_wconf 83' lang='lat' dir='ltr'>prepter</span> <span class='ocrx_word' id='word_1_636' title='bbox 3103 3925 3208 3978; x_wconf 88' lang='lat' dir='ltr'>hoc</span> <span class='ocrx_word' id='word_1_637' title='bbox 3250 3923 3428 3994; x_wconf 86' lang='lat' dir='ltr'>bapti-</span> 
     </span>
    </p>
   </div>
   <div class='ocr_carea' id='block_1_42' title="bbox 165 4011 3428 4090">
    <p class='ocr_par' dir='ltr' id='par_1_42' title="bbox 165 4011 3428 4090">
     <span class='ocr_line' id='line_1_42' title="bbox 165 4011 3428 4090; baseline 0.001 -28"><span class='ocrx_word' id='word_1_638' title='bbox 165 4023 188 4058; x_wconf 80' lang='grc' dir='ltr'>ι</span> <span class='ocrx_word' id='word_1_639' title='bbox 212 4011 318 4064; x_wconf 89' lang='lat' dir='ltr'>suis</span> <span class='ocrx_word' id='word_1_640' title='bbox 359 4011 582 4066; x_wconf 88' lang='lat' dir='ltr'>delictis</span> <span class='ocrx_word' id='word_1_641' title='bbox 629 4013 842 4068; x_wconf 89' lang='lat' dir='ltr'>hostias</span> <span class='ocrx_word' id='word_1_642' title='bbox 880 4015 1099 4081; x_wconf 70' lang='lat' dir='ltr'>offerre,</span> <span class='ocrx_word' id='word_1_643' title='bbox 1133 4015 1336 4070; x_wconf 92' lang='lat' dir='ltr'>deinde</span> <span class='ocrx_word' id='word_1_644' title='bbox 1355 4035 1457 4089; x_wconf 90' lang='lat' dir='ltr'>pro</span> <span class='ocrx_word' id='word_1_645' title='bbox 1494 4020 1700 4090; x_wconf 89' lang='lat' dir='ltr'>populo</span> <span class='ocrx_word' id='word_1_646' title='bbox 1727 4038 1738 4072; x_wconf 94' lang='lat'>:</span> <span class='ocrx_word' id='word_1_647' title='bbox 1826 4017 2174 4083; x_wconf 88' lang='lat' dir='ltr'>smatribuit,</span> <span class='ocrx_word' id='word_1_648' title='bbox 2191 4022 2255 4072; x_wconf 90' lang='lat' dir='ltr'>ut</span> <span class='ocrx_word' id='word_1_649' title='bbox 2271 4017 2464 4070; x_wconf 88' lang='lat' dir='ltr'>abluat</span> <span class='ocrx_word' id='word_1_650' title='bbox 2477 4019 2723 4087; x_wconf 88' lang='lat' dir='ltr'>peccata,</span> <span class='ocrx_word' id='word_1_651' title='bbox 2755 4031 2869 4068; x_wconf 91' lang='lat' dir='ltr'>non</span> <span class='ocrx_word' id='word_1_652' title='bbox 2895 4020 2961 4068; x_wconf 93' lang='lat' dir='ltr'>ut</span> <span class='ocrx_word' id='word_1_653' title='bbox 2995 4013 3184 4068; x_wconf 85' lang='lat' dir='ltr'>addat.</span> <span class='ocrx_word' id='word_1_654' title='bbox 3214 4013 3273 4068; x_wconf 91' lang='lat' dir='ltr'>Si</span> <span class='ocrx_word' id='word_1_655' title='bbox 3295 4027 3428 4066; x_wconf 89' lang='lat' dir='ltr'>vero</span> 
     </span>
    </p>
   </div>
   <div class='ocr_carea' id='block_1_43' title="bbox 165 4096 3423 4178">
    <p class='ocr_par' dir='ltr' id='par_1_43' title="bbox 165 4096 3423 4178">
     <span class='ocr_line' id='line_1_43' title="bbox 165 4096 3423 4178; baseline 0.002 -28"><span class='ocrx_word' id='word_1_656' title='bbox 165 4112 188 4147; x_wconf 76' lang='grc' dir='ltr'>ι</span> <span class='ocrx_word' id='word_1_657' title='bbox 205 4096 299 4152; x_wconf 88' lang='lat' dir='ltr'>hoc</span> <span class='ocrx_word' id='word_1_658' title='bbox 325 4102 480 4155; x_wconf 91' lang='lat' dir='ltr'>enim</span> <span class='ocrx_word' id='word_1_659' title='bbox 501 4101 634 4156; x_wconf 85' lang='lat' dir='ltr'>fecit</span> <span class='ocrx_word' id='word_1_660' title='bbox 650 4103 824 4156; x_wconf 90' lang='lat' dir='ltr'>semel</span> <span class='ocrx_word' id='word_1_661' title='bbox 848 4119 907 4157; x_wconf 89' lang='lat' dir='ltr'>se</span> <span class='ocrx_word' id='word_1_662' title='bbox 936 4104 1118 4175; x_wconf 90' lang='lat' dir='ltr'>ipsum</span> <span class='ocrx_word' id='word_1_663' title='bbox 1150 4105 1452 4160; x_wconf 74' lang='lat' dir='ltr'>offerendo.</span> <span class='ocrx_word' id='word_1_664' title='bbox 1470 4127 1496 4160; x_wconf 64' lang='grc' dir='ltr'><strong>ν</strong></span> <span class='ocrx_word' id='word_1_665' title='bbox 1507 4108 1610 4162; x_wconf 89' lang='lat' dir='ltr'>Hic</span> <span class='ocrx_word' id='word_1_666' title='bbox 1624 4109 1745 4178; x_wconf 89' lang='lat' dir='ltr'>jam</span> <span class='ocrx_word' id='word_1_667' title='bbox 1829 4107 1952 4178; x_wconf 88' lang='lat' dir='ltr'>quis</span> <span class='ocrx_word' id='word_1_668' title='bbox 1969 4107 2040 4160; x_wconf 90' lang='lat' dir='ltr'>ad</span> <span class='ocrx_word' id='word_1_669' title='bbox 2059 4107 2164 4160; x_wconf 87' lang='lat' dir='ltr'>hoc</span> <span class='ocrx_word' id='word_1_670' title='bbox 2184 4105 2522 4177; x_wconf 87' lang='lat' dir='ltr'>baptismate</span> <span class='ocrx_word' id='word_1_671' title='bbox 2537 4105 2807 4171; x_wconf 90' lang='lat' dir='ltr'>utitur,ut</span> <span class='ocrx_word' id='word_1_672' title='bbox 2823 4103 3098 4176; x_wconf 88' lang='lat' dir='ltr'>ampliora</span> <span class='ocrx_word' id='word_1_673' title='bbox 3115 4103 3423 4174; x_wconf 86' lang='lat' dir='ltr'>delinquat,</span> 
     </span>
    </p>
   </div>
   <div class='ocr_carea' id='block_1_44' title="bbox 159 4183 3428 4268">
    <p class='ocr_par' dir='ltr' id='par_1_44' title="bbox 159 4183 3428 4268">
     <span class='ocr_line' id='line_1_44' title="bbox 159 4183 3428 4268; baseline 0.002 -28"><span class='ocrx_word' id='word_1_674' title='bbox 159 4183 435 4259; x_wconf 81' lang='lat' dir='ltr'>distinguit</span> <span class='ocrx_word' id='word_1_675' title='bbox 463 4191 735 4262; x_wconf 87' lang='lat' dir='ltr'>spiritalis</span> <span class='ocrx_word' id='word_1_676' title='bbox 762 4193 1018 4247; x_wconf 87' lang='lat' dir='ltr'>sacriﬁcii</span> <span class='ocrx_word' id='word_1_677' title='bbox 1047 4193 1432 4260; x_wconf 89' lang='lat' dir='ltr'>eminentiam,</span> <span class='ocrx_word' id='word_1_678' title='bbox 1467 4203 1524 4250; x_wconf 92' lang='lat' dir='ltr'>et</span> <span class='ocrx_word' id='word_1_679' title='bbox 1565 4214 1746 4268; x_wconf 90' lang='lat' dir='ltr'>quan-</span> <span class='ocrx_word' id='word_1_680' title='bbox 1827 4197 2013 4267; x_wconf 89' lang='lat' dir='ltr'>ipsum</span> <span class='ocrx_word' id='word_1_681' title='bbox 2039 4196 2104 4250; x_wconf 85' lang='lat' dir='ltr'>ﬁt</span> <span class='ocrx_word' id='word_1_682' title='bbox 2141 4195 2498 4266; x_wconf 70' lang='lat' dir='ltr'>negligentia:</span> <span class='ocrx_word' id='word_1_683' title='bbox 2524 4211 2712 4248; x_wconf 88' lang='lat' dir='ltr'>causa.</span> <span class='ocrx_word' id='word_1_684' title='bbox 2739 4194 2798 4248; x_wconf 91' lang='lat' dir='ltr'>Si</span> <span class='ocrx_word' id='word_1_685' title='bbox 2829 4193 2980 4247; x_wconf 90' lang='lat' dir='ltr'>enim</span> <span class='ocrx_word' id='word_1_686' title='bbox 3032 4209 3145 4247; x_wconf 90' lang='lat' dir='ltr'>non</span> <span class='ocrx_word' id='word_1_687' title='bbox 3181 4197 3328 4246; x_wconf 90' lang='lat' dir='ltr'>esset</span> <span class='ocrx_word' id='word_1_688' title='bbox 3351 4191 3428 4245; x_wconf 89' lang='lat' dir='ltr'>la-</span> 
     </span>
    </p>
   </div>
   <div class='ocr_carea' id='block_1_45' title="bbox 157 4278 3423 4356">
    <p class='ocr_par' dir='ltr' id='par_1_45' title="bbox 157 4278 3423 4356">
     <span class='ocr_line' id='line_1_45' title="bbox 157 4278 3423 4356; baseline 0.001 -26"><span class='ocrx_word' id='word_1_689' title='bbox 157 4279 262 4330; x_wconf 73' lang='lat' dir='ltr'>tum</span> <span class='ocrx_word' id='word_1_690' title='bbox 281 4278 522 4333; x_wconf 85' lang='lat' dir='ltr'>interest</span> <span class='ocrx_word' id='word_1_691' title='bbox 552 4279 710 4346; x_wconf 86' lang='lat' dir='ltr'>dixit,</span> <span class='ocrx_word' id='word_1_692' title='bbox 736 4282 884 4351; x_wconf 91' lang='lat' dir='ltr'>quod</span> <span class='ocrx_word' id='word_1_693' title='bbox 917 4288 1067 4336; x_wconf 88' lang='lat' dir='ltr'>esset</span> <span class='ocrx_word' id='word_1_694' title='bbox 1101 4283 1380 4354; x_wconf 90' lang='lat' dir='ltr'>pontiﬁcis</span> <span class='ocrx_word' id='word_1_695' title='bbox 1405 4285 1564 4351; x_wconf 83' lang='lat' dir='ltr'>dixit,</span> <span class='ocrx_word' id='word_1_696' title='bbox 1597 4287 1745 4356; x_wconf 90' lang='lat' dir='ltr'>quod</span> <span class='ocrx_word' id='word_1_697' title='bbox 1827 4301 2073 4352; x_wconf 88' lang='lat' dir='ltr'>vacrum,</span> <span class='ocrx_word' id='word_1_698' title='bbox 2097 4284 2411 4339; x_wconf 89' lang='lat' dir='ltr'>munditius</span> <span class='ocrx_word' id='word_1_699' title='bbox 2428 4284 2698 4350; x_wconf 89' lang='lat' dir='ltr'>viverent,</span> <span class='ocrx_word' id='word_1_700' title='bbox 2730 4299 2842 4336; x_wconf 90' lang='lat' dir='ltr'>non</span> <span class='ocrx_word' id='word_1_701' title='bbox 2879 4281 3151 4336; x_wconf 85' lang='lat' dir='ltr'>habentes</span> <span class='ocrx_word' id='word_1_702' title='bbox 3177 4285 3423 4353; x_wconf 88' lang='lat' dir='ltr'>peccata.</span> 
     </span>
    </p>
   </div>
   <div class='ocr_carea' id='block_1_46' title="bbox 157 4369 3430 4463">
    <p class='ocr_par' dir='ltr' id='par_1_46' title="bbox 157 4369 3430 4463">
     <span class='ocr_line' id='line_1_46' title="bbox 157 4369 3430 4463; baseline 0.001 -43"><span class='ocrx_word' id='word_1_703' title='bbox 157 4372 287 4420; x_wconf 75' lang='lat' dir='ltr'>esset</span> <span class='ocrx_word' id='word_1_704' title='bbox 309 4369 664 4435; x_wconf 87' lang='lat' dir='ltr'>testamenti,</span> <span class='ocrx_word' id='word_1_705' title='bbox 698 4385 811 4423; x_wconf 89' lang='lat' dir='ltr'>non</span> <span class='ocrx_word' id='word_1_706' title='bbox 856 4370 1082 4442; x_wconf 89' lang='lat' dir='ltr'>quidem</span> <span class='ocrx_word' id='word_1_707' title='bbox 1127 4377 1312 4426; x_wconf 89' lang='lat' dir='ltr'>totum</span> <span class='ocrx_word' id='word_1_708' title='bbox 1355 4373 1512 4439; x_wconf 85' lang='lat' dir='ltr'>dixit,</span> <span class='ocrx_word' id='word_1_709' title='bbox 1556 4374 2092 4463; x_wconf 82' lang='lat' dir='ltr'>tamenDIntueris,</span> <span class='ocrx_word' id='word_1_710' title='bbox 2112 4373 2264 4444; x_wconf 90' lang='lat' dir='ltr'>quia,</span> <span class='ocrx_word' id='word_1_711' title='bbox 2287 4372 2436 4444; x_wconf 87' lang='lat' dir='ltr'>quod</span> <span class='ocrx_word' id='word_1_712' title='bbox 2456 4372 2668 4426; x_wconf 89' lang='lat' dir='ltr'>dictum</span> <span class='ocrx_word' id='word_1_713' title='bbox 2705 4377 2808 4437; x_wconf 89' lang='lat' dir='ltr'>est,</span> <span class='ocrx_word' id='word_1_714' title='bbox 2843 4371 3136 4463; x_wconf 81' lang='lat' dir='ltr'>Faciamus</span> <span class='ocrx_word' id='word_1_715' title='bbox 3164 4369 3332 4463; x_wconf 73' lang='lat' dir='ltr'>mala,</span> <span class='ocrx_word' id='word_1_716' title='bbox 3363 4373 3430 4463; x_wconf 75' lang='lat' dir='ltr'>ut</span> 
     </span>
    </p>
   </div>
   <div class='ocr_carea' id='block_1_47' title="bbox 154 4451 3428 4531">
    <p class='ocr_par' dir='ltr' id='par_1_47' title="bbox 154 4451 3428 4531">
     <span class='ocr_line' id='line_1_47' title="bbox 154 4451 3428 4531; baseline 0 -23"><span class='ocrx_word' id='word_1_717' title='bbox 154 4451 293 4508; x_wconf 86' lang='lat' dir='ltr'>dixit.</span> <span class='ocrx_word' id='word_1_718' title='bbox 323 4457 444 4510; x_wconf 91' lang='lat' dir='ltr'>Hoc</span> <span class='ocrx_word' id='word_1_719' title='bbox 459 4457 584 4528; x_wconf 88' lang='lat' dir='ltr'>jam</span> <span class='ocrx_word' id='word_1_720' title='bbox 607 4464 740 4512; x_wconf 88' lang='lat' dir='ltr'>ante</span> <span class='ocrx_word' id='word_1_721' title='bbox 769 4459 1074 4530; x_wconf 88' lang='lat' dir='ltr'>repercutit</span> <span class='ocrx_word' id='word_1_722' title='bbox 1096 4466 1154 4515; x_wconf 91' lang='lat' dir='ltr'>et</span> <span class='ocrx_word' id='word_1_723' title='bbox 1172 4461 1357 4531; x_wconf 90' lang='lat' dir='ltr'>ipsum</span> <span class='ocrx_word' id='word_1_724' title='bbox 1388 4463 1742 4518; x_wconf 88' lang='lat' dir='ltr'>sacriﬁcium.</span> <span class='ocrx_word' id='word_1_725' title='bbox 1766 4451 1808 4463; x_wconf 75' lang='grc'><em>”</em></span> <span class='ocrx_word' id='word_1_726' title='bbox 1827 4464 2056 4516; x_wconf 90' lang='lat' dir='ltr'>veniant</span> <span class='ocrx_word' id='word_1_727' title='bbox 2082 4461 2246 4527; x_wconf 89' lang='lat' dir='ltr'>bona,</span> <span class='ocrx_word' id='word_1_728' title='bbox 2279 4477 2382 4515; x_wconf 91' lang='lat' dir='ltr'>nos</span> <span class='ocrx_word' id='word_1_729' title='bbox 2413 4477 2628 4526; x_wconf 91' lang='lat' dir='ltr'>sumus,</span> <span class='ocrx_word' id='word_1_730' title='bbox 2653 4459 2749 4530; x_wconf 91' lang='lat' dir='ltr'>qui</span> <span class='ocrx_word' id='word_1_731' title='bbox 2788 4459 3044 4524; x_wconf 83' lang='lat' dir='ltr'>facimus,</span> <span class='ocrx_word' id='word_1_732' title='bbox 3077 4463 3143 4511; x_wconf 91' lang='lat' dir='ltr'>ut</span> <span class='ocrx_word' id='word_1_733' title='bbox 3163 4456 3428 4510; x_wconf 84' lang='lat' dir='ltr'>dicatur?</span> 
     </span>
    </p>
   </div>
   <div class='ocr_carea' id='block_1_48' title="bbox 155 4539 3421 4623">
    <p class='ocr_par' dir='ltr' id='par_1_48' title="bbox 155 4539 3421 4623">
     <span class='ocr_line' id='line_1_48' title="bbox 155 4539 3421 4623; baseline 0 -26"><span class='ocrx_word' id='word_1_734' title='bbox 155 4539 265 4596; x_wconf 86' lang='lat' dir='ltr'>Noli</span> <span class='ocrx_word' id='word_1_735' title='bbox 291 4543 470 4616; x_wconf 83' lang='lat' dir='ltr'>igitur</span> <span class='ocrx_word' id='word_1_736' title='bbox 502 4552 701 4617; x_wconf 89' lang='lat' dir='ltr'>putare</span> <span class='ocrx_word' id='word_1_737' title='bbox 753 4548 1074 4618; x_wconf 88' lang='lat' dir='ltr'>pontiﬁcem</span> <span class='ocrx_word' id='word_1_738' title='bbox 1133 4566 1262 4604; x_wconf 90' lang='lat' dir='ltr'>eum</span> <span class='ocrx_word' id='word_1_739' title='bbox 1309 4551 1566 4618; x_wconf 89' lang='lat' dir='ltr'>audiens,</span> <span class='ocrx_word' id='word_1_740' title='bbox 1597 4553 1747 4623; x_wconf 90' lang='lat' dir='ltr'>quod</span> <span class='ocrx_word' id='word_1_741' title='bbox 1830 4551 2379 4618; x_wconf 89' lang='lat' dir='ltr'>Idcircoobsecro,ut</span> <span class='ocrx_word' id='word_1_742' title='bbox 2400 4555 2457 4604; x_wconf 92' lang='lat' dir='ltr'>et</span> <span class='ocrx_word' id='word_1_743' title='bbox 2473 4566 2588 4616; x_wconf 90' lang='lat' dir='ltr'>vos,</span> <span class='ocrx_word' id='word_1_744' title='bbox 2605 4547 2737 4618; x_wconf 92' lang='lat' dir='ltr'>quia</span> <span class='ocrx_word' id='word_1_745' title='bbox 2772 4547 3011 4600; x_wconf 91' lang='lat' dir='ltr'>necdum</span> <span class='ocrx_word' id='word_1_746' title='bbox 3049 4545 3184 4600; x_wconf 90' lang='lat' dir='ltr'>estis</span> <span class='ocrx_word' id='word_1_747' title='bbox 3202 4543 3421 4610; x_wconf 90' lang='lat' dir='ltr'>imbuti,</span> 
     </span>
    </p>
   </div>
   <div class='ocr_carea' id='block_1_49' title="bbox 153 4625 3428 4712">
    <p class='ocr_par' dir='ltr' id='par_1_49' title="bbox 153 4625 3428 4712">
     <span class='ocr_line' id='line_1_49' title="bbox 153 4625 3428 4712; baseline 0 -27"><span class='ocrx_word' id='word_1_748' title='bbox 153 4645 354 4703; x_wconf 83' lang='lat' dir='ltr'>semper</span> <span class='ocrx_word' id='word_1_749' title='bbox 402 4635 713 4706; x_wconf 87' lang='lat' dir='ltr'>pontiﬁcali</span> <span class='ocrx_word' id='word_1_750' title='bbox 755 4637 1026 4708; x_wconf 88' lang='lat' dir='ltr'>fungatur</span> <span class='ocrx_word' id='word_1_751' title='bbox 1063 4638 1246 4692; x_wconf 88' lang='lat' dir='ltr'>ofﬁcio</span> <span class='ocrx_word' id='word_1_752' title='bbox 1279 4657 1291 4692; x_wconf 89' lang='lat'>:</span> <span class='ocrx_word' id='word_1_753' title='bbox 1327 4641 1500 4694; x_wconf 90' lang='lat' dir='ltr'>semel</span> <span class='ocrx_word' id='word_1_754' title='bbox 1541 4641 1746 4712; x_wconf 92' lang='lat' dir='ltr'>quippe</span> <span class='ocrx_word' id='word_1_755' title='bbox 1829 4640 2122 4711; x_wconf 88' lang='lat' dir='ltr'>evigiletis.</span> <span class='ocrx_word' id='word_1_756' title='bbox 2152 4641 2351 4704; x_wconf 90' lang='lat' dir='ltr'>Nemo,</span> <span class='ocrx_word' id='word_1_757' title='bbox 2385 4638 2530 4692; x_wconf 90' lang='lat' dir='ltr'>sicut</span> <span class='ocrx_word' id='word_1_758' title='bbox 2556 4625 2953 4701; x_wconf 82' lang='lat' dir='ltr'>mercenarius,</span> <span class='ocrx_word' id='word_1_759' title='bbox 2984 4650 3150 4690; x_wconf 89' lang='lat' dir='ltr'>nemo</span> <span class='ocrx_word' id='word_1_760' title='bbox 3177 4633 3324 4688; x_wconf 90' lang='lat' dir='ltr'>sicut</span> <span class='ocrx_word' id='word_1_761' title='bbox 3337 4633 3428 4686; x_wconf 91' lang='lat' dir='ltr'>in-</span> 
     </span>
    </p>
   </div>
   <div class='ocr_carea' id='block_1_50' title="bbox 154 4718 3428 4800">
    <p class='ocr_par' dir='ltr' id='par_1_50' title="bbox 154 4718 3428 4800">
     <span class='ocr_line' id='line_1_50' title="bbox 154 4718 3428 4800; baseline 0.001 -26"><span class='ocrx_word' id='word_1_762' title='bbox 154 4718 356 4776; x_wconf 83' lang='lat' dir='ltr'>functus</span> <span class='ocrx_word' id='word_1_763' title='bbox 376 4729 467 4778; x_wconf 92' lang='lat' dir='ltr'>est</span> <span class='ocrx_word' id='word_1_764' title='bbox 489 4725 821 4794; x_wconf 87' lang='lat' dir='ltr'>pontiﬁcatu</span> <span class='ocrx_word' id='word_1_765' title='bbox 847 4745 860 4794; x_wconf 90' lang='lat'><strong>;</strong></span> <span class='ocrx_word' id='word_1_766' title='bbox 907 4725 1108 4780; x_wconf 91' lang='lat' dir='ltr'>deinde</span> <span class='ocrx_word' id='word_1_767' title='bbox 1147 4729 1268 4798; x_wconf 88' lang='lat' dir='ltr'>jam</span> <span class='ocrx_word' id='word_1_768' title='bbox 1297 4728 1566 4784; x_wconf 88' lang='lat' dir='ltr'>considet.</span> <span class='ocrx_word' id='word_1_769' title='bbox 1597 4731 1745 4785; x_wconf 88' lang='lat' dir='ltr'>Num</span> <span class='ocrx_word' id='word_1_770' title='bbox 1825 4735 2040 4800; x_wconf 82' lang='lat' dir='ltr'>gratus,</span> <span class='ocrx_word' id='word_1_771' title='bbox 2061 4727 2423 4798; x_wconf 87' lang='lat' dir='ltr'>aggrediatur</span> <span class='ocrx_word' id='word_1_772' title='bbox 2433 4727 2720 4791; x_wconf 88' lang='lat' dir='ltr'>virtutem,</span> <span class='ocrx_word' id='word_1_773' title='bbox 2740 4740 2904 4778; x_wconf 90' lang='lat' dir='ltr'>nemo</span> <span class='ocrx_word' id='word_1_774' title='bbox 2929 4723 3251 4794; x_wconf 85' lang='lat' dir='ltr'>sicutgrave</span> <span class='ocrx_word' id='word_1_775' title='bbox 3271 4722 3428 4794; x_wconf 88' lang='lat' dir='ltr'>quid-</span> 
     </span>
    </p>
   </div>
   <div class='ocr_carea' id='block_1_51' title="bbox 153 4813 3426 4888">
    <p class='ocr_par' dir='ltr' id='par_1_51' title="bbox 153 4813 3426 4888">
     <span class='ocr_line' id='line_1_51' title="bbox 153 4813 3426 4888; baseline 0.001 -25"><span class='ocrx_word' id='word_1_776' title='bbox 153 4815 300 4878; x_wconf 86' lang='lat' dir='ltr'>putas</span> <span class='ocrx_word' id='word_1_777' title='bbox 326 4829 462 4866; x_wconf 89' lang='lat' dir='ltr'>eum</span> <span class='ocrx_word' id='word_1_778' title='bbox 492 4829 719 4868; x_wconf 87' lang='lat' dir='ltr'>rursum</span> <span class='ocrx_word' id='word_1_779' title='bbox 743 4819 894 4868; x_wconf 88' lang='lat' dir='ltr'>stare</span> <span class='ocrx_word' id='word_1_780' title='bbox 943 4820 1000 4869; x_wconf 91' lang='lat' dir='ltr'>et</span> <span class='ocrx_word' id='word_1_781' title='bbox 1037 4815 1361 4871; x_wconf 88' lang='lat' dir='ltr'>ministrum</span> <span class='ocrx_word' id='word_1_782' title='bbox 1392 4818 1558 4872; x_wconf 90' lang='lat' dir='ltr'>esse?</span> <span class='ocrx_word' id='word_1_783' title='bbox 1587 4819 1746 4872; x_wconf 92' lang='lat' dir='ltr'>Unde</span> <span class='ocrx_word' id='word_1_784' title='bbox 1827 4817 1959 4872; x_wconf 86' lang='lat' dir='ltr'>dam</span> <span class='ocrx_word' id='word_1_785' title='bbox 1989 4823 2047 4870; x_wconf 89' lang='lat' dir='ltr'>et</span> <span class='ocrx_word' id='word_1_786' title='bbox 2071 4814 2444 4888; x_wconf 88' lang='lat' dir='ltr'>importabile.</span> <span class='ocrx_word' id='word_1_787' title='bbox 2467 4815 2609 4868; x_wconf 88' lang='lat' dir='ltr'>Cum</span> <span class='ocrx_word' id='word_1_788' title='bbox 2637 4813 2926 4868; x_wconf 89' lang='lat' dir='ltr'>alacritate</span> <span class='ocrx_word' id='word_1_789' title='bbox 2955 4813 3130 4884; x_wconf 88' lang='lat' dir='ltr'>igitur</span> <span class='ocrx_word' id='word_1_790' title='bbox 3150 4813 3297 4866; x_wconf 87' lang='lat' dir='ltr'>hanc</span> <span class='ocrx_word' id='word_1_791' title='bbox 3326 4827 3426 4882; x_wconf 85' lang='lat' dir='ltr'>ag-</span> 
     </span>
    </p>
   </div>
   <div class='ocr_carea' id='block_1_52' title="bbox 154 4901 3427 4977">
    <p class='ocr_par' dir='ltr' id='par_1_52' title="bbox 154 4901 3427 4977">
     <span class='ocr_line' id='line_1_52' title="bbox 154 4901 3427 4977; baseline 0.001 -27"><span class='ocrx_word' id='word_1_792' title='bbox 154 4901 381 4955; x_wconf 87' lang='lat' dir='ltr'>ostendit</span> <span class='ocrx_word' id='word_1_793' title='bbox 399 4901 537 4972; x_wconf 89' lang='lat' dir='ltr'>quia</span> <span class='ocrx_word' id='word_1_794' title='bbox 556 4902 993 4973; x_wconf 87' lang='lat' dir='ltr'>dispensationis</span> <span class='ocrx_word' id='word_1_795' title='bbox 1024 4921 1115 4958; x_wconf 90' lang='lat' dir='ltr'>res</span> <span class='ocrx_word' id='word_1_796' title='bbox 1147 4911 1274 4960; x_wconf 89' lang='lat' dir='ltr'>acta</span> <span class='ocrx_word' id='word_1_797' title='bbox 1293 4911 1380 4960; x_wconf 90' lang='lat' dir='ltr'>est</span> <span class='ocrx_word' id='word_1_798' title='bbox 1414 4907 1572 4961; x_wconf 90' lang='lat' dir='ltr'>Sicut</span> <span class='ocrx_word' id='word_1_799' title='bbox 1595 4907 1747 4961; x_wconf 91' lang='lat' dir='ltr'>enim</span> <span class='ocrx_word' id='word_1_800' title='bbox 1826 4906 2155 4977; x_wconf 85' lang='lat' dir='ltr'>grediamur</span> <span class='ocrx_word' id='word_1_801' title='bbox 2165 4911 2224 4960; x_wconf 93' lang='lat' dir='ltr'>et</span> <span class='ocrx_word' id='word_1_802' title='bbox 2239 4904 2570 4976; x_wconf 87' lang='lat' dir='ltr'>gaudentes,</span> <span class='ocrx_word' id='word_1_803' title='bbox 2589 4919 2653 4957; x_wconf 87' lang='lat' dir='ltr'>ac</span> <span class='ocrx_word' id='word_1_804' title='bbox 2667 4903 2714 4957; x_wconf 90' lang='lat' dir='ltr'>si</span> <span class='ocrx_word' id='word_1_805' title='bbox 2734 4902 2886 4957; x_wconf 89' lang='lat' dir='ltr'>enim</span> <span class='ocrx_word' id='word_1_806' title='bbox 2905 4919 3118 4956; x_wconf 90' lang='lat' dir='ltr'>merces</span> <span class='ocrx_word' id='word_1_807' title='bbox 3132 4901 3294 4956; x_wconf 93' lang='lat' dir='ltr'>nobis</span> <span class='ocrx_word' id='word_1_808' title='bbox 3313 4917 3427 4954; x_wconf 91' lang='lat' dir='ltr'>non</span> 
     </span>
    </p>
   </div>
   <div class='ocr_carea' id='block_1_53' title="bbox 153 4990 3426 5067">
    <p class='ocr_par' dir='ltr' id='par_1_53' title="bbox 153 4990 3426 5067">
     <span class='ocr_line' id='line_1_53' title="bbox 153 4990 3426 5067; baseline 0.001 -25"><span class='ocrx_word' id='word_1_809' title='bbox 153 5003 324 5044; x_wconf 80' lang='lat' dir='ltr'>servus</span> <span class='ocrx_word' id='word_1_810' title='bbox 369 4990 560 5044; x_wconf 82' lang='lat' dir='ltr'>factus</span> <span class='ocrx_word' id='word_1_811' title='bbox 607 4997 712 5057; x_wconf 90' lang='lat' dir='ltr'>est,</span> <span class='ocrx_word' id='word_1_812' title='bbox 748 4992 826 5046; x_wconf 92' lang='lat' dir='ltr'>sic</span> <span class='ocrx_word' id='word_1_813' title='bbox 873 4998 932 5046; x_wconf 91' lang='lat' dir='ltr'>et</span> <span class='ocrx_word' id='word_1_814' title='bbox 956 4994 1202 5064; x_wconf 85' lang='lat' dir='ltr'>pontifex</span> <span class='ocrx_word' id='word_1_815' title='bbox 1233 5001 1290 5049; x_wconf 92' lang='lat' dir='ltr'>et</span> <span class='ocrx_word' id='word_1_816' title='bbox 1317 4995 1592 5050; x_wconf 86' lang='lat' dir='ltr'>minister.</span> <span class='ocrx_word' id='word_1_817' title='bbox 1621 4997 1748 5051; x_wconf 90' lang='lat' dir='ltr'>Non</span> <span class='ocrx_word' id='word_1_818' title='bbox 1827 5001 1978 5049; x_wconf 90' lang='lat' dir='ltr'>esset</span> <span class='ocrx_word' id='word_1_819' title='bbox 1999 4994 2305 5067; x_wconf 88' lang='lat' dir='ltr'>proposita,</span> <span class='ocrx_word' id='word_1_820' title='bbox 2329 5009 2514 5048; x_wconf 91' lang='lat' dir='ltr'>nonne</span> <span class='ocrx_word' id='word_1_821' title='bbox 2535 4991 2831 5063; x_wconf 91' lang='lat' dir='ltr'>oportebat</span> <span class='ocrx_word' id='word_1_822' title='bbox 2848 4991 3024 5046; x_wconf 89' lang='lat' dir='ltr'>bonos</span> <span class='ocrx_word' id='word_1_823' title='bbox 3034 4990 3194 5046; x_wconf 89' lang='lat' dir='ltr'>esse?</span> <span class='ocrx_word' id='word_1_824' title='bbox 3215 4990 3426 5044; x_wconf 88' lang='lat' dir='ltr'>Saltem</span> 
     </span>
    </p>
   </div>
   <div class='ocr_carea' id='block_1_54' title="bbox 155 5077 3426 5154">
    <p class='ocr_par' dir='ltr' id='par_1_54' title="bbox 155 5077 3426 5154">
     <span class='ocr_line' id='line_1_54' title="bbox 155 5077 3426 5154; baseline 0.001 -24"><span class='ocrx_word' id='word_1_825' title='bbox 155 5077 288 5130; x_wconf 77' lang='lat' dir='ltr'>enim</span> <span class='ocrx_word' id='word_1_826' title='bbox 309 5079 565 5133; x_wconf 90' lang='lat' dir='ltr'>ministri</span> <span class='ocrx_word' id='word_1_827' title='bbox 591 5085 678 5134; x_wconf 90' lang='lat' dir='ltr'>est</span> <span class='ocrx_word' id='word_1_828' title='bbox 705 5081 1033 5147; x_wconf 87' lang='lat' dir='ltr'>sedere,sed</span> <span class='ocrx_word' id='word_1_829' title='bbox 1046 5084 1342 5138; x_wconf 88' lang='lat' dir='ltr'>stare.Hoc</span> <span class='ocrx_word' id='word_1_830' title='bbox 1363 5083 1514 5138; x_wconf 89' lang='lat' dir='ltr'>enim</span> <span class='ocrx_word' id='word_1_831' title='bbox 1525 5086 1748 5154; x_wconf 87' lang='lat' dir='ltr'>magni-</span> <span class='ocrx_word' id='word_1_832' title='bbox 1828 5101 1953 5138; x_wconf 90' lang='lat' dir='ltr'>cum</span> <span class='ocrx_word' id='word_1_833' title='bbox 1983 5083 2238 5137; x_wconf 86' lang='lat' dir='ltr'>mercede</span> <span class='ocrx_word' id='word_1_834' title='bbox 2260 5084 2380 5153; x_wconf 87' lang='lat' dir='ltr'>jam</span> <span class='ocrx_word' id='word_1_835' title='bbox 2411 5081 2721 5136; x_wconf 77' lang='lat' dir='ltr'>efﬁciamur</span> <span class='ocrx_word' id='word_1_836' title='bbox 2747 5081 2899 5135; x_wconf 92' lang='lat' dir='ltr'>boni.</span> <span class='ocrx_word' id='word_1_837' title='bbox 2933 5081 3003 5136; x_wconf 91' lang='lat' dir='ltr'>Et</span> <span class='ocrx_word' id='word_1_838' title='bbox 3020 5079 3298 5150; x_wconf 89' lang='lat' dir='ltr'>quomodo</span> <span class='ocrx_word' id='word_1_839' title='bbox 3313 5094 3426 5132; x_wconf 90' lang='lat' dir='ltr'>non</span> 
     </span>
    </p>
   </div>
   <div class='ocr_carea' id='block_1_55' title="bbox 155 5165 3428 5248">
    <p class='ocr_par' dir='ltr' id='par_1_55' title="bbox 155 5165 3428 5248">
     <span class='ocr_line' id='line_1_55' title="bbox 155 5165 3428 5248; baseline 0.001 -30"><span class='ocrx_word' id='word_1_840' title='bbox 155 5165 390 5221; x_wconf 78' lang='lat' dir='ltr'>tudinem</span> <span class='ocrx_word' id='word_1_841' title='bbox 407 5168 670 5223; x_wconf 70' lang='lat' dir='ltr'>sacriﬁcii</span> <span class='ocrx_word' id='word_1_842' title='bbox 682 5170 952 5224; x_wconf 88' lang='lat' dir='ltr'>ostendit:</span> <span class='ocrx_word' id='word_1_843' title='bbox 975 5171 1376 5241; x_wconf 89' lang='lat' dir='ltr'>quamvisillud</span> <span class='ocrx_word' id='word_1_844' title='bbox 1389 5189 1564 5226; x_wconf 91' lang='lat' dir='ltr'>unum</span> <span class='ocrx_word' id='word_1_845' title='bbox 1577 5179 1742 5241; x_wconf 89' lang='lat' dir='ltr'>esset,</span> <span class='ocrx_word' id='word_1_846' title='bbox 1829 5173 2146 5228; x_wconf 85' lang='lat' dir='ltr'>erubescis?</span> <span class='ocrx_word' id='word_1_847' title='bbox 2171 5173 2236 5227; x_wconf 93' lang='lat' dir='ltr'>In</span> <span class='ocrx_word' id='word_1_848' title='bbox 2261 5172 2368 5248; x_wconf 78' lang='lat' dir='ltr'>hoc</span> <span class='ocrx_word' id='word_1_849' title='bbox 2393 5173 2575 5241; x_wconf 83' lang='lat' dir='ltr'>major</span> <span class='ocrx_word' id='word_1_850' title='bbox 2603 5177 2690 5224; x_wconf 90' lang='lat' dir='ltr'>est</span> <span class='ocrx_word' id='word_1_851' title='bbox 2727 5171 2837 5224; x_wconf 87' lang='lat' dir='ltr'>ista</span> <span class='ocrx_word' id='word_1_852' title='bbox 2881 5166 3240 5241; x_wconf 90' lang='lat' dir='ltr'>reprehensio</span> <span class='ocrx_word' id='word_1_853' title='bbox 3273 5184 3285 5218; x_wconf 89' lang='lat'>:</span> <span class='ocrx_word' id='word_1_854' title='bbox 3318 5167 3428 5220; x_wconf 90' lang='lat' dir='ltr'>nisi</span> 
     </span>
    </p>
   </div>
   <div class='ocr_carea' id='block_1_56' title="bbox 155 5255 3424 5332">
    <p class='ocr_par' dir='ltr' id='par_1_56' title="bbox 155 5255 3424 5332">
     <span class='ocr_line' id='line_1_56' title="bbox 155 5255 3424 5332; baseline 0.001 -26"><span class='ocrx_word' id='word_1_855' title='bbox 155 5257 201 5304; x_wconf 86' lang='lat' dir='ltr'>et</span> <span class='ocrx_word' id='word_1_856' title='bbox 223 5257 393 5310; x_wconf 90' lang='lat' dir='ltr'>semel</span> <span class='ocrx_word' id='word_1_857' title='bbox 423 5255 696 5324; x_wconf 88' lang='lat' dir='ltr'>oblatum,</span> <span class='ocrx_word' id='word_1_858' title='bbox 726 5258 934 5313; x_wconf 85' lang='lat' dir='ltr'>sufﬁcit</span> <span class='ocrx_word' id='word_1_859' title='bbox 959 5260 1018 5314; x_wconf 92' lang='lat' dir='ltr'>in</span> <span class='ocrx_word' id='word_1_860' title='bbox 1047 5261 1486 5332; x_wconf 88' lang='lat' dir='ltr'>sempiternum;</span> <span class='ocrx_word' id='word_1_861' title='bbox 1519 5269 1576 5316; x_wconf 91' lang='lat' dir='ltr'>et</span> <span class='ocrx_word' id='word_1_862' title='bbox 1619 5270 1746 5318; x_wconf 67' lang='grc' dir='ltr'>ωτι-</span> <span class='ocrx_word' id='word_1_863' title='bbox 1827 5263 1966 5316; x_wconf 86' lang='lat' dir='ltr'>mihi</span> <span class='ocrx_word' id='word_1_864' title='bbox 1993 5261 2216 5316; x_wconf 91' lang='lat' dir='ltr'>dederis</span> <span class='ocrx_word' id='word_1_865' title='bbox 2244 5259 2579 5325; x_wconf 90' lang='lat' dir='ltr'>mercedem,</span> <span class='ocrx_word' id='word_1_866' title='bbox 2603 5259 2806 5330; x_wconf 88' lang='lat' dir='ltr'>inquis,</span> <span class='ocrx_word' id='word_1_867' title='bbox 2842 5274 2955 5312; x_wconf 90' lang='lat' dir='ltr'>non</span> <span class='ocrx_word' id='word_1_868' title='bbox 2979 5255 3191 5310; x_wconf 86' lang='lat' dir='ltr'>efﬁciar</span> <span class='ocrx_word' id='word_1_869' title='bbox 3217 5260 3424 5310; x_wconf 90' lang='lat' dir='ltr'>castus.</span> 
     </span>
    </p>
   </div>
   <div class='ocr_carea' id='block_1_57' title="bbox 155 5344 3426 5423">
    <p class='ocr_par' dir='ltr' id='par_1_57' title="bbox 155 5344 3426 5423">
     <span class='ocr_line' id='line_1_57' title="bbox 155 5344 3426 5423; baseline 0.001 -26"><span class='ocrx_word' id='word_1_870' title='bbox 155 5344 262 5397; x_wconf 85' lang='lat' dir='ltr'>tum</span> <span class='ocrx_word' id='word_1_871' title='bbox 287 5346 604 5416; x_wconf 68' lang='lat' dir='ltr'>praevaluit,</span> <span class='ocrx_word' id='word_1_872' title='bbox 641 5353 916 5418; x_wconf 88' lang='lat' dir='ltr'>quantum</span> <span class='ocrx_word' id='word_1_873' title='bbox 944 5355 1145 5404; x_wconf 65' lang='lat' dir='ltr'>caetera</span> <span class='ocrx_word' id='word_1_874' title='bbox 1175 5349 1366 5405; x_wconf 89' lang='lat' dir='ltr'>omnia</span> <span class='ocrx_word' id='word_1_875' title='bbox 1387 5368 1500 5406; x_wconf 90' lang='lat' dir='ltr'>non</span> <span class='ocrx_word' id='word_1_876' title='bbox 1531 5369 1746 5423; x_wconf 64' lang='lat' dir='ltr'>praeva-</span> <span class='ocrx_word' id='word_1_877' title='bbox 1828 5351 2069 5406; x_wconf 88' lang='lat' dir='ltr'>Proinde</span> <span class='ocrx_word' id='word_1_878' title='bbox 2098 5350 2276 5404; x_wconf 91' lang='lat' dir='ltr'>audeo</span> <span class='ocrx_word' id='word_1_879' title='bbox 2305 5349 2516 5420; x_wconf 85' lang='lat' dir='ltr'>aliquid</span> <span class='ocrx_word' id='word_1_880' title='bbox 2546 5349 2748 5414; x_wconf 90' lang='lat' dir='ltr'>dicere,</span> <span class='ocrx_word' id='word_1_881' title='bbox 2768 5361 3058 5418; x_wconf 90' lang='lat' dir='ltr'>nunquam</span> <span class='ocrx_word' id='word_1_882' title='bbox 3081 5345 3194 5398; x_wconf 92' lang='lat' dir='ltr'>eris</span> <span class='ocrx_word' id='word_1_883' title='bbox 3217 5349 3426 5413; x_wconf 90' lang='lat' dir='ltr'>castus,</span> 
     </span>
    </p>
   </div>
   <div class='ocr_carea' id='block_1_58' title="bbox 155 5430 3429 5511">
    <p class='ocr_par' dir='ltr' id='par_1_58' title="bbox 155 5430 3429 5511">
     <span class='ocr_line' id='line_1_58' title="bbox 155 5430 3429 5511; baseline 0.002 -30"><span class='ocrx_word' id='word_1_884' title='bbox 155 5430 397 5500; x_wconf 86' lang='lat' dir='ltr'>luerunt;</span> <span class='ocrx_word' id='word_1_885' title='bbox 423 5439 486 5488; x_wconf 90' lang='lat' dir='ltr'>et</span> <span class='ocrx_word' id='word_1_886' title='bbox 499 5435 645 5506; x_wconf 91' lang='lat' dir='ltr'>quod</span> <span class='ocrx_word' id='word_1_887' title='bbox 665 5436 950 5505; x_wconf 83' lang='lat' dir='ltr'>oﬁ‘erebat,</span> <span class='ocrx_word' id='word_1_888' title='bbox 973 5455 1084 5493; x_wconf 92' lang='lat' dir='ltr'>non</span> <span class='ocrx_word' id='word_1_889' title='bbox 1106 5455 1208 5510; x_wconf 93' lang='lat' dir='ltr'>pro</span> <span class='ocrx_word' id='word_1_890' title='bbox 1246 5456 1306 5494; x_wconf 93' lang='lat' dir='ltr'>se</span> <span class='ocrx_word' id='word_1_891' title='bbox 1349 5439 1740 5507; x_wconf 82' lang='lat' dir='ltr'>oﬁ‘erebat,sed</span> <span class='ocrx_word' id='word_1_892' title='bbox 1824 5457 2006 5511; x_wconf 91' lang='lat' dir='ltr'>neque</span> <span class='ocrx_word' id='word_1_893' title='bbox 2035 5440 2083 5493; x_wconf 91' lang='lat' dir='ltr'>si</span> <span class='ocrx_word' id='word_1_894' title='bbox 2115 5439 2338 5510; x_wconf 90' lang='lat' dir='ltr'>quando</span> <span class='ocrx_word' id='word_1_895' title='bbox 2377 5437 2490 5491; x_wconf 91' lang='lat' dir='ltr'>eris</span> <span class='ocrx_word' id='word_1_896' title='bbox 2537 5442 2761 5503; x_wconf 88' lang='lat' dir='ltr'>castus;</span> <span class='ocrx_word' id='word_1_897' title='bbox 2808 5436 2857 5489; x_wconf 91' lang='lat' dir='ltr'>si</span> <span class='ocrx_word' id='word_1_898' title='bbox 2911 5434 3141 5506; x_wconf 89' lang='lat' dir='ltr'>quidem</span> <span class='ocrx_word' id='word_1_899' title='bbox 3186 5433 3292 5488; x_wconf 90' lang='lat' dir='ltr'>hoc</span> <span class='ocrx_word' id='word_1_900' title='bbox 3327 5450 3429 5504; x_wconf 92' lang='lat' dir='ltr'>pro</span> 
     </span>
    </p>
   </div>
   <div class='ocr_carea' id='block_1_59' title="bbox 156 5523 3425 5600">
    <p class='ocr_par' dir='ltr' id='par_1_59' title="bbox 156 5523 3425 5600">
     <span class='ocr_line' id='line_1_59' title="bbox 156 5523 3425 5600; baseline 0 -25"><span class='ocrx_word' id='word_1_901' title='bbox 156 5535 241 5588; x_wconf 85' lang='lat' dir='ltr'>pro</span> <span class='ocrx_word' id='word_1_902' title='bbox 256 5523 608 5594; x_wconf 87' lang='lat' dir='ltr'>populo.Nec</span> <span class='ocrx_word' id='word_1_903' title='bbox 621 5525 772 5580; x_wconf 90' lang='lat' dir='ltr'>enim</span> <span class='ocrx_word' id='word_1_904' title='bbox 785 5527 890 5580; x_wconf 89' lang='lat' dir='ltr'>hoc</span> <span class='ocrx_word' id='word_1_905' title='bbox 903 5545 1005 5598; x_wconf 90' lang='lat' dir='ltr'>pro</span> <span class='ocrx_word' id='word_1_906' title='bbox 1019 5529 1226 5600; x_wconf 89' lang='lat' dir='ltr'>populo</span> <span class='ocrx_word' id='word_1_907' title='bbox 1237 5529 1486 5600; x_wconf 92' lang='lat' dir='ltr'>quotidie</span> <span class='ocrx_word' id='word_1_908' title='bbox 1501 5531 1741 5585; x_wconf 86' lang='lat' dir='ltr'>oﬁ&#39;eren-</span> <span class='ocrx_word' id='word_1_909' title='bbox 1822 5529 2078 5584; x_wconf 90' lang='lat' dir='ltr'>mercede</span> <span class='ocrx_word' id='word_1_910' title='bbox 2105 5528 2260 5594; x_wconf 86' lang='lat' dir='ltr'>facis,</span> <span class='ocrx_word' id='word_1_911' title='bbox 2284 5526 2425 5581; x_wconf 89' lang='lat' dir='ltr'>nihil</span> <span class='ocrx_word' id='word_1_912' title='bbox 2453 5526 2700 5582; x_wconf 61' lang='lat' dir='ltr'>mstimas</span> <span class='ocrx_word' id='word_1_913' title='bbox 2728 5525 3014 5589; x_wconf 89' lang='lat' dir='ltr'>virtutem,</span> <span class='ocrx_word' id='word_1_914' title='bbox 3048 5523 3095 5578; x_wconf 91' lang='lat' dir='ltr'>si</span> <span class='ocrx_word' id='word_1_915' title='bbox 3117 5539 3229 5578; x_wconf 91' lang='lat' dir='ltr'>non</span> <span class='ocrx_word' id='word_1_916' title='bbox 3243 5523 3425 5594; x_wconf 86' lang='lat' dir='ltr'>ipsam</span> 
     </span>
    </p>
   </div>
   <div class='ocr_carea' id='block_1_60' title="bbox 157 5607 3425 5690">
    <p class='ocr_par' dir='ltr' id='par_1_60' title="bbox 157 5607 3425 5690">
     <span class='ocr_line' id='line_1_60' title="bbox 157 5607 3425 5690; baseline 0 -29"><span class='ocrx_word' id='word_1_917' title='bbox 157 5607 274 5664; x_wconf 84' lang='lat' dir='ltr'>dum</span> <span class='ocrx_word' id='word_1_918' title='bbox 286 5619 444 5679; x_wconf 85' lang='lat' dir='ltr'>erat;</span> <span class='ocrx_word' id='word_1_919' title='bbox 471 5613 568 5668; x_wconf 85' lang='lat' dir='ltr'>sed</span> <span class='ocrx_word' id='word_1_920' title='bbox 581 5616 1077 5672; x_wconf 59' lang='lat' dir='ltr'>tantesanctitatis</span> <span class='ocrx_word' id='word_1_921' title='bbox 1087 5619 1546 5690; x_wconf 84' lang='lat' dir='ltr'>ethonorisapud</span> <span class='ocrx_word' id='word_1_922' title='bbox 1559 5619 1740 5674; x_wconf 90' lang='lat' dir='ltr'>Deum</span> <span class='ocrx_word' id='word_1_923' title='bbox 1822 5633 1996 5673; x_wconf 87' lang='lat' dir='ltr'>ames.</span> <span class='ocrx_word' id='word_1_924' title='bbox 2031 5617 2142 5673; x_wconf 91' lang='lat' dir='ltr'>Sed</span> <span class='ocrx_word' id='word_1_925' title='bbox 2168 5617 2319 5672; x_wconf 91' lang='lat' dir='ltr'>Deus</span> <span class='ocrx_word' id='word_1_926' title='bbox 2363 5621 2594 5688; x_wconf 90' lang='lat' dir='ltr'>propter</span> <span class='ocrx_word' id='word_1_927' title='bbox 2633 5615 2871 5670; x_wconf 87' lang='lat' dir='ltr'>multam</span> <span class='ocrx_word' id='word_1_928' title='bbox 2898 5619 3151 5670; x_wconf 85' lang='lat' dir='ltr'>nostram</span> <span class='ocrx_word' id='word_1_929' title='bbox 3186 5607 3425 5666; x_wconf 86' lang='lat' dir='ltr'>inﬁrmi-</span> 
     </span>
    </p>
   </div>
  </div>
