3848 6164
183 282 267 337 κδ
508 273 1088 332 ENARRA'I’IONUM
1121 275 1201 334 IN
1237 276 1392 335 ω.
1434 276 1648 337 PAULI
1686 275 1823 339 LIB.
1864 274 2116 339 XXVIII.
2160 304 2224 333 -:-,-
2270 274 2350 338 IN
2393 272 2616 338 Ειηθτ.
2647 271 2746 336 AD
2783 272 2998 335 HEBR.
3288 275 3393 332 76‘

182 405 295 477 quod
314 405 414 473 jam
439 417 540 455 nec
567 400 830 472 possibile
852 406 939 454 est
952 417 1122 471 super
1150 406 1361 458 terram
1382 420 1505 460 esse
1524 418 1710 461 sacer-
1727 407 1777 469 A
1794 405 2199 469 introductum,
2230 405 2531 473 propterea
2556 398 2707 461 enim
2748 398 2982 467 obtinet,
3020 401 3152 471 quia
3190 402 3393 456 melius

179 489 510 557 dotem.fAlb.)
534 489 593 544 Si
611 489 787 559 igitur
816 497 964 543 esset
992 495 1252 545 terrenus
1277 493 1542 563 pontifex,
1565 492 1713 547 sicut
1794 500 1914 559 est;
1966 495 2100 551 sicu'
2151 492 2322 553 enim,
2383 510 2404 547 ς
2460 488 2594 559 quia
2632 489 2898 559 perfectio
2939 506 3039 559 per
3094 491 3228 561 illud
3285 496 3389 571 est,

178 586 337 643 Aaron,
357 595 457 633 non
478 584 629 632 esset
651 579 844 649 utique
861 580 1441 651 sacerdossecundum
1459 581 1713 643 ordinem
1795 584 1928 655 quid
1985 600 2137 651 ergo,
2191 579 2393 652 inquit,
2440 594 2580 648 opus
2631 583 2720 635 est
2766 578 3076 637 secundum
3135 580 3392 649 ordinem

179 668 523 727 Melchisedech
552 668 613 722 in
649 672 940 721 aeternum.
973 669 1162 727 Aaron
1207 670 1414 741 quippe
1459 675 1713 737 mortuus
1794 672 2195 733 Melchisedech
2225 669 2399 733 alium
2420 667 2676 727 suscitari
2697 668 3047 737 pontiﬁcem:
3078 688 3102 719 ιι
3125 669 3204 723 sic
3220 669 3393 724 etiam

179 765 257 819 est,
280 764 450 825 etnon
471 762 559 809 est
587 756 865 810 sacerdos.
892 757 1149 813 Christus
1172 775 1321 823 vero,
1340 759 1474 829 quia
1492 758 1627 815 vivit
1653 758 1712 815 in
1794 762 1884 817 hic
1911 763 2106 817 eodem
2127 760 2308 817 utitur
2328 757 2673 828 syllogismo,
2705 756 2897 815 dicens
2929 775 2940 809 :
2981 778 3003 815 ι
3037 758 3181 812 Nam
3238 758 3286 811 si
3323 758 3393 811 il-

177 854 408 905 sternum.
432 845 694 901 sacerdos
724 850 810 899 est
828 846 1239 916 sempiternus;
1276 865 1389 904 non
1415 848 1544 903 talis
1573 864 1711 916 qua-
1798 851 1893 907 Iud
1933 851 2086 922 prius
2117 850 2283 919 culpa
2325 852 2590 911 vacasset,
2624 863 2739 905 non
2792 845 2985 917 utique
3034 847 3264 902 secundi
3307 848 3393 901 lo-

176 939 235 991 les
255 936 321 990 illi
348 935 571 989 fuerunt
598 934 696 1004 qui
727 935 1030 1005 exemplari
1059 940 1117 989 et
1157 936 1368 992 umbra;
1399 936 1720 1001 deserviunt
1799 957 1895 996 cus
1953 939 2333 1010 inquireretur
2369 956 2381 1002 ;
2441 935 2765 1006 vituperans
2814 935 2962 992 enim
3011 952 3108 1001 sps
3162 935 3313 990 dicit.
3366 955 3389 987 ι

175 1025 446 1089 cmlestium.
466 1024 680 1077 Omnes
707 1040 839 1077 vero
866 1025 1182 1087 sacerdotes
1211 1026 1407 1095 inlege
1428 1025 1716 1095 constituti
1803 1031 1963 1095 (.4le
1993 1030 2111 1085 Hoc
2139 1033 2239 1087 est,
2276 1027 2322 1083 si
2372 1024 2735 1095 insulpabiles
2783 1028 2969 1082 essent
3012 1024 3394 1093 observatores

174 1113 433 1184 exemplare
456 1118 515 1165 et
531 1111 833 1167 umbratile
854 1114 1225 1169 sacerdotium
1256 1115 1529 1184 gerebant
1559 1118 1718 1171 coele-
1800 1118 1905 1173 sui.
1958 1132 2247 1185 nunquam
2297 1113 2526 1173 secundi
2582 1113 2735 1173 locus
2794 1113 3224 1183 relinqueretur.
3284 1114 3391 1167 Sed

175 1203 322 1267 stium,
368 1202 415 1254 id
466 1209 572 1266 est,
614 1201 970 1272 spiritalium,
1004 1203 1386 1272 signiﬁcantes
1426 1222 1618 1259 verum
1662 1212 1721 1260 et
1800 1207 1931 1277 quia
1960 1206 2094 1262 illud
2125 1222 2236 1261 non
2285 1203 2394 1261 fuit
2439 1204 2767 1273 perfectum,
2818 1201 3077 1261 inventus
3120 1208 3205 1257 est
3240 1202 3393 1257 locus

173 1292 524 1361 sempiternum
548 1291 758 1344 Christi
779 1291 1173 1346 sacerdotium.
1197 1294 1395 1347 Nonne
1426 1294 1602 1349 altare
1633 1302 1719 1348 est
1799 1301 1964 1366 aptus
1990 1294 2215 1351 secundi
2244 1291 2587 1355 testamenti,
2611 1291 2757 1349 sicut
2774 1307 2874 1361 per
2893 1291 3229 1361 prophetam
3258 1291 3394 1345 dicit

173 1381 346 1434 cmleste
362 1380 498 1433 ﬁdes
535 1386 748 1441 nostra,
772 1382 827 1433 in
853 1397 962 1450 quo
987 1382 1273 1436 offerimus
1295 1382 1543 1453 quotidie
1589 1401 1715 1437 ora-
1799 1384 2073 1440 Dominus
2098 1374 2115 1436 ἐ

172 1470 311 1523 tiones
328 1469 578 1524 nostras?
602 1468 754 1525 Nihil
774 1485 903 1523 vero
927 1469 1138 1524 habens
1167 1472 1406 1525 carnalis
1436 1472 1713 1538 sacriﬁcii,
1875 1493 1897 1527 ι
1931 1474 2067 1529 Ecce
2089 1472 2207 1526 dies
2224 1468 2610 1535 venient,dicit
2629 1468 2985 1534 Dominus,et
2995 1468 3395 1524 consummabo

173 1559 284 1627 quod
305 1558 356 1611 in
375 1558 591 1610 cineres
622 1558 954 1621 resolvatur,
980 1575 1082 1613 nec
1110 1559 1169 1613 in
1190 1559 1345 1615 fumo
1361 1566 1712 1628 extenuetur,
1802 1579 1827 1614 α
1859 1578 2028 1631 super
2058 1562 2285 1617 domum
2316 1559 2489 1615 Israel
2512 1564 2569 1615 et
2596 1574 2766 1628 super
2793 1558 3022 1615 domum
3045 1558 3189 1613 Juda
3206 1559 3396 1613 Testa-

171 1663 246 1700 nec
282 1646 330 1699 in
372 1663 607 1716 vapores
655 1646 1020 1700 diffundatur.
1074 1649 1202 1705 Hzec
1259 1666 1388 1702 vero
1440 1650 1718 1704 sacriﬁcia
1804 1671 1825 1701 ι
1861 1645 2874 1713 mentumNovum(Jcr.xxx1).Etnon
2894 1647 3199 1703 secundum
3218 1651 3394 1701 testa-

170 1737 287 1788 clara
309 1740 359 1788 et
374 1734 661 1800 festiviora
676 1735 1322 1799 efiiciunturﬂuomodo
1337 1738 1583 1792 cmicstia
1602 1722 1782 1811 nonB
1806 1760 1826 1790 α
1864 1745 2115 1795 mentum
2157 1738 2303 1808 quod
2354 1737 2456 1794 feci
2506 1735 2757 1806 patribus
2815 1753 3009 1799 eorum
3048 1736 3108 1791 in
3148 1736 3238 1790 die
3285 1752 3399 1806 qua

170 1823 402 1877 celebrant
429 1823 723 1887 sacriﬁcia,
759 1824 962 1894 quibus
990 1825 1229 1879 dicitur:
1260 1846 1284 1875 (‹
1316 1827 1567 1897 Accipite
1598 1829 1719 1899 Spi-
1804 1848 1827 1880 ι
1861 1827 2204 1898 apprehendi
2234 1842 2465 1883 manum
2495 1824 2740 1889 illorum,
2774 1830 2837 1880 ut
2867 1825 3173 1896 educerem,
3208 1842 3303 1878 eos
3327 1825 3397 1878 de

170 1913 301 1975 ritum
340 1920 593 1966 sanctum
627 1932 637 1966 :
671 1929 912 1982 quorum
959 1914 1289 1969 remiseritis
1330 1922 1575 1985 peccata,
1626 1935 1714 1969 re-
1807 1937 1829 1968 σ
1864 1923 2015 1971 terra
2034 1914 2277 1986 Egypti.
2308 1914 2573 1984 quoniam
2603 1913 2707 1983 ipsi
2738 1929 2851 1968 non
2880 1914 3313 1983 permanserunt
3339 1913 3399 1967 in

170 2001 430 2055 mittuntur
449 2002 559 2067 eis;
601 2007 656 2054 et
685 2018 925 2071 quorum
949 2003 1312 2070 retinueritis,
1344 2010 1565 2059 retenta
1588 2012 1723 2059 sunt
1808 2024 1831 2057 (‹
1860 2011 2200 2061 testamento
2212 2008 2423 2067 meo,et
2441 2019 2542 2071 ego
2560 2002 2777 2070 neglexi
2793 2019 2907 2065 eos,
2922 2002 3393 2059 dicitDominus.»

167 2090 696 2155 (Joan.xx)?»Horum
713 2090 860 2144 enim
872 2092 1275 2147 sacriﬁciorum
1291 2094 1718 2157 omn7aLevitici
1805 2095 1906 2148 Hic
1935 2100 2123 2149 autem
2156 2093 2394 2147 discrete
2416 2091 2621 2161 posuit,
2643 2091 2712 2147 de
2741 2106 2851 2160 quo
2880 2089 3093 2145 dictum
3122 2096 3226 2155 est,
3250 2091 3399 2160 quod

167 2179 422 2232 sacerdotii
467 2179 745 2239 sacriﬁcia
784 2182 947 2250 signa
994 2181 1267 2235 fuerunt:
1303 2182 1448 2249 Quia
1494 2184 1580 2236 lex
1622 2200 1722 2253 per
1802 2200 1915 2238 non
1934 2186 2369 2254 permanserunt
2390 2180 2447 2237 in
2467 2185 2809 2239 testamento
2827 2195 2970 2243 meo,
2989 2178 3401 2245 dumdixitnln

163 2268 351 2337 Moysen
368 2267 506 2321 data
529 2274 614 2321 est
637 2286 650 2333 ;
681 2268 868 2337 gratia
896 2275 953 2323 et
980 2269 1184 2323 veritas
1205 2286 1306 2340 per
1333 2272 1359 2324 J
1366 2288 1523 2325 esum
1556 2272 1720 2325 Chri-
1803 2269 2383 2342 die,quaapprehendi
2398 2285 2625 2327 manum
2646 2268 2891 2329 illorum,
2910 2274 2973 2323 ut
2993 2267 3284 2323 educerem
3302 2283 3400 2321 eos

162 2362 279 2409 stum
306 2356 447 2410 facta
474 2363 578 2411 est.
1802 2362 1870 2417 de
1900 2366 2053 2417 terra
2077 2358 2319 2429 zEgypti.
2348 2378 2374 2409 »
2400 2358 2480 2411 De
2512 2358 2633 2424 lege
2658 2357 2761 2421 hoc
2788 2355 2930 2411 dixit
2957 2356 3088 2411 data
3115 2356 3175 2411 in
3206 2361 3398 2413 monte

218 2465 236 2494 ι
273 2445 421 2498 Sicut
447 2463 784 2517 responsum
812 2452 899 2500 est
923 2448 1120 2518 Moysi,
1143 2465 1271 2502 cum
1301 2456 1721 2513 consummaret
1803 2450 1976 2519 Sinai,
2002 2466 2124 2519 qua:
2156 2446 2623 2518 quinquagesima
2650 2446 2739 2501 die
2778 2445 2909 2517 data
2933 2450 3169 2513 constat,
3199 2445 3259 2499 in
3290 2461 3403 2514 qua

164 2552 179 2579 ε
212 2532 618 2588 tabernaculum
653 2537 844 2601 (Exod.
882 2540 1015 2604 xxv)
1054 2554 1065 2588 :
1100 2537 1260 2601 Vide,
1293 2537 1493 2608 inquit,
1531 2540 1722 2592 omnia
1802 2556 1913 2596 non
1942 2542 2376 2609 permanserunt
2388 2542 2594 2605 patres
2616 2551 2829 2599 eorum,
2862 2534 2960 2589 sed
2985 2533 3402 2597 feceruntvitug-

162 2640 180 2669 εί
213 2621 357 2675 facito
377 2623 691 2678 secundum
711 2625 996 2695 exemplar
1012 2626 1159 2695 quod
1191 2626 1293 2681 tibi
1324 2632 1610 2681 ostensum
1637 2634 1723 2682 est
1804 2629 1919 2691 lum
1948 2628 2005 2683 in
2038 2626 2186 2682 Oreb
2209 2626 2266 2681 et
2292 2626 2669 2682 adoraverunt
2691 2624 2871 2681 illum.
2899 2624 3023 2677 Non
3055 2622 3204 2677 enim
3219 2622 3289 2677 de
3303 2622 3400 2676 illo

162 2731 179 2761 ι
216 2711 264 2764 in
288 2720 492 2767 monte.
513 2716 626 2779 »(1,
642 2714 860 2782 Chrys.)
880 2714 1158 2777 Quoniam
1174 2716 1720 2770 auditusnostermi-
1804 2716 1951 2787 quod
1984 2715 2237 2788 patribus
2275 2730 2468 2770 eorum
2512 2712 2822 2783 proposuit,
2854 2712 2911 2769 id
2960 2718 3063 2779 est,
3093 2711 3397 2777 Abraham,

158 2814 244 2852 nus
267 2806 421 2871 aptus
462 2808 552 2854 est
592 2802 663 2855 ad
693 2802 1046 2873 disciplinam
1086 2804 1519 2874 percipiendam,
1555 2822 1723 2875 quam
1807 2807 1963 2860 Isaac
1982 2812 2039 2859 et
2060 2803 2246 2860 Jacob.
2270 2804 2338 2859 Et
2358 2819 2551 2859 omnes
2569 2801 2669 2859 lilii
2694 2800 2843 2866 fidei,
2867 2800 2967 2857 filii
2987 2799 3272 2855 Abraham
3292 2799 3402 2854 dici

158 2888 281 2943 visus
310 2893 440 2957 (non
472 2891 625 2944 enim
655 2890 735 2944 ita
753 2891 942 2944 animo
971 2893 1450 2957 commendamus,
1469 2911 1725 2964 qumcun-
1808 2892 2423 2966 possunt,sicutdeipso
2438 2890 2748 2951 Dominciu
2771 2888 3067 2958 Evangelia
3090 2888 3354 2947 scribitur
3386 2907 3402 2943 :

158 2993 244 3047 que
261 2979 537 3044 audimus,
561 2980 842 3050 quomodo
870 2980 982 3041 illa,
1005 2997 1126 3051 quae
1156 2982 1277 3052 ipso
1310 2983 1430 3037 visu
1461 3000 1724 3054 percepe-
1749 3043 1787 3062 η
1813 3004 1835 3038 ι
1861 2983 1994 3039 Dico
2015 2988 2203 3037 autem
2228 2980 2380 3037 vobis
2402 2980 2550 3050 quod
2574 2985 2770 3049 potens
2798 2984 2885 3035 est
2914 2976 3065 3034 Deus
3100 2978 3169 3032 de
3198 2977 3402 3048 lapidi-

160 3043 349 3134 rimus),
371 3043 723 3122 ostenditilli
746 3069 961 3135 omnia;
986 3043 1102 3123 sive
1130 3043 1263 3140 ergo
1286 3072 1424 3133 dicit
1442 3043 1727 3143 exemplar
1747 3043 1788 3100 ί)
1807 3072 1911 3126 bus
1937 3072 2059 3135 istis
2086 3071 2361 3126 suscitare
2392 3043 2534 3126 ﬁlios
2562 3043 2802 3129 Abrahae
2833 3069 2980 3137 (Luc.
3016 3070 3115 3135 lu).
3140 3088 3165 3121 ι)
3200 3043 3274 3131 Et
3296 3067 3401 3120 hoc

156 3162 201 3206 et
216 3154 613 3221 umbram,sive
633 3157 703 3210 de
723 3158 952 3228 templo.
981 3158 1284 3228 Subjungit
1312 3161 1461 3213 enim
1486 3179 1498 3212 :
1527 3179 1551 3212 α
1584 3161 1726 3214 Vide
1808 3167 1894 3216 est
1917 3162 2339 3215 Testamentum
2355 3160 2594 3231 Novum,
2620 3157 2769 3227 quod
2798 3155 3210 3213 consummabit
3229 3156 3397 3221 Deus,

154 3250 199 3294 et
221 3244 393 3310 facito,
426 3245 637 3314 inquit,
674 3246 863 3299 omnia
884 3247 1195 3301 secundum
1248 3249 1531 3319 exemplar
1577 3249 1726 3319 quod
1808 3251 1865 3305 id
1890 3256 1993 3315 est,
2016 3249 2268 3320 perﬁciet
2296 3264 2466 3318 super
2497 3263 2690 3303 omnes
2728 3252 2945 3315 gentes,
2979 3251 3046 3301 ut
3085 3244 3404 3315 quicunque

154 3331 237 3384 tibi
262 3340 548 3397 ostensum
582 3340 685 3388 est.
720 3354 743 3386 ι
774 3338 931 3401 (ΑΜ.)
963 3336 1072 3389 Sed
1102 3337 1193 3390 hic
1215 3338 1391 3407 quaeri
1422 3343 1624 3408 potest,
1653 3338 1725 3395 de
1807 3338 2148 3393 crediderint
2166 3337 2223 3393 in
2242 3336 2550 3401 Christum“,
2574 3334 2675 3391 ﬁlii
2694 3333 2950 3397 Abrahm,
2976 3333 3280 3389 secundum
3298 3332 3408 3403 spi-

152 3421 325 3490 quibus
345 3424 586 3477 dixisset
602 3424 827 3491 omnia.
847 3424 975 3478 Sive
994 3426 1065 3478 de
1094 3425 1441 3493 tabernaculi
1468 3435 1726 3481 constru-
1808 3428 2030 3481 ritalem
2048 3425 2488 3496 generationem,
2527 3441 2654 3480 vere
2682 3423 2812 3479 sint.
2849 3425 3050 3489 lJoan.)
3087 3422 3245 3491 Upde
3282 3437 3406 3475 cer-

152 3509 326 3578 ctione,
344 3513 465 3566 sive
497 3513 566 3566 de
587 3512 783 3566 hostiis
812 3519 871 3566 et
898 3514 1204 3581 sacriﬁciis,
1240 3533 1361 3585 quae
1389 3516 1447 3568 in
1474 3532 1543 3579 eo
1571 3516 1727 3570 obla-

150 3600 242 3653 turi
263 3608 470 3663 essent,
486 3602 585 3655 sed
597 3602 667 3656 de
692 3608 929 3672 utroque
944 3603 1145 3665 melius
1164 3604 1513 3673 intelligitur.
1526 3624 1548 3655 ι
1568 3606 1730 3658 Nunc

156 3706 172 3735 ι
205 3695 383 3755 autem
412 3691 623 3744 melius
650 3690 884 3744 sortitus
912 3697 998 3755 est
1024 3692 1645 3763 ministerium,quanto
1675 3699 1732 3747 et

152 3792 172 3826 ι
205 3779 448 3841 melioris
472 3780 803 3841 testantenti
820 3779 1096 3834 mediator
1112 3786 1218 3845 est,
1240 3782 1388 3851 quod
1404 3781 1729 3836 melioribus

153 3884 170 3912 ε
205 3868 730 3937 repromissionibus
772 3869 1184 3924 sanctiﬁcatum
1216 3875 1318 3924 est.
1356 3891 1379 3921 ›
1422 3871 1610 3935 Vides,
1640 3871 1729 3924 in-

150 3954 270 4023 quit,
294 3966 513 4027 quanto
540 3958 742 4015 melior
765 3957 862 4011 illa
892 3958 1293 4026 celebratione;
1325 3960 1604 4030 siquidem
1636 3960 1733 4013 illa

150 4047 415 4115 exemplar
444 4046 738 4100 etforma:
766 4046 876 4100 ista
921 4064 1052 4101 vero
1089 4049 1312 4115 veritas,
1345 4048 1491 4102 sicut
1525 4049 1734 4102 dicitur

147 4130 195 4184 in
221 4133 522 4205 Evangelia
545 4154 559 4187 :
594 4155 621 4188 ιι
645 4137 757 4189 Lex
787 4152 889 4206 per
914 4138 1143 4206 Moysen
1167 4137 1300 4191 data
1324 4142 1431 4202 est,
1463 4138 1649 4207 gratia
1677 4144 1735 4191 et

148 4222 336 4276 Veritas
364 4242 473 4294 per
499 4225 693 4278 Iesum
725 4225 1009 4278 Christum
1041 4226 1188 4279 facta
1211 4232 1296 4279 est
1313 4229 1490 4292 (Joan.
1516 4228 1574 4288 ι).
1602 4244 1627 4278 ι
1651 4228 1732 4280 De

149 4314 459 4381 (inagratia
505 4312 916 4383 subsequenter
950 4313 1041 4379 hic
1087 4314 1367 4383 signiﬁcat
1408 4316 1726 4385 Apostolus,

144 4396 344 4453 dicens:
372 4420 396 4449 (ε
422 4402 589 4464 Quod
611 4401 670 4455 in
689 4402 1017 4456 melioribus
1050 4404 1576 4473 repromissiouibus
1595 4421 1730 4461 san-

1746 4356 1794 4413 D

1808 3521 1930 3570 tum
1944 3515 2186 3584 est,quia
2200 3515 2368 3569 ﬁnem
2385 3513 2635 3582 accepit?
2656 3511 2917 3575 Ostendit
2931 3510 3157 3580 quidem
3171 3515 3227 3565 et
3237 3526 3303 3563 ex
3322 3526 3409 3564 sa-

1811 3604 2059 3660 cerdote?
2070 3603 2331 3659 Ostendit
2339 3609 2531 3671 autem
2551 3617 2701 3659 nunc
2721 3598 3070 3661 manifestius
3084 3598 3205 3667 ipso
3216 3596 3402 3663 verbo,

1811 3692 2076 3764 quoniam
2098 3692 2380 3746 exclusum
2398 3696 2501 3744 est.
2524 3688 2816 3752 Quomodo
2839 3687 2979 3743 hoc?
3000 3687 3063 3744 In
3084 3684 3407 3759 melioribus
3476 3714 3485 3723 ι

1811 3778 2396 3853 promissionibus.Ubi
2416 3784 2550 3834 sunt
2569 3777 2707 3842 istae,
2732 3777 2824 3833 dic
2834 3776 2999 3833 mihi?
3012 3776 3197 3831 Terrae
3218 3780 3275 3829 et
3294 3790 3406 3828 coe-

1811 3873 1949 3925 lum.
1981 3872 2063 3925 Tu
2091 3875 2281 3929 autem
2310 3868 2689 3937 contemplare
2726 3864 3007 3936 quomodo
3034 3868 3094 3921 et
3123 3863 3236 3919 illic
3275 3879 3408 3933 pro-

1813 3960 2103 4015 missiones
2118 3959 2352 4025 dixit,ne
2370 3958 2430 4017 in
2448 3956 2556 4013 isto
2577 3957 2763 4026 ipsum
2780 3959 3020 4019 accuset,
3045 3953 3255 4011 etenim
3272 3952 3404 4018 illic,

1818 4070 1842 4100 (ι
1874 4050 2139 4120 quoniam
2157 4048 2612 4118 approximamus
2630 4046 2765 4109 Deo,
2785 4064 2810 4098 »
2826 4059 2981 4114 spem
3008 4041 3296 4099 meliorem
3316 4058 3408 4096 os-

1814 4139 2013 4205 tendit,
2034 4138 2168 4209 quia
2178 4144 2234 4191 et
2253 4137 2367 4191 illic
2384 4152 2541 4205 spes;
2561 4141 2617 4188 et
2629 4135 2718 4191 hic
2736 4132 3133 4204 promissiones
3152 4131 3411 4191 meliores

1816 4228 2153 4297 signiﬁcans,
2175 4227 2307 4297 quia
2324 4232 2383 4280 et
2409 4225 2522 4279 illic
2546 4223 2886 4295 repromisit.
2910 4222 3187 4286 Quoniam
3218 4226 3409 4276 autem

1816 4316 2116 4388 culpabant
2134 4332 2359 4385 semper
2381 4335 2391 4369 :
2422 4335 2444 4367 ι
2476 4315 2614 4369 Ecce
2636 4313 2785 4370 enim
2801 4312 2923 4367 dics
2942 4310 3190 4373 veniunt,
3204 4309 3407 4379 inquit,

1812 4403 1949 4459 dicit
1971 4402 2263 4473 Dominus,
2293 4408 2352 4457 et
2370 4399 2768 4457 consumimth
2797 4413 2968 4467 super
2988 4397 3216 4457 domum
3236 4392 3410 4453 Israel

144 4486 439 4543 ctiﬁcatum
464 4498 569 4543 est.
602 4511 626 4541 »
648 4491 870 4553 Quanto
896 4492 1130 4545 meliora
1148 4498 1281 4546 sunt
1295 4493 1538 4547 ccclestia
1559 4499 1733 4553 terrer
1813 4500 1869 4547 et
1894 4509 2067 4563 super
2084 4493 2314 4547 domum
2343 4490 2485 4546 Iuda
2502 4490 2924 4546 Testamentum
2936 4485 3407 4547 Novum.nonan-

144 4576 235 4641 nis,
282 4586 502 4633 aeterna
547 4580 968 4649 temporalibus,
1000 4587 1158 4645 tanto
1206 4582 1454 4635 melioris
1498 4588 1584 4635 est
1612 4600 1731 4635 me-
1812 4582 2087 4652 tignum.»
2111 4580 2273 4643 Quod
2287 4582 2688 4635 testamentum
2706 4574 2975 4632 dicithe
2995 4572 3258 4631 hocforte
3280 4587 3409 4642 pos-

143 4662 310 4720 diator
326 4675 385 4721 et
405 4668 672 4731 sacerdos
702 4669 969 4731 Christus,
991 4671 1138 4737 Deus
1158 4670 1499 4733 testamenti.
1523 4672 1730 4735 Trans-
1813 4675 1939 4729 sent
1965 4670 2170 4729 dicere,
2202 4673 2262 4722 et
2288 4674 2511 4736 tempus
2533 4663 2802 4721 definivit.
2824 4663 2949 4719 Non
2965 4662 3120 4723 enim
3137 4660 3412 4721 dieitSimr

142 4753 246 4808 iens
272 4757 345 4811 de
378 4758 507 4811 loco
538 4765 596 4810 et
619 4758 927 4823 sacerdote,
960 4764 1017 4811 et
1059 4776 1095 4812 a
1135 4759 1425 4824 sacriﬁcio,
1468 4766 1603 4813 tunc
1640 4761 1732 4813 de-
1814 4758 2033 4829 pliciter
2060 4756 2365 4812 secundum
2397 4758 2817 4817 testamentum,
2846 4751 2997 4827 quod
3017 4757 3257 4827 testatus
3284 4765 3412 4823 sum

143 4856 281 4896 mum
311 4846 644 4899 testamenti
677 4846 1049 4900 differentiam
1084 4848 1260 4917 ponit.
1297 4850 1364 4915 (J.
1392 4849 1606 4915 Chrys.)
1632 4848 1732 4901 Hic
1812 4848 1882 4901 ad
1908 4852 2094 4917 patres
2119 4861 2338 4907 eorum,
2386 4861 2457 4901 ne
2495 4843 2631 4901 illud
2676 4842 2827 4912 quod
2871 4840 3155 4901 Abraham
3196 4840 3410 4915 factum

138 4937 312 4987 autem
328 4935 408 4987 ad
424 4936 631 4988 coelum
650 4951 753 4988 nos
786 4936 1029 4999 etes-aus,
1055 4941 1112 4988 et
1141 4937 1438 4991 ostendens
1466 4936 1601 5006 quia
1630 4953 1730 5007 pro
1814 4942 1914 4999 est,
1942 4935 2125 5005 ipsum
2150 4950 2270 4991 esse
2285 4933 2557 4995 dicerent,
2576 4931 2756 4989 autad
2772 4931 2924 4995 Noe;
2950 4930 3049 4989 sed
3068 4929 3233 4999 quale
3244 4927 3409 4987 dicit?

140 5020 711 5086 tabernaculocoelum
725 5023 996 5078 habemus
1010 5025 1733 5095 inpromissiouibusDei,et
1817 5044 1841 5073 α
1902 5025 2026 5078 Non
2080 5023 2388 5094 secundum
2442 5025 2866 5085 testamentum,
2929 5018 3079 5091 quod
3139 5015 3409 5076 constitui

138 5113 1729 5184 vetememnplariaerantnostrorum,etcelebrationem
1814 5112 2065 5183 patribus
2112 5128 2330 5173 eorum,
2374 5127 2499 5167 cum
2544 5108 2762 5165 exirent
2802 5108 2874 5167 de
2911 5113 3064 5168 terra
3098 5103 3342 5175 {Egypti-
3378 5122 3404 5163 ὶ

136 5207 376 5253 nostram
390 5202 521 5255 istis
534 5202 1041 5268 rebussublimans,
1060 5208 1328 5256 etmerito
1337 5205 1456 5271 jam
1468 5203 1729 5269 sacerdo-
1812 5203 2117 5274 Propterea
2140 5200 2313 5255 etiam
2343 5198 2538 5256 intulit
2566 5216 2581 5250 :
2620 5218 2639 5247 ιι
2671 5199 2736 5257 In
2766 5197 2875 5259 die.
2902 5212 3017 5265 qna
3064 5192 3409 5263 apprehendi

135 5283 1728 5361 tiumexstat{excitat’?].Sed,sicutdixi,quodmaximeeos
1813 5307 2039 5345 manum
2068 5306 2283 5353 eorum,
2316 5294 2381 5343 ut.
2406 5288 2703 5349 educerem
2731 5302 2825 5343 eos
2859 5285 2932 5343 de
2970 5289 3125 5343 terra
3160 5282 3407 5357 Egypﬂ,

134 5362 387 5441 laetiﬁcat,
406 5379 587 5448 ponit,
611 5380 831 5432 dicens:
857 5379 1474 5443 «Quodinmelicribus
1488 5380 1727 5450 promis.-
1811 5384 1867 5432 et
1893 5378 2000 5448 ipsi
2031 5394 2140 5432 non
2170 5382 2502 5433 manserunt
2542 5376 2599 5433 in
2642 5379 2979 5435 testaceum
3024 5388 3169 5437 11119.0,
3203 5375 3260 5431 ει
3304 5385 3410 5441 ego

131 5462 373 5520 sionibus
387 5468 987 5523 sancitumest.»Uude
998 5468 1730 5531 hoccertumestillis?Quo-
1811 5467 2028 5536 neglexi
2042 5484 2158 5532 eos,
2174 5466 2310 5520 dicit
2330 5465 2654 5521 Dominus.»
2686 5465 2911 5523 Intuere
2928 5478 2961 5521 a
2983 5461 3142 5529 nobis
3164 5459 3410 5537 primum

130 5552 675 5627 maniliudquidem
691 5560 986 5614 exclusum
1006 5558 1602 5628 esgismdauwmpo
1628 5557 1727 5612 illo
1809 5556 2054 5627 inlapsae
2079 5556 2232 5611 maia
2252 5573 2270 5612 ι
2290 5555 2420 5627 ipsi,
2437 5552 3405 5628 Mm,pﬂmnmmm9
