3848 6164
465 314 567 372 767
1061 323 1124 378 B.
1166 322 1438 382 RABANI
1475 327 1707 384 MAURI
1741 328 2079 386 ARCHIEP.
2117 329 2444 386 MOGUNT.
2481 325 2779 384 OPERUM
2815 325 2994 382 PARS
3029 327 3125 382 III.
3563 333 3646 390 768

472 440 537 495 Et
567 441 729 498 nobis
758 450 845 500 est
869 446 1230 518 negligentia,
1261 450 1409 506 bona
1441 469 1572 508 vero
1609 470 1645 509 a
1663 455 1800 521 Deo,
1838 471 1962 526 quae
1991 456 2378 517 adAcandam
2415 473 2427 508 :
2461 453 2508 508 si
2541 457 2732 507 autem
2761 452 3066 518 audieritis,
3099 453 3200 506 erit
3231 455 3446 508 novum?
3469 461 3520 509 et
3543 457 3642 527 qui-

467 528 736 586 beneﬁcia
765 534 1051 605 pertinent
1089 538 1233 593 dico.
1277 540 1379 594 Hic
1423 542 1596 596 veluti
1647 544 2062 598 excusationem
2144 543 2271 597 dem
2311 548 2627 614 propterea,
2659 541 2863 610 inquit,
2899 541 3046 594 aliud
3089 546 3454 596 testamentum
3490 544 3645 600 datum

467 622 776 689 constituit,
793 641 1020 679 causam
1032 628 1750 702 ostendenspropterquam
1762 633 2064 705 dereliquit
2143 631 2505 704 repromittit,
2557 629 2824 702 quoniam
2881 629 2938 684 in
2985 629 3157 700 primo
3211 647 3314 684 non
3357 643 3644 688 manserunt.

468 725 563 763 eos
593 729 610 764 :
640 729 667 763 ι
699 711 846 776 Quia
881 714 986 768 hoc
1011 721 1098 770 est
1131 722 1552 784 testamentum,
1585 721 1734 791 quod
1768 721 2062 794 disponam
2143 721 2261 774 Hoc
2280 737 2413 790 ergo
2442 720 2764 774 demonstro
2795 735 2895 789 per
2923 735 2988 771 ea
3025 735 3142 789 quae
3171 718 3332 772 dixit:
3355 739 3376 770 ι
3394 719 3518 783 Quia
3532 725 3647 792 quod

470 815 499 848 α
523 797 715 853 domui
745 801 918 857 Israel
939 811 1066 874 post
1085 805 1205 860 dies
1227 807 1520 874 illos,dicit
1535 809 1807 864 Dominus
1829 829 1840 863 :
1864 811 2062 865 Dando
2142 807 2488 880 impossibile
2517 813 2641 862 erat
2661 807 2821 878 legis,
2855 807 2912 860 in
2943 823 3050 878 quo
3079 806 3442 860 inﬁrmabatur
3458 818 3647 879 percar-

473 906 496 937 α
525 887 676 958 leges
723 906 878 946 meas
926 892 983 947 in
1038 900 1256 950 mentes
1311 913 1526 963 eorum,
1588 903 1645 952 et
1689 899 1748 952 in
1802 899 2061 954 cordibus
2143 913 2272 951 nem
2303 899 2480 968 (Rom.
2501 900 2646 965 vni);
2677 916 2700 947 ι
2736 897 2804 950 Et
2832 895 3073 949 iterum:
3111 915 3132 946 ι
3165 895 3300 959 Quid
3338 897 3540 950 tentatis
3573 899 3651 952 im-

470 993 500 1027 α
525 993 722 1042 eorum
751 982 1160 1052 superscribam
1191 1002 1305 1052 eas,
1337 991 1397 1040 et
1422 1003 1518 1040 ero
1547 986 1626 1041 eis
1675 987 1733 1041 in
1773 988 1973 1052 Deum,
2004 994 2062 1043 et
2142 1001 2348 1056 ponere
2363 986 2566 1056 jugum
2583 1001 2754 1056 super
2780 985 2984 1038 collum
3007 983 3403 1055 discipulorum,
3433 986 3558 1055 quod
3579 1004 3652 1040 ne-

401 1094 410 1104 ο
473 1085 495 1115 ι
527 1065 634 1136 ipsi
661 1075 830 1123 erunt
851 1070 991 1125 mihi
1013 1072 1071 1126 in
1091 1075 1380 1145 populum.
1402 1075 1472 1129 Et
1501 1091 1615 1130 non
1636 1076 1857 1131 docebit
1883 1094 2058 1132 unus-
2142 1091 2249 1144 que
2291 1081 2479 1145 patres
2528 1073 2726 1140 nostri,
2771 1090 2953 1144 neque
3002 1089 3100 1126 nos
3139 1072 3396 1126 valuimus
3432 1079 3616 1144 portare
3633 1075 3652 1127 ἲ

471 1171 496 1202 «
531 1155 767 1226 quisque
789 1159 1106 1228 proximum
1135 1179 1320 1229 suum,
1338 1169 1396 1217 et
1414 1165 1800 1236 unusquisque
1827 1165 2058 1220 fratrem
2140 1165 2204 1230 (Α
2213 1167 2280 1216 ct.
2296 1179 2369 1216 xv
2381 1167 2516 1231 .)—a
2532 1163 2638 1217 Sed
2653 1163 2734 1217 illi
2745 1163 2972 1233 quidem
2986 1178 3096 1216 non
3108 1167 3431 1226 manserunt,
3449 1181 3469 1212 ι
3491 1162 3650 1232 inquit.

470 1259 497 1294 ι
527 1246 1240 1320 suum,dicens:Cognosce
1252 1253 1570 1316 Dominum,
1589 1254 1851 1324 quoniam
1865 1271 2060 1309 omnes
2142 1252 2246 1306 Hic
2274 1259 2465 1306 autem
2502 1251 2834 1317 ostenditur,
2861 1251 2992 1322 quia
3034 1251 3302 1320 majorum
3347 1251 3655 1320 transgressio

467 1349 494 1381 (ί
525 1333 704 1388 scient
719 1351 862 1390 mea
879 1338 1096 1393 minore
1121 1357 1298 1411 usque
1319 1341 1388 1394 ad
1410 1343 1682 1412 majorem
1695 1345 2061 1408 eorum:Quia
2141 1357 2244 1394 nos
2275 1340 2474 1410 dignos
2496 1341 2628 1394 facit
2653 1340 2992 1412 spiritalium
3043 1355 3232 1393 rerum
3261 1357 3272 1392 :
3309 1358 3330 1389 ι
3362 1340 3420 1392 In
3457 1356 3653 1404 omnem,

472 1439 496 1472 α
529 1423 806 1493 propitius
833 1441 929 1479 ero
959 1427 1350 1499 iniquitatibus
1380 1446 1594 1496 eorum,
1630 1437 1687 1485 et
1709 1438 2061 1502 peccatorum
2141 1429 2344 1500 inquit,
2367 1436 2580 1484 terram
2606 1429 2776 1484 exivit
2802 1446 2972 1484 sonus
3001 1445 3211 1493 eorum,
3242 1434 3297 1480 et
3315 1426 3370 1480 in
3398 1428 3521 1481 ﬁnes
3543 1427 3657 1481 orbis

470 1525 497 1561 ι
530 1526 724 1565 eorum
761 1529 874 1568 non
921 1516 1278 1572 memorabor
1305 1519 1566 1590 amplius.
1607 1539 1628 1570 ι
1666 1522 1829 1588 (Αιὺ.)
1873 1521 1942 1575 Et
1970 1521 2062 1576 hic
2143 1523 2306 1572 terrae
2349 1517 2513 1572 verba
2561 1535 2756 1572 eorum
2802 1520 2966 1583 (Psal.
3013 1520 3192 1587 xvm);
3222 1535 3248 1569 ι
3278 1517 3376 1569 hoc
3405 1522 3495 1581 est,
3533 1537 3552 1566 ι
3575 1533 3661 1570 non

466 1613 674 1668 magna
702 1601 971 1657 distantia
990 1611 1077 1659 est
1092 1605 1243 1660 inter
1256 1608 1438 1677 legem
1459 1614 1517 1662 et
1531 1609 1733 1679 legem,
1753 1609 1902 1663 inter
1917 1610 2062 1664 Scri-
2141 1606 2288 1660 dicet
2315 1608 2700 1678 unusquisque
2735 1607 2806 1661 ad
2853 1607 3166 1678 proximum
3212 1621 3370 1658 suum
3395 1622 3406 1656 :
3432 1605 3661 1674 Cognosce

467 1692 694 1756 pturam
728 1696 785 1744 et
823 1691 1188 1764 Scripturam,
1223 1695 1373 1750 inter
1409 1697 1656 1751 litteram
1695 1703 1752 1751 et
1789 1699 2054 1768 gratiam.
2140 1696 2440 1750 Dominum
2461 1698 2680 1772 (Habac.
2705 1695 2756 1764 ιι)
2783 1715 2796 1763 ;
2823 1715 2844 1746 ι
2871 1696 2940 1749 Et
2956 1695 3191 1748 iterum:
3220 1711 3244 1746 «
3263 1692 3660 1764 Multiplicabitur

468 1775 612 1828 Nam
633 1776 828 1832 littera
857 1779 996 1849 legis
1011 1782 1216 1854 scripta
1232 1789 1318 1838 est
1330 1784 1389 1838 in
1407 1783 1614 1839 tabulis
1639 1785 1893 1856 lapideis,
1918 1803 2058 1858 quas
2073 1773 2118 1832 Β
2142 1787 2314 1852 terra,
2345 1790 2410 1838 ut
2433 1791 2732 1856 cognoscat
2741 1784 3066 1847 Dominum,
3085 1783 3228 1837 sicut
3245 1798 3383 1852 aqua
3399 1782 3550 1835 multa
3560 1797 3658 1834 coo-

465 1863 687 1934 Moyses
715 1865 833 1938 ipse
857 1868 1042 1940 fregit,
1067 1871 1199 1926 dum
1221 1873 1360 1927 vidit
1379 1875 1645 1945 populum
1668 1880 1799 1928 ante
1819 1875 2057 1930 vitulum
2139 1873 2326 1944 peruit
2355 1890 2529 1927 mare.
2565 1894 2588 1925 ι

464 1951 782 2010 ludentem:
800 1958 987 2027 gratia
1007 1976 1136 2014 vero
1163 1961 1297 2016 data
1316 1968 1402 2016 est
1424 1963 1483 2017 in
1505 1963 1676 2019 corda
1708 1964 2057 2019 credentium
2215 1983 2237 2012 ι
2281 1962 2526 2016 Dicendo
2559 1967 2748 2016 autem
2784 1978 2992 2016 novum
3032 1961 3299 2016 veteravit
3339 1961 3514 2032 prius;
3547 1959 3662 2028 quod

462 2058 565 2112 per
582 2043 852 2114 Spiritum
871 2054 1150 2116 sanctum,
1175 2067 1276 2120 per
1294 2068 1461 2122 quem
1481 2051 1726 2106 Charitas
1745 2053 1948 2107 diffusa
1974 2061 2060 2108 est
2144 2071 2167 2099 ι
2200 2055 2390 2104 autem
2411 2052 2739 2121 antiquatur
2757 2056 2815 2104 et
2833 2051 3074 2104 senescit
3093 2066 3262 2121 prope
3281 2048 3542 2103 interitum
3554 2054 3663 2100 est..-

464 2129 523 2184 in
569 2131 830 2188 cordibus
877 2137 1244 2192 credentium.
1279 2139 1439 2204 Quod
1482 2157 1612 2195 vero
1650 2141 1709 2194 in
1750 2141 1942 2196 littera
1972 2142 2056 2196 la-
2142 2141 2211 2206 (Ι.
2245 2140 2615 2209 (Jhrys.)Vide
2627 2139 3416 2210 quomodo,quodabsconsum
3429 2141 3665 2191 εῖδει-εγε-

464 2217 638 2286 tebat,
662 2227 721 2275 et
743 2222 1035 2294 legebatur
1061 2243 1095 2280 a
1118 2228 1324 2299 populo
1361 2245 1462 2300 per
1504 2229 1902 2300 magistrorum
1937 2237 2057 2285 tra-
2139 2227 2289 2293 lavit,
2314 2234 2371 2282 et
2407 2228 2590 2299 ipsam
2615 2233 2860 2282 mentem
2891 2229 3177 2299 prophetae
3209 2227 3436 2298 aperuit.
3468 2225 3669 2278 Honora-

463 2307 724 2378 ditiones,
769 2311 874 2366 hoc
922 2315 1163 2385 Spiritus
1206 2323 1433 2372 sanctus
1481 2318 1782 2374 adveniens
1824 2320 2060 2374 docebat
2138 2316 2218 2370 vit
2236 2317 2511 2388 legem,et
2524 2317 2706 2371 noluit
2719 2334 2845 2372 eam
2856 2317 3042 2371 dicere
3053 2323 3325 2372 vetustam
3344 2313 3664 2369 nominatim:

393 2431 398 2440 ι
461 2397 776 2468 Apostolos.
807 2402 870 2456 Et
901 2402 1007 2457 hoc
1035 2411 1123 2459 est
1146 2406 1295 2476 quod
1320 2407 1402 2460 ait
1427 2407 1708 2479 Propheta
1740 2426 1752 2461 :
1789 2427 1811 2459 ι
1847 2409 1918 2463 Et
1944 2426 2056 2463 non
2138 2411 2525 2460 verumtamen
2543 2407 2668 2460 ‘hoc
2707 2406 2874 2460 dixit:
2896 2406 2943 2460 si
2975 2406 3129 2460 enim
3161 2405 3296 2459 illud
3325 2419 3511 2458 novum
3537 2408 3668 2465 esset,

460 2486 684 2542 docebit
711 2494 1097 2564 unusquisque
1127 2495 1445 2564 proximum
1465 2513 1653 2563 suum,
1673 2502 1732 2551 et
1752 2499 2055 2569 unusquis-
2138 2511 2496 2565 nequaquam
2518 2494 2689 2548 etiam
2709 2495 2861 2548 istud
2881 2500 3286 2569 testamentum
3307 2499 3486 2565 postea
3508 2506 3671 2545 novum

463 2591 572 2645 que
615 2576 846 2632 fratrem
892 2597 1077 2649 suum,
1109 2583 1300 2637 dicens
1345 2603 1356 2638 :
1399 2585 1682 2656 Cognosce
1729 2567 2053 2654 Dominum,
2137 2583 2639 2638 vocaret.Proinde
2669 2583 2911 2654 amplius
2941 2567 3170 2654 quidem
3195 2584 3350 2646 dans,
3381 2588 3433 2635 et
3457 2581 3671 2634 alterum.

461 2679 656 2718 omnes
686 2667 837 2721 enim
879 2669 1058 2724 scient
1103 2688 1193 2726 me
1229 2689 1264 2726 a
1303 2673 1520 2727 minore
1557 2691 1734 2746 usque
1770 2676 1840 2728 ad
1874 2677 2056 2746 majo-
2144 2690 2172 2722 α
2197 2671 2554 2742 antiquatum
2571 2672 2938 2743 est,rinquit.
2957 2672 3106 2741 Ergo
3131 2669 3673 2741 solveturetperietet

462 2769 581 2806 rem
601 2769 825 2822 eorum;
847 2776 872 2808 »
897 2757 1040 2812 sicut
1069 2759 1126 2813 in
1157 2760 1458 2832 Evangelia
1477 2761 1546 2815 de
1568 2763 1806 2817 Domino
1819 2765 2050 2834 legitur:
2133 2761 2254 2830 jam
2284 2777 2396 2814 non
2425 2760 2551 2814 erit.
2586 2761 2824 2815 Sumens
2853 2767 3044 2814 autem
3075 2778 3114 2814 a
3139 2760 3412 2831 Propheta
3437 2757 3671 2818 ﬁduciam,

463 2859 488 2890 α
513 2841 668 2894 Tunc
696 2845 920 2915 aperuit
946 2845 1058 2900 illis
1099 2865 1346 2914 sensum,
1393 2855 1457 2904 ut
1496 2849 1876 2921 intelligerent
1914 2853 2057 2906 Scri-
2138 2849 2305 2920 paulo
2330 2849 2572 2920 amplius
2600 2849 2659 2903 in
2678 2849 2816 2904 illud
2840 2855 3246 2904 testamentum
3267 2848 3544 2912 invehitur,
3561 2861 3676 2901 con}

459 2929 982 3004 pturas(Luc.xx1v)
1019 2954 1042 2986 ι
1075 2935 1147 3006 [Ι.
1181 2938 1399 3008 0hrys.]
1426 2957 1449 2989 α
1485 2939 1532 2992 Α
1574 2939 1810 3006 minore,
1851 2940 2052 3011 inquit,
2139 2937 2302 2991 mode
2335 2937 2655 3004 ostendens,
2686 2938 2952 3008 quoniam
2983 2944 3184 2992 nostra
3203 2955 3351 2992 nunc
3376 2939 3574 2994 ﬂorent,
3601 2933 3673 2985 illa

459 3033 638 3088 usque
661 3019 732 3073 ad
753 3023 1022 3092 majorem
1051 3041 1246 3080 eorum
1262 3026 1442 3081 scient
1459 3043 1568 3093 me,
1591 3049 1612 3078 ο
1633 3033 1691 3082 et
1711 3045 1822 3083 non
1842 3029 2048 3096 dicent,
2080 3093 2113 3098 _
2137 3033 2356 3080 vetusta
2385 3033 2536 3093 sunt,
2566 3033 2623 3080 et
2663 3043 2836 3098 prope
2867 3026 3166 3081 interitum
3199 3045 3210 3080 :
3243 3027 3338 3081 sed
3371 3022 3677 3080 renovabitur

462 3124 489 3158 ι
523 3123 795 3177 cognosce
822 3111 1144 3167 Dominum.
1178 3133 1205 3168 ι
1237 3115 1472 3179 Quando
1497 3115 1646 3170 istud
1669 3117 1922 3187 contigit,
1942 3119 2050 3173 nisi
2071 3093 2114 3152 Ο
2137 3115 2281 3169 sicut
2300 3116 2490 3186 aquila
2502 3117 2769 3186 juventus
2785 3122 2996 3183 nostra,
3019 3116 3068 3169 si
3087 3117 3160 3170 ad
3182 3117 3390 3170 fontem
3409 3115 3520 3168 vitae
3539 3109 3676 3164 curri-

457 3196 669 3251 modo?
725 3199 1084 3256 Manifestum
1139 3203 1345 3275 quippe
1399 3210 1504 3271 est,
1567 3206 1715 3276 quod
1772 3206 1919 3260 circa
1951 3225 2054 3262 nos
2135 3221 2279 3266 mus,
2294 3205 2341 3258 si
2358 3205 2476 3258 alas
2496 3211 2554 3258 et
2577 3205 2767 3259 oculos
2794 3205 2865 3259 ad
2885 3205 3062 3258 solem
3087 3205 3324 3275 justitiee
3353 3201 3674 3258 extendimus.

455 3290 643 3340 actum
664 3293 783 3341 est:
809 3290 957 3359 quod
979 3296 1169 3346 autem
1190 3291 1337 3346 circa
1368 3293 1513 3359 illos,
1533 3311 1645 3348 non
1680 3301 1767 3348 est
1795 3296 2052 3350 manifes-
2134 3293 2348 3347 Deinde
2377 3310 2606 3347 sumens
2635 3310 2842 3348 nomen
2881 3295 3198 3360 vetustatis,
3239 3301 3296 3348 et
3315 3293 3458 3347 aliud
3501 3291 3561 3344 de
3599 3304 3677 3342 suo

453 3376 699 3440 tum,sed
712 3378 990 3433 reclusum
1003 3385 1126 3434 erat
1135 3381 1193 3434 in
1209 3382 1505 3452 Evangelia
1517 3384 1733 3437 novo.N
1737 3401 1902 3438 ovum
1917 3391 2051 3439 tunc
2133 3381 2424 3452 adjiciens,
2438 3383 2544 3436 hoc
2558 3388 3012 3444 est,senectutem
3028 3401 3040 3435 :
3057 3384 3208 3453 quod
3221 3383 3491 3454 reliquum
3505 3384 3611 3434 erat
3631 3393 3680 3429 ex

401 3510 408 3518 .
454 3461 678 3531 dicitur,
705 3467 929 3536 quando
957 3468 1109 3523 aliud
1140 3471 1404 3536 ostendit,
1435 3471 1521 3525 vel
1551 3473 1775 3542 quando
1805 3489 1840 3526 a
1865 3479 2050 3528 vetere
2131 3470 2256 3524 aliis
2273 3487 2622 3537 assumens,¢
2632 3472 2948 3542 proximum
2969 3472 3289 3543 est,inquit,
3309 3469 3561 3525 interitui.
3585 3485 3608 3518 ι
3627 3465 3677 3518 Et

455 3553 697 3624 amplius
715 3555 885 3610 habet
915 3575 927 3609 :
963 3558 1118 3624 Ecce,
1143 3559 1345 3630 inquit,
1363 3566 1422 3614 et
1439 3559 1588 3614 istud
1612 3577 1816 3615 novum
1837 3563 2046 3629 existit,
2132 3575 2244 3612 non
2271 3559 2618 3630 simpliciter,
2648 3560 2933 3630 quiescere
2959 3561 3172 3614 factum
3201 3566 3288 3615 est
3317 3578 3350 3614 a
3384 3575 3515 3614 novo
3548 3561 3675 3608 vetus

453 3657 582 3694 cum
601 3644 857 3714 quaedam
875 3647 924 3716 ej
933 3663 997 3700 us
1028 3654 1246 3702 remota
1264 3654 1415 3715 sunt,
1445 3650 1700 3720 quaedam
1723 3657 1912 3704 autem
1932 3668 2048 3706 ma-
2126 3649 2653 3715 testamentum,sed
2665 3649 2836 3702 veluti
2857 3649 3006 3720 quod
3019 3651 3320 3715 senuisset,
3334 3649 3480 3702 velut
3495 3643 3676 3700 inutile.

381 3747 394 3764 ο
451 3736 607 3798 nent,
639 3737 704 3786 ut
729 3739 884 3804 puta,
915 3735 963 3789 si
991 3735 1116 3806 quis
1142 3736 1372 3791 domum
1395 3742 1674 3792 vetustam
1703 3744 1760 3793 et
1788 3756 2045 3794 casuram
2128 3737 2434 3807 Propterea
2457 3735 2694 3803 dicebat,
2734 3762 2751 3786 ι
2791 3743 3022 3808 propter
3057 3739 3465 3803 infirmitatem,
3493 3737 3679 3806 propter

449 3823 629 3873 totam
653 3820 978 3890 immutans,
1004 3831 1062 3879 et
1087 3825 1454 3881 fundamenta
1498 3843 1641 3881 nova
1677 3829 2041 3896 constituens,
2126 3824 2508 3891 inutilitatem,
2524 3825 3082 3897 etnihilperﬂcitlex,
3103 3848 3126 3875 ιι
3143 3825 3464 3898 etquia,¢si
3477 3823 3678 3895 primum

451 3908 740 3964 confestim
768 3911 1043 3967 dicimus:
1080 3914 1211 3968 fecit
1237 3931 1362 3969 eam
1399 3932 1620 3982 novam,
1655 3933 1783 3970 cum
1822 3923 2044 3972 tantum
2128 3913 2464 3984 inculpabile
2482 3921 2650 3980 esset,
2665 3931 3021 3986 nequaquam
3033 3917 3267 3970 secundi
3281 3917 3432 3970 locus
3443 3924 3679 3984 quaerere-

451 3996 642 4068 aliqua
669 3999 896 4069 quidem
935 4003 1058 4072 ejus
1101 4002 1337 4070 auferat,
1373 4005 1562 4075 aliqua
1593 4022 1723 4059 vero
1760 4005 2041 4062 immutet.
2127 4008 2248 4070 tur;
2273 4019 2422 4056 unon
2445 4003 2616 4057 veluti
2632 4002 3398 4071 obnoxiumcriminibus,sed
3413 3998 3681 4056 velutieile‘

452 4085 674 4140 Etenim
702 4089 905 4143 caelum
934 4107 1139 4146 novum
1185 4092 1392 4146 dicitur
1428 4093 1525 4159 sic,
1573 4093 1796 4164 quando
1837 4111 2046 4167 nequa-
2127 4097 2280 4145 ctum
2300 4108 2412 4145 non
2427 4091 2659 4159 habens,
2682 4109 2837 4146 more
2859 4093 3164 4146 idiotarum
3186 4095 3406 4148 locu-tus
3422 4097 3517 4156 est,
3539 4083 3678 4141 veluti

453 4190 624 4244 quam
651 4193 860 4231 aereum
881 4178 1008 4245 erit,
1032 4180 1130 4234 sed
1155 4197 1282 4234 cum
1304 4181 1548 4251 pluviam
1569 4182 1898 4248 dederit,....
1915 4201 2042 4238 cum
2125 4180 2173 4234 si
2194 4181 2321 4251 quis
2333 4181 2485 4234 dicat
2501 4199 2512 4233 :
2531 4197 2643 4234 non
2658 4187 2745 4234 est
2754 4180 3110 4252 inculpabilis
3123 4181 3243 4236 haec
3255 4180 3578 4246 domus,hoc
3593 4181 3677 4232 est.

448 4261 855 4321 infructuosum
877 4284 990 4322 non
1009 4273 1112 4336 est,
1131 4285 1244 4323 non
1257 4271 1480 4340 quando
1495 4270 2042 4338 mutabitur,....non
2125 4268 2294 4322 habet
2312 4269 2530 4335 vitium,
2563 4268 2762 4322 debilis
2810 4275 2897 4323 est
2929 4290 2944 4324 :
2978 4286 3090 4324 non
3129 4276 3216 4324 est
3248 4268 3572 4341 inculpabile
3598 4265 3679 4316 hoc

453 4354 675 4423 quando
703 4355 895 4428 aliqua
919 4357 1144 4429 quidem
1175 4359 1296 4428 ejus
1333 4359 1556 4412 exclusa
1595 4359 1821 4426 fuerint,
1854 4358 2538 4453 aliquaDvestimentum,
2577 4358 2684 4412 hoc
2739 4364 2843 4424 est,
2879 4359 3001 4428 jam
3038 4365 3203 4430 putre
3245 4366 3350 4414 est.
3390 4360 3509 4415 Non
3539 4351 3678 4408 veluti

449 4445 882 4513 permanserint.
933 4447 1176 4502 Proinde
1215 4453 1637 4514 testamentum,
1697 4448 1898 4520 inquit,
1949 4466 2045 4503 no—
2066 4443 2106 4453 ”
2125 4447 2436 4516 malignum
2485 4447 2660 4517 igitur
2690 4447 2780 4500 hic
2826 4448 3122 4512 accusavit,
3157 4449 3259 4502 sed
3293 4447 3461 4502 veluti
3503 4443 3678 4498 habens

449 4549 581 4588 vum
602 4533 744 4589 bene
765 4536 894 4606 quis
909 4536 1062 4591 dicit.
1079 4537 1138 4592 Si
1160 4537 1294 4608 [Sic]
1315 4537 1467 4592 enim
1501 4538 1753 4604 ostendo,
1777 4539 2042 4608 quoniam
2126 4536 2414 4606 querelam
2442 4542 2501 4589 et
2535 4535 2754 4590 vitium.

449 4623 727 4677 vetustius
753 4625 961 4680 factum
993 4631 1081 4680 est
1106 4631 1511 4680 testamentum
1541 4625 1700 4693 illud,
1735 4627 2044 4681 secundum
2734 4644 2968 4698 CAPUT
3005 4644 3100 4697 IX.

451 4710 599 4804 quod
621 4713 984 4804 nemq‘in‘illo
1002 4714 1335 4804 fructiﬁcat:
1357 4721 1414 4768 et
1434 4720 1498 4804 ut
1512 4731 1782 4804 agnoscas
1803 4716 2041 4786 integre,
2134 4733 2331 4799 Tangit
2357 4733 2640 4800 Apostolus
2659 4749 2721 4785 ea
2747 4748 2866 4800 qua:
2889 4734 3122 4799 fuerunt
3146 4735 3210 4786 in
3239 4727 3685 4804 mim’sterio‘l'etrj

449 4795 574 4867 lege
596 4798 731 4868 quid
769 4801 910 4854 dixit
925 4803 1182 4872 Aggaaus,
1208 4803 1342 4874 quid
1365 4803 1678 4870 Zacharias,
1703 4804 1838 4875 quid
1871 4821 2045 4876 ange-
2198 4795 2280 4856 ris
2307 4795 2652 4870 Tcsiamenti,
2677 4807 2724 4856 et
2749 4795 2815 4856 ca:
2831 4795 2916 4857 his
2947 4806 3138 4869 arguit
3156 4806 3488 4871 dignitatem
3509 4796 3680 4854 Christi

451 4885 556 4953 ίιιετ
601 4888 735 4957 quid
778 4889 947 4944 etiam
994 4891 1198 4946 Esdras
1236 4893 1504 4963 increpat.
1547 4893 1838 4956 Quomodo
1875 4895 2044 4948 corri-
2196 4890 2262 4927 αθ
2289 4890 2435 4928 ηουδ
2461 4876 2610 4940 ίθθίε-
3259 4891 3273 4904 ”

446 4982 694 5046 puerunt
721 4993 872 5044 eum,
895 4980 1174 5049 quomodo
1197 4997 1362 5035 nemo
1383 4981 1694 5051 interrogat
1717 4982 2040 5051 Dominum,
2200 4997 2230 5032 ι
2259 4979 2471 5036 Habuit
2486 4979 2712 5052 quidem
2733 4987 2790 5035 et
2808 4981 2963 5051 prius
2968 4981 3402 5051 justiﬁcationes
3421 4979 3687 5036 culturaert

446 5063 542 5118 ubi
566 5065 738 5120 etiam
766 5066 874 5138 ipsi
902 5069 1239 5138 transgressi
1271 5076 1420 5136 sunt,
1449 5075 1506 5123 et
1529 5087 1711 5140 neque
1741 5071 1845 5142 ipsi
1900 5072 2043 5126 scie-
2130 5089 2156 5117 α
2185 5076 2442 5123 sanctum
2461 5071 2745 5124 saeculare.
2769 5069 3214 5124 Tabernaculum
3237 5070 3389 5124 enim
3410 5069 3602 5122 factum
3617 5067 3687 5114 est

449 5153 605 5208 bant.
618 5155 862 5211 Intueris
877 5157 1157 5228 quomodo
1169 5157 1491 5212 violentiam
1508 5159 1722 5229 patitur
1737 5160 1928 5212 tuum?
1940 5177 2044 5230 ego
2129 5181 2154 5207 α
2189 5157 2452 5229 primum,
2478 5159 2537 5213 in
2552 5176 2662 5230 quo
2693 5159 2920 5213 inerant
2937 5159 3289 5224 candelabra,
3323 5164 3380 5212 et
3415 5171 3613 5214 mensa,
3641 5155 3687 5200 et

447 5247 638 5297 autem
687 5259 879 5299 meum
916 5245 1228 5311 ostendam,
1269 5247 1534 5317 quoniam
1572 5264 1776 5302 novum
1819 5249 2044 5320 pr0prie
2131 5266 2153 5296 ι
2186 5247 2492 5319 propositio
2552 5265 2783 5319 panum,
2829 5265 2951 5319 quae
3003 5249 3266 5302 dicuntur
3316 5252 3523 5300 sancta.
3577 5241 3686 5294 Post

447 5330 632 5400 ipsum
686 5333 910 5388 dicitur.
968 5335 1077 5389 Sed
1117 5352 1299 5406 neque
1336 5337 1476 5390 illud
1525 5337 1768 5391 concedo
1818 5336 1888 5390 de
1938 5337 2044 5392 hoc
2128 5358 2150 5386 ι
2181 5337 2562 5391 velamentum
2574 5343 2765 5392 autem
2781 5338 3088 5391 secundum
3107 5325 3685 5399 tabernaculum,un

446 5418 659 5472 dictum
684 5439 824 5488 esse,
852 5441 878 5475 «
909 5423 1177 5494 quoniam
1204 5425 1314 5478 erit
1337 5425 1537 5480 coelum
1568 5441 1828 5480 novum.»
1855 5425 2040 5490 Quare
2129 5449 2146 5474 ο
2183 5425 2474 5479 dicebatur
2493 5426 2698 5479 Sancta
2711 5432 2974 5480 sanctoru
2988 5444 3061 5489 ω,
3087 5425 3296 5479 habens
3321 5437 3549 5476 aureum
3583 5417 3687 5469 thu'

445 5523 560 5562 non
571 5509 770 5580 magis,
787 5512 936 5581 quod
955 5512 1164 5568 dicitur
1180 5513 1239 5569 in
1259 5514 1710 5581 Deuteronomio,
1733 5535 1755 5563 ι
1779 5515 1911 5586 quia
1931 5515 2040 5570 erit
2123 5533 2149 5567 α
2180 5515 2446 5580 ribulum,
2489 5519 2546 5567 et
2577 5530 2764 5567 arcam
2801 5515 3127 5569 testamenti
3169 5515 3578 5568 circumtectam
3629 5517 3682 5554 ex

447 5597 648 5652 caelum
673 5615 900 5666 ereum,
931 5620 954 5652 ι
989 5601 1094 5657 hoc
1123 5603 1312 5673 posuit
1338 5603 1410 5656 ad
1429 5601 1804 5658 diti‘erentiam
1825 5603 2038 5674 signiﬁ-
2125 5625 2148 5653 ι
2182 5603 2338 5657 omni
2357 5607 2519 5673 parte
2546 5617 2704 5668 auro,
2736 5601 2794 5656 in
2821 5620 2934 5673 qua
2960 5610 3083 5658 erat
3112 5619 3259 5658 urna
3295 5615 3470 5655 aurea
3502 5593 3687 5651 habens
