3854 6164
225 303 309 359 769
569 295 1145 356 ENARRATIONUM
1179 299 1261 354 IN
1308 268 1464 355 Emi.
1504 298 1720 356 PAULI
1757 296 1896 354 LIB.
1927 295 2180 353 xxvm.
2217 329 2282 340 —
2323 296 2405 352 IN
2439 297 2663 354 EPIST.
2701 299 2800 355 AD
2837 300 3051 358 HEBR.
3351 309 3456 366 77o

225 446 246 478 ε
272 441 474 490 manna,
487 429 542 478 et
551 424 708 496 virga
726 425 933 489 Aaron,
959 439 1082 494 qua
1122 423 1470 491 fronduerat,
1485 429 1542 479 et
1569 419 1837 480 tabulaA
1859 435 1972 474 non
1992 421 2142 475 enim
2157 420 2420 476 videbant
2437 439 2522 476 ea.
2557 423 2798 479 Proinde
2828 442 2942 481 non
2956 427 3067 482 illis
3094 433 3274 502 magis
3290 443 3452 492 erant

224 513 584 578 «testamenti,
621 529 900 584 superque
916 529 1042 567 eam
1062 512 1346 567 Cherubin
1361 514 1552 584 gloria
1580 513 1775 568 obum-
1855 510 2178 577 constituta,
2213 528 2383 582 quam
2405 511 2519 565 illis
2563 513 2766 584 quibus
2798 516 3298 588 prophetabantur.
3336 527 3450 581 «In

221 603 456 656 cbrantia
481 603 827 673 propitiatori
839 618 954 668 um,
990 602 1060 655 de
1091 601 1294 673 quibus
1333 619 1446 657 non
1475 609 1562 656 est
1601 603 1770 657 modo
1853 599 2096 653 secundo
2120 605 2310 654 autem
2337 602 2511 654 semel
2565 600 2624 655 in
2664 620 2812 658 anno
2857 606 3010 660 solus
3037 609 3303 678 pontifex,
3337 630 3450 670 non

221 711 240 744 ι
266 692 534 746 dicendum
563 708 666 762 per
705 691 944 760 singula.
980 691 1081 744 His
1109 707 1240 744 vero
1297 691 1378 746 ita
1426 692 1766 762 compositis,
1852 687 1974 741 sine
2008 689 2302 758 sanguine,
2337 706 2504 760 quem
2535 691 2762 746 offerret
2797 709 2900 764 pro
2952 713 3013 750 se
3041 701 3100 751 et
3127 715 3229 768 pro
3257 704 3448 774 populi

219 798 241 833 ι
265 781 310 834 in
335 780 495 851 priori
545 780 770 850 quidem
814 779 1177 834 tabernaculo
1216 797 1437 851 semper
1461 780 1772 836 introibant
1851 773 2188 845 ignorantia.
2211 796 2236 828 »
2263 778 2506 832 Intueris
2521 779 2641 849 jam
2657 773 3449 856 formasantepramissasiNe

213 889 236 921 σ
261 869 988 933 sacerdotes,sacriﬁciorum
1011 869 1195 923 officia
1212 869 1768 924 consummanteszin
1841 864 2002 918 enim
2047 865 2317 932 dicerent,
2365 867 2654 932 Quomodo
2709 886 2887 926 unum
2927 879 3014 926 est
3059 876 3449 934 sacrificium?

214 979 233 1008 ι
261 959 480 1012 secundo
498 963 709 1024 autem,
741 958 913 1012 semel
933 958 993 1011 in
1032 975 1182 1012 anno
1198 959 1768 1030 soluspontifex,non
1851 953 2096 1008 ostendit
2135 955 2273 1008 illud
2324 957 2444 1026 jam
2491 957 2621 1011 inde
2665 957 2735 1012 ab
2771 960 2953 1028 initio,
2991 963 3268 1035 siquidem
3298 971 3445 1040 quod

211 1065 231 1096 ἰ
255 1046 359 1100 sine
387 1045 676 1115 sanguine,
696 1063 863 1116 quem
891 1045 1118 1099 offerret
1137 1051 1192 1100 et
1215 1063 1320 1116 pro
1358 1063 1459 1100 sua
1490 1051 1548 1100 et
1575 1047 1768 1118 papuli
1850 1043 2100 1097 sanctius
2130 1049 2270 1109 erat,
2297 1061 2472 1098 unum
2516 1051 2638 1101 erat
2676 1053 2735 1102 et
2761 1050 3030 1106 terribile.
3070 1053 3142 1108 Et
3167 1059 3446 1126 quomodo

210 1151 231 1185 ε
257 1134 1189 1204 ignorantia.»(J.0hrys.)Ostendit
1215 1151 1280 1189 ex
1292 1136 1602 1190 sacerdotio
1629 1141 1687 1190 et
1701 1153 1767 1190 ex
1850 1132 2096 1202 pontifex
2119 1133 2293 1188 semel
2322 1133 2427 1189 hoc
2455 1135 2739 1204 offerebat,
2771 1139 2818 1192 si
2847 1140 3176 1209 [oﬁ‘erebat’l
3193 1145 3305 1216 Sic]
3318 1163 3446 1202 con-

205 1226 521 1287 testamento,
539 1223 675 1294 quia
688 1225 857 1277 ﬁnem
869 1223 1197 1278 habiturum
1219 1229 1342 1278 erat
1379 1225 1520 1279 illud
1537 1243 1548 1278 :
1583 1229 1768 1279 osten-
1848 1221 2204 1276 suetudinem
2215 1221 2284 1276 ab
2296 1222 2458 1278 initio
2470 1232 2818 1296 acceperant;
2833 1229 3042 1284 etenim
3053 1236 3189 1286 tunc
3197 1235 3444 1304 pontifex

204 1311 270 1365 dit
285 1314 390 1382 jam
422 1318 478 1366 et
509 1329 580 1366 ex
610 1313 732 1383 ipso
760 1311 1111 1367 tabernaculi
1141 1313 1446 1378 schemate,
1484 1315 1764 1385 quomodo
1849 1308 2051 1380 inqui;
2072 1311 2246 1364 semel
2277 1311 2565 1366 offerebat.
2598 1314 2668 1368 Et
2687 1313 2827 1370 bene
2840 1317 2980 1372 dixit
3011 1338 3037 1370 (κ
3062 1336 3175 1374 ηοη
3187 1323 3308 1377 sine
3319 1341 3446 1380 san-

203 1400 310 1464 bac,
333 1401 524 1472 inquit,
559 1407 758 1456 sancta
795 1408 853 1456 et
879 1408 1074 1456 sancta
1102 1407 1445 1457 sanctorum.
1481 1403 1551 1457 Et
1570 1409 1766 1458 sancta
1845 1398 2037 1468 guine,
2057 1418 2083 1450 »
2111 1416 2222 1454 non
2237 1401 2464 1472 quidem
2481 1401 2602 1456 sine
2617 1405 3016 1474 sanguine,sed
3027 1407 3134 1463 isto
3145 1413 3438 1483 sanguine.

201 1490 390 1559 quidem
413 1491 620 1562 prioris
642 1495 777 1545 sunt
805 1490 1012 1545 indicia
1033 1491 1324 1562 temporis,
1342 1491 1420 1546 ibi
1445 1491 1653 1563 quippe
1663 1509 1765 1564 per
1844 1487 1971 1541 Non
1991 1488 2140 1542 enim
2168 1494 2395 1544 tantum
2416 1495 2540 1547 emt
2567 1493 2877 1562 negotium.
2909 1496 3169 1553 Ostendit
3188 1501 3320 1571 quia
3333 1503 3443 1558 erit

200 1579 378 1634 hostias
403 1580 596 1634 omnia
625 1581 853 1647 ﬁebant,
885 1580 945 1634 in
973 1580 1180 1634 sanctis
1219 1585 1412 1635 autem
1440 1587 1764 1636 sanctorum
1845 1576 2200 1643 sacriﬁcium,
2235 1579 2383 1650 quod
2413 1579 2540 1650 igne
2569 1597 2682 1635 non
2707 1584 3074 1651 consumitur,
3094 1588 3192 1642 sed
3214 1605 3280 1643 ex
3307 1608 3441 1646 san-

198 1668 338 1738 hujus
363 1669 631 1740 temporis
659 1671 880 1740 signum
920 1675 1024 1734 est,
1076 1686 1224 1724 nunc
1264 1670 1575 1740 prasentis.
1617 1670 1807 1740 Dicit_
1843 1663 2016 1734 guine
2046 1665 2273 1736 quidem
2301 1667 2805 1726 demonstrandum
2825 1672 2916 1726 sit.
2943 1673 3220 1737 Quoniam
3235 1679 3442 1734 sacriﬁ-

198 1763 355 1811 autem
381 1764 576 1812 sancta
593 1765 914 1814 sanctorum
945 1775 1066 1813 esse
1085 1760 1372 1824 calum,et
1381 1760 1759 1814 velamentum
1777 1737 1824 1797 B
1841 1753 1992 1806 Cium
2021 1755 2234 1808 V008Vit
2260 1771 2502 1823 crucem,
2521 1774 2704 1830 neque
2731 1759 2921 1830 ignem
2933 1761 3440 1839 Ῐιαδθηίθωνηθίιυθ

198 1847 382 1910 calum,
411 1853 468 1901 et
485 1865 718 1904 carnem
747 1849 1054 1903 intrantem
1083 1848 1141 1902 in
1160 1847 1429 1902 interiora
1443 1849 1756 1916 velaminis,
1842 1841 2013 1912 ligna,
2064 1859 2246 1913 neque
2289 1843 2647 1912 οδιαῐίοῐιθως
2703 1849 2802 1902 sed
2850 1853 3024 1906 semel
3061 1853 3120 1906 in
3166 1857 3440 1927 sanguine

197 1935 279 1989 hoc
320 1941 416 2001 est,
443 1937 708 1991 velamen
738 1937 924 1991 carnis
955 1937 1096 2008 ejus,
1136 1936 1356 1991 Bonum
1401 1953 1534 1992 vero
1563 1943 1650 1992 est
1695 1955 1758 1992 ex
1841 1929 2112 1998 oblatum,
2131 1933 2536 2004 ostendit,quia
2550 1941 2607 1990 et
2620 1942 2780 1991 vetus
2805 1939 3141 1995 sacrificium
3160 1944 3274 1998 tale
3295 1953 3435 2012 erat,

194 2025 329 2094 paulo
354 2025 740 2096 superioribus
768 2025 916 2080 hunc
953 2026 1138 2080 locum
1185 2031 1504 2096 repetentes
1550 2026 1753 2080 dicere.
1841 2020 1989 2090 quod
2013 2021 2187 2075 semel
2207 2021 2548 2078 offerebatur
2574 2024 2632 2078 in
2654 2027 2946 2096 sanguine.
2975 2029 3193 2094 «Quem
3211 2033 3440 2090 offerret

193 2113 308 2176 Quid
333 2131 477 2184 ergo,
504 2115 696 2185 inquit
721 2116 746 2167 ?
771 2133 796 2168 α
820 2114 1020 2168 habuit
1045 2113 1292 2184 primum
1323 2113 1549 2186 quidem
1579 2120 1756 2170 testa-
1842 2124 1944 2179 pro
1965 2126 2044 2174 se,
2064 2109 2266 2182 inquit,
2292 2112 2548 2184 etpopuli
2559 2112 2932 2184 ignorantia.»
2958 2117 3083 2172 Non
3093 2119 3234 2175 dixit
3247 2137 3438 2192 pecca-

191 2210 426 2266 meutum,
467 2203 688 2258 scilicet
710 2203 1130 2274 justiﬁcationis
1151 2203 1452 2258 culturam.
1487 2203 1633 2268 Quid
1671 2210 1760 2258 est
1837 2197 1930 2264 tis,
1951 2199 2091 2252 sed«
2113 2199 2454 2269 ignorantia,
2481 2220 2506 2251 »
2540 2219 2611 2256 ne
2636 2220 2904 2274 magnum
2936 2207 3177 2277 sapiant.
3207 2209 3267 2264 Si
3285 2211 3438 2266 enim

185 2293 630 2360 justiﬁcationes?
661 2293 834 2363 Signa
861 2296 919 2346 et
949 2292 1438 2359 sanctiﬁcationes,
1472 2309 1594 2364 qua
1622 2298 1757 2347 tunc
1838 2303 1952 2341 non
1980 2288 2172 2343 volens
2211 2289 2496 2360 peccabas,
2528 2291 2627 2346 sed
2681 2293 2880 2348 nolens
2926 2293 3243 2365 ignorabas,
3282 2304 3340 2354 et
3364 2300 3436 2355 ob

187 2387 334 2436 erant.
380 2381 680 2452 Tanquam
724 2382 872 2452 quod
913 2398 1084 2448 nunc,
1131 2380 1334 2452 inquit,
1367 2394 1481 2436 non
1529 2381 1752 2448 habeat,
1838 2375 1944 2429 hoc
1983 2377 2171 2432 nullus
2201 2383 2288 2432 est
2313 2379 2577 2434 mundus.
2612 2381 2682 2434 Et
2709 2380 2940 2453 ubique.
2955 2385 3105 2454 quod
3134 2402 3300 2441 suum
3328 2394 3432 2453 est,

186 2471 394 2525 ostendit
410 2471 556 2526 illud
569 2488 835 2526 cessasse.
850 2471 1007 2526 Tunc
1017 2471 1167 2525 enim
1187 2487 1301 2524 non
1319 2469 1751 2542 habuit,inquit;
1837 2465 2103 2531 ostendit,
2127 2467 2393 2538 quoniam
2409 2468 2667 2524 Christus
2677 2471 2856 2525 multo
2875 2473 3058 2542 major
3071 2476 3429 2546 estpontif‘ex.

187 2559 383 2628 proinde
411 2577 588 2626 nunc,
616 2577 680 2614 ac
709 2560 756 2614 si
783 2560 966 2614 adhuc
989 2559 1279 2625 instantia,
1303 2576 1416 2614 non
1438 2566 1542 2614 est.
1570 2561 1756 2615 «Tunc
1839 2555 2004 2623 (Αιῦο)
2035 2555 2299 2625 Legimus
2345 2557 2495 2611 enim
2534 2557 2594 2612 in
2641 2559 2883 2629 30889110
2910 2559 3334 2620 tabernaculum
3363 2567 3434 2620 ad

181 2655 400 2702 sanctum
413 2649 706 2714 mulam,
717 2668 742 2701 »
767 2649 1033 2703 secubare
1047 2647 1198 2712 dicit,
1215 2649 1482 2719 quoniam
1495 2648 1755 2703 omnibus
1836 2641 2017 2696 instar
2044 2660 2166 2698 esse
2177 2644 2346 2714 hujus
2357 2646 2552 2700 mundi
2563 2647 2772 2700 factum
2787 2665 2798 2700 :
2819 2649 3099 2704 exteriora
3106 2667 3236 2706 vero
3264 2653 3435 2724 hujus

181 2735 352 2791 licebat
376 2738 618 2802 intrare,
661 2743 720 2791 et
745 2738 1076 2792 manifestus
1108 2743 1231 2791 erat
1259 2737 1354 2791 ille
1389 2737 1542 2791 locus
1569 2737 1629 2791 in
1658 2737 1754 2792 illo
1837 2731 2022 2786 εαξεωὶ
2043 2733 2281 2802 ﬁguram
2296 2733 2596 2789 habebant.
2611 2735 2821 2790 Idcirco
2842 2737 3092 2807 quotidie
3109 2739 3436 2798 ministrant

179 2824 535 2890 tabernaculo,
569 2825 666 2881 ubi
689 2827 1009 2880 sacerdotes
1033 2825 1277 2891 stabant,
1305 2825 1401 2880 ubi
1427 2825 1626 2893 Judagi,
1658 2826 1755 2880 ubi
1837 2820 2016 2874 sancti
2045 2821 2382 2888 sacerdotes,
2423 2824 2792 2879 mentientes
2841 2825 3034 2882 lumen
3079 2828 3347 2886 doctrina
3375 2837 3434 2886 et

177 2915 498 2987 proselyti,et
512 2916 767 2970 Gentiles
781 2920 837 2970 et
849 2915 1116 2970 Nazarai.
1125 2915 1402 2979 Quoniam
1413 2932 1546 2986 ergo
1556 2921 1614 2969 et
1621 2933 1756 2986 gen-
1836 2915 2127 2980 Pascentes
2143 2912 2413 2982 populum
2426 2911 2546 2966 Dei.
2557 2931 2582 2964 α
2597 2913 2835 2979 Panum,
2847 2933 2870 2966 ι)
2889 2915 2984 2986 qui
2995 2933 3166 2986 super
3178 2934 3430 2974 mensam

174 3002 300 3057 tibus
325 3005 651 3060 accessibile
703 3010 843 3067 erat,
878 3005 1144 3059 saculare
1174 3004 1312 3058 illud
1341 3005 1604 3076 appellat,
1641 3021 1754 3059 non
1772 3053 1814 3076 η
1835 2997 2115 3053 asabbato
2125 3015 2306 3072 usque
2328 3000 2708 3056 adsabbatum
2722 3009 2925 3073 Ρνωεῐο
2957 3003 3163 3060 debent
3181 3023 3341 3074 9-388;
3372 3009 3426 3063 id

177 3093 301 3146 enim
311 3094 518 3149 Judais
531 3099 684 3148 totus
697 3095 940 3148 mundus
952 3098 1092 3148 erat.
1115 3093 1592 3148 «Tabernaculum
1601 3093 1752 3148 enim
1772 3087 1816 3112 υ
1835 3092 1939 3152 est,
1959 3103 1994 3141 α
2021 3087 2253 3143 sabbato
2295 3089 2412 3159 spei
2441 3095 2664 3157 nostra,
2687 3091 2746 3146 in
2781 3108 2893 3163 qua
2913 3093 3072 3164 quasi
3091 3093 3150 3149 in
3180 3096 3425 3162 Christo,
3477 3095 3482 3100 ’

173 3179 344 3251 inquit,
385 3189 783 3237 constructum
838 3187 941 3248 est,
1000 3182 1201 3253 primo,
1266 3182 1414 3253 quod
1461 3181 1755 3236 dicebatur
1833 3181 1892 3228 et
1927 3175 1998 3230 ab
2027 3177 2198 3246 hujus
2221 3178 2750 3234 munditurbinibus
2772 3181 2971 3245 securi,
3012 3199 3189 3254 usque
3210 3184 3269 3240 in
3289 3185 3429 3241 illud

173 3276 353 3336 sancta,
388 3271 444 3326 in
467 3289 588 3342 quo
616 3278 741 3326 erat
767 3270 1167 3325 candelabrum
1188 3276 1247 3324 et
1266 3287 1460 3324 mensa
1472 3277 1531 3324 et
1546 3287 1750 3342 pr0po-
1832 3263 2146 3326 sabbatum,
2175 3266 2322 3336 quod
2345 3266 2691 3323 retineamus
2710 3286 2834 3340 qua
2861 3285 3012 3324 nunc
3047 3271 3107 3326 in
3136 3289 3234 3344 spe
3259 3274 3430 3329 habe-

169 3357 276 3412 sitio
302 3377 512 3430 panum
537 3379 548 3427 ;
573 3379 598 3412 ι»
625 3361 742 3415 hac
770 3361 932 3431 signa
953 3359 1343 3415 erantmundi.
1377 3359 1545 3413 «Post
1557 3376 1752 3414 secun-
1831 3369 1977 3408 mus.
2039 3354 2390 3409 candelabra
2432 3373 2564 3410 νειὋ
2607 3357 2755 3412 ἀοηὸ
2796 3359 2972 3413 sancti
3004 3360 3248 3431 Spiritus
3277 3370 3428 3431 sunt,

169 3445 280 3500 dum
298 3450 558 3504 velamen
581 3448 1314 3520 erattabernaculum,quod
1335 3447 1547 3502 dicitur
1557 3453 1751 3503 sancta

166 3544 480 3593 sanctorum.
497 3559 524 3588 ι
545 3537 1096 3608 Attende,quomodo
1106 3537 1316 3608 ubique
1324 3537 1748 3592 tabernaculum

165 3631 316 3683 vocat.
347 3645 412 3681 ex
463 3645 540 3680 eo
594 3627 744 3698 quod
792 3625 1004 3680 ibidem
1058 3625 1374 3680 habebitur.
1415 3643 1442 3679 ι
1474 3627 1746 3692 Aureum,

163 3713 338 3786 inquit,
395 3716 622 3771 habens
651 3715 1026 3781 thuribulum,
1087 3721 1145 3769 et
1189 3732 1378 3768 arcam
1424 3716 1751 3770 testamenti

163 3803 578 3876 circumseptam
601 3821 666 3858 ex
687 3805 841 3858 omni
873 3811 1032 3875 parte
1055 3821 1213 3868 auro,
1233 3803 1292 3857 in
1315 3820 1427 3875 qua
1455 3820 1600 3858 urna
1629 3809 1752 3858 erat

160 3894 543 3949 aureahabens
555 3911 783 3958 manna,
818 3899 875 3947 et
902 3894 1058 3963 virga
1077 3894 1286 3957 Aaron,
1303 3909 1426 3962 qua
1457 3893 1746 3958 floruerat,

160 3986 205 4032 et
219 3982 414 4037 tabula
445 3982 802 4038 testamenti.
839 4001 862 4032 ι
897 3981 1103 4036 Omnia
1132 3980 1669 4048 venerabiliaerant,
1693 3987 1752 4036 et

1831 3458 1955 3512 qua
2009 3443 2069 3496 in
2127 3443 2373 3498 Ecclesia
2425 3444 2615 3500 lucent
2669 3447 3113 3518 intelligentibus
3142 3467 3244 3520 per
3276 3470 3425 3520 eum,

1829 3547 2001 3602 super
2029 3549 2195 3603 quem
2225 3531 2538 3602 requiescet
2555 3533 2786 3605 spiritus
2813 3537 3101 3606 sapientia
3132 3544 3189 3592 et
3210 3539 3432 3595 intelle-

1833 3625 1976 3685 ctus,
2007 3620 2240 3690 spiritus
2267 3621 2485 3676 consilii
2516 3627 2573 3676 et
2598 3623 2962 3689 fortitudinis,
2987 3625 3219 3696 spiritus
3249 3629 3430 3684 scien-

1833 3708 1926 3762 tia
1954 3714 2012 3762 et
2055 3709 2302 3780 pietatis,
2329 3716 2387 3764 et
2415 3710 2646 3782 spiritus
2680 3712 2902 3767 timoris
2930 3714 3152 3768 Domini
3167 3717 3294 3784 (Isa.
3327 3722 3426 3789 x1).

1833 3797 2076 3852 Interius
2094 3814 2224 3852 vero
2253 3798 2698 3867 tabernaculum,
2741 3802 2892 3872 quod
2939 3802 3148 3858 dicitur
3181 3823 3206 3856 «
3239 3813 3432 3862 sancta

1831 3891 2174 3953 sanctorum,
2197 3907 2222 3940 »
2237 3887 2421 3958 ipsum
2433 3890 2632 3944 calum
2653 3889 3229 3960 signiﬁcat.Velamen
3239 3900 3430 3950 autem

1832 3976 2034 4030 calum
2073 3982 2176 4041 est,
2227 3976 2378 4031 intra
2433 3978 2582 4049 quod
2619 3979 2881 4034 sacerdos
2923 3986 3117 4036 noster
3172 3983 3431 4040 Christus

159 4068 288 4123 clara
301 4070 991 4142 ingratjtudinisJudaica
1005 4075 1429 4124 monumenta.«
1449 4070 1754 4156 Ettabula,
1843 4081 1956 4119 non
1967 4064 2087 4156 sine
2105 4066 2379 4136 sanguine
2398 4066 2646 4122 intravit.
2665 4086 2690 4119 «
2712 4068 3084 4124 Thuribulum
3104 4071 3322 4128 habens
3335 4091 3432 4130 au-

155 4156 332 4228 inquit,
347 4159 682 4215 testamenti
699 4178 746 4212 επ
767 4159 1012 4230 fregerat
1025 4159 1229 4230 quippe
1242 4174 1356 4212 eas.
1368 4179 1390 4210 ι
1401 4159 1470 4213 Et
1483 4175 1708 4226 manna;
1719 4154 1749 4213 »⁷
1844 4170 2023 4222 reum,
2033 4174 2059 4207 »
2072 4154 2128 4208 in
2141 4171 2250 4226 quo
2262 4156 2574 4211 offeruntur
2582 4157 2864 4212 orationes
2873 4165 3213 4215 sanctorum.
3237 4163 3302 4217 In
3323 4179 3432 4234 quo

157 4255 642 4303 murmuraverunt
661 4249 832 4312 enim,
867 4252 925 4301 et
950 4253 1016 4302 ut
1029 4247 1402 4302 deduceretur
1414 4247 1748 4318 adposteros
1835 4260 1861 4294 ί(
1880 4242 2164 4298 Cherubin
2192 4245 2384 4314 gloria
2399 4244 2795 4302 obumbrantia
2813 4239 3432 4320 propitiatorium,)hoc

153 4339 424 4399 memoria,
458 4337 764 4408 imperavit
792 4337 930 4390 illud
979 4337 1039 4390 in
1066 4353 1211 4391 urna
1239 4352 1413 4390 aurea
1449 4335 1808 4430 reservari.D
1829 4338 1932 4398 est,
1965 4331 2266 4387 multitudo
2295 4333 2560 4389 scientia.
2601 4336 2746 4406 Apte
2780 4335 3232 4407 propitiatorium
3261 4356 3432 4410 super

159 4442 178 4470 ι
201 4425 866 4497 EtvirgaAaron,inquit,
884 4443 1007 4497 qua
1023 4427 1599 4496 floruerat,superque
1621 4441 1746 4480 eam

1830 4436 2019 4474 arcam
2038 4420 2283 4492 positum
2298 4437 2421 4475 esse
2445 4422 2671 4489 dicitur,
2707 4422 2842 4494 quia
2860 4423 2967 4494 ipsi
2981 4472 2988 4478 .
3004 4425 3300 4480 mediatori
3323 4427 3428 4481 Dei

154 4511 422 4570 Cherubin
452 4516 669 4586 gloria.
706 4535 728 4566 ι
764 4514 911 4578 Quid
933 4521 1019 4568 est
1039 4512 1322 4568 Cherubin
1365 4512 1596 4582 gloria?
1634 4513 1749 4568 sive
1830 4513 1888 4562 et
1915 4508 2210 4564 hominum
2242 4509 2561 4580 specialiter
2591 4527 2627 4564 ει
2655 4511 2770 4565 Deo
2817 4517 2976 4582 patre
3019 4512 3290 4568 donatum
3320 4521 3424 4583 est,

153 4602 397 4671 gloriosa,
421 4605 543 4659 sive
565 4620 692 4675 qua
718 4603 822 4658 sub
843 4604 958 4658 Deo
989 4608 1122 4656 sunt
1145 4601 1470 4656 constituta.
1508 4601 1750 4657 «Obum-

155 4687 374 4758 brantia,
409 4693 619 4764 inquit,
651 4691 1126 4763 propitiatorium,
1161 4707 1186 4746 ιι
1218 4691 1315 4745 sed
1347 4696 1404 4745 et
1423 4691 1602 4746 elevat
1631 4691 1749 4746 hac

155 4795 241 4832 sua
258 4783 539 4847 oratione,
573 4788 639 4836 ut
657 4781 997 4848 ostenderet,
1031 4781 1166 4851 quia
1191 4781 1412 4851 majora
1438 4785 1590 4846 sunt,
1623 4797 1746 4852 qua

155 4875 263 4938 post
289 4871 397 4926 ista
409 4876 567 4926 sunt.
606 4889 630 4920 ι
655 4871 736 4925 De
759 4869 980 4941 quibus,
1004 4869 1207 4940 inquit,
1238 4886 1352 4924 non
1373 4875 1459 4923 est
1479 4884 1626 4923 nunc
1645 4886 1746 4940 per

153 4957 356 5027 singula
373 4960 702 5014 dicendum.
738 4979 767 5014 ι
809 4959 912 5014 Hic
953 4958 1306 5029 signiﬁcavit,
1333 4957 1601 5029 quoniam
1630 4975 1742 5012 non

155 5043 254 5100 hac
273 5050 392 5102 sola
422 5055 608 5110 erant,
625 5065 748 5119 qua
774 5047 1127 5122 videbantur,
1159 5047 1256 5101 sed
1285 5047 1745 5118 anigmataqua-

156 5133 268 5189 dam
287 5143 472 5191 erant.
501 5155 527 5189 ε
548 5138 630 5192 De
661 5136 882 5208 quibus,
901 5136 1104 5207 inquit,
1133 5152 1283 5190 nunc
1303 5152 1415 5189 non
1445 5141 1532 5190 est
1555 5136 1746 5190 dicen-

157 5221 272 5278 dum
293 5243 394 5298 per
421 5227 676 5296 singula;
716 5245 737 5276 ι
787 5225 1060 5292 fortassis,
1095 5225 1229 5296 quia
1273 5224 1453 5278 multo
1483 5240 1742 5278 sermone

157 5328 279 5382 opus
301 5316 594 5370 haberent.
614 5336 636 5367 ι
662 5315 762 5370 His
779 5313 957 5385 igitur
970 5315 1053 5370 ita
1070 5313 1424 5379 constructis,
1456 5312 1658 5383 inquit,
1681 5313 1741 5368 in

157 5401 384 5470 primum
418 5403 646 5474 quidem
693 5403 1119 5458 tabernaculum
1178 5418 1401 5474 semper
1455 5401 1742 5456 intrabant

157 5493 464 5547 sacerdotes
495 5495 722 5549 cultura
741 5493 926 5549 ofﬁcia
945 5491 1420 5548 consummantes.
1446 5509 1473 5544 ι
1508 5491 1740 5558 Hocest,

161 5587 306 5635 erant
332 5582 560 5653 quidem
610 5584 739 5652 ista,
772 5583 872 5638 sed
901 5600 1014 5638 non
1063 5582 1144 5638 eis
1183 5581 1516 5637 fruebantur
1541 5579 1740 5648 Judai,

1834 4614 1860 4647 «
1892 4603 1958 4652 ut
1999 4603 2148 4652 esset
2181 4598 2508 4670 propitiatio
2537 4615 2639 4670 pro
2682 4601 2923 4671 peccatis
2945 4601 3172 4656 nostris.
3209 4621 3234 4655 n
3268 4602 3430 4660 Unde

1831 4686 2002 4739 etiam
2021 4686 2232 4741 Paulus
2241 4686 2404 4740 dicit:
2427 4706 2452 4738 «
2471 4688 2500 4742 J
2506 4703 2635 4741 esus
2661 4688 2936 4755 Christus,
2956 4689 3051 4761 qui
3068 4698 3324 4748 mortuus
3343 4698 3432 4748 est

1828 4773 1946 4828 imo
1975 4775 2070 4844 qui
2123 4780 2181 4829 et
2220 4775 2542 4842 resurrexit,
2579 4775 2674 4847 qui
2731 4782 2818 4831 est
2869 4779 2940 4832 ad
2981 4779 3266 4836 dexteram
3304 4782 3426 4849 Dei,

1827 4861 1924 4935 qui
1959 4863 2130 4917 etiam
2177 4863 2500 4936 interpellat
2538 4881 2639 4936 pro
2690 4865 2850 4920 nobis
2879 4866 3053 4936 (Rom.
3085 4872 3220 4938 vm).
3249 4889 3274 4924 ))
3304 4890 3327 4921 ε
3360 4871 3431 4926 Et

1825 4969 1960 5007 arca
1976 4953 2320 5008 testamenti.
2346 4973 2373 5005 ν
2407 4955 2535 5009 Hac
2555 4959 2641 5009 est
2669 4971 2799 5010 caro
2829 4956 3132 5012 Salvatoris
3157 4958 3352 5022 nostri,
3368 4959 3428 5014 in

1829 5059 1942 5114 qua
1959 5059 2168 5096 manna
2181 5042 2491 5097 divinitatis
2502 5049 2560 5097 et
2573 5043 2776 5100 tabula
2795 5045 3037 5100 duorum
3056 5052 3426 5102 testamento-

1829 5149 1978 5198 rum,
2003 5136 2062 5186 et
2091 5131 2463 5201 virgaAaron,
2489 5149 2613 5203 qua
2631 5134 2822 5188 floruit
2844 5134 2902 5189 in
2922 5135 3236 5190 sacerdotio
3271 5135 3428 5190 Chri-

1825 5221 1918 5285 sti,
1947 5241 1968 5272 ε
1995 5221 2064 5275 de
2086 5219 2288 5292 quibus
2327 5237 2440 5274 non
2476 5227 2562 5275 est
2583 5223 2747 5277 modo
2779 5239 2882 5294 per
2905 5223 3127 5294 singula
3149 5224 3358 5279 dicere.
3395 5245 3421 5277 »

1828 5326 1854 5361 ‹‹
1886 5308 1988 5362 His
2015 5325 2145 5362 vero
2165 5309 2245 5362 ita
2265 5309 2608 5379 compositis,
2634 5309 2693 5364 in
2718 5310 2893 5382 priori
2913 5311 3137 5382 quidem
3157 5311 3422 5368 taberna-

1822 5399 1948 5452 culo
1968 5414 2189 5468 semper
2213 5397 2522 5452 introibant
2541 5399 2876 5464 sacerdotes,
2891 5400 3294 5457 sacriﬁciorum
3305 5402 3424 5458 ofﬁ-

1826 5488 1914 5541 cia
1932 5492 2403 5542 consummantes.
2439 5506 2465 5539 »
2492 5487 2652 5551 Quod
2670 5504 2800 5542 vero
2828 5505 3000 5561 supra
3015 5489 3422 5547 dixitsanctum

1825 5579 2091 5635 saculare
2119 5593 2259 5650 esse,
2274 5579 2380 5635 hoc
2406 5579 2572 5636 modo
2609 5577 2850 5636 lucidius
2870 5580 3132 5648 ostendit,
3147 5580 3204 5636 id
3225 5585 3330 5648 est,
3363 5581 3421 5636 in
