3854 6164
462 343 559 398 771

1053 341 1117 397 Β.
1157 338 1431 396 RABANI
1467 338 1699 394 MAURI
1736 339 2074 396 ARCHIEP.
2113 340 2439 398 MOGUNT.
2478 342 2779 400 OPERUM
2811 343 2998 400 PARS
3034 343 3132 402 ΙΙΙ.

3573 350 3656 406 τη

461 486 574 540 quo
621 467 982 524 tabernaculo
1019 466 1292 522 sacriﬁcia
1345 465 1576 520 fuerunt
1629 465 1936 530 meularia,
1968 465 2968 535 nivAperfectumdeduxitlexnsed
2981 466 3276 525 secundum
3290 468 3508 524 carnalis
3521 487 3656 526 man-

463 558 543 615 hil
569 557 639 611 ad
660 557 968 628 perfectum
1001 555 1338 610 deducentia
1369 555 1703 608 servientem
1723 555 1784 608 in
1813 551 1916 608 eis.
1937 573 1959 605 ι
1988 556 2052 608 In

459 647 701 702 secundo
729 652 921 700 autem
969 645 1144 699 semel
1170 645 1228 698 in
1258 659 1408 698 anno
1445 644 1596 697 solus
1643 643 1907 714 pontifex,
1941 659 2074 709 non~

379 799 392 812 ί
457 734 578 789 sine
607 735 880 804 sanguine
909 751 1076 805 quem
1097 733 1261 787 offert
1275 749 1375 803 pro
1389 749 1492 785 sua
1505 739 1563 786 et
1575 731 1764 802 p0puli
1793 732 2055 802 ignoran-

459 823 555 879 tia.
590 842 617 876 ι»
651 825 764 878 Iste
779 840 910 877 vero
929 822 1176 894 pontifex
1215 838 1280 876 ex
1311 825 1474 892 parte
1502 821 1782 891 significat
1801 837 1932 874 eum
1962 821 2058 891 qui

457 912 632 966 semel
675 913 964 982 ingressus
997 917 1081 965 est
1115 912 1317 964 caelum
1357 911 1509 964 intra
1548 911 1732 963 velum
1775 910 1834 962 in
1866 917 2059 964 sancta

459 1006 804 1068 sanctorum,
833 1006 900 1056 ut
924 1001 1153 1056 assistat
1181 999 1361 1054 vultui
1391 999 1491 1053 Dei
1545 1015 1646 1069 pro
1682 997 1861 1052 nobis.
1897 999 2055 1062 Quod

458 1103 588 1144 vero
617 1090 702 1144 ait
725 1109 736 1143 :
776 1091 891 1145 «Ut
910 1089 1220 1159 oﬂeratpro
1241 1104 1344 1143 sua
1373 1094 1430 1141 et
1445 1087 1633 1158 populi
1653 1088 1992 1158 ignorantia,
2028 1107 2051 1139 ι

460 1179 681 1244 hocest,
709 1180 861 1250 quod
880 1180 999 1250 ipse
1021 1179 1080 1232 in
1105 1193 1271 1232 cruce
1287 1178 1398 1230 ait:
1437 1195 1462 1228 «
1492 1177 1662 1241 Deus,
1695 1177 1843 1230 Deus
1874 1191 2052 1242 meus,

459 1283 635 1338 quare
666 1284 756 1321 me
811 1267 1219 1338 dereliquisti?-
1241 1266 1408 1336 longe
1445 1282 1481 1319 a
1523 1267 1706 1320 salute
1734 1281 1863 1318 mea
1889 1265 2060 1318 verba

459 1356 794 1413 delictorum
823 1373 1081 1410 meorum
1102 1373 1130 1408 ι
1173 1357 1341 1420 (Psal.
1375 1359 1508 1419 xxi).
1567 1355 1702 1418 Qum
1731 1360 1868 1408 sunt
1891 1353 2059 1408 verba

462 1445 815 1511 delictorum,
847 1445 956 1498 nisi
983 1443 1235 1514 corporis
1263 1443 1395 1496 sui?

538 1551 565 1587 α
597 1535 715 1588 Hoc
725 1534 1078 1603 signiﬁcante
1091 1534 1126 1587 S
1135 1532 1304 1602 piritu
1325 1531 1794 1597 sancto,nondum
1805 1532 2061 1602 prepala-

465 1640 494 1674 α
515 1627 634 1677 tam
664 1639 786 1676 esse
815 1628 1138 1676 sanctorum
1160 1621 1326 1685 viam,
1355 1621 1539 1674 adhuc
1568 1621 1756 1690 priore
1795 1620 2060 1674 taberna-

467 1729 492 1762 ι
527 1712 652 1766 culo
681 1711 924 1764 habente
953 1715 1182 1764 statum.
1225 1711 1359 1774 Quae
1389 1709 1656 1780 parabole
1677 1713 1764 1762 est
1793 1709 2062 1780 temporis

2134 555 2252 608 dati
2302 556 2494 610 sordes
2539 562 2598 611 et
2642 556 2991 626 ignorantiae
3045 555 3226 626 potuit
3268 558 3559 612 emundare.
3595 561 3656 614 De

2134 644 2412 698 adulterio
2441 662 2589 710 vero,
2635 649 2694 702 et
2737 645 2806 700 de
2843 643 3171 715 capitalibus
3227 644 3522 704 criminibus
3548 647 3658 702 nihil

2139 733 2324 803 potuit
2347 750 2607 804 purgare,
2633 735 2728 789 sed
2759 735 3030 788 damnare
3059 739 3276 804 patrata
3294 733 3485 804 absque
3520 736 3657 789 mise-

2136 821 2399 876 ricordia.
2443 823 2575 878 Ideo
2619 824 2938 878 adulteram
2987 822 3248 876 Pharisaei
3305 831 3660 892 preposuerunt

2138 917 2268 966 ante
2303 913 2496 966 Iesum
2531 914 2710 974 (Joan.
2745 916 2883 980 vin),
2933 916 2998 969 ut
3031 911 3338 982 potuissent
3371 925 3488 965 eum
3532 928 3663 967 accu-

2137 1015 2283 1065 sare,
2337 1001 2385 1056 si
2423 1005 2621 1058 contra
2647 1001 2830 1072 legem
2868 999 3154 1056 absolvere
3178 998 3425 1070 juberet;
3469 1009 3556 1056 aut
3573 1001 3664 1054 lau-

2137 1087 2380 1144 dabilem
2427 1090 2890 1145 consuetudinem
2934 1089 3236 1154 amitteret,
3270 1087 3315 1143 si
3353 1087 3480 1158 legis
3497 1089 3666 1158 jussio-

2138 1193 2269 1233 nem
2311 1178 2592 1233 custodire
2623 1179 2968 1250 praeciperet.
3015 1178 3123 1232 Sed
3156 1184 3444 1246 utrumque
3483 1176 3668 1231 cavebat

2137 1267 2418 1338 sapientia
2437 1267 2556 1334 Dei,
2581 1267 2743 1338 quasi
2773 1267 3007 1324 dixisset
3037 1284 3048 1318 :
3081 1269 3241 1323 Iusta
3259 1271 3342 1321 est
3361 1265 3564 1336 quidem
3583 1266 3668 1332 lex,

2140 1356 2187 1409 si
2209 1357 2394 1425 justos
2421 1355 2656 1411 haberet
2681 1356 2988 1412 ministros.
3031 1355 3139 1418 Qui
3169 1355 3429 1409 festucam
3453 1355 3515 1408 de
3544 1355 3670 1408 oculo

2141 1444 2373 1500 alterius
2400 1447 2600 1500 tollere
2629 1445 2828 1509 videat,
2861 1446 3080 1514 justum
3113 1450 3214 1506 est,
3241 1451 3303 1498 ut
3339 1443 3480 1513 prius
3497 1442 3673 1500 trabem

2141 1533 2210 1589 de
2254 1534 2482 1604 proprio
2510 1535 2676 1589 tollat
2719 1535 2900 1590 oculo.
2934 1535 3016 1590 De
3045 1533 3376 1604 baptismate
3407 1533 3672 1586 Judaeorum

2143 1623 2362 1694 plenius
2391 1624 2451 1678 in
2481 1624 2802 1694 Evangelia,
2846 1615 2984 1672 κατὰ
3031 1622 3282 1678 Marcum
3300 1619 3494 1690 legitur
3515 1619 3533 1682 (
3542 1619 3673 1672 Marc.

2150 1719 2263 1778 vn),
2279 1711 2370 1769 ubi
2391 1712 2660 1768 Pharisaei
2689 1711 3079 1782 vituperabant
3098 1709 3395 1765 Dominum
3407 1713 3460 1761 et
3477 1707 3674 1778 discipu-

468 1793 808 1864 «‘instantis,
825 1801 989 1869 juxta
1017 1815 1187 1869 quam
1225 1814 1467 1852 munera
1489 1803 1550 1851 et
1577 1797 1774 1852 hostiae
1818 1784 2227 1855 oil‘erun-Blos
2249 1818 2360 1856 non
2403 1801 2532 1856 lotis
2584 1800 2848 1857 manibus
2895 1801 3255 1856 manducare.
3289 1799 3504 1852 Frustra
3527 1802 3678 1850 autem

469 1907 492 1936 ι
525 1893 638 1952 tur,
655 1905 778 1958 quae
797 1904 910 1941 non
923 1893 1158 1958 possunt
1163 1888 1184 1957 j
1195 1873 1327 1940 ux'ta
1339 1886 1737 1940 conscientiam
1757 1887 2064 1958 perfectum

471 1995 492 2028 ι
515 1976 698 2031 facere
746 1977 1102 2030 servientem.
1138 1995 1162 2027 ι
1197 1977 1522 2046 Propterea,
1560 1975 1762 2046 inquit,
1819 1976 1930 2029 ista
1983 1976 2066 2029 ita

459 2070 784 2121 constructa
799 2071 955 2128 sunt,
971 2072 1034 2119 ut
1043 2066 1344 2130 discamus,
1365 2065 1498 2134 quia
1508 2069 1704 2118 sancta
1717 2071 2057 2144 sanctorum,

466 2154 570 2209 hoc
585 2160 694 2219 est,
724 2155 925 2208 malum
956 2155 1141 2208 adhuc
1154 2153 1536 2208 inaccessibile
1565 2153 1898 2208 mortalibus
1925 2154 2066 2208 solet

465 2259 606 2298 esse.
637 2243 758 2297 Nec
783 2249 1049 2313 putemus
1084 2249 1146 2297 et
1189 2243 1327 2296 illud
1368 2242 1587 2313 ingredi
1621 2258 1736 2296 non
1756 2259 1936 2313 posse,
1967 2242 2063 2296 ubi

465 2331 712 2402 pontifex
740 2335 934 2386 noster
979 2331 1134 2402 prior
1177 2331 1412 2386 intravit
1445 2347 1560 2385 non
1609 2331 1732 2385 sine
1767 2331 2060 2401 sanguine,

465 2419 612 2478 sicut
637 2421 920 2491 Propheta
963 2421 1220 2491 praedixit
1249 2437 1262 2472 :
1311 2439 1336 2472 (ε
1369 2419 1506 2484 Quis
1534 2426 1620 2474 est
1645 2420 1755 2474 iste
1787 2421 1887 2490 qui
1915 2420 2066 2476 venit

466 2509 536 2566 de
565 2509 742 2564 Edom
777 2509 966 2564 tinctis
1015 2509 1262 2563 vestibus
1299 2509 1371 2562 de
1419 2509 1629 2562 Bosra?
1661 2526 1691 2560 ι
1741 2512 1862 2574 Usa.
1891 2514 2063 2579 Lxm.)

468 2597 577 2652 Sed
605 2597 906 2667 patienter-
931 2604 1320 2667 exspectamus
1361 2603 1590 2668 tempus
1639 2598 2068 2652 resurrectionis

467 2691 698 2751 nostrae,
747 2686 804 2739 in
859 2702 991 2755 quo,
1047 2705 1071 2736 α
1133 2686 1350 2740 Scimus
1405 2687 1669 2756 quoniam
1717 2703 1845 2740 cum
1893 2703 2065 2758 appa-

475 2773 671 2838 ruerit,
702 2773 918 2828 similes
965 2773 1047 2828 illi
1088 2773 1302 2830 erimus
1365 2778 1584 2844 {,Uoloss.
1633 2780 1732 2843 in),
1769 2794 1794 2826 ι
1824 2775 1932 2828 hoc
1959 2782 2063 2840 est,

477 2863 856 2927 immortales;
903 2862 1050 2917 sicut
1101 2863 1182 2916 illi
1238 2878 1392 2916 mors
1423 2863 1576 2917 ultra
1617 2880 1732 2917 non
1752 2863 2068 2918 dominabi-

2145 1890 2432 1956 Phariszei,
2447 1890 2658 1945 frustra
2673 1896 2864 1944 autem
2881 1905 3078 1946 omnes
3101 1887 3281 1946 Judaei
3302 1887 3479 1943 lavant
3503 1901 3678 1948 manus,

2145 1985 2203 2032 et
2237 1994 2274 2034 a
2299 1979 2423 2034 foro
2457 1980 2592 2035 dum
2623 1979 2874 2042 veniunt,
2926 1977 3304 2048 baptizantur,
3334 1974 3560 2046 quandiu
3585 1988 3682 2026 con-

2146 2069 2572 2124 temnuntionte
2597 2067 2903 2122 Salvatoris
2923 2067 3097 2120 ablui.
3143 2065 3250 2121 Sed
3287 2063 3535 2120 Pharisaei
3551 2061 3684 2133 spiri-

2147 2157 2283 2210 talia
2328 2157 2731 2228 prophetarum
2786 2155 2956 2211 verba
3013 2154 3318 2210 carnaliter
3381 2152 3683 2222 accipientes,

2146 2261 2269 2316 quae
2279 2245 2362 2299 illi
2382 2246 2450 2301 de
2470 2245 2654 2301 cordis
2665 2250 2724 2300 et
2740 2245 2924 2316 aperis
2937 2243 3309 2313 castigatione
3324 2239 3686 2314 praecipiebant,

2146 2333 2426 2388 dicentes:
2493 2353 2518 2387 ι
2550 2334 2860 2398 Lavamini,
2915 2333 3114 2388 mundi
3157 2336 3336 2387 estote
3377 2334 3496 2399 (1.3a.
3545 2335 3616 2393 1);
3662 2343 3685 2380 ι

2147 2428 2235 2477 et:
2260 2441 2286 2474 κ
2317 2422 3114 2492 Mundamini,quifertisvasa
3133 2421 3356 2476 Domini
3391 2422 3505 2486 Usa.
3537 2425 3616 2482 ιιι)
3640 2433 3686 2482 ;»

2151 2511 2242 2567 isti
2255 2512 2324 2567 de
2333 2528 2565 2583 corpore
2577 2511 2930 2566 solummodo
2943 2511 3182 2566 lavando
3193 2514 3512 2580 spectantes,
3539 2503 3690 2576 gravi-

2150 2606 2239 2655 ter
2257 2606 2466 2656 errant.
2485 2601 2625 2657 Cum
2640 2606 2857 2656 certum
2881 2599 2958 2654 sit
2969 2601 3204 2671 Moysen
3225 2603 3282 2653 et
3307 2598 3598 2669 prophetas,
3619 2592 3692 2663 qui

2151 2707 2280 2744 vasa
2303 2690 2494 2760 populi
2524 2689 2626 2745 Dei
2660 2691 2741 2744 vel
2758 2689 2920 2759 aquis
2933 2688 3095 2754 dilui,
3119 2690 3204 2742 vel
3233 2688 3362 2758 igne
3383 2683 3605 2758 purgari,
3628 2681 3692 2734 vel

2150 2779 2274 2834 oleo
2301 2779 3001 2849 sanctiﬁcari,quacunque
3015 2793 3290 2840 excausa,
3307 2778 3594 2846 jusserunt,
3605 2784 3690 2824 non

2149 2867 2208 2921 in
2238 2869 2341 2922 hac
2380 2869 2756 2924 materialium
2789 2883 2979 2922 rerum
3009 2865 3428 2928 emundatione,
3449 2863 3538 2917 sed
3567 2875 3692 2914 men-

468 2955 584 3015 tur,
614 2966 718 3004 nec
767 2955 962 3004 nostra
996 2967 1125 3004 caro
1155 2951 1447 3005 dominata
1484 2953 1610 3006 erit.
1647 2971 1674 3006 α
1711 2953 2068 3022 Comparatio
2148 2956 2495 3027 tiumpotius
2525 2963 2584 3012 et
2610 2971 2845 3027 operum
2873 2955 3250 3026 castigatione
3270 2971 3335 3008 ac
3352 2947 3690 3010 sanctimonia,

468 3043 572 3103 est,
623 3037 828 3108 inquit,
878 3039 1148 3109 temporis
1191 3040 1475 3094 instanti.
1505 3059 1528 3090 ι
1578 3042 1788 3108 (Isara)
1845 3043 2068 3096 instans
2095 3109 2130 3116 __
2151 3050 2322 3116 atque
2347 3045 2664 3102 numerum
2707 3045 2869 3100 nobis
2897 3045 3175 3101 mandare
3215 3044 3468 3098 salutem.
3520 3060 3539 3090 ι
3568 3035 3695 3092 Chri-

467 3132 694 3196 tempus
707 3127 871 3198 quale
897 3127 1077 3182 dicit?
1105 3133 1236 3182 ante
1267 3128 1621 3198 praesentiam
1651 3129 1863 3184 Christi
1897 3148 1910 3183 :
1941 3137 2070 3202 post
2089 3109 2132 3166 Ο
2155 3152 2180 3186 α
2205 3109 2328 3188 stus
2365 3140 2558 3191 autem
2615 3134 2886 3190 assistens
2929 3133 3183 3203 pontifex
3223 3131 3527 3187 futurorum
3561 3127 3696 3179 bono-

472 3216 774 3270 adventum
803 3216 952 3270 enim
1001 3215 1210 3270 Christi
1260 3234 1374 3270 non
1393 3218 1514 3287 jam
1544 3224 1631 3272 est
1658 3217 1895 3282 instans,
1933 3236 2068 3288 quo-
2155 3243 2176 3273 ι
2208 3238 2336 3277 rum
2389 3239 2490 3294 per
2541 3223 2784 3292 amplius
2838 3227 2895 3276 et
2939 3221 3244 3293 perfectius
3299 3215 3694 3278 tabernaculum,

465 3304 675 3360 modo?
704 3320 836 3358 nam
859 3321 1068 3374 urgens
1103 3310 1266 3360 estet
1281 3307 1451 3360 ﬁnem
1467 3306 1699 3360 habens.
1738 3307 1906 3361 Aliud
1928 3307 2065 3362 item
2155 3332 2176 3363 ι
2210 3329 2324 3366 non
2375 3312 2780 3378 manufactum,
2833 3311 2889 3365 id
2954 3317 3060 3376 est,
3121 3327 3236 3366 non
3285 3310 3449 3379 hujus
3499 3302 3695 3358 creatio-

469 3392 808 3462 signiﬁcans,
837 3394 944 3448 hoc
969 3393 1110 3448 dixit
1145 3411 1156 3446 :
1218 3415 1240 3446 ι
1275 3411 1397 3466 quae
1427 3395 1772 3465 comparatio
1800 3396 2065 3450 instantis
2151 3419 2180 3452 ιι
2211 3400 2318 3456 nis.
2357 3420 2384 3452 »
2407 3403 2478 3470 (Ἰ.
2505 3402 2705 3467 Cinga).
2747 3399 3200 3454 Taberuaculum
3230 3415 3345 3453 non
3365 3394 3698 3451 manufestum

469 3485 556 3536 est
573 3482 862 3552 temporis,
881 3502 907 3532 ι
925 3482 1037 3537 hoc
1061 3490 1168 3546 est,
1185 3483 1366 3538 forma
1377 3482 1532 3538 facta
1549 3489 1654 3538 est.
1686 3503 1710 3536 ἰ
1745 3487 2062 3540 Secundum
2145 3505 2374 3543 carnem
2404 3489 2558 3554 dicit,
2591 3489 2650 3542 in
2683 3490 2789 3543 hoc
2813 3489 2937 3544 loco
2963 3488 3108 3543 bene
3148 3495 3208 3542 et
3235 3488 3498 3557 majorem
3525 3489 3576 3536 et
3598 3494 3699 3550 per-

463 3583 640 3640 quam
671 3587 909 3626 munera
959 3577 1018 3626 et
1069 3572 1264 3626 hostiae
1303 3573 1638 3640 oﬁ‘eruntur,‘
1667 3589 1780 3628 non
1816 3575 2066 3628 valentes
2146 3577 2443 3633 factionem
2461 3577 2622 3642 dixit,
2645 3577 2924 3647 siquidem
2939 3582 2999 3632 et
3021 3579 3174 3632 Deus
3211 3572 3702 3631 Verbumetcuncta

462 3660 774 3716 sewndum
785 3660 1186 3716 casis-cientiam
1197 3662 1507 3732 perfectum
1522 3662 1708 3716 facere
1723 3663 2016 3718 cultorem.
2035 3682 2062 3716 ιν
2147 3665 2378 3736 spiritus
2389 3666 2644 3736 operatio
2654 3665 2870 3720 habitet
2889 3667 2948 3720 in
2964 3679 3051 3720 ea.
3077 3685 3102 3716 α
3121 3667 3250 3719 Νοη
3269 3663 3416 3719 enim
3430 3663 3498 3716 ad
3517 3671 3698 3713 mensu-

467 3749 732 3814 Attende,
749 3749 882 3819 quid
896 3751 1000 3804 hoc
1012 3756 1118 3816 est,
1139 3769 1164 3802 ‹‹
1183 3751 1322 3804 nihil
1339 3750 1556 3820 perﬁcit
1567 3752 1651 3805 lex
1668 3771 1689 3802 ι
1707 3758 1764 3805 et
1781 3771 1806 3802 ε(
1822 3751 1869 3804 si
1893 3751 2067 3806 incul—
2147 3771 2270 3808 ram
2289 3755 2388 3809 dat
2405 3756 2551 3810 Deus
2569 3755 2842 3825 Spiritum
2861 3773 2872 3806 :
2906 3775 2926 3804 ι
2965 3754 3359 3825 perfectioqu
3384 3757 3559 3806 autem
3573 3744 3698 3808 dixit.

468 3837 670 3906 pabilis
681 3837 938 3894 essetan
961 3839 1164 3910 prima.
1182 3858 1208 3891 ι
1238 3840 1564 3902 Quomodo?
1589 3841 1911 3894 Secundum
1939 3855 2067 3894 con-
2148 3843 2756 3915 utpoteinculpabilem
2769 3849 2826 3897 et
2838 3845 3055 3914 majora
3066 3838 3698 3913 perlicientemmliocest.

469 3925 2064 3998 scientiam.uHostiae,inquit,nansordesanimadimitte-
2153 3953 2173 3982 ι
2211 3948 2323 3987 non
2357 3933 2524 3988 istam
2553 3937 2890 3988 creaturam.
2918 3953 2944 3982 ν
2978 3933 3118 3986 Ecce
3137 3937 3415 4002 quantum
3441 3928 3694 3996 majorem.

467 4014 627 4078 bant,
656 4015 755 4070 sed
782 4021 1005 4070 tantum
1059 4015 1208 4070 circa
1233 4032 1441 4088 corpus
1469 4024 1650 4082 erant,
1689 4036 1713 4070 ‹‹
1758 4018 2064 4072 secundum
2148 4036 2261 4075 non
2279 4021 2430 4076 enim
2472 4021 2594 4075 sine
2633 4021 2834 4092 spiritu
2863 4037 2987 4074 eam
3001 4021 3334 4086 construxit,
3352 4033 3528 4088 neque
3552 4013 3701 4068 exhac

468 4103 652 4172 legem
672 4103 924 4158 mandati
947 4104 1216 4170 carnalis;
1241 4121 1389 4158 mon
1405 4105 1556 4160 enim
1572 4105 2065 4170 adulteriummon
2145 4115 2406 4166 creatura
2435 4115 2538 4171 est,
2581 4111 2686 4164 hoc
2716 4116 2821 4176 est,
2842 4125 2957 4164 non
2987 4115 3073 4163 est
3102 4125 3170 4164 ex
3201 4109 3294 4163 his
3325 4103 3598 4166 creauiris,
3625 4096 3700 4154 sed

465 4190 852 4256 huicidium,
875 4208 1060 4262 neque
1083 4192 1436 4262 sacrilegium
1465 4194 1754 4248 dimittere
1781 4201 2060 4265 poterant.
2145 4198 3200 4268 spiritalisexSpiritueanctolntnerie
3211 4196 3486 4268 quomodo
3497 4190 3702 4248 ettabcr-

466 4280 730 4344 Intueris,
763 4279 898 4350 quid
919 4281 1018 4345 ait,
1043 4282 1420 4346 Hoccomede,
1445 4283 1582 4337 illud
1613 4299 1726 4337 non
1749 4285 2009 4338 comedas
2039 4286 2062 4338 ’2
2145 4289 2408 4344 naculum
2424 4293 2479 4342 et
2489 4287 2743 4342 velamen
2757 4287 3176 4342 etccelumillud
3191 4303 3396 4357 corpus
3407 4277 3701 4337 vocat‘hPﬂ'

469 4385 595 4439 quae
619 4374 784 4422 erant
809 4369 1207 4424 indifferentia.
1263 4391 1284 4421 ι
1330 4372 1693 4426 Solummode
1720 4372 1782 4426 in
1819 4373 1958 4427 cibis
2007 4379 2126 4448 et1h
2147 4377 2330 4446 majus
2361 4376 2729 4448 etperfectius
2755 4375 3207 4438 tabernaculum,
3223 4393 3326 4446 per
3349 4374 3600 4429 velamen,
3619 4367 3701 4419 hoc

470 4475 498 4510 ι
520 4458 748 4528 potibus
759 4463 818 4512 et
835 4459 1006 4512 variis
1033 4458 1328 4530 baptismis
1346 4466 1402 4514 et
1415 4461 1658 4531 justitiis
1681 4463 1868 4516 carnis
1881 4480 2060 4534 usque
2077 4455 2126 4480 "
2146 4471 2471 4520 estcarnem
2487 4466 2626 4534 ejus,
2639 4483 2664 4516 ι
2679 4470 2737 4518 et
2757 4465 2963 4520 iterum
2981 4488 3002 4515 ι
3022 4465 3081 4520 in
3096 4465 3372 4520 interiora
3385 4455 3662 4516 voluminis,
3677 4470 3695 4502 ³

470 4563 500 4598 ε
530 4546 600 4601 ad
629 4552 854 4618 tempus
881 4548 1243 4603 correctionis
1268 4549 1572 4620 impositis.
1610 4570 1631 4602 ι
1676 4551 2058 4619 Salummodo,
2144 4554 2419 4608 etiterum
2441 4555 2787 4610 c'mtrantem
2818 4553 2874 4608 in
2898 4559 3430 4608 sanctasanctorum
3461 4571 3485 4602 ν
3513 4547 3698 4602 οάδιεη

465 4634 672 4704 inquit,
700 4636 762 4690 in
791 4635 930 4692 cibis
955 4643 1015 4692 et
1062 4637 1124 4692 in
1143 4674 1149 4678 -
1169 4639 1392 4710 potibus
1435 4645 1496 4692 et
1537 4639 1706 4695 variis
1747 4640 2057 4712 baptismis.
2143 4643 2657 4706 vultuiDei.-Quare
2669 4659 2806 4714 ergo
2817 4643 2923 4698 hoc
2949 4643 3118 4697 facit?
3138 4642 3449 4696 secundum
3479 4637 3628 4692 aliam
3655 4636 3699 4682 οἱ

467 4722 591 4778 Hoc
617 4729 768 4793 pota,
792 4725 996 4796 inquit,
1041 4727 1145 4781 hoc
1169 4727 1303 4782 noli.
1352 4729 1424 4782 Et
1446 4735 1634 4784 tamen
1658 4729 1728 4784 de
1757 4735 1893 4800 potu
1921 4730 2062 4784 nihil
2143 4731 2313 4786 aliam
2335 4731 2820 4802 significationem,
2844 4736 2908 4786 ut
2935 4737 3074 4802 puta
3093 4730 3270 4784 veluti
3292 4728 3440 4800 quod
3451 4726 3570 4780 dico
3585 4719 3701 4774 velar-

470 4817 594 4866 erat
619 4812 975 4883 dispositum,
1006 4816 1104 4869 sed
1153 4816 1213 4870 in
1259 4821 1643 4888 contemptum
1688 4819 1917 4874 ittens
1945 4820 2064 4874 hinc
2143 4836 2275 4875 men
2297 4821 2499 4874 uelum
2527 4827 2632 4875 est.
2665 4820 2822 4874 Sicut
2840 4819 2990 4874 enim
3007 4835 3176 4874 muro
3196 4819 3440 4890 quodam
3473 4805 3703 4868 dissentit

469 4899 636 4966 didt,’
659 4921 682 4948 ι
703 4906 767 4956 et
784 4903 971 4968 variis,
1017 4903 1218 4975 inquit,
1251 4905 1544 4976 baptismi;
1569 4912 1627 4960 et
1647 4907 2062 4976 justilicatiouii-
2123 4915 2342 4964 sancta
2363 4909 2636 4972 velamen,
2669 4909 2748 4964 sic
2767 4915 2825 4963 et
2843 4923 2972 4964 caro
3000 4908 3350 4963 abscondens
3369 4902 3698 4961 divinitatem,

467 4988 578 5046 bus
597 4991 786 5045 carnis
797 5007 978 5062 usque
999 4993 1070 5046 ad
1085 4999 1311 5064 tmpus
1329 4995 1690 5050 correctionis
1715 4995 2059 5067 impositis.)
2144 4997 2406 5052 similiter
2445 5003 2502 5052 et
2519 4997 2944 5054 tabernaculum
2964 4997 3178 5052 habens
3194 4997 3256 5051 in
3279 5013 3343 5050 se
3367 4991 3698 5048 divinitatea!-

467 5078 600 5135 Haac
627 5079 781 5136 enim
805 5086 931 5135 erat
973 5082 1198 5150 justitia
1251 5083 1456 5150 carius,
1489 5085 1548 5137 in
1593 5085 1698 5138 hoc
1734 5085 1940 5156 dejecit
1967 5086 2064 5140 illa
2144 5085 2588 5143 Tabernaculum
2601 5086 3408 5152 autemcoelum,illicenimest
3427 5083 3570 5138 intus
3586 5087 3701 5148 pon-

467 5175 842 5234 sacrameslta,
861 5171 1160 5224 ostendens
1191 5171 1326 5241 quia
1351 5173 1566 5228 nullam
1593 5173 1874 5228 habebant
1894 5175 2064 5250 virtu-
2143 5175 2296 5230 tifex.
2332 5178 2500 5244 (Λιὸ.)
2528 5177 2686 5232 Unde
2715 5193 2818 5232 nos
2845 5177 3038 5231 futura
3065 5175 3215 5230 bona
3258 5187 3545 5245 speramus
3570 5161 3700 5219 nobis

469 5263 609 5322 tem,
623 5265 680 5312 et
693 5257 828 5328 quia
839 5274 1016 5328 usque
1029 5259 1334 5331 adtempus
1357 5262 1719 5317 correctionis
1743 5269 1923 5329 erant,
1953 5264 2062 5318 hoc
2143 5265 2286 5331 dari,
2301 5265 2358 5320 id
2375 5272 2478 5332 est,
2495 5271 2724 5327 aeterna,
2743 5282 2866 5336 qua:
2895 5281 3010 5320 non
3024 5267 3341 5319 transeunt.
3376 5280 3402 5312 ι(
3419 5261 3600 5328 Neque
3613 5253 3698 5306 hu'

465 5350 574 5404 ut,
604 5353 831 5416 tmpus-
843 5347 1216 5413 sustinebant,
1228 5351 1512 5421 corrigens
1531 5351 1912 5420 emnia.(Alb.)
1931 5353 2061 5407 Haec
2137 5355 2234 5424 jus
2257 5354 2578 5418 creatiouis,
2611 5373 2636 5405 »
2666 5355 2772 5408 hoc
2789 5359 2876 5408 est
2901 5370 3012 5409 non
3041 5353 3210 5422 hujus
3229 5345 3566 5406 tabernaculi
3599 5355 3700 5411 ερθ-

467 5446 604 5487 vero
623 5434 859 5502 iustitiae
871 5437 1146 5502 carnales,
1161 5437 1220 5492 in
1240 5438 1380 5493 cibis
1394 5457 1424 5493 e
1438 5446 1464 5494 t
1479 5440 1535 5493 in
1550 5440 1793 5510 potibus,
1827 5447 1884 5495 et
1895 5441 2060 5496 variis
2139 5443 2272 5508 cies,
2297 5443 2444 5514 quod
2455 5443 2513 5498 in
2525 5459 2712 5497 ererno
2731 5443 3050 5508 ﬁxithomo,
3077 5441 3172 5496 sed
3185 5441 3292 5494 hoc
3299 5439 3464 5508 longe
3475 5435 3624 5492 aliter
3641 5425 3698 5482 ab

468 5519 916 5591 baptismatihus,
948 5541 1127 5597 usque
1174 5527 1246 5581 ad
1293 5533 1517 5600 tempus
1559 5530 1921 5584 correctionis
1951 5531 2060 5584 im-
2137 5532 2266 5603 ipso
2291 5533 2412 5587 Deo
2430 5537 2681 5588 creatum
2695 5538 2802 5598 est,
2815 5531 3162 5603 spiritaliter,
3180 5545 3300 5584 non
3319 5525 3623 5582 carnaliter.
3645 5517 3698 5572 In

466 5609 662 5681 poite
689 5617 848 5668 sint.
873 5614 1401 5687 Attendequidhoc
1437 5624 1544 5685 est,
1577 5635 1606 5672 ι
1986 5620 2058 5675 ιιι
2141 5637 2251 5692 quo
2287 5620 2842 5678 tabernaculomodo
2869 5627 3008 5684 sunt
3029 5619 3230 5677 anima
3251 5613 3700 5688 jactarde
