3848 6164
179 293 262 360 773

526 293 1114 358 ENARRATIONUM’
1145 291 1226 356 In
1263 291 1417 354 Μ.
1459 288 1675 356 PAULI
1715 290 1853 356 LIB.
1893 291 2146 355 xxvm.
2189 323 2254 340 -ι
2295 277 2380 354 ‘nt
2416 291 2639 354 mer.
2679 295 2778 355 AD
2815 301 3034 358 HEBR.

3319 305 3419 361 774

169 424 565 498 gelici'spiritus,
586 428 970 496 eXspectantes
989 423 1167 480 donec
1182 423 1530 495 cempleatur
1539 432 1736 478 nume-
1757 425 1793 482 Α
1815 418 2110 494 perturbat
2129 429 2186 476 et
2196 429 2510 477 commovet
2528 442 2539 476 :
2557 424 2766 478 dicitur
2783 430 2994 492 autem,
3019 428 3155 498 quia
3177 431 3236 484 et
3272 443 3419 484 mor-

172 530 249 570 rus
271 528 656 568 conservorum
683 526 936 568 suorum.
977 532 999 564 ι
1033 513 1291 567 Christus
1321 512 1492 579 enim,
1526 512 1729 583 inquit,

170 605 381 658 veniens.
419 622 442 653 1
463 603 669 670 (leam)
703 604 828 656 Non
844 598 985 656 dixit
1005 601 1202 666 factus,
1223 601 1323 655 sed
1354 619 1383 654 ε
1415 601 1660 666 veniens,
1703 621 1731 653 ν

172 691 744 762 hocest,adbocipsum
757 693 1002 757 veniens,
1020 707 1132 745 non
1151 691 1246 745 alii
1267 691 1566 744 succedens
1592 709 1603 750 ;
1625 702 1737 743 non

171 783 322 854 primo
333 781 554 835 advenit
565 785 624 834 et
635 787 770 835 tunc
779 781 957 834 factus
969 787 1072 847 est,
1091 780 1189 834 sed
1200 778 1371 834 simul
1382 779 1616 832 venitzet
1624 795 1736 832 non

171 871 299 934 dixit,
329 870 630 924 adveniens
658 870 904 942 pontifex
936 869 1264 936 hostiarum,
1289 869 1431 923 sede
1465 865 1738 922 bonorum

173 959 588 1031 qunfactasunt,
619 977 641 1010 ι
667 959 839 1014 veluti
852 975 962 1012 non
975 959 1194 1012 valente
1224 973 1482 1012 sermone
1512 959 1738 1012 univer-

173 1059 276 1103 sum
302 1048 630 1118 etprimere.
669 1065 694 1098 (ι
729 1047 923 1118 Neque
949 1064 1050 1119 per
1076 1047 1409 1118 sanguinem
1453 1047 1738 1100 hircorum

175 1143 220 1191 et
239 1135 546 1202 vitulorum,
569 1136 670 1190 sed
694 1151 795 1208 per
811 1136 1102 1208 proprium
1126 1135 1460 1206 sanguinem
1488 1130 1741 1189 introivit

175 1225 319 1280 semel
332 1225 386 1280 in
395 1231 592 1279 sancta
611 1229 822 1280 mterna
833 1223 1218 1296 redemptione
1237 1225 1481 1278 inventa.
1495 1241 1515 1274 υ
1532 1222 1732 1278 Omnia

176 1317 353 1386 quippe
377 1319 703 1384 permutata
729 1319 880 1368 sunt.
905 1314 1076 1385 (Αἱὸ.)
1100 1310 1182 1369 Ibi
1206 1312 1434 1383 sanguis
1454 1311 1736 1366 hircorum

175 1403 310 1458 diluit
326 1411 546 1474 peccata
575 1403 780 1469 carnis;
813 1403 902 1457 hic
929 1403 1159 1473 sanguis
1187 1401 1398 1456 Christi
1417 1401 1595 1455 abluit
1615 1417 1736 1471 pec-

174 1497 276 1546 cata
321 1492 565 1563 spiritus.
623 1492 734 1556 Qui
777 1497 988 1546 aeterna
1041 1491 1426 1562 redemptione
1483 1491 1728 1554 inventa,

175 1581 380 1635 ostendit
395 1582 453 1634 in
469 1580 754 1652 prioribus
783 1581 1070 1635 sacrificiis
1103 1583 1160 1634 et
1186 1579 1458 1651 legalibus
1478 1593 1735 1633 caeremo-

1817 505 1938 574 bus,
1973 529 2099 566 cum
2130 519 2450 583 generatur,
2482 515 2794 585 corrumpit
2821 529 3073 586 corpora.
3107 519 3240 571 Tale
3257 519 3420 590 quid-

1818 602 1948 655 dam
1971 607 2056 655 est
2071 607 2126 655 et
2145 607 2453 672 peccatum,
2479 617 2512 655 a
2534 603 2730 656 morbo
2749 604 2889 657 nihil
2910 605 3112 671 differt,
3149 623 3260 660 non
3288 607 3422 678 quia

1819 705 2006 744 aerem
2039 691 2350 761 corrumpit
2380 691 2646 761 primum,
2673 693 2874 746 deinde
2895 711 3147 766 corpora,
3168 696 3264 749 sed.
3295 709 3425 750 con-

1818 779 1976 832 tinuo
2007 779 2066 832 in
2098 780 2344 832 animam
2373 779 2568 832 insilit.
2601 781 2727 834 Non
2757 782 2910 836 vides
2947 799 3042 836 eos
3087 784 3182 854 qui
3227 784 3423 839 morbo

1820 867 2158 932 afﬁciuntur,
2196 871 2476 938 quomodo
2505 873 2728 923 tumore
2757 872 3001 940 quodam
3057 879 3419 944 occupantur,

1823 957 2100 1027 quomodo
2130 963 2461 1011 convertunt
2488 975 2546 1012 se
2578 965 2746 1030 atque
2791 967 3096 1026 revertunt,
3141 963 3422 1032 quomodo

1821 1045 2090 1098 fetoribus
2113 1051 2245 1099 sunt
2275 1042 2491 1116 repleti,
2526 1049 2804 1117 quomodo
2831 1053 3023 1120 turpes
3052 1057 3184 1104 sunt
3225 1065 3420 1104 eorum

1820 1133 2007 1199 facies,
2039 1135 2320 1204 quomodo
2366 1149 2466 1206 per
2509 1140 2692 1190 totum
2734 1136 3010 1191 immundi
3057 1139 3229 1192 sunt?
3257 1140 3420 1194 Tales

1817 1223 2022 1293 quippe
2049 1230 2180 1277 sunt
2211 1223 2382 1277 etiam
2413 1229 2725 1294 peccantes,
2749 1242 2813 1280 ac
2834 1226 2881 1280 si
2900 1241 3014 1280 non
3036 1227 3280 1282 videant.
3305 1245 3327 1279 α
3351 1228 3419 1282 Et

1823 1327 1847 1362 ε
1877 1311 2004 1365 ideo
2023 1311 2162 1365 Novi
2179 1313 2524 1366 Testamenti
2539 1314 2816 1368 mediator
2831 1319 2934 1382 est,
2961 1320 3024 1370 ut
3047 1323 3228 1371 morte
3249 1318 3422 1371 inter-

1823 1423 1848 1450 ιι
1881 1401 2198 1466 cedente,in
2209 1401 2654 1472 redemptionem
2667 1419 2860 1458 earum
2876 1405 3415 1475 praevaricationum,

1823 1505 1845 1539 ι
1879 1503 2002 1558 quae
2033 1495 2194 1542 erant
2221 1489 2326 1543 sub
2357 1491 2542 1560 priore
2573 1497 2932 1556 testamento,
2958 1495 3421 1564 repromissiones

1818 1591 1846 1627 α
1879 1577 2174 1646 accipiant,
2199 1578 2294 1648 qui
2310 1579 2486 1632 vocati
2505 1585 2640 1634 sunt
2659 1586 2882 1635 aeternae
2917 1583 3278 1637 haereditatis.
3316 1584 3420 1638 Ubi

178 1670 264 1724 niis
287 1681 387 1724 non
422 1685 546 1724 esse
581 1675 851 1725 aeternam
885 1669 1346 1740 redemptionem.
1393 1687 1419 1720 α
1459 1669 1566 1722 Per
1603 1683 1734 1738 pro.
1773 1737 1781 1740 _
1819 1681 1847 1718 κ
1878 1667 2028 1719 enim
2045 1671 2448 1720 testamentum
2467 1673 2568 1734 est;
2590 1686 2740 1724 mors
2762 1686 2987 1724 necesse
3009 1677 3095 1725 est
3111 1672 3424 1727 intercedat

177 1758 560 1830 prium,inquit.
573 1760 910 1830 sanguinem
921 1737 1358 1812 introivitsemel
1373 1757 1431 1810 in
1457 1737 1669 1812 sancta.
1713 1773 1734 1806 ι
1757 1737 1804 1804 Β
1826 1770 1852 1805 ί(
1883 1754 2190 1808 testatoris.
2226 1756 2652 1810 Testamentum
2680 1758 2830 1812 enim
2858 1759 2917 1812 in
2947 1761 3188 1814 mortuis
3216 1759 3422 1815 confir-

179 1847 316 1902 Ethic
325 1848 520 1903 celum
533 1847 1021 1915 vocavit(J.0hrg/s.
1032 1848 1046 1914 l
1057 1867 1082 1899 «
1111 1847 1314 1912 Semel,
1333 1846 1534 1918 inquit,
1549 1845 1742 1900 introi-

177 1936 238 1989 vit
252 1936 301 1990 in
315 1942 503 1991 sancta
522 1941 796 1992 aeternam
817 1936 1261 2007 redemptionem
1287 1934 1596 1989 inveniens.
1629 1953 1650 1984 ι
1673 1934 1742 1988 Et

175 2025 296 2096 quod
307 2025 459 2092 dixit,
477 2042 502 2076 α
525 2027 818 2080 inveniens
834 2045 858 2077 ι)
873 2025 1120 2080 ostendit
1133 2038 1327 2079 eorum
1339 2039 1460 2078 esse
1473 2039 1594 2094 quae
1607 2029 1738 2077 ante

173 2127 266 2168 non
289 2109 730 2180 inveniebantur,
755 2119 812 2168 et
827 2119 1199 2185 prteterquam‘
1215 2113 1363 2184 quod
1385 2112 1733 2184 sperabatur,

169 2202 262 2257 iste
286 2217 379 2274 per
403 2216 580 2258 unum
625 2203 942 2274 ingressum
976 2209 1244 2258 aeternam
1292 2201 1739 2272 redemptionem

168 2291 370 2346 invenit.
400 2291 616 2347 Deinde
641 2292 1032 2364 probationem
1063 2291 1340 2362 adjungit.

233 2402 253 2431 κ
281 2381 335 2436 Si
361 2379 511 2436 enim
537 2381 768 2452 sanguis
788 2381 1070 2436 hircorum
1103 2387 1161 2436 et
1177 2386 1470 2436 taurorum
1516 2385 1573 2434 et
1599 2380 1740 2434 cinis

173 2487 192 2518 α
224 2469 392 2524 mulae
417 2485 722 2542 aspergens
777 2471 1101 2541 inqui-natos
1128 2470 1442 2530 sanctiﬁcat
1458 2469 1528 2524 ad
1549 2485 1741 2524 emun-

171 2579 190 2607 ει
215 2559 484 2614 dationem
513 2560 700 2614 carnis
734 2578 745 2612 :
779 2564 989 2630 quanto
1018 2559 1199 2629 magis
1241 2558 1471 2628 sanguis
1509 2558 1736 2625 Christi,

169 2665 190 2696 ί
219 2648 307 2718 qui
334 2663 435 2719 per
447 2649 720 2720 Spiritum
737 2655 995 2703 sanctum
1016 2647 1380 2718 semetipsum
1401 2647 1604 2700 obtulit
1633 2642 1740 2699 im-

169 2753 190 2785 α
215 2738 546 2791 maculatum
571 2737 707 2792 Deo.
736 2755 762 2789 »
789 2737 845 2792 Si
868 2736 1021 2790 enim
1035 2752 1280 2802 carnem,
1319 2735 1521 2806 inquit,
1561 2735 1744 2806 potuit

162 2824 414 2880 mundare
438 2826 671 2897 sanguis
697 2831 1012 2890 taurorum,
1048 2825 1224 2879 multo
1263 2825 1506 2895 amplius
1541 2823 1740 2878 animae

161 2913 363 2968 sordem
404 2914 586 2968 diluet
632 2915 863 2984 sanguis
909 2913 1136 2969 Christi.
1172 2914 1256 2968 Ne
1293 2913 1444 2967 enim
1484 2913 1736 2980 audiens,

167 3021 186 3050 ι
213 2999 533 3068 sanctiﬁcat,
570 3021 595 3054 »
623 3003 928 3074 perfectam
967 3018 1088 3071 esse
1127 3001 1471 3056 ablutionem
1501 3002 1743 3056 aestimet

159 3091 288 3160 quis,
327 3105 454 3146 mox
509 3091 799 3162 subjunxit
853 3107 1080 3146 causam
1117 3089 1464 3155 differentiae,
1497 3090 1688 3144 dicens
1723 3065 1797 3144 :C

164 3193 186 3226 ι
206 3178 308 3242 Qui
337 3195 439 3250 per
457 3179 735 3251 Spiritum
755 3185 1011 3234 sanctum
1033 3179 1398 3250 semetipsum
1417 3178 1623 3232 obtulit
1641 3179 1741 3232 im-

159 3269 482 3323 mawlatum
504 3269 621 3322 Deo
641 3288 654 3334 ;
676 3289 700 3322 »
717 3269 820 3323 hoc
831 3267 1276 3334 est,sacriﬁcium
1292 3269 1735 3322 immaculatum.

161 3355 280 3410 Erat
325 3359 532 3429 quippe
577 3359 852 3412 mundum
898 3374 932 3412 δ
961 3357 1200 3428 peccatis
1231 3344 1338 3410 hoc
1382 3356 1737 3422 sacriﬁcium,

162 3445 250 3499 hoc
261 3453 343 3500 est
353 3447 528 3514 enim,
547 3465 574 3498 α
590 3463 692 3518 per
701 3447 973 3518 Spiritum
987 3451 1243 3500 sanctum
1267 3451 1560 3507 aeternum,
1581 3465 1604 3496 »
1628 3461 1738 3499 non

159 3549 249 3603 pu-
267 3535 472 3605 iguem,
486 3549 601 3590 non
617 3547 718 3606 per
736 3535 848 3590 alia
866 3535 1141 3607 quaedam.
1171 3553 1192 3586 ι
1213 3535 1282 3589 Et
1303 3535 1594 3588 mundabit
1615 3549 1742 3588 con-

159 3635 187 3675 t
518 3629 769 3679 nostram
788 3623 860 3678 ab
871 3623 1132 3696 operibus
1153 3624 1390 3678 mortuis
1409 3624 1479 3677 ad
1500 3624 1742 3678 servien-

163 3727 186 3761 ί
207 3707 332 3766 dum
351 3714 470 3768 Deo
488 3713 714 3767 viventi.
746 3733 768 3764 ι
791 3714 984 3780 (Hiram
1020 3713 1174 3767 Bene
1207 3713 1347 3767 dixit
1385 3712 1458 3766 ab
1483 3712 1744 3784 operibus

161 3802 400 3856 mortuis.
428 3802 488 3857 Si
508 3802 634 3873 quis
649 3803 800 3856 enim
818 3801 1086 3872 tangebat
1117 3806 1423 3866 mortuum,
1453 3800 1742 3872 pollueba-

155 3891 272 3943 tur:
303 3898 360 3944 et
391 3891 482 3945 hic
495 3891 544 3944 si
565 3891 690 3962 quis
709 3891 1112 3962 tetigeritopus
1134 3897 1440 3954 mortuum,
1475 3889 1743 3944 contami~

159 3984 316 4033 natur
337 3993 442 4050 per
487 3979 904 4034 conscientiam.
927 3981 1124 4050 Opera
1159 3979 1310 4032 enim
1355 3983 1579 4032 mortus
1610 3983 1745 4033 sunt

159 4074 388 4136 peccata.
400 4069 560 4137 (Αιιῡ.)
575 4069 682 4133 Qui
693 4081 846 4123 enim
861 4068 1113 4139 tetigerit
1127 4069 1326 4139 picem,
1354 4067 1744 4138 inquinabitur

157 4155 222 4208 ab
239 4169 306 4211 ea
327 4176 339 4210 :
357 4158 441 4211 sic
457 4158 554 4228 qui
569 4171 672 4229 per
684 4157 1074 4229 pmnitentiam
1089 4157 1314 4211 ablutus
1342 4161 1430 4210 est
1457 4156 1528 4210 ab
1558 4156 1744 4226 operi-

157 4243 254 4298 bus
287 4247 546 4312 mortuis,
580 4247 628 4302 si
659 4247 856 4301 eadem
883 4246 1090 4300 iterum
1112 4246 1246 4316 agit,
1279 4247 1440 4316 pejus
1469 4245 1745 4300 contami-

157 4333 393 4388 nabitur.
410 4336 568 4390 Sicut
585 4336 870 4407 apostolus
891 4335 1116 4390 Petrus:
1149 4353 1176 4384 α
1195 4335 1366 4389 Canis
1387 4349 1642 4388 reversus
1673 4335 1742 4388 ad

157 4423 417 4478 vomitum
449 4439 614 4479 suum
639 4426 716 4492 (ll
741 4426 980 4492 Ροι.ι[),ν
1012 4425 1093 4478 ita
1105 4424 1201 4494 qui
1239 4423 1410 4477 iterat
1442 4422 1742 4478 stultitiam

157 4523 330 4564 suam.
348 4515 421 4584 (Ι.
439 4514 659 4582 Chrys.)
683 4529 710 4564 ‹(
729 4513 812 4567 Ad
833 4513 1208 4578 serviendum,
1229 4512 1550 4583 inquit,Deo
1561 4512 1745 4566 viven-

157 4599 214 4652 ti.
243 4623 268 4650 s
293 4601 392 4656 Hic
405 4600 729 4656 manifesaat
743 4602 877 4673 quia
905 4615 1076 4672 opera
1090 4607 1317 4656 mortua
1335 4601 1606 4656 habentes
1629 4615 1744 4656 non

159 4696 383 4756 possunt
412 4691 622 4745 servire
647 4707 778 4746 vero
799 4696 858 4744 et
878 4691 1000 4745 vivo
1041 4690 1157 4745 Deo
1190 4708 1202 4744 :
1235 4690 1369 4762 quia
1399 4690 1496 4744 illa
1521 4696 1745 4744 mortua

157 4785 284 4833 sunt
303 4785 360 4834 et
385 4779 548 4846 falsa,
561 4787 622 4834 et
642 4777 865 4834 merito.
889 4780 1092 4834 Nullus
1117 4779 1294 4850 igitur
1329 4794 1504 4852 opera
1519 4785 1744 4833 mortua

160 4865 361 4923 habens
373 4868 692 4940 ingreditur
708 4869 835 4922 huc.
851 4868 910 4924 Si
937 4869 1088 4922 enim
1112 4883 1240 4922 eum
1254 4868 1349 4939 qui
1361 4883 1562 4939 corpus
1591 4882 1742 4921 mor-

157 4960 312 5012 tuum
336 4957 626 5030 tangebat,
645 4973 760 5012 non
788 4957 1082 5029 oportebat
1109 4958 1322 5012 ima-are
1357 4957 1416 5011 in
1446 4954 1740 5027 templum,

161 5052 360 5114 quanto
367 5047 548 5118 magis
558 5061 692 5100 eum
707 5047 804 5119 qui
817 5061 987 5118 opera
998 5052 1220 5101 mortua
1230 5046 1418 5110 habet,
1438 5061 1550 5100 non
1563 5051 1748 5116 potest

158 5131 428 5192 iutrmin
440 5136 673 5191 ctutum?
683 5137 918 5208 pollutio
931 5136 1136 5208 quippe
1150 5142 1235 5190 est
1245 5135 1507 5206 pessima,
1525 5140 1746 5189 mortua

158 5225 358 5297 quippe
367 5239 541 5299 Opera
550 5231 688 5280 sunt
697 5225 904 5292 omnia,
913 5241 1036 5296 qum
1049 5225 1218 5280 vitam
1233 5239 1346 5279 non
1359 5223 1748 5278 habent.Sicut

159 5315 302 5368 enim
323 5321 610 5370 mortuum
631 5329 835 5386 corpus
866 5315 938 5369 ad
975 5313 1194 5369 nullum
1216 5329 1441 5368 sensum
1480 5313 1616 5368 utile
1641 5318 1744 5380 est,

159 5415 347 5457 verum
365 5405 538 5459 etiam
551 5404 850 5458 contristat
867 5403 1402 5475 appropinquantes,
1429 5402 1508 5457 sic
1536 5408 1594 5457 et

157 5496 342 5546 catum
355 5493 650 5548 confestim
674 5492 1006 5548 rationabile
1025 5498 1280 5547 nostrum
1300 5493 1546 5563 percutit
1565 5498 1622 5546 et
1639 5505 1750 5546 non

159 5581 640 5655 mireque
666 5582 1100 5654 intelligentiam
1116 5581 1298 5655 ipsum
1317 5582 1618 5654 quiescere,
1649 5581 1752 5638 sed

1827 1859 1852 1894 α
1885 1849 2100 1898 mutum
2132 1849 2236 1910 est,
2261 1845 2512 1914 alioquin
2542 1845 2792 1900 nondum
2824 1849 2987 1913 valet,
3023 1849 3159 1902 dum
3175 1850 3309 1903 vivit
3328 1851 3424 1922 qui

1829 1949 1850 1982 ι
1877 1936 2116 1986 testatus
2147 1939 2250 1986 est.
2290 1952 2316 1985 »
2349 1927 2625 1988 Fortassis
2655 1935 2806 1988 enim
2846 1944 3076 2006 possent
3105 1938 3291 2006 multi,
3325 1941 3420 2010 qui

1820 2021 2100 2074 inﬁrmius
2148 2021 2537 2076 efficiebantur
2594 2039 2661 2076 ex
2717 2039 2783 2078 eo
2838 2026 2987 2096 quod
3033 2034 3294 2082 mortuus
3338 2033 3425 2082 est

1822 2109 2098 2176 Christus,
2114 2111 2353 2164 maxime
2375 2127 2487 2164 non
2515 2113 2744 2166 credere
2781 2114 3244 2184 promissionibus
3274 2117 3418 2186 ejus.

1821 2199 2030 2252 Paulus
2044 2197 2218 2268 igitur
2231 2215 2298 2253 ex
2321 2199 2667 2254 abundantia
2687 2201 2790 2255 hoc
2804 2202 2964 2272 ponit
2992 2209 3050 2256 et
3069 2205 3326 2275 exempla
3353 2221 3420 2258 ex

1821 2288 2104 2342 communi
2133 2301 2424 2342 assumens
2451 2289 2859 2344 consuetudine
2891 2291 3067 2355 Quale
3099 2299 3287 2348 autem
3319 2295 3424 2348 hoc

1821 2376 1954 2430 est?
2008 2377 2314 2448 Propterea
2347 2377 2522 2448 igitur
2575 2384 2814 2448 oportet,
2864 2379 3066 2450 inquit,
3119 2383 3418 2436 conﬁdere.

1823 2465 2036 2530 Quare?
2047 2465 2190 2530 Quia
2200 2483 2312 2520 non
2324 2466 2634 2522 viventibus
2645 2472 2850 2523 testato
2857 2469 3028 2536 ribus,
3045 2470 3142 2524 sed
3159 2471 3418 2540 mortuis,

1821 2560 1955 2608 tunc
1983 2556 2148 2608 ﬁrma
2184 2561 2317 2609 sunt
2356 2561 2715 2623 testamenta,
2759 2562 2816 2611 et
2841 2557 3232 2612 fortitudinem
3274 2559 3420 2614 acci-

1822 2643 2004 2713 piunt;
2025 2649 2336 2715 propterea.
2353 2644 2555 2714 inquit,
2575 2665 2596 2696 ι
2613 2647 2754 2699 Novi
2771 2647 3117 2700 Testamenti
3137 2648 3418 2702 mediator

1825 2739 1946 2786 est;
1981 2750 2004 2782 ν
2035 2733 2460 2786 Testamentum
2506 2735 2658 2788 enim
2687 2735 2834 2790 circa
2859 2735 3226 2790 novissimum
3266 2737 3417 2792 diem

1821 2821 1886 2874 ﬁt
1912 2821 2304 2876 defunctionis.
2333 2823 2466 2876 Tale
2493 2828 2686 2878 autem
2717 2829 2803 2877 est
2827 2831 3246 2890 testamentum,
3282 2826 3452 2887 alios.

1822 2909 2047 2979 quidem
2079 2911 2328 2965 haeredes
2356 2911 2542 2974 habet,
2567 2913 2707 2966 alios
2728 2919 2918 2967 autem
2951 2915 3286 2970 exhaeredat.
3330 2915 3421 2970 Sic

1821 2999 1991 3052 etiam
2014 2999 2104 3052 hic
2135 3017 2146 3052 :
2187 3019 2207 3050 α
2246 3000 2385 3054 Volo
2407 3000 2503 3054 ubi
2525 3017 2628 3072 ego
2665 3018 2810 3069 sum,
2843 3002 3028 3073 inquit
3057 3004 3332 3070 Christus,
3365 3010 3423 3058 et

1822 3088 1916 3141 isti
1945 3087 2058 3142 sint
2115 3091 2295 3156 (Joan.
2325 3098 2468 3156 xvn).
2507 3109 2529 3140 ι
2565 3090 2634 3144 Et
2669 3090 2878 3146 iterum
2937 3092 3005 3146 de
3056 3092 3422 3147 exhaeredatis

1822 3177 1954 3231 audi
1984 3177 2144 3232 illum
2168 3178 2446 3232 dicentem
2483 3197 2493 3230 :
2533 3195 2558 3228 «
2590 3180 2716 3234 Non
2747 3180 2816 3233 de
2845 3181 3106 3235 omnibus
3133 3197 3289 3252 rogo,
3325 3181 3423 3237 sed

1821 3279 1924 3336 pro
1940 3267 2296 3320 credentibus
2326 3284 2426 3338 per
2447 3267 2678 3321 verbum
2701 3285 2895 3323 eorum
2912 3270 2970 3322 in
2990 3286 3098 3323 me.
3145 3291 3169 3322 »
3204 3272 3419 3326 Iterum

1821 3360 1994 3408 testes
2013 3355 2179 3409 debet
2198 3355 2405 3410 habere
2433 3362 2858 3412 testamentum.
2873 3359 3112 3412 Adverte
3131 3359 3290 3414 illum
3319 3359 3422 3413 ite-

1823 3457 1952 3496 rum
1965 3444 2242 3497 dicentem
2267 3463 2277 3496 :
2315 3445 2430 3514 Ego
2457 3461 2584 3499 sum
2613 3446 2708 3516 qui
2737 3445 3122 3500 testimonium
3153 3448 3419 3518 perhibeo

1821 3532 1892 3585 de
1919 3547 2008 3584 me
2033 3532 2177 3603 ipso,
2201 3538 2257 3586 et
2275 3533 2661 3587 testimonium
2677 3533 2933 3605 perhibet
2961 3535 3030 3589 de
3057 3551 3166 3599 me,
3199 3537 3297 3606 qui
3329 3551 3422 3590 me

1825 3620 2012 3687 misit;
2043 3639 2066 3670 ν
2089 3625 2148 3674 et
2169 3621 2372 3674 iterum
2399 3639 2410 3674 :
2443 3639 2470 3673 (‹
2516 3623 2615 3676 Ille
2647 3623 3033 3677 testimonium
3063 3624 3320 3694 perhibet
3351 3625 3421 3678 de

1825 3725 1934 3774 me,
1960 3729 1984 3762 »
2001 3710 2071 3763 de
2091 3709 2366 3764 Paraclito
2383 3709 2592 3776 dicens,
2619 3716 2676 3765 et
2693 3710 2987 3764 duodecim
3009 3713 3291 3782 apostolos
3313 3711 3422 3766 mi-

1825 3798 2126 3852 sitdicens:
2147 3819 2168 3849 (ι
2195 3799 2664 3853 Testiﬁcaminiin
2677 3805 2976 3870 conspectu
2995 3800 3098 3854 Dei
3119 3802 3254 3865 (Act.
3287 3802 3330 3870 ι)
3353 3820 3364 3869 ;
3392 3821 3419 3856 »

1823 3891 1880 3942 et
1913 3905 1923 3938 :
1961 3906 1987 3938 «
2020 3888 2343 3958 Propterea,
2390 3887 2590 3959 inquit,
2626 3887 2971 3944 Testamenti
3023 3889 3162 3944 Novi
3213 3890 3423 3944 media-

1821 3980 1914 4030 tor
1941 3985 2044 4030 est.
2077 3977 2185 4040 Qui
2205 3983 2289 4031 est
2310 3977 2586 4032 mediator
2599 3977 2626 4030 ’ἔ
2659 3996 2680 4028 ι
2712 3977 2990 4032 mediator
3013 3977 3164 4032 enim
3194 3993 3307 4033 non
3337 3983 3425 4033 est

1823 4065 2084 4119 dominus
2113 4066 2194 4120 rei
2225 4067 2384 4137 cujus
2412 4072 2498 4120 est
2525 4067 2820 4133 mediator,
2855 4067 2953 4121 sed
2985 4073 3042 4122 et
3059 4067 3174 4122 alia
3193 4068 3424 4140 quidem

1823 4171 1934 4221 res,
1966 4155 2110 4208 alter
2135 4160 2324 4210 autem
2356 4161 2442 4210 est
2462 4155 2758 4221 mediator,
2778 4161 2841 4210 ut
2869 4163 3008 4227 puta
3029 4157 3307 4212 mediator
3324 4172 3424 4212 nu-

1825 4243 2072 4314 ptiarum
2093 4245 2176 4310 fit,
2206 4259 2316 4298 non
2338 4245 2433 4315 qui
2454 4245 2682 4316 nuptias
2700 4245 2850 4310 facit,
2865 4247 2962 4299 sed
2985 4245 3257 4317 adjuvans
3271 4261 3420 4315 eum,

1826 4333 1922 4402 qui
1952 4333 2202 4388 facturus
2229 4339 2332 4398 est,
2359 4335 2438 4387 sic
2471 4335 2644 4388 etiam
2671 4334 2760 4388 hic
2783 4335 3060 4389 mediator
3077 4335 3224 4389 illius
3243 4335 3423 4390 factus

1825 4425 1912 4475 est
1941 4423 2116 4493 patris
2148 4428 2206 4476 et
2241 4428 2448 4476 noster.
2483 4423 2722 4476 Nolebat
2749 4423 2908 4476 nobis
2935 4423 3220 4477 dimittere
3260 4429 3423 4494 pata

1825 4511 2208 4565 haereditatem
2235 4511 2422 4576 istam,
2456 4512 2554 4565 sed
2581 4511 2928 4566 irascebatur
2954 4511 3131 4575 nobis,
3169 4516 3226 4565 et
3272 4509 3422 4566 indi-

1823 4599 2106 4670 gnabatur
2131 4604 2249 4654 tam
2273 4599 2624 4654 abalienatis.
2651 4599 2928 4653 Mediator
2945 4599 3122 4669 igitur
3139 4599 3322 4654 factus
3337 4603 3423 4655 est

1823 4693 2087 4742 nosteret
2105 4686 2300 4759 patris,
2323 4694 2380 4742 et
2401 4688 2680 4760 persuasit
2695 4689 2796 4752 illi,
2821 4688 3026 4759 etquid
3039 4688 3246 4759 igitur?
3277 4705 3418 4761 quo-

1823 4777 1990 4831 modo
2019 4777 2296 4832 mediator
2323 4775 2500 4832 factus
2527 4777 2652 4830 est?
2668 4793 2955 4832 sermones
2986 4777 3207 4845 detulit,
3229 4779 3425 4834 attulit

1824 4866 1982 4920 nobis
2031 4881 2068 4920 a
2107 4871 2268 4938 patre
2297 4883 2396 4937 per
2421 4871 2847 4930 transvectores,
2882 4866 3040 4920 addit
3068 4867 3239 4922 etiam
3269 4881 3423 4922 mor-

1825 4961 1959 5010 tem.
2004 4953 2070 5010 Iu
2103 4955 2409 5010 offensione
2441 4955 2648 5026 quippe
2676 4971 2918 5020 eramus,
2953 4956 3098 5010 mori
3124 4971 3225 5010 nos
3255 4971 3423 5026 opor-

1825 5044 1998 5099 tebat.
2024 5043 2537 5114 (Alb.)Misitﬁlium
2559 5059 2724 5098 suum
2745 5044 2951 5098 factum
2971 5061 3036 5098 ex
3054 5044 3306 5109 muliere,
3327 5043 3423 5115 qui

1827 5134 1971 5189 mori
1989 5135 2264 5206 potuisset
2287 5151 2388 5205 pro
2408 5133 2753 5188 debitoribus
2787 5134 3005 5196 mortis,
3041 5134 3135 5204 qui
3167 5129 3432 5192 mortuus

1829 5229 1915 5277 est
1931 5239 2032 5293 pro
2051 5223 2230 5290 nobis,
2249 5222 2439 5277 debita
2459 5227 2656 5276 morte.
2685 5222 2867 5276 Efﬁcit
2888 5240 2988 5276 nos
3017 5221 3216 5292 dignos
3243 5228 3420 5278 testa—

1831 5313 2007 5366 menti
2049 5317 2106 5366 et
2142 5311 2484 5367 hereditatis
2515 5313 2820 5382 promissae.
2856 5312 2974 5365 Hoc
3003 5312 3167 5366 modo
3196 5313 3426 5366 ﬁrmum

1831 5401 2040 5456 factum
2071 5407 2157 5455 est
2177 5405 2602 5455 testamentum.
2637 5401 2700 5455 In
2730 5405 2952 5454 tantum
2991 5400 3100 5456 fuit
3135 5407 3426 5473 peccatum

1833 5495 2108 5555 nostrum,
2124 5496 2190 5544 ut
2201 5490 2405 5545 salvari
2418 5506 2532 5562 non
2553 5489 2829 5562 potuisset
2838 5489 3274 5561 aliquando,nisi
3294 5491 3426 5545 uni-

1831 5579 2058 5651 genitus
2089 5575 2264 5634 Filius
2297 5579 2401 5636 Dei
2428 5593 2534 5652 pro
2559 5578 2720 5634 nobis
2747 5585 3081 5636 moreretur.
3111 5579 3274 5646 Quod
3294 5590 3428 5634 vero
