3854 6164
449 262 553 316 775
1039 257 1102 313 Β.
1143 255 1416 312 RABANI
1453 253 1685 311 MAURI
1721 253 2058 311 ARCHIEP.
2099 251 2424 309 MOGUNT.
2467 250 2766 306 OPERUM
2803 248 2988 308 PARS
3023 252 3119 308 IIl.
3387 257 3396 262 '
3549 263 3630 316 776

445 383 544 450 ait,
576 383 864 437 inﬁrmum
895 397 1016 436 esse
1043 385 1468 447 testamentum,
1498 381 1716 434 vivente
1742 385 2035 447 testatore,
2068 378 2250 439 Adem
2262 375 2574 431 nominavit
2596 377 2743 430 hanc
2760 377 3226 432 conversationem
3249 385 3486 447 nostram,
3506 385 3632 454 cujus

447 473 554 528 hoc
595 471 875 541 signiﬁcat
918 470 1066 540 quod
1109 471 1358 541 quandiu
1405 469 1537 524 vivit
1568 475 1826 535 testator,
1858 473 2044 540 potest
2125 465 2563 521 conversationis
2583 467 2868 537 exemplar
2886 465 2995 520 fuit
3021 473 3078 521 et
3103 467 3406 538 signiﬁcatio
3423 487 3633 541 quaecun-

448 561 749 615 immutare
779 559 1134 624 sententiam,
1178 565 1236 613 et
1264 559 1404 613 alios
1427 564 1596 630 atque
1627 559 1767 612 alios
1793 559 2042 613 haeredes
2127 573 2234 627 que
2261 555 2565 626 gerebatur
2592 555 2650 609 in
2681 553 2862 609 Veteri
2889 557 3252 610 Testamento.
3285 558 3423 612 Unde
3449 566 3497 612 et
3519 563 3636 632 Apo-

452 650 729 704 adducerc
753 649 810 702 in
841 649 1227 702 haereditatem
1244 665 1424 702 suam.
1455 668 1476 698 ι
1499 647 1658 702 Unde
1678 664 1779 701 nec
1796 647 2044 718 primum
2126 646 2323 710 stolus,
2348 644 2429 698 ait
2452 663 2462 697 :
2489 662 2515 696 α
2532 645 2892 698 Conversatio
2909 650 3098 699 nostra
3123 645 3178 699 in
3197 646 3338 699 caelis
3365 653 3442 700 est
3458 649 3637 719 (Philip.

453 737 722 808 «quidem
752 737 872 792 sine
895 737 1168 807 sanguine
1197 737 1516 791 dedicatum
1533 742 1636 790 est.
1667 756 1688 786 ι
1717 738 1782 800 (J.
1823 738 2048 805 Chrys.)
2129 736 2224 804 ω).
2251 752 2277 788 »
2306 735 2370 788 In
2405 734 2558 787 caelis
2599 751 2732 804 ergo
2761 740 2894 788 sunt
2924 734 3049 799 ista,
3086 751 3202 805 qua:
3229 742 3404 789 nostra
3440 744 3564 802 sunt,
3600 745 3642 791 et

446 827 624 893 Unde,
641 827 834 892 dixit,«
849 843 950 880 nec
963 827 1207 897 primum
1219 830 1623 880 testamentum
1643 825 1763 878 sine
1777 825 2048 896 sanguine
2129 823 2248 877 haec
2274 829 2468 876 nostra
2497 823 2762 888 ccalestia,
2797 823 3049 894 quamvis
3069 823 3126 877 in
3155 823 3311 877 terris
3335 823 3642 880 celebrentur.

448 916 765 970 dedicatum
808 921 912 982 est,
947 915 1002 970 id
1031 921 1136 980 est,
1167 917 1392 969 ﬁrmum
1425 914 1633 968 factum
1674 919 1776 976 est,
1818 913 2049 968 robora-
2132 913 2266 976 Quae
2294 917 2381 966 est
2408 911 2518 966 ista
2537 911 2885 966 conversatio
2933 913 3156 967 nostra?
3194 912 3302 966 haec
3328 919 3406 967 est
3428 931 3538 967 vera
3557 916 3648 984 phi-

445 1011 570 1060 tum
599 1012 684 1059 est
707 1025 717 1058 :
745 1005 893 1076 quod
909 1010 1099 1059 autem
1134 1004 1291 1068 dixit,
1315 1021 1342 1056 «
1371 1004 1540 1068 unde,
1579 1023 1605 1055 ι
1637 1003 1751 1057 tale
1772 1009 1859 1057 est
1885 1003 2049 1074 quale
2130 1001 2403 1072 losophia,
2433 1017 2602 1072 quam
2635 1001 2890 1055 Christus
2918 1001 3122 1066 docuit,
3153 1018 3315 1072 quam
3353 1003 3560 1072 apostoli
3581 1020 3650 1058 se-

447 1094 736 1158 sidiceret,
759 1099 1056 1165 propterea
1073 1091 1368 1164 oportebat
1383 1092 1707 1146 testamenti
1718 1091 2048 1146 solemnita-
2129 1089 2245 1143 cuti
2274 1095 2426 1154 sunt,
2463 1107 2586 1160 quae
2612 1090 2767 1144 ducit
2795 1090 2866 1144 ad
2904 1090 3172 1146 coelestia.
3211 1091 3359 1144 Unde
3386 1097 3438 1145 et
3459 1093 3650 1162 Aposto-

440 1188 555 1238 tem
582 1183 848 1254 compleri
879 1183 1050 1236 etiam
1079 1199 1180 1253 per
1207 1187 1448 1235 mortem
1481 1180 1708 1235 Christi.
2131 1177 2218 1231 lus
2251 1195 2261 1230 :
2301 1195 2328 1230 α
2349 1177 2574 1232 Primus
2601 1178 2769 1232 homo
2797 1179 2867 1232 de
2897 1183 3050 1232 terra
3076 1184 3341 1245 terrenus,
3355 1179 3654 1233 secundusde

523 1292 544 1324 ι
562 1273 728 1327 Lecto
751 1271 898 1324 enim
919 1271 1073 1324 omni
1095 1270 1360 1324 mandato
1379 1269 1518 1340 legis
1535 1270 1769 1340 aMoyse
1783 1268 2046 1323 universo
2129 1267 2268 1321 coelo
2297 1267 2557 1321 celestis.
2592 1267 2786 1331 Qualis
2815 1272 3092 1332 terrenus,
3123 1267 3260 1321 tales
3287 1274 3341 1322 et
3365 1269 3549 1322 terreni
3575 1287 3584 1319 :
3613 1273 3655 1321 et

451 1381 478 1414 ‹‹
511 1357 2046 1432 papulo,accipienssanguinemvitulorumethircorum
2134 1356 2314 1428 qualis
2343 1357 2600 1422 caelestis,
2625 1357 2767 1412 tales
2792 1363 2849 1411 et
2889 1357 3158 1410 caelestes.
3197 1377 3220 1408 ι
3256 1387 3312 1397 -
3335 1359 3386 1424 (Ι
3417 1358 3524 1412 Cor.
3568 1368 3654 1424 xm)

455 1470 479 1502 α
513 1467 640 1504 cum
669 1467 818 1520 aqua
845 1455 904 1504 et
929 1449 1058 1502 lana
1085 1448 1342 1502 coccinea
1371 1455 1428 1502 et
1443 1447 1905 1518 hyssopo,ipsum
1918 1463 2051 1518 quo-
2136 1444 3041 1516 aMelioribus,inquit,sacriﬁciis
3054 1445 3342 1516 quamhaac
3356 1450 3520 1498 sunt.»
3535 1445 3656 1508 Quod

452 1557 477 1589 (ι
511 1555 618 1610 que
647 1537 853 1592 librum
883 1544 940 1591 et
969 1554 1195 1592 omnem
1229 1537 1497 1608 populum
1541 1536 1781 1607 aspersit
1815 1535 2006 1590 dicens
2032 1554 2045 1590 :
2134 1533 2336 1588 melius
2357 1539 2461 1600 est,
2481 1533 2626 1588 bono
2648 1534 2836 1604 aliquo
2847 1535 3048 1588 melius
3069 1541 3172 1600 est,
3191 1533 3330 1588 bona
3341 1550 3462 1603 ergo
3479 1533 3658 1604 fuerunt

453 1647 478 1676 α
513 1627 615 1681 Hic
643 1626 984 1696 estsanguis
1012 1626 1356 1690 testamenti,
1383 1625 1531 1696 quod
1551 1624 1838 1678 mandavit
1857 1624 1928 1678 ad
1957 1641 2054 1678 vos
2135 1623 2407 1694 exempla,
2433 1641 2556 1694 quae
2577 1623 2634 1676 in
2655 1623 2808 1677 caelis
2827 1631 2997 1687 sunt;
3028 1624 3126 1677 sed
3149 1623 3270 1694 ipsa
3287 1623 3512 1676 cmlestia
3533 1622 3660 1690 longe

454 1735 478 1767 ι
513 1717 681 1769 Deus.
699 1716 880 1768 Etiam
900 1715 1328 1769 tabernaculum
1342 1719 1400 1767 et
1427 1713 1619 1768 omnia
1643 1731 1777 1766 vasa
1802 1713 2054 1766 ministe-
2071 1701 2118 1761 Β
2135 1712 2416 1766 excellunt
2436 1713 2688 1783 exempla
2718 1719 3062 1780 sanctorum,
3089 1711 3287 1784 quibus
3314 1711 3658 1782 signiﬁcantur.

455 1823 480 1856 α
515 1804 585 1858 rii
611 1805 886 1871 sanguine
917 1803 1176 1858 similiter
1204 1803 1444 1874 aspersit
1475 1822 1486 1856 :
1521 1809 1577 1856 et
1606 1802 1796 1856 omnia
1832 1818 1974 1873 pene
1993 1801 2054 1856 in
2137 1801 2195 1855 Si
2225 1817 2358 1871 ergo
2390 1801 2641 1856 caelestes
2669 1818 2864 1856 sumus
2893 1819 3013 1872 nos,
3057 1809 3115 1856 et
3142 1807 3358 1856 tantum
3386 1799 3663 1854 sacriﬁcium

455 1911 480 1944 ι
513 1893 786 1962 sanguine
807 1891 1472 1946 mundantursecundum
1487 1892 1698 1962 legem;
1723 1898 1780 1944 et
1799 1891 2055 1946 sinesan-
2136 1889 2325 1961 adepti
2359 1905 2574 1956 sumus,
2615 1890 2919 1946 timeamus
2956 1907 3288 1962 permanere
3321 1890 3377 1944 in
3413 1893 3560 1942 terra.
3609 1889 3664 1953 (J.

447 1999 474 2032 α
504 1981 692 2052 guinis
722 1981 989 2035 effusione
1017 1997 1130 2035 non
1159 1982 1223 2034 ﬁt
1239 1979 1514 2034 remissio.
1545 1999 1571 2032 ι)
1593 1981 1761 2048 (Αιὸ.)
1779 1980 1927 2044 Quid
1943 1985 2048 2046 est,
2137 1979 2694 2046 0hrys.)Esseautem
2708 1979 2767 2034 in
2779 1985 2935 2034 terra
2961 1987 3019 2034 et
3035 1997 3150 2034 non
3175 1997 3292 2034 esse
3319 1975 3668 2050 quodammodo

450 2070 599 2140 quod
629 2071 788 2134 liber,
824 2076 882 2124 et
921 2071 1181 2142 populus,
1215 2075 1272 2124 et
1309 2068 1737 2123 tabernaculum
1781 2068 2054 2139 sanguine
2135 2067 2408 2134 videmur,
2442 2068 2946 2124 dumvoluntatein
2960 2070 3100 2124 caelo
3113 2086 3322 2132 sumus,
3357 2067 3669 2136 licetcorpore

447 2175 709 2230 aspersus
731 2166 834 2223 est,
859 2159 967 2213 nisi
987 2159 1266 2230 pretiosus
1302 2159 1532 2228 sanguis
1560 2157 1768 2212 Christi
1800 2159 2053 2212 Salvato-
2134 2155 2193 2210 in
2205 2157 2391 2210 terris.
2422 2157 2480 2210 Si
2497 2174 2631 2227 ergo
2643 2175 2744 2212 nos
2769 2159 2958 2212 animo
2974 2159 3477 2230 appropinquemus
3489 2155 3604 2216 Deo,
3629 2152 3674 2206 in

447 2247 527 2301 ris
555 2248 733 2302 nostri
762 2247 832 2302 ab
855 2247 1034 2313 initio,
1060 2248 1155 2301 illo
1178 2247 1484 2312 schemate,
1501 2246 1912 2318 praenuntiatus
1933 2247 2054 2300 est?
2136 2246 2274 2299 coelo
2299 2262 2512 2301 sumus.
2546 2246 2693 2310 Quid
2731 2247 2880 2301 enim
2907 2247 3047 2300 mihi
3077 2253 3167 2301 est
3192 2263 3325 2300 cura
3350 2245 3549 2308 coelum,
3575 2257 3673 2296 cum

448 2337 634 2401 Quare
655 2337 934 2408 hyssopo?
956 2338 1247 2408 Hyssopus
1260 2336 1409 2390 enim
1427 2335 1602 2390 herba
1622 2335 1850 2389 humilis
1883 2340 1970 2389 est
1998 2340 2056 2389 et
2135 2333 2296 2390 video
2311 2335 2617 2390 Dominum
2631 2335 2773 2402 caeli,
2789 2353 2918 2390 cum
2948 2353 3050 2406 ego
3081 2336 3297 2390 efﬁcior
3323 2331 3538 2388 caelum?
3562 2351 3580 2382 ι
3595 2329 3676 2382 V’e-

440 2424 506 2479 εἰη
532 2425 708 2497 petris
726 2443 990 2480 nascens:
1016 2425 1309 2480 humilitas
1336 2424 1545 2480 Christi
1576 2424 1929 2495 signiﬁcatur
1955 2441 2056 2494 per
2137 2423 2585 2496 niemus,inquit,
2602 2425 2717 2494 Ego
2742 2425 2995 2490 etPater,
3015 2432 3072 2478 et
3083 2420 3675 2492 mansionemapudeum

450 2513 594 2568 hanc
614 2514 868 2578 herbam,
889 2520 947 2568 et
973 2515 1238 2571 fortitudo
1268 2531 1381 2586 qua
1404 2513 1677 2568 interiora
1695 2518 1890 2568 nostra
1917 2529 2054 2584 pur-
2137 2513 2408 2568 faciemus
2423 2515 2744 2582 (JOan.xxv).
2777 2531 2802 2565 ι
2838 2513 3054 2568 Ccelum
3087 2513 3317 2584 quidem
3355 2527 3448 2582 per
3480 2526 3532 2564 se
3555 2523 3676 2561 sere-

451 2607 679 2672 gantur.
705 2605 848 2658 Nam
869 2603 974 2656 hoc
989 2619 1196 2673 genere
1218 2602 1405 2656 herbae
1421 2603 1752 2673 pulmonum
1783 2602 2058 2673 vitiapur-
2138 2618 2275 2655 num
2298 2607 2385 2655 est
2413 2609 2470 2656 et
2498 2602 2801 2670 mundum;
2833 2619 2947 2656 non
2992 2602 3051 2656 in
3089 2602 3294 2668 hieme,
3326 2617 3434 2654 non
3458 2599 3512 2652 in
3549 2599 3679 2650 nocte

448 2690 576 2761 gari
604 2691 803 2744 solent.
824 2692 1008 2755 Quare
1021 2708 1171 2762 aqua
1188 2692 1212 2744 Ἰ
1243 2691 1505 2745 Ostendit
1522 2691 1945 2745 mundationem
1975 2691 2034 2744 fu
2140 2695 2412 2744 mutatur.
2438 2690 2680 2744 Proinde
2693 2696 2750 2744 et
2763 2707 2866 2744 nos
2882 2707 3063 2761 neque
3083 2690 3144 2744 in
3162 2684 3588 2744 tribulationibus
3603 2699 3678 2736 sa-

447 2783 634 2833 turam
667 2797 768 2850 per
800 2796 1007 2850 aquam
1038 2779 1317 2850 baptismi.
1343 2780 1529 2843 Quare
1571 2780 1705 2834 lana
1745 2779 2001 2834 coccinea
2032 2779 2056 2831 Τ
2137 2777 2266 2844 culi,
2289 2793 2471 2850 neque
2499 2779 2557 2832 in
2583 2779 3016 2834 adversitatibus
3042 2778 3254 2834 diaboli
3280 2775 3498 2848 hocpati
3514 2776 3679 2828 timea-

449 2868 526 2923 Ut
555 2868 824 2922 retineret
851 2868 1204 2938 sanguinem.
1229 2867 1491 2924 Ostendit
1508 2869 1611 2922 hoc
1626 2869 1745 2922 loco
1765 2868 1915 2922 idem
1932 2885 2055 2922 esse
2138 2883 2282 2931 mus,
2316 2867 2414 2921 sed
2444 2884 2776 2922 maneamus
2813 2868 3164 2923 immaculati
3212 2873 3268 2922 et
3309 2865 3510 2921 mundi.
3539 2859 3684 2916 Habet

456 2962 514 3010 et
541 2973 742 3028 aquam
777 2961 835 3011 et
859 2957 1191 3028 sanguinem
1224 2975 1235 3010 :
1269 2956 1549 3028 baptisma
1597 2956 1768 3010 etiam
1797 2961 2054 3012 nostrum
2080 3018 2112 3028 Α
2138 2955 2364 3026 quidem
2389 2957 2592 3011 caelum
2621 2959 2816 3019 solem,
2851 2957 3164 3012 habeamus
3200 2963 3258 3012 et
3302 2973 3402 3010 nos
3446 2951 3685 3009 Christum

452 3018 638 3117 passio
673 3047 794 3116 ejus
825 3053 928 3100 est.
961 3018 1108 3104 video
1151 3045 1302 3100 idem
1341 3018 1560 3100 Paulus
1603 3045 1738 3099 dicit
1773 3045 1884 3099 alio
1933 3018 2116 3100 locoC
2138 3018 2314 3099 solem
2332 3045 2587 3115 justitiaa,
2611 3063 2836 3117 semper
2853 3047 3137 3102 lucentem
3155 3046 3213 3100 in
3233 3043 3482 3100 cordibus
3498 3039 3683 3096 nostris.

454 3135 628 3206 (Rom.
662 3136 968 3202 \‘1;Uoloss.
1003 3138 1060 3204 ιι)
1093 3153 1104 3187 :
1153 3153 1180 3187 α
1205 3134 1532 3206 Consepulti
1579 3134 1734 3188 enim
1763 3133 1898 3188 estis
1924 3151 2054 3188 cum
2141 3133 2344 3202 (Greg.)
2376 3135 2501 3204 Ipse
2526 3151 2769 3205 namque
2815 3134 3071 3188 diabolus
3107 3134 3168 3188 in
3217 3135 3315 3188 illa
3346 3149 3444 3187 nos
3481 3127 3689 3202 parentis

446 3221 548 3276 illo
571 3222 629 3276 in
658 3222 957 3293 baptismo.
996 3242 1018 3274 ι
1053 3223 1213 3287 Quod
1243 3240 1374 3277 vero
1403 3223 1516 3277 ait:
1551 3241 1578 3276 α
1609 3223 1741 3277 Sine
1761 3223 2052 3292 sanguinis
2137 3221 2304 3292 primi
2325 3222 2512 3277 radice
2536 3223 2924 3294 supplantans,
2956 3223 3059 3277 sub
3089 3223 3415 3295 captivitate
3441 3237 3534 3274 sua
3559 3215 3686 3288 quasi

449 3311 721 3366 etfusione
752 3329 865 3366 non
893 3312 1066 3366 fuerit
1094 3311 1369 3366 remissio.
1403 3331 1426 3362 ι
1470 3312 1655 3376 Quare
1703 3312 1807 3366 hoc
1857 3311 1999 3366 dixit
2027 3313 2052 3364 ’ἶ
2128 3311 2282 3380 juste
2299 3312 2796 3378 tenuithominem,
2821 3312 2918 3383 qui
2940 3311 3117 3366 libero
3147 3311 3382 3366 arbitrio
3399 3309 3629 3364 conditus
3650 3303 3690 3357 ei

450 3400 595 3465 Quia
622 3400 679 3454 in
711 3399 821 3455 illis
849 3417 962 3455 non
990 3401 1098 3455 fuit
1128 3401 1294 3472 plena
1323 3400 1600 3467 remissio,
1625 3401 1724 3454 sed
1740 3400 2049 3471 semiplena
2132 3398 2346 3469 injusta
2368 3401 2628 3456 suadenti
2657 3401 2958 3456 consensit.
2981 3401 3067 3454 Ad
3086 3402 3265 3455 vitam
3286 3415 3519 3470 namque
3537 3393 3692 3450 condi-

448 3487 509 3544 in
525 3488 758 3544 minima
772 3495 950 3560 parte.
969 3491 1131 3544 Nunc
1139 3495 1331 3544 autem
1347 3509 1369 3541 ι
1385 3489 1478 3544 hic
1488 3489 1799 3560 est,inquit,
1817 3489 2048 3560 sanguis
2129 3493 2222 3542 tus
2237 3487 2294 3542 in
2305 3488 2564 3544 libertate
2581 3489 2820 3562 propriae
2836 3490 3164 3554 voluntatis,
3189 3495 3390 3562 sponte
3421 3503 3518 3542 sua
3549 3485 3694 3539 factus

443 3577 583 3634 Novi
601 3578 965 3644 Testamenti,
991 3579 1084 3649 qui
1107 3596 1208 3650 pro
1228 3578 1392 3633 nobis
1409 3579 1620 3633 elfusus
1655 3585 1743 3632 est
1769 3577 1827 3632 in
1858 3577 2052 3632 remis-
2133 3583 2220 3631 est
2234 3577 2454 3632 debitor
2481 3578 2696 3634 mortis.
2712 3579 2964 3633 Delenda
2978 3595 3113 3648 ergo
3130 3586 3259 3634 erat
3277 3578 3405 3633 talis
3425 3577 3590 3646 culpa,
3615 3570 3692 3626 sed

441 3666 658 3722 sionem
689 3665 1064 3738 peccatorum.
1092 3687 1118 3720 ι)
1143 3667 1278 3732 Quis
1299 3673 1384 3721 est
1402 3667 1546 3721 liber
1565 3666 1661 3738 qui
1673 3683 1937 3738 aspersus
1965 3672 2054 3721 est
2133 3665 2240 3719 nisi
2270 3683 2372 3738 per
2401 3667 2737 3722 sacriﬁcium
2766 3668 2940 3722 deleri
2959 3684 3072 3722 non
3091 3673 3353 3738 poterat;
3377 3662 3694 3738 quaerendum

445 3755 721 3826 sanguine
743 3757 980 3828 mystico
1000 3775 1013 3820 ;
1033 3763 1091 3810 et
1105 3773 1228 3827 quae
1239 3761 1514 3810 suntvasa
1527 3755 2050 3826 unctionis,etquod
2133 3761 2257 3810 erat
2285 3756 2638 3823 sacriﬁcium,
2663 3757 2758 3811 sed
2797 3757 2961 3828 quale
2999 3757 3347 3812 sacriﬁcium
3390 3758 3594 3827 poterat
3616 3766 3695 3820 pm

443 3843 892 3911 tabernaculum,
909 3845 1018 3900 nisi
1033 3845 1298 3916 populus?
1312 3843 1424 3916 Ipsi
1437 3845 1588 3899 enim
1603 3849 1737 3898 sunt
1747 3844 1905 3908 liber,
1921 3860 2052 3898 vasa
2133 3843 2486 3899 absolvendis
2513 3845 2833 3900 hominibus
2843 3845 3080 3900 inveniri
3099 3847 3126 3898 ?
3145 3847 3347 3916 Neque
3365 3845 3507 3898 enim
3515 3843 3694 3914 justum

447 3939 508 3988 et
519 3933 964 3988 tabernaculum.
980 3934 1112 3988 Ideo
1121 3933 1256 3988 dicit
1265 3933 1539 3988 Dominus
1555 3953 1571 3988 :
1593 3953 1617 3983 α
1639 3933 1969 3988 Inhabitabo
1990 3932 2050 3987 in
2132 3931 2255 3999 fuit,
2280 3939 2345 3988 ut
2357 3951 2458 4004 pro
2472 3934 2734 3988 rationali
2750 3934 2976 3989 homine
2995 3933 3299 3990 brutorum
3317 3932 3624 3989 animalium
3641 3927 3700 3980 ii-

443 4021 575 4086 illis,
593 4028 651 4076 et
663 4021 1042 4076 inambulabo.
1061 4022 1168 4076 Sed
1181 4021 1332 4076 illius
1343 4021 1581 4076 fuittota
1609 4022 1831 4076 Veteris
1859 4022 2050 4076 Testa-
2131 4022 2312 4076 ctimae
2331 4023 2696 4077 caederentur.
2714 4023 2873 4077 Unde
2893 4023 3292 4094 aitApostolus
3319 4043 3375 4076 ε(
3401 4023 3618 4078 Necesse
3632 4020 3700 4069 est

445 4109 622 4164 menti
652 4109 902 4180 corporis
930 4109 1242 4166 mundatio.
1275 4111 1438 4164 Nunc
1461 4127 1590 4164 vero
1602 4110 1873 4181 spiritalis
1895 4110 2050 4164 estin
2131 4127 2265 4182 ergo
2275 4111 2616 4182 exemplaria
2631 4111 2944 4166 caelestium
2964 4112 3053 4166 his
3072 4113 3373 4168 mundari:
3404 4112 3523 4184 ipsa
3544 4113 3700 4162 autem

446 4197 656 4264 animo,
673 4197 1142 4268 sanguisChristi.
1167 4199 1298 4253 Ideo
1309 4197 1478 4253 dicit:
1507 4219 1530 4250 α
1570 4199 1674 4254 Hic
1702 4205 1789 4253 est
1818 4199 2049 4270 sanguis
2131 4199 2376 4254 caelestia
2393 4199 2718 4255 melioribus
2737 4201 2956 4268 hostiis,
2973 4201 3306 4272 quamistis.
3328 4201 3501 4271 nErgo
3514 4197 3702 4252 sibruta

442 4287 584 4342 Novi
602 4287 948 4342 Testamenti
960 4287 1018 4342 in
1032 4287 1421 4342 remissionem
1433 4290 1919 4358 peccatorumJIn
1935 4289 2048 4344 illis
2130 4289 2400 4343 animalia
2418 4306 2519 4360 pro
2551 4289 2811 4344 rationali
2840 4289 3091 4358 animali,
3135 4289 3196 4346 id
3239 4297 3347 4356 est,
3381 4307 3482 4362 pro
3511 4284 3704 4342 homine

442 4375 672 4447 quidem
691 4376 750 4430 in
768 4376 1064 4448 superﬁcie
1085 4376 1572 4448 aspergebatur,et
1584 4377 1791 4432 iterum
1801 4375 2108 4433 dilueba—D
2127 4376 2311 4446 digna:
2339 4377 2576 4432 victimae.
2605 4395 2718 4432 non
2737 4378 2981 4444 fuerunt,
3004 4379 3388 4450 requirendus
3406 4384 3526 4433 erat
3543 4377 3698 4430 homo.

444 4469 542 4520 tur
556 4467 897 4538 aspersus.N
898 4483 1040 4537 eque
1055 4465 1206 4520 enim
1217 4471 1543 4520 cruentatus
1556 4482 1780 4537 semper
1789 4466 2054 4521 deambu-
2136 4465 2231 4536 qui
2244 4482 2344 4535 pro
2365 4465 2684 4521 hominibus
2705 4467 2891 4521 oll‘erri
2909 4467 3219 4534 debuisset,
3255 4475 3322 4523 ut
3351 4484 3453 4540 pro
3479 4458 3704 4521 rationali

442 4553 598 4609 labat
611 4556 941 4626 populus.In
957 4555 1288 4613 animavero
1301 4571 1416 4610 non
1428 4555 1510 4609 ita
1527 4555 1735 4622 est,sed
1748 4555 1856 4626 ipsi
1869 4571 2055 4610 essen-
2135 4560 2418 4626 peccante,
2471 4555 2763 4610 rationalis
2799 4557 2986 4611 hostia
3025 4563 3398 4612 mactaretur.
3433 4555 3534 4610 Sed
3576 4549 3701 4622 quid.

439 4641 942 4698 tiaecommiscetur
955 4643 1812 4716 sanguis,fontemillamfaciens
1827 4651 2054 4699 etmun-
2136 4643 2284 4714 quod
2317 4643 2486 4698 homo
2513 4644 2632 4698 sine
2661 4650 2888 4716 peccato
2917 4644 3156 4700 inveniri
3207 4663 3326 4701 non
3363 4640 3622 4719 poterat?
3662 4635 3712 4691 εί

442 4730 593 4796 dam,
621 4735 680 4784 et
708 4732 779 4785 ad
806 4732 961 4786 illam
982 4733 1419 4788 inenarrabilem
1433 4733 1906 4804 pulchritudinem
1921 4751 2050 4805 per-

441 4818 670 4874 ducens.
690 4820 928 4890 Propter
946 4825 1051 4876 hoc
1065 4821 1196 4892 agni
1211 4822 1412 4876 occisio
1437 4822 1562 4887 fuit,
1589 4827 1648 4876 et
1665 4823 1894 4893 sanguis
1927 4823 2050 4893 ejus

441 4906 968 4978 superliminaribus
997 4907 1418 4964 liberandorum
1451 4909 1648 4964 illitus.
1683 4910 1922 4981 Propter
1947 4910 2052 4964 hoc

441 4995 615 5050 etiam
643 4995 834 5051 omnia
864 4997 1140 5052 sacriﬁcia
1155 4998 1374 5053 Veteris
1389 4998 1737 5053 Testamenti
1760 4999 2046 5069 leguntur,

441 5089 508 5139 ut
537 5086 642 5140 hoc
666 5102 845 5141 unum
871 5086 1212 5141 sacriﬁcium
1233 5087 1577 5158 designaret.
1612 5104 1714 5158 per
1739 5087 1888 5158 quod
1918 5105 2051 5142 vera

441 5179 530 5228 est
555 5175 811 5230 remissio
834 5181 1210 5246 peccatorum,
1229 5182 1287 5230 et
1303 5176 1596 5231 mundatio
1608 5176 1810 5231 animae
1822 5176 1880 5230 in
1891 5182 2050 5231 aeter-

441 5277 598 5316 num.
628 5282 655 5314 «
697 5264 937 5318 Necesse
967 5269 1054 5319 est
1081 5281 1215 5336 ergo
1255 5265 1598 5337 exemplaria
1626 5265 1852 5337 quidem
1882 5246 2048 5320 cdele-

446 5367 474 5400 ‹‹
505 5351 676 5407 stium
705 5352 793 5407 his
822 5353 1086 5409 mandari
1112 5372 1122 5408 :
1161 5353 1284 5425 ipsa
1309 5361 1502 5410 autem
1524 5354 1777 5410 coelestia
1796 5354 2046 5408 meliori-

445 5455 474 5492 α
502 5437 607 5493 bus
633 5440 852 5508 hostiis,
885 5459 1053 5512 quam
1083 5443 1224 5498 istis.
1261 5463 1288 5494 »
1335 5445 1499 5514 (Αιὺ.)
1531 5443 1823 5508 Quomodo
1855 5459 2045 5498 exem-

440 5527 624 5600 plaria
649 5534 784 5586 sunt
810 5545 1005 5584 eorum
1033 5547 1157 5602 quae
1186 5532 1245 5587 in
1273 5531 1428 5587 ccalis
1447 5533 1616 5588 sunt?
1637 5531 1900 5589 leestia
1927 5532 2049 5604 qui-

2132 4731 2321 4787 oblata
2349 4750 2451 4804 pro
2480 4732 2641 4787 nobis
2670 4733 2874 4801 hostia,
2909 4734 3133 4805 quando
3149 4751 3258 4790 nos
3275 4752 3312 4788 a
3329 4741 3551 4806 peccato
3567 4743 3706 4783 mun-

2132 4821 2268 4875 dare
2295 4821 2586 4893 potuisset,
2619 4823 2668 4876 si
2697 4821 2818 4894 ipsa
2849 4822 3060 4893 peccati
3090 4825 3436 4895 contagione
3458 4831 3708 4876 nonm

2133 4910 2572 4982 ret?Inquinata
2583 4911 2789 4982 quippe
2801 4911 3125 4982 inquinatos
3154 4913 3440 4968 mundare
3469 4926 3574 4966 non
3601 4921 3708 4978 pos'

2133 5005 2237 5054 set.
2264 5000 2431 5071 Ergo,
2448 5005 2514 5054 ut
2531 4999 2824 5054 rationalis
2843 5007 2995 5055 esset
3013 5001 3216 5068 hostia,
3252 5002 3426 5055 homo
3443 5001 3618 5053 fuerat
3645 4990 3709 5046 of-

2132 5087 2413 5154 ferendus,
2447 5095 2513 5143 ut
2567 5105 2698 5144 vero
2733 5107 2768 5143 a
2793 5090 3034 5160 peccatis
3072 5091 3385 5145 mundaret
3429 5087 3704 5144 hominem.

2132 5177 2300 5232 homo
2318 5183 2375 5231 et
2385 5177 2504 5231 sine
2520 5182 2764 5248 peccato.
2799 5179 2909 5233 Sed
2929 5179 3054 5250 quis
3076 5185 3223 5234 esset
3247 5180 3421 5233 homo
3468 5177 3585 5249 sine
3606 5186 3708 5246 pec-

2130 5271 2275 5332 cato,
2290 5265 2337 5320 si
2349 5283 2414 5320 ex
2427 5266 2638 5338 peccati
2648 5267 3040 5322 commixtione
3051 5268 3460 5322 descenderet?
3498 5259 3708 5321 Proinde

2129 5356 2284 5410 venit
2295 5361 2524 5427 propter
2532 5355 2700 5410 nosin
2712 5362 2936 5412 uterum
2951 5357 3198 5429 Virginis
3209 5357 3393 5411 Filius
3405 5356 3524 5420 Dei,
3539 5352 3609 5407 ibi
3625 5363 3708 5421 pro

2127 5444 2288 5499 nobis
2307 5444 2484 5500 factus
2504 5450 2592 5499 est
2606 5445 2792 5512 homo,
2819 5451 3111 5517 assumpta
3145 5451 3234 5500 est
3272 5445 3346 5500 ab
3382 5445 3482 5500 illo
3511 5446 3704 5500 natura,

2130 5549 2244 5589 non
2269 5534 2454 5604 culpa,
2486 5532 2618 5589 fecit
2645 5550 2746 5605 pro
2776 5534 2938 5590 nobis
2968 5533 3327 5600 sacriﬁcium,
3347 5549 3548 5606 corpus
3564 5542 3706 5586 suum
