3854 6164
213 299 296 351 777

567 297 1143 355 ENARRATIONUM
1179 301 1258 354 IN
1295 301 1449 356 EPP.
1492 302 1705 358 PAULI
1744 304 1880 358 LIB.
1921 303 2172 357 XXVIII.
2211 332 2274 342 —
2311 304 2386 357 IN
2427 304 2648 361 EPIST.
2690 307 2786 360 AD
2825 308 3035 361 HEBR.

3337 311 3438 366 778

210 419 426 475 exhibuit
461 437 561 492 pro
596 423 978 492 peccatoribus
1020 423 1305 479 victlmam
1349 425 1470 480 sine
1511 432 1758 497 peccato,
1785 430 1826 486 A
1843 427 2278 496 rorum.»Igitur
2290 427 2386 480 illa
2404 433 2535 482 sunt
2552 445 2701 494 vera,
2724 429 2842 484 haec
2863 436 3052 483 autem
3076 434 3433 503 exemplaria.

209 526 312 580 quae
328 516 379 562 et
393 509 739 564 humanitate
758 511 922 576 mori,
945 517 1001 565 et
1016 513 1244 581 justitia
1267 514 1540 568 mundare
1559 515 1766 585 potuis-

209 604 294 650 set.
325 597 473 651 Hunc
507 614 658 669 ergo,
693 615 820 653 cum
849 606 976 670 post
1004 599 1285 671 baptisma
1313 601 1452 656 vidit
1499 603 1764 673 antiquus

207 685 369 751 hostis,
397 703 524 740 mox
567 687 971 742 tentationibus
1017 689 1257 760 impetit,
1291 695 1349 744 et
1375 707 1476 760 per
1517 691 1764 744 diversos

205 775 358 828 aditus
372 775 439 829 ad
453 775 721 830 interiora
735 778 784 846 ej
793 793 858 830 us
871 777 1098 831 molitus
1111 777 1444 849 irrumpere,
1459 779 1640 833 victus
1655 786 1757 844 est,

201 868 343 934 atque
380 863 439 917 in
483 863 606 935 ipsa
651 864 1065 936 inexpugnabili
1114 867 1322 921 mentis
1367 868 1490 937 ejus
1531 867 1762 938 integri-

202 957 295 1006 tate
320 957 643 1022 prostratus.
668 953 776 1008 Sed
797 954 930 1024 quia
951 955 1020 1008 ad
1040 955 1310 1010 interiora
1339 972 1452 1010 non
1471 956 1664 1022 valuit,
1689 957 1760 1010 ad

199 1041 299 1111 ejus
321 1057 376 1095 se
404 1041 684 1096 exteriora
718 1042 1010 1108 convertit,
1043 1048 1108 1096 ut
1137 1043 1269 1113 quia
1315 1045 1520 1098 mentis
1549 1045 1758 1100 virtute

199 1130 346 1184 victus
371 1135 478 1196 est,
509 1147 657 1196 eum,
690 1148 859 1202 quem
887 1131 1142 1203 decipere
1173 1133 1484 1187 tentatione
1514 1150 1627 1187 non
1668 1151 1760 1188 va-

198 1218 297 1284 luit,
325 1219 506 1273 carnis
533 1220 731 1273 saltem
751 1220 1035 1275 videretur
1054 1227 1236 1275 morte
1264 1238 1550 1292 superare,
1567 1229 1754 1294 atque.

196 1313 249 1361 ut
262 1313 378 1361 ante
404 1325 511 1362 nos
537 1308 747 1362 dictum
769 1315 871 1375 est,
890 1309 1198 1390 permissus
1226 1315 1313 1364 est
1338 1311 1397 1364 in
1425 1310 1582 1376 illud,
1610 1312 1758 1382 quod

197 1412 249 1450 ex
264 1395 408 1450 nobis
429 1396 762 1452 mortalibus
783 1398 1060 1452 mediator
1079 1403 1388 1470 acceperat.
1415 1399 1525 1454 Sed
1550 1399 1645 1454 ubi
1664 1416 1759 1471 po-

195 1485 286 1539 tuit
307 1485 516 1556 aliquid
539 1485 744 1558 facere,
775 1486 853 1540 ibi
891 1503 957 1540 ex
985 1487 1139 1540 omni
1168 1492 1328 1558 parte
1355 1487 1604 1542 devictus
1633 1495 1752 1543 est:

195 1580 243 1628 et
255 1573 384 1628 unde
411 1575 632 1646 accepit
650 1575 894 1629 exterius
911 1581 1248 1646 potestatem
1270 1576 1563 1631 dominicae
1573 1577 1758 1631 carnis

193 1663 496 1728 occidendae,
530 1663 658 1717 inde
685 1663 922 1718 interior
949 1669 1197 1735 potestas
1226 1665 1367 1734 ejus,
1401 1681 1512 1734 qua
1541 1682 1642 1719 nos
1669 1671 1754 1719 te-

1848 515 2070 568 Etenim
2097 517 2369 585 templum
2403 515 2481 569 ita
2517 523 2898 572 constructum
2929 524 3030 584 est,
3064 519 3207 573 sicut
3234 523 3436 576 coelum

1846 603 1988 657 celi.
2022 603 2164 666 Quid
2196 603 2376 657 dicis?
2405 605 2525 658 Nisi
2551 605 2843 659 intraverit
2869 607 2927 659 in
2957 608 3175 662 caelum.
3205 625 3316 663 non
3347 628 3440 681 ap-

1846 691 2066 762 parebit
2093 693 2226 755 Deo,
2252 692 2348 763 qui
2373 692 2579 763 ubique
2601 701 2704 759 est,
2725 700 2782 748 et
2800 695 2988 748 omnia
3008 695 3236 765 implet?
3257 699 3440 752 Intue-

1843 780 1940 842 ris,
1973 780 2109 850 quia
2135 781 2319 834 carnis
2347 787 2482 834 sunt
2509 782 2626 836 haec
2655 782 2844 836 omnia
2859 784 2883 834 ’ἶ
2918 803 2938 833 ‹
2964 784 3038 837 Ut
3054 792 3340 854 appareat,
3359 787 3439 839 in-

1843 867 1984 938 quit,
2015 869 2192 922 vultui
2221 869 2323 922 Dei
2352 887 2452 939 pro
2483 869 2659 923 nobis.
2683 889 2708 921 ν
2744 871 2888 934 Quid
2911 875 2996 924 est
3020 891 3044 920 α
3063 889 3164 941 pro
3183 873 3344 927 nobis
3367 876 3387 926 .7
3411 894 3435 925 »

1843 957 1982 1010 Cum
1999 957 2270 1011 sacriﬁcio
2299 959 2567 1021 ascendit,
2581 959 2766 1028 inquit
2790 965 2987 1029 potens
3006 961 3310 1031 prOpitiare
3331 964 3438 1016 Pa-

1839 1049 2004 1099 trem.
2021 1046 2164 1110 Quid
2183 1046 2352 1111 enim,
2376 1047 2464 1100 dic
2486 1047 2665 1100 mihi?
2685 1047 2803 1118 ipse
2821 1061 2907 1102 est
2925 1049 3222 1103 inimicus?
3237 1053 3438 1121 Angcli

1839 1133 2056 1188 inimici
2074 1140 2253 1196 erant,
2274 1135 2393 1205 ipse
2417 1151 2530 1188 non
2552 1141 2674 1188 erat
2703 1135 2983 1190 inimicus.
3007 1137 3150 1200 Quia
3167 1139 3318 1192 enim
3342 1157 3439 1193 an-

1838 1223 1950 1292 geli
1970 1223 2184 1277 inimici
2200 1228 2378 1284 erant,
2403 1223 2534 1277 audi
2565 1223 2700 1294 quid
2725 1223 2861 1278 dicit
2885 1243 2896 1277 :
2923 1243 2949 1276 a
2975 1225 3294 1280 Paciﬁcavit
3314 1245 3436 1299 qua:

1837 1309 1898 1364 in
1910 1311 2076 1365 terris
2093 1317 2150 1366 et
2165 1328 2287 1382 quae
2307 1312 2366 1366 in
2381 1311 2534 1366 coelis
2551 1318 2701 1366 sunt.
2726 1331 2748 1362 ι
2767 1313 3009 1366 Proinde
3022 1320 3078 1368 et
3087 1315 3206 1384 ipse
3221 1315 3440 1370 introiit

1837 1399 1896 1453 in
1908 1400 2129 1464 coelum,
2147 1417 2296 1454 nunc
2305 1405 2650 1471 utappareat
2665 1400 2842 1454 vultui
2852 1402 2954 1455 Dei
2968 1419 3068 1472 pro
3082 1403 3242 1457 nobis
3259 1423 3269 1456 :
3291 1421 3438 1458 nunc

1839 1493 1904 1541 ut
1916 1495 2358 1558 appareat,nunc
2371 1489 2778 1555 manifestetur,
2787 1490 2882 1542 sed
2897 1507 2996 1560 pro
3010 1491 3187 1546 nobis.
3199 1511 3224 1544 ς(
3241 1494 3436 1563 Neque

1843 1595 1866 1626 ι
1901 1582 1966 1630 ut
1976 1593 2122 1647 smpe
2137 1577 2336 1630 olferat
2347 1577 2731 1648 semetipsum,
2755 1579 3226 1647 quemadmodum
3248 1581 3436 1650 ponti-

1844 1683 1866 1715 ι
1897 1664 1984 1718 fex
2009 1665 2185 1720 intrat
2203 1665 2262 1718 in
2279 1671 2475 1719 sancta
2495 1681 2595 1736 per
2613 1665 2864 1735 singulos
2883 1683 3060 1720 annos
3086 1667 3143 1721 in
3163 1669 3436 1738 sanguine

194 1749 350 1817 nebat,
379 1751 565 1806 occisa
606 1757 710 1806 est.
748 1753 873 1822 Ipse
901 1769 1144 1823 namque
1175 1753 1412 1807 interius
1440 1755 1617 1807 victus
1647 1760 1749 1820 est,
1772 1749 1816 1808 B
1841 1773 1861 1803 ι
1897 1753 2098 1806 alieno.
2135 1772 2160 1807 ι
2195 1753 2356 1821 (Αἰὺ.)
2404 1754 2674 1824 Superius
2723 1754 2864 1808 dixit
2891 1756 3145 1826 exempla
3176 1774 3436 1811 verorum

191 1839 298 1894 dum
321 1841 482 1911 quasi
509 1840 640 1894 vicit
671 1841 914 1896 exterius
938 1859 950 1908 ;
979 1846 1038 1895 et
1065 1841 1162 1912 qui
1194 1858 1296 1895 nos
1319 1843 1449 1912 jure
1479 1841 1758 1896 debitores

190 1929 354 1982 mortis
383 1930 591 1996 tenuit,
609 1931 739 1999 jure
765 1930 824 1983 in
854 1928 1014 1984 nobis
1035 1931 1131 2000 jus
1161 1930 1360 1984 mortis
1388 1929 1594 1996 amisit,
1627 1931 1760 2002 quia

187 2031 270 2086 per
283 2018 551 2072 satellites
567 2035 696 2072 suos
711 2019 760 2088 ej
769 2035 832 2073 us
852 2035 1080 2072 carnem
1102 2018 1483 2089 perimendam
1501 2020 1756 2090 appetiit,

186 2103 233 2159 in
254 2122 351 2176 quo
379 2107 526 2160 nihil
551 2124 618 2161 ex
644 2107 820 2178 culpae
847 2107 1038 2162 debito
1067 2107 1298 2161 invenit.
1321 2107 1592 2162 Dominus
1622 2125 1754 2179 ergo

185 2200 346 2249 uoster
370 2212 480 2266 pro
507 2195 666 2250 nobis
694 2202 932 2250 mortem
955 2196 1121 2250 solvit
1145 2195 1474 2262 indebitam,
1497 2204 1563 2251 ut
1596 2197 1755 2252 nobis

185 2299 312 2338 mors
336 2283 533 2338 debita
558 2301 670 2338 non
700 2290 944 2339 noceret.
964 2286 1134 2339 «Non
1163 2285 1314 2338 enim
1343 2285 1402 2338 in
1423 2285 1756 2340 manufactis

189 2388 212 2420 ι
235 2373 423 2427 sanctis
455 2374 489 2426 J
495 2389 624 2428 esus
660 2373 892 2428 intravit
919 2373 1258 2444 exemplaria
1286 2373 1554 2438 virorum,
1581 2374 1677 2428 sed
1699 2373 1757 2427 in

191 2480 210 2510 σ
236 2461 402 2532 ipsum
421 2463 654 2528 caelum,
675 2469 740 2516 ut
759 2467 1029 2534 appareat
1051 2478 1199 2516 nunc
1217 2463 1397 2516 vultui
1425 2461 1526 2516 Dei
1545 2478 1644 2532 pro
1663 2479 1760 2515 no-

193 2568 212 2600 c
237 2548 330 2604 bis.
363 2570 389 2604 ι)
425 2554 640 2620 (Ιοαη.)
670 2551 802 2605 Alta
839 2551 1133 2622 sapiebant
1165 2551 1342 2606 Judaei
1370 2551 1440 2604 de
1467 2551 1678 2620 templo
1703 2556 1760 2604 et

183 2638 544 2707 tabernaculo,
561 2645 790 2712 propter
809 2640 958 2711 quod
978 2639 1270 2694 dicebant:
1297 2639 1640 2710 «Templum
1655 2639 1760 2693 Do-

185 2727 616 2800 mini,templum
635 2729 880 2795 Domini,
900 2730 1172 2800 templum
1195 2727 1420 2784 Domini
1448 2731 1578 2796 (Jer.
1594 2728 1709 2797 vn).
1729 2745 1755 2779 η

181 2815 352 2888 Neque
371 2818 528 2872 enim
543 2818 678 2872 alibi
698 2817 755 2872 in
777 2824 931 2872 terra
950 2823 1334 2872 constructum
1355 2823 1477 2871 erat
1493 2817 1605 2870 tale
1621 2821 1762 2870 tem-

181 2904 334 2974 plum,
355 2923 472 2960 non
505 2907 804 2978 opulentiae
823 2907 1026 2976 gratia,
1047 2923 1161 2961 non
1187 2905 1301 2960 alia
1322 2921 1653 2977 quacunque
1675 2921 1756 2958 re.

179 2991 308 3048 Deus
334 2995 491 3049 enim
523 2995 620 3066 qui
648 2995 1045 3066 imperaverat,
1067 2996 1323 3049 voluerat
1349 2994 1485 3048 illud
1507 3011 1634 3048 cum
1664 2994 1761 3048 ho-

1839 1842 2178 1912 exemplaria
2206 1842 2396 1895 omnia
2435 1841 2748 1908 nominans,
2785 1842 2903 1897 haec
2941 1843 3111 1898 etiam
3154 1861 3286 1898 vera
3315 1862 3438 1916 quae

1839 1930 2016 1984 intrat
2057 1931 2328 2000 pontifex;
2387 1930 2490 1983 hoc
2528 1947 2659 1984 vero
2697 1947 2874 1984 unum
2909 1933 3185 2002 templum
3229 1933 3336 1987 fuit
3379 1935 3438 1988 in

1839 2023 1958 2072 toto
2006 2019 2216 2072 mundo
2263 2017 2654 2081 venerabilius,
2696 2019 2766 2072 ad
2814 2019 2961 2088 quod
3002 2021 3250 2091 undique
3302 2040 3436 2076 con-

1838 2106 2106 2173 ﬂuebant,
2140 2107 2285 2160 sicut
2313 2107 2371 2160 in
2401 2107 2632 2160 Actibus
2673 2109 3056 2178 apostolorum
3085 2109 3312 2179 legitur,
3345 2112 3436 2165 die

1838 2202 2028 2250 sancto
2061 2197 2434 2257 Pentecostes,
2470 2196 2692 2265 quando
2733 2196 2974 2266 Spiritus
3010 2203 3233 2252 sanctus
3271 2199 3436 2254 datus

1839 2290 1924 2338 est
1977 2285 2261 2354 apostolis,
2326 2285 2384 2337 in
2448 2283 2710 2337 omnibus
2760 2284 2966 2354 linguis
3031 2286 3388 2356 loquentibus
3419 2329 3432 2352 ,

1839 2373 2153 2426 constitisse
2213 2391 2277 2425 ex
2335 2373 2568 2426 diversis
2621 2372 2876 2443 partibus
2932 2374 3147 2436 mundi,
3208 2383 3266 2428 et
3323 2393 3434 2429 cm-

1839 2461 1978 2514 leste
2007 2461 2228 2515 audisse
2275 2461 2607 2516 miraculum
2647 2469 2705 2515 et
2732 2461 2954 2516 vidisse.
2993 2463 3100 2516 Sed
3131 2463 3261 2516 huic
3292 2471 3436 2518 tem-

1841 2550 1932 2620 plo
1979 2555 2160 2604 totum
2208 2550 2469 2622 opposuit
2514 2551 2717 2604 ccelum
2767 2551 2994 2615 Paulus,
3039 2557 3096 2604 et
3135 2569 3247 2605 non
3293 2553 3437 2606 hanc

1841 2639 2017 2692 solam
2047 2639 2421 2693 differentiam
2457 2639 2722 2698 ostendit,
2775 2639 2873 2692 sed
2919 2639 3089 2692 etiam
3119 2641 3436 2710 pontiﬁcem

1841 2744 2130 2798 magnum,
2179 2733 2243 2781 ut
2297 2727 2525 2781 assistat
2571 2727 2750 2781 vultui
2783 2728 2904 2781 Dei.
2938 2728 3178 2782 Proinde
3227 2745 3341 2782 non
3371 2747 3436 2783 ex

1841 2816 1978 2869 cu=lo
2007 2821 2248 2878 tantum,
2281 2817 2377 2870 sed
2405 2815 2576 2869 etiam
2605 2833 2670 2869 ex
2700 2815 2958 2886 ingressu
2996 2833 3115 2870 rem
3145 2817 3436 2871 venerabi-

1841 2903 2038 2957 liorem
2078 2904 2224 2958 facit.
2271 2905 2395 2958 Non
2425 2903 2576 2957 enim
2618 2903 2968 2974 simpliciter,
3011 2905 3155 2958 sicut
3202 2906 3292 2959 hic
3337 2923 3436 2976 per

1842 2993 2004 3062 signa
2040 2993 2314 3063 quaedam,
2346 2993 2442 3046 sed
2473 2993 2579 3063 ipsi
2609 2993 2724 3047 Deo
2755 2993 2986 3057 assistit,
3021 3011 3244 3064 semper
3281 2995 3437 3048 vivus

178 3088 514 3138 nestamento
551 3083 731 3138 multo
767 3083 907 3145 ﬁeri,
956 3084 1090 3154 quia
1135 3089 1193 3138 et
1244 3083 1325 3136 illi
1380 3068 1910 3153 corporalibusCad
1932 3080 2401 3151 interpellandum
2421 3097 2522 3152 pro
2542 3080 2942 3151 nobis.(Joan.)
2969 3083 3194 3136 Intuere
3213 3090 3436 3152 quantae

178 3172 335 3241 magis
350 3171 793 3226 attmhebantur
808 3177 867 3226 et
891 3172 1532 3226 alliciebantur.Lateres
1553 3171 1761 3242 quippe

178 3257 398 3315 habebat
425 3277 637 3315 aureos
655 3261 715 3314 in
745 3260 1075 3332 parietibus,
1099 3266 1158 3314 et
1182 3261 1312 3314 licet
1337 3259 1639 3329 unicuique
1671 3275 1764 3312 vo-

177 3345 296 3402 lenti
314 3349 370 3403 in
398 3349 652 3404 secundo
673 3349 816 3403 libro
836 3349 1158 3419 Regnorum
1181 3355 1239 3402 et
1263 3349 1322 3402 in
1352 3347 1635 3402 Ezechiele
1657 3347 1763 3402 hoc

175 3451 516 3505 cognoscere,
531 3443 588 3492 et
599 3444 813 3509 quanta
823 3437 946 3491 auri
957 3438 1172 3491 talenta
1193 3453 1436 3508 expensa
1449 3441 1582 3490 sunt
1594 3437 1653 3490 in
1665 3436 1760 3490 illo

175 3527 430 3594 tempore.
467 3526 794 3580 Secundum
827 3541 956 3579 vero
986 3524 1285 3580 aediﬁcium
1317 3525 1522 3578 clarius
1549 3525 1760 3578 factum

173 3618 263 3678 est,
293 3614 429 3668 etin
461 3614 904 3686 pulchritudine,
937 3619 996 3668 et
1024 3613 1082 3667 in
1115 3613 1240 3667 aliis
1255 3613 1534 3668 omnibus.
1560 3614 1630 3668 Et
1647 3629 1760 3667 non

174 3715 230 3752 ex
252 3701 354 3756 hoc
370 3704 562 3757 solum
588 3706 710 3756 erat
727 3701 1065 3767 venerabile,
1087 3701 1185 3756 sed
1205 3702 1398 3769 etiam,
1420 3702 1568 3772 quod
1584 3718 1762 3755 unum

170 3794 297 3842 erat.
328 3791 550 3846 Omnes
579 3790 784 3861 quippe
807 3807 842 3844 a
861 3791 1067 3846 ﬁnibus
1095 3796 1260 3846 terrae
1290 3791 1422 3844 illuc
1443 3789 1758 3854 veniebant,

171 3875 272 3931 sive
300 3895 365 3932 ex
391 3879 730 3950 Babylonia,
755 3879 870 3934 sive
899 3879 968 3933 ah
997 3878 1314 3950 Ethiopia:
1349 3879 1419 3932 Et
1443 3879 1549 3931 hoc
1587 3877 1764 3931 mani-

166 3963 363 4022 festans
391 3969 581 4022 Lucas
607 3967 666 4021 in
692 3966 924 4022 Actibus
943 3967 1191 4022 dicebat:
1216 3987 1241 4020 (ι
1267 3969 1442 4021 Erant
1469 3965 1583 4020 illic
1609 3965 1764 4019 habi-

1842 3168 2169 3222 diﬁ‘erentiae
2196 3185 2207 3219 :
2235 3183 2381 3238 saepe
2404 3172 2462 3222 et
2496 3169 2690 3234 semel,
2714 3168 2772 3221 in
2794 3169 3066 3238 sanguine
3092 3171 3276 3224 alieno
3303 3177 3356 3225 et
3378 3172 3436 3224 in

1843 3256 2115 3326 sanguine
2137 3257 2378 3328 preprio.
2402 3257 2640 3310 Multum
2665 3257 2853 3326 itaque
2874 3258 3126 3312 interest.
3153 3261 3280 3330 Ipse
3303 3277 3436 3330 ergo

1844 3351 1902 3398 et
1944 3345 2278 3398 sacriﬁcium
2334 3349 2391 3398 e't
2439 3345 2698 3398 sacerdos
2747 3351 2805 3399 et
2855 3347 3056 3400 hostia.
3105 3367 3127 3399 ι
3173 3349 3438 3419 Alioquin

1844 3451 1872 3486 α
1904 3432 2203 3504 oportebat
2225 3448 2354 3486 eum
2373 3433 2697 3502 frequenter
2719 3433 2833 3503 pati
2862 3433 2932 3487 ab
2962 3435 3175 3505 origine
3207 3438 3432 3490 mundi:

1846 3538 2054 3576 «nunc
2105 3527 2295 3576 autem
2349 3521 2408 3574 in
2453 3522 2936 3575 consummatione
2988 3525 3316 3578 saeculorum
3365 3526 3432 3579 ad

1847 3629 1872 3663 α
1906 3609 2339 3664 destructionem
2351 3609 2564 3680 peccati
2579 3626 2681 3679 per
2695 3610 2936 3664 hostiam
2954 3629 3114 3665 suam
3137 3613 3429 3683 apparuit,

1847 3719 1869 3750 ‹
1905 3705 1962 3752 et
1975 3698 2448 3769 quemadmodum
2462 3703 2738 3751 statutum
2750 3705 2836 3752 est
2846 3699 3057 3752 homini
3079 3702 3252 3754 semel
3268 3702 3431 3768 mori,

1847 3807 1870 3838 α
1904 3793 2032 3858 post
2064 3787 2168 3840 hoc
2188 3791 2384 3840 autem
2419 3785 2719 3856 judicium,
2753 3785 2831 3840 sic
2871 3793 2929 3840 et
2959 3788 3213 3841 Christus
3260 3791 3436 3844 semel

1849 3893 1873 3926 α
1903 3875 2123 3930 oblatus
2159 3880 2246 3928 est
2291 3875 2362 3928 ad
2405 3875 2711 3929 multorum
2759 3875 3138 3930 exhaurienda
3184 3885 3430 3947 peccata,

1850 3985 1872 4015 ι
1905 3963 2151 4018 secundo
2179 3962 2470 4034 apparebit
2496 3963 2616 4016 sine
2643 3970 2868 4034 peccato
2899 3965 3347 4034 exspectantibus
3376 3985 3435 4020 se

167 4057 341 4110 tantes
379 4055 603 4117 Parthi,
636 4062 695 4111 et
727 4056 894 4122 Medi,
923 4062 980 4110 et
1012 4056 1280 4120 Elamitae,
1314 4061 1372 4110 et
1413 4054 1506 4125 qui
1549 4053 1764 4108 habita-
1848 4071 1874 4104 ‹‹
1898 4053 2484 4120 adsalutem.)(Joan).
2505 4051 3172 4122 Postquammultaerant
3186 4061 3454 4124 peccata...

168 4139 292 4199 baut
308 4145 805 4217 Mesopotamiam,
827 4145 1078 4200 Judaeam
1100 4150 1156 4199 et
1172 4143 1598 4215 Cappadociam,
1619 4143 1760 4196 Pon-
1841 4142 2043 4196 merito
2076 4147 2212 4195 tunc
2247 4139 2526 4214 apparuit.
2557 4141 2717 4204 Quod
2748 4141 2916 4194 etiam
2943 4141 3076 4195 alibi
3097 4143 3262 4197 dicit:
3283 4163 3307 4195 ε(
3331 4144 3436 4198 Ubi

165 4237 278 4286 tum
301 4240 360 4288 et
377 4235 602 4300 Asiam,
617 4235 920 4306 Phrygiam
943 4239 1002 4288 et
1023 4233 1433 4304 Pamphyliam,
1455 4231 1760 4303 [Egyptum
1845 4247 1872 4282 α
1899 4229 2200 4284 abundavit
2231 4235 2536 4300 peccatum,
2557 4229 3033 4301 superabundavit
3057 4232 3242 4302 gratia
3261 4234 3432 4305 (Rom.

167 4326 217 4374 et
250 4328 446 4393 partes
492 4322 684 4394 Libyae
723 4323 887 4393 juxta
929 4323 1186 4393 Cyrenen
1217 4323 1348 4387 (Act.
1381 4322 1456 4389 ιι).
1495 4339 1518 4371 ι
1553 4320 1760 4374 Omnes
1781 4383 1823 4394 _
1846 4337 1872 4372 ((
1903 4322 1976 4390 ν).
2013 4339 2038 4372 ι)
2073 4321 2132 4374 Si
2151 4319 2323 4374 semel
2351 4319 2570 4372 oblatus
2597 4335 2708 4372 non
2729 4319 3010 4374 sufﬁceret
3029 4321 3278 4374 omnium
3297 4323 3356 4376 in
3377 4340 3436 4376 se

164 4424 288 4480 ergo
315 4406 578 4482 undique
608 4411 804 4464 mundi
833 4411 965 4465 illuc
993 4409 1412 4476 conveniebant,
1435 4413 1493 4462 et
1521 4409 1763 4462 multum
1781 4383 2191 4462 Dcredentium
2212 4413 2440 4478 peccata
2459 4407 2773 4473 exhaurire,
2809 4409 3146 4478 oportuisset
3173 4427 3302 4462 eum
3332 4427 3434 4464 sae-

167 4503 278 4550 erat
303 4515 520 4552 nomen
559 4497 712 4552 illius
737 4498 954 4570 templi.
987 4498 1132 4562 Quid
1164 4514 1296 4567 ergo
1343 4497 1550 4551 Paulus
1583 4496 1712 4550 facit
1739 4495 1763 4549 ?

166 4584 315 4640 Sicut
341 4587 503 4640 enim
527 4586 641 4640 illic
668 4593 910 4642 mortem
940 4586 1202 4658 apposuit
1229 4585 1456 4651 Christi,
1482 4585 1561 4639 sic
1593 4584 1762 4638 etiam

165 4671 245 4727 hic
262 4677 473 4730 cx‘elum
493 4681 678 4730 totum
699 4675 932 4747 opponit
944 4675 1174 4746 templo.
1195 4675 1264 4729 Et
1282 4691 1394 4728 non
1422 4675 1565 4728 hanc
1586 4674 1762 4728 solam

165 4761 540 4818 differentiam
553 4765 923 4830 ostendit,sed
935 4764 1106 4818 etiam
1121 4763 1436 4835 pontiﬁcem
1449 4763 1764 4834 proximum

165 4849 328 4906 facto:
350 4873 377 4906 α
398 4854 481 4908 Ut
495 4859 784 4926 appareat,
799 4853 1001 4924 inquit,
1022 4851 1330 4907 vultuiDei.
1351 4872 1373 4902 ι
1391 4852 1633 4906 Proinde
1653 4868 1764 4906 non

165 4955 224 4993 ex
241 4943 382 4996 celo
399 4948 652 5010 tantum,
685 4943 780 4997 sed
803 4943 976 4996 etiam
1007 4959 1072 4997 ex
1102 4941 1358 5012 ingressu
1388 4959 1510 4995 rem
1539 4958 1765 4996 venera-

165 5023 420 5084 biliorem
453 5031 606 5088 facit.
637 5033 762 5086 Non
792 5031 943 5085 enim
982 5030 1328 5102 simpliciter,
1363 5030 1511 5084 sicut
1545 5031 1637 5084 hic
1663 5047 1765 5100 per

163 5115 316 5187 signa
347 5119 633 5190 quaedam,
665 5121 760 5174 sed
791 5120 977 5191 ipsum
1005 5119 1478 5176 Dominumvidit
1506 5119 1636 5172 illic.
1668 5120 1762 5172 In-

163 5207 327 5261 tueris
347 5207 493 5278 quia
519 5208 897 5264 descensionis
922 5209 1109 5279 gratia
1137 5207 1344 5278 ubique
1365 5207 1602 5261 humilia
1615 5207 1765 5260 dicta

164 5297 329 5350 sunt?
357 5295 502 5370 quid
523 5297 643 5368 jam
666 5297 887 5352 miraris
907 5297 954 5352 si
980 5296 1322 5368 interpellat,
1341 5313 1468 5350 cum
1488 5312 1617 5350 eum
1637 5312 1764 5350 con-

163 5383 358 5440 stituat
365 5386 546 5442 veluti
558 5386 944 5443 sacerdotem?
963 5407 985 5438 ι
1001 5387 1198 5456 Neque
1207 5391 1272 5441 ut
1293 5385 1449 5456 frequ
1457 5391 1617 5439 enter
1627 5385 1763 5438 olfe-

165 5477 250 5528 rat
275 5475 648 5544 semetipsum
676 5475 822 5528 sicut
849 5474 1119 5546 pontifex,
1157 5491 1338 5545 neque
1359 5475 1419 5527 in
1443 5473 1766 5528 manufacta

167 5568 359 5616 sancta
377 5563 666 5630 ingressus
687 5568 792 5630 est,
816 5563 1020 5635 inquit,
1041 5563 1298 5618 Christus
1317 5562 1661 5632 exemplaria
1678 5579 1766 5615 ve-

572 5662 842 5724 PATROL.
871 5662 1027 5725 CXII

1844 4497 1971 4568 pius
1987 4497 2102 4568 pati
2122 4496 2191 4550 ab
2212 4497 2454 4566 origine:
2483 4496 2679 4550 mundi
2713 4497 2861 4566 quod
2882 4513 2952 4550 ne
2981 4498 3158 4563 ﬁeret,
3183 4499 3357 4552 semel
3377 4499 3434 4552 in

1843 4585 2324 4640 consummatione
2345 4585 2538 4637 mundi
2564 4601 2761 4654 passus
2790 4591 2876 4639 est
2904 4586 2975 4640 ad
3003 4587 3309 4641 multorum
3341 4605 3435 4640 ex-

1845 4674 2155 4728 haurienda
2174 4678 2417 4744 peccata.
2443 4693 2465 4722 ι
2493 4673 2560 4726 Et
2573 4675 3043 4743 quemadmodum
3063 4681 3338 4730 statutum
3353 4682 3437 4730 est

1845 4763 2166 4818 hominibus
2191 4762 2364 4816 semel
2389 4761 2552 4826 mori,
2587 4768 2712 4831 post
2741 4763 2846 4815 hoc
2873 4768 3060 4817 autem
3084 4765 3380 4833 judicium,
3410 4784 3432 4816 ι

1846 4852 2047 4906 deinde
2089 4850 2239 4916 dicit,
2288 4851 2356 4904 Et
2393 4850 2567 4902 semel
2612 4857 2885 4913 mortuus,
2934 4853 3068 4921 quia
3096 4869 3211 4906 una
3257 4860 3435 4908 morte

1843 4939 2154 5011 redemptio
2165 4939 2312 4992 facta
2330 4944 2434 4992 est.
2457 4956 2481 4990 «
2505 4939 2832 4992 Institutum
2853 4945 2954 5004 est,
2979 4939 3182 5010 inquit,
3199 4942 3436 4995 homini—

1843 5029 1946 5084 bus
1957 5029 2131 5083 semel
2146 5047 2177 5080 Η
2191 5027 2306 5080 .ori.
2318 5027 2468 5080 vHoc
2479 5043 2611 5096 ergo
2629 5032 2732 5089 est,
2748 5027 2930 5079 Semel
2951 5034 3205 5082 mortuus
3230 5036 3315 5082 est
3335 5047 3434 5100 pro

1844 5117 2121 5172 omnibus.
2146 5115 2290 5180 Quid
2311 5115 2488 5185 ergo?
2516 5131 2629 5168 non
2651 5115 2772 5184 jam
2795 5115 3069 5168 morimur
3088 5123 3268 5170 morte
3299 5117 3436 5170 illa?

1844 5203 2480 5274 Morimurquidem,sed
2497 5218 2608 5256 non
2623 5201 3144 5272 permanebimusin
3158 5203 3272 5270 illa,
3289 5206 3437 5276 quod

1845 5294 2016 5348 etiam
2047 5310 2228 5364 neque
2250 5291 2393 5344 mori
2414 5296 2516 5344 est.
2540 5291 2734 5346 Mortis
2755 5291 2902 5344 enim
2931 5292 3186 5362 tyrannis
3208 5300 3266 5348 et
3287 5311 3436 5348 mors

1844 5399 2039 5438 revera
2058 5382 2154 5436 illa
2166 5387 2268 5447 est,
2283 5380 2506 5450 quando
2521 5373 2810 5450 nunquam
2824 5379 3172 5450 permittitur
3183 5390 3436 5438 mortuus

1846 5473 1917 5526 ad
1949 5471 2120 5525 vitam
2141 5470 2344 5524 reverti
2369 5487 2380 5520 :
2408 5468 2630 5540 quando
2659 5485 2790 5522 vero
2829 5475 2954 5538 post
2981 5477 3223 5525 mortem
3251 5473 3436 5527 viven-

1847 5561 1982 5616 dum
2003 5561 2128 5621 erit,
2153 5565 2210 5614 et
2236 5559 2406 5613 vitam
2443 5557 2750 5618 meliorem.
2786 5574 2898 5612 non
2919 5565 3006 5613 est
3033 5577 3184 5614 mors
3201 5561 3314 5628 illa,
3340 5563 3434 5616 sed

3046 5658 3122 5720 25
