3854 6164
463 289 566 348 779
1057 289 1119 342 Β.
1162 288 1434 345 RABANI
1473 287 1703 346 MAURI
1742 286 2076 342 ARCHIEP.
2118 284 2441 342 MOGUNT.
2483 281 2780 340 OPERUM
2819 281 3002 338 PARS
3039 281 3133 338 ΙΙΙ.
3560 265 3642 344 ἶθδ

460 413 744 472 dormitio.
763 410 1046 478 Quoniam
1065 428 1200 482 ergo
1215 428 1409 468 omnes
1430 416 1720 468 retentura
1743 416 1869 467 erat
1879 427 2050 476 mors,
2070 411 2123 472 Α
2137 414 2194 464 et
2211 425 2434 478 semper
2453 407 2851 474 oﬂ'erebantur,
2882 405 3121 461 ostendit
3146 418 3402 476 nunquam
3429 422 3511 461 eos
3535 424 3641 478 pur-

461 508 759 574 propterea
795 505 1051 556 mortuus
1097 505 1201 560 est,
1231 507 1299 556 ut
1341 517 1444 558 nos
1485 499 1770 556 liberaret.
1809 517 1834 550 ε(
1881 501 1971 554 Sic
2001 507 2060 553 et
2135 498 2280 567 gari.
2302 498 2457 567 Sicut
2481 497 2631 552 enim
2658 496 3125 550 medicamentum
3153 494 3356 564 quando
3376 494 3645 554 {ueritiorte

466 591 740 656 Christus,
771 589 975 660 inquit,
1014 589 1189 644 semel
1227 588 1448 644 oblatus
1477 594 1580 642 est.
1615 591 1662 645 Α
1691 605 1804 659 quo
1835 587 2057 644 oblatus
2137 592 2198 640 et
2223 587 2420 641 salutis
2457 587 2670 651 efﬁcax,
2705 591 2762 640 et
2807 585 2996 638 valens
3050 587 3292 636 cunctam
3335 583 3645 640 valetudinem

465 686 554 736 est
580 679 604 733 7
630 677 988 734 Manifestum
1017 677 1165 748 quod
1196 693 1298 748 per
1325 677 1710 748 semetipsum.
1743 677 1846 732 Hic
1875 693 2055 748 neque
2137 675 2429 746 repellere,
2459 675 2632 730 semel
2658 672 2984 744 impositum
3010 675 3184 726 totum
3209 671 3529 741 operatur;si
3545 687 3649 742 ergo

461 767 813 825 sacerdotem
861 765 998 821 dicit
1037 781 1166 821 eum
1212 765 1412 828 solum,
1446 766 1544 821 sed
1584 772 1643 820 et
1685 766 1968 822 victimam
2003 771 2061 820 et
2140 764 2312 818 semel
2341 763 2670 833 impositum
2713 767 2894 815 totum
2925 764 3212 829 operatum
3247 757 3413 824 fuerit,
3457 760 3651 814 ostendit

461 855 802 914 sacriﬁcium
830 870 930 925 per
948 871 1008 908 se
1037 853 1308 910 oblatum.
1337 872 1363 907 α
1387 855 1592 919 Semel,
1615 854 1822 924 inquit,
1837 853 2058 910 oblatus
2138 869 2301 907 suam
2325 852 2604 916 virtutem,
2622 856 2687 906 ut
2701 867 2812 906 non
2837 847 3072 912 ulterius
3091 853 3472 918 apponatur;et
3493 848 3653 904 hocest

467 964 494 1000 α
525 950 614 1000 est
654 944 730 1000 ad
774 943 1084 999 multorum
1133 943 1436 999 auterenda
1491 949 1722 1014 peccata
1793 963 1817 995 ι
1873 943 2059 1006 Quare
2140 943 2264 1011 ejus
2289 957 2448 1011 opus,
2487 947 2551 995 ut
2584 941 2704 1010 jam
2753 955 2864 993 non
2895 942 3234 1008 apponatur;
3261 935 3304 990 si
3333 952 3446 988 vero
3480 953 3654 1006 semper

461 1033 792 1098 multorum,
813 1037 1002 1089 etnon
1029 1031 1283 1088 omnium
1303 1033 1326 1084 ?
1347 1032 1492 1097 Quia
1519 1049 1632 1086 non
1661 1047 1857 1086 omnes
1885 1031 2062 1086 credi-
2139 1029 2461 1100 apponitur,
2509 1027 2871 1083 manifestum
2924 1025 3188 1080 indicium
3239 1029 3337 1088 est,
3387 1023 3508 1078 nihil
3548 1024 3654 1078 illud

463 1122 687 1179 derunt.
718 1121 828 1178 Pro
858 1119 1118 1176 omnibus
1147 1120 1376 1190 quidem
1406 1125 1661 1178 mortuus
1690 1127 1792 1185 est,
1827 1121 1930 1174 hoc
1951 1125 2054 1186 est.
2141 1117 2534 1188 praevaluisse;
2579 1114 2972 1172 medicamenti
3018 1113 3216 1185 quippe
3256 1112 3418 1166 virtus
3455 1111 3539 1166 illa
3573 1119 3653 1172 est.

461 1209 1071 1282 quantuminipsoest:
1091 1209 1705 1279 ejusmomentiestilla
1721 1211 2058 1279 mors,cujus
2141 1215 2204 1260 ut
2232 1207 2406 1264 semel
2450 1211 2768 1276 apponatur
2797 1210 2854 1258 et
2898 1219 3012 1258 non
3056 1201 3396 1273 frequenter;
3425 1199 3492 1254 sic
3524 1200 3656 1256 etiam

464 1299 737 1356 momenti
755 1304 846 1354 est
871 1297 1124 1354 omnium
1147 1297 1387 1368 perditio
1414 1314 1424 1350 :
1449 1314 1562 1354 non
1591 1305 1780 1353 autem
1805 1297 2058 1353 omnium
2140 1295 2230 1350 hic
2268 1311 2280 1349 :
2315 1311 2427 1365 qua
2465 1294 2683 1350 ratione
2731 1293 2945 1348 eisdem
2987 1289 3271 1346 sacriﬁciis
3314 1305 3512 1361 semper
3533 1305 3659 1344 cura-

463 1385 1186 1458 peccataabstulit,propter
1199 1386 1348 1456 quod
1368 1387 1688 1442 noluerunt.
1709 1387 1852 1451 Quid
1868 1391 2058 1442 autem
2143 1383 2390 1440 bantur?
2421 1383 2480 1439 Si
2510 1383 2662 1438 enim
2689 1381 2759 1436 ab
2789 1379 3048 1436 omnibus
3077 1384 3261 1434 essent
3283 1377 3482 1432 liberati
3506 1393 3659 1448 peccat

461 1482 568 1541 est,
585 1493 614 1530 α
635 1475 884 1532 Abstulit
896 1475 1166 1545 peccata?
1185 1493 1208 1526 ι
1225 1475 1382 1529 Sicut
1396 1476 1547 1531 enim
1569 1475 1626 1530 in
1647 1475 1927 1530 oblatione
1939 1491 2060 1530 sur-
2140 1473 2231 1538 tis,
2268 1489 2622 1543 nequaquam
2643 1488 2746 1542 per
2775 1470 3025 1540 singulos
3055 1468 3173 1522 dies
3199 1467 3506 1522 oﬁerrentur
3527 1465 3662 1518 sacri-

460 1581 588 1622 sum
605 1563 890 1620 offerimus
907 1569 1154 1634 peccata,
1176 1570 1232 1618 et
1241 1563 1496 1628 dicimus,
1523 1564 1648 1618 Sive
1665 1563 1928 1629 volentes,
1943 1563 2059 1620 sive
2141 1561 2285 1617 ﬁcia.
2307 1561 2548 1616 Proinde
2585 1559 3046 1616 commemoratio
3067 1555 3274 1628 peccati
3299 1555 3413 1617 fuit,
3429 1570 3527 1610 non
3543 1553 3663 1608 abso-

462 1653 718 1710 nolentes
748 1651 1116 1722 peccavimus.
1143 1651 1375 1721 indulge
1399 1671 1411 1717 ;
1445 1652 1548 1706 hoc
1575 1658 1681 1716 est,
1715 1652 2055 1708 mentionem
2141 1649 2440 1720 lutio,quia
2459 1649 2708 1719 quotidie
2722 1647 2930 1704 eisdem
2950 1642 3514 1717 purgabanturhostiis
3531 1642 3664 1696 etiam

463 1758 660 1798 eorum
683 1740 954 1796 faciamus
982 1740 1247 1811 primum,
1271 1747 1329 1794 et
1353 1745 1487 1796 tunc
1507 1740 1892 1796 remissionem
1921 1741 2058 1812 peti-
2078 1725 2122 1786 Β
2143 1745 2199 1793 et
2243 1738 2349 1809 ipsi
2397 1739 2716 1794 sacerdotes
2761 1743 2818 1790 et
2852 1736 3093 1807 populus
3136 1733 3361 1806 pariter.
3399 1732 3455 1786 ln
3490 1730 3665 1784 Christo

461 1846 592 1886 mus
617 1847 629 1882 :
661 1829 742 1885 sic
772 1835 964 1884 autem
993 1834 1051 1882 et
1078 1828 1171 1882 hic
1196 1827 1407 1883 factum
1431 1834 1538 1884 est.
1575 1828 1644 1884 Et
1671 1827 1775 1884 ubi.
1794 1829 1899 1884 hoc
1927 1828 2059 1884 fecit
2137 1843 2170 1880 e
2197 1827 2476 1882 contrario
2519 1826 2692 1882 semel
2724 1824 2912 1880 oblata
2939 1831 3026 1879 est
3053 1822 3234 1878 hostia
3263 1827 3447 1893 potens
3473 1819 3533 1872 ad
3555 1818 3669 1872 salu-

462 1917 722 1974 Christus
741 1916 923 1972 TAudi
945 1933 1076 1971 eum
1087 1916 1369 1973 dicentem
1396 1934 1406 1968 :
1436 1936 1463 1968 α
1480 1917 1550 1972 Et
1567 1933 1668 1988 pro
1688 1916 1798 1972 illis
1811 1934 1914 1986 ego
1934 1933 2059 1972 san—
2139 1920 2254 1970 tem
2285 1915 2706 1986 sempiternam.
2741 1913 2884 1979 Quid
2915 1930 3051 1982 ergo
3079 1911 3226 1966 nos?
3260 1911 3446 1965 Nonne
3469 1924 3557 1979 per
3575 1907 3667 1960 sin-

471 2026 493 2059 ι
525 2007 706 2062 ctiﬁco
723 2005 1120 2076 memetipsum
1143 2008 1487 2075 (Joall.IVll).
1511 2025 1536 2058 ι)
1559 2005 1698 2061 Ecce
1714 2005 1918 2060 obtulit
1935 2023 2059 2076 pec-
2137 2005 2302 2074 gulos
2343 2005 2465 2060 dies
2505 2003 2834 2058 oﬁ‘erimus?
2883 2001 3172 2057 ollerimus
3227 1999 3459 2070 quidem,
3501 1995 3582 2050 sed
3615 1993 3669 2048 ad

461 2101 610 2162 uita,
633 2093 875 2164 sumpsit
889 2093 1043 2150 eaab
1056 2093 1396 2159 hominibus,
1417 2099 1477 2149 et
1489 2092 1693 2150 obtulit
1713 2093 1815 2149 illa
1832 2110 2057 2150 sursum
2139 2093 2583 2148 recordationem
2613 2093 2881 2148 facientes
2912 2090 3112 2146 mortis
3138 2091 3260 2160 ejus
3289 2093 3344 2143 et
3363 2102 3466 2142 una
3491 2093 3564 2138 est
3583 2085 3672 2137 hac

463 2183 636 2247 Patri,
661 2199 776 2239 non
803 2189 870 2238 ut
895 2182 1107 2253 aliquid
1135 2182 1406 2240 decernat
1435 2182 1701 2238 adversus
1723 2199 1838 2250 eos,
1865 2183 1966 2238 sed
1994 2189 2058 2238 ut
2139 2182 2340 2248 hostia,
2362 2199 2475 2238 non
2500 2182 2706 2236 multae.
2731 2180 3022 2245 Quomodo
3042 2196 3160 2234 una
3179 2182 3280 2242 est,
3303 2183 3360 2231 et
3373 2191 3476 2229 non
3492 2171 3670 2228 multa?

462 2288 531 2326 ea
556 2271 824 2326 dimittat.
887 2273 1043 2336 (Διὸ.)
1081 2271 1367 2326 Statutum
1412 2269 1620 2341 quippe
1667 2275 1756 2325 est
1797 2269 2058 2326 omnibus
2139 2271 2207 2326 Et
2235 2270 2366 2342 quia
2397 2271 2571 2326 semel
2597 2270 2787 2326 oblata
2825 2277 2912 2324 est
2939 2269 3054 2334 illa,
3099 2267 3289 2322 oblata
3315 2271 3399 2318 est
3431 2263 3481 2318 in
3519 2269 3676 2316 sancta

459 2360 636 2416 semel
659 2359 825 2424 mori,
854 2363 917 2416 et
941 2363 1068 2430 post
1107 2365 1346 2414 mortem
1379 2358 1727 2429 judicebitur
1755 2358 2056 2429 unusquis-
2138 2365 2476 2414 sanctorum.
2525 2360 2642 2414 Hoc
2688 2365 2877 2414 autem
2925 2356 3265 2412 sacriﬁcium
3321 2351 3575 2423 exemplar
3609 2352 3676 2401 est

461 2465 572 2519 que
601 2447 909 2504 secundum
940 2447 1143 2503 merita
1169 2464 1272 2502 sua
1302 2466 1314 2502 :
1354 2447 1438 2503 sic
1480 2453 1542 2503 et
1587 2447 1844 2502 Christus
1881 2447 2055 2502 semel
2135 2447 2306 2503 illius.
2335 2449 2397 2504 ld
2421 2449 2606 2518 ipsum
2625 2464 2850 2518 semper
2875 2446 3185 2512 otl'erimus,
3221 2460 3320 2498 nec
3340 2458 3477 2496 nunc
3493 2437 3676 2510 quidem

459 2542 719 2592 mortuus
749 2541 839 2592 est
874 2551 975 2606 pro
1005 2536 1248 2606 peccatis
1275 2535 1510 2601 alienis;
1543 2544 1600 2590 et
1631 2536 1756 2591 ideo
1795 2537 1931 2606 quia
1959 2553 2054 2589 νο-
2137 2537 2310 2591 alium
2339 2554 2570 2607 agnum,
2595 2537 2844 2592 crastina
2872 2535 3066 2600 alium,
3090 2533 3191 2590 sed
3221 2546 3432 2602 semper
3459 2529 3594 2581 illum
3615 2525 3677 2594 ip-

459 2624 706 2680 luntarie
735 2630 792 2677 et
819 2624 1130 2680 necessarie
1161 2630 1415 2679 mortuus
1442 2631 1547 2689 est,
1579 2625 1822 2678 secundo
1851 2624 2056 2694 quippe
2135 2626 2539 2680 sum.Proinde
2553 2642 2729 2680 unum
2745 2631 2828 2680 est
2851 2625 2956 2680 hoc
2976 2621 3316 2678 sacriﬁcium
3334 2639 3344 2673 :
3364 2615 3679 2689 alioquinhac

463 2712 706 2767 adventu
723 2711 1018 2782 apparebit
1035 2711 1158 2767 sine
1169 2719 1415 2782 peccato.
1433 2711 1786 2781 (Joan.)Quid
1797 2719 1917 2767 estc
1935 2713 2056 2768 sine
2137 2715 2382 2780 ratione,
2434 2715 2697 2784 quoniam
2749 2714 2807 2768 in
2857 2713 3049 2768 multis
3095 2711 3234 2766 locis
3287 2709 3521 2770 offertur,
3550 2700 3677 2758 multi

469 2819 492 2852 ι
514 2799 778 2871 peccato?
798 2820 821 2852 ι
839 2799 1026 2855 Veluti
1038 2802 1502 2870 nonpeccat.Non
1517 2801 1669 2857 enim
1681 2801 2057 2856 debitormor—
2139 2803 2349 2858 Christi
2389 2809 2522 2858 sunt
2541 2805 2564 2855 ’Ζ
2609 2805 2980 2874 Nequaquam
3009 2819 3024 2854 :
3069 2801 3172 2854 sed
3222 2815 3363 2854 unus
3403 2795 3586 2864 ubique
3613 2796 3681 2846 est

463 2888 538 2944 tis
568 2893 824 2945 mortuus
852 2893 956 2956 est,
985 2903 1168 2959 neque
1196 2895 1424 2960 propter
1449 2895 1762 2960 peccatum.
1787 2889 1893 2944 Sed
1923 2905 2058 2960 quo-
2139 2891 2415 2957 Christus,
2465 2897 2523 2946 et
2577 2893 2666 2947 hic
2717 2892 2915 2962 plenus
2961 2890 3229 2955 existens,
3262 2893 3320 2942 et
3359 2885 3468 2940 illic
3501 2883 3678 2955 plenus.

459 2977 628 3034 modo
645 2975 1424 3048 videbitur?Puniens,inquit,
1433 2978 1530 3034 sed
1548 2995 1659 3034 non
1671 2978 1776 3033 hoc
1793 2978 2056 3044 dixit,sed
2083 3039 2116 3050 Α
2137 2995 2314 3036 unum
2341 2997 2566 3050 corpus.
2593 2980 2749 3035 Sicut
2763 2979 2914 3034 enim
2931 2978 3026 3050 qui
3055 2977 3268 3049 ubique
3287 2976 3522 3038 oll'ertur,
3543 2983 3684 3026 unum

459 3065 612 3136 quod
629 3065 892 3121 {activum
907 3071 970 3119 et
982 3039 1214 3136 gratum
1223 3039 1328 3132 est,
1347 3087 1368 3116 ι
1392 3039 1524 3121 Sine
1536 3071 1764 3137 peccato
1780 3039 2058 3122 videbitur
2071 3039 2118 3099 δ
2133 3085 2338 3140 corpus
2359 3039 2465 3135 est:
2485 3076 2544 3123 et
2567 3085 2678 3124 non
2705 3069 2884 3122 multa
2903 3039 3162 3139 cdrpora,
3173 3039 3274 3120 .ita
3292 3064 3459 3120 etiam
3477 3067 3529 3116 et
3545 3072 3684 3115 unum

459 3151 911 3224 exspectantibus
925 3171 990 3208 se
1019 3152 1078 3208 in
1097 3153 1356 3209 salutem.
1385 3175 1408 3204 ο
1435 3155 2056 3225 Utjamdecmteronon
2133 3157 2502 3222 sacriﬁcium,
2526 3157 2782 3213 Pontifex
2803 3162 2993 3212 autem
3015 3161 3212 3210 noster
3239 3154 3330 3208 ille
3355 3158 3454 3216 est,
3483 3147 3570 3221 qui
3590 3147 3687 3200 hour

459 3258 603 3312 opus
625 3241 872 3297 habeant
897 3241 1190 3310 sacriﬁcio,
1225 3249 1289 3296 ut
1313 3243 1616 3309 solventur,
1653 3243 1753 3298 sed
1791 3243 2055 3314 cperibus
2133 3246 2274 3300 tiam
2304 3247 2672 3301 mundantem
2721 3261 2821 3300 nos
2850 3243 3071 3300 obtulit.
3107 3245 3298 3316 Ipsam
3351 3239 3615 3296 offerimus
3645 3240 3688 3286 et

457 3329 597 3400 ipsis
609 3329 716 3384 hoc
724 3329 1150 3385 facient.0mnis
1164 3331 1368 3402 quippe
1378 3331 1562 3386 hostia
1573 3347 1674 3402 pro
1687 3338 1912 3402 peccato
1923 3331 2056 3386 dicio
2134 3350 2302 3401 nunc,
2324 3351 2446 3405 quae
2472 3341 2608 3388 tunc
2637 3333 2826 3399 oblata
2843 3333 3092 3403 quidem,
3117 3330 3375 3386 consumi
3398 3344 3504 3382 non
3521 3327 3686 3398 potest.

458 3423 873 3490 turpeccatum.
894 3419 1020 3474 Non
1042 3419 1192 3474 enim
1211 3419 1320 3475 erit
1333 3425 1468 3475 tunc
1481 3420 1667 3475 hostia
1682 3437 1783 3492 pro
1803 3427 2050 3492 peccato,
2134 3422 2254 3478 Hoc
2271 3429 2459 3478 autem
2491 3422 2638 3494 quod
2667 3438 2770 3478 nos
2799 3421 3031 3478 facimus
3057 3421 3121 3474 in
3147 3415 3691 3476 commemorationem

459 3506 596 3578 quia
617 3512 912 3578 peccatum
931 3523 1044 3563 non
1069 3508 1198 3572 erit,
1229 3509 1326 3563 sed
1350 3508 1592 3578 iustitia,
1631 3509 1746 3564 sive
1773 3509 1829 3576 in
1861 3526 2054 3565 remu-
2133 3513 2200 3567 ﬁt
2225 3513 2369 3582 ejus,
2387 3512 2536 3582 quod
2563 3511 2775 3567 factum
2807 3517 2895 3564 est
2919 3528 2928 3562 :
2955 3531 2976 3560 ι
3003 3509 3126 3564 Hoc
3157 3509 3309 3564 enim
3331 3506 3504 3570 facite,
3525 3498 3688 3572 inquit.

462 3595 1069 3667 zmrationejustorum,
1095 3597 1180 3652 vel
1209 3597 1654 3653 inretributione
1680 3604 2053 3668 peccatorum.
2143 3618 2168 3654 α
2201 3599 2261 3656 in
2300 3616 2487 3655 meam
2535 3598 3129 3654 conunemorationem
3171 3599 3321 3665 (Luc.
3353 3611 3458 3650 χχιι
3489 3612 3500 3660 ς
3529 3593 3557 3647 1
3594 3590 3688 3643 Cor-

1096 3704 1330 3758 CAPUT
1361 3705 1426 3757 Χ.
2139 3705 2166 3738 ι
2200 3691 2294 3755 x1).
2329 3707 2357 3738 υ
2391 3688 2518 3742 Non
2554 3687 2706 3742 aliud
2749 3686 3110 3752 sacriﬁcium,
3145 3685 3294 3739 sicut
3337 3679 3586 3755 pontifex,
3615 3672 3690 3728 sed

459 3795 786 3847 Ustde
799 3796 1029 3847 veterem
1043 3796 1209 3860 tegam
1223 3809 1490 3861 nonpoose
1500 3795 1724 3859 συνὲν-νε
1743 3798 1981 3860 peccatu:

2171 3775 2195 3828 1
2220 3775 2406 3845 ipsum
2435 3791 2660 3845 semper
2687 3775 3012 3840 offerimus;
3046 3774 3233 3845 magis
3266 3778 3457 3828 autem
3484 3763 3693 3824 recorda-

531 3865 865 3918 dcclarando
897 3867 1270 3918 excellentiam
1308 3866 1602 3918 sacerdotii
1633 3864 1858 3930 Christi,
1895 3869 2056 3932 atque
2139 3863 2352 3918 tionem
2379 3864 2638 3920 sacriﬁcii
2660 3880 2977 3934 operemur.

532 3937 646 4003 eius
667 3935 965 3989 sacerdotio
994 3950 1098 3987 esse
1125 3936 1364 4000 ﬁrmiter
1393 3935 1768 3988 obedientium.
2214 3971 2239 4003 ε(
2264 3952 2394 4008 Ideo
2413 3953 2738 4022 ingrediens
2752 3952 3027 4008 mundum
3043 3950 3187 4007 dicit
3213 3967 3224 4002 ε
3247 3948 3498 4006 Hostiam
3517 3941 3697 4000 “om,

527 4039 836 4095 «Umbram
846 4038 997 4094 enim
1007 4038 1489 4095 habenslexbonon
1503 4056 1599 4094 um
1613 4039 1932 4095 futurorum
1945 4056 2058 4094 non
2143 4060 2172 4091 ι
2202 4039 2412 4096 tionem
2426 4041 2683 4097 noluisti:
2705 4057 2911 4112 corpus
2935 4046 3127 4096 autem
3153 4038 3367 4112 aptasti
3391 4035 3521 4092 mihi
3543 4053 3554 4087 :
3577 4029 3697 4086 holo

461 4143 493 4181 α
519 4126 703 4197 ipsam
721 4127 1029 4197 imaginem
1045 4143 1256 4182 rerum.
1269 4149 1290 4178 ο
1313 4128 1432 4183 Hoc
1445 4133 1532 4182 est.
1545 4143 1658 4184 non
1669 4128 1852 4198 ipsam
1862 4128 2060 4183 verita-
2145 4148 2168 4182 ι
2199 4134 2552 4184 caustomata
2571 4146 2672 4202 pro
2694 4134 2924 4200 peccato
2939 4145 3052 4184 non
3073 4127 3182 4182 tibi
3209 4128 3556 4200 placuerunt.
3575 4120 3699 4175 Tunc

460 4220 594 4269 tem.
615 4215 914 4288 Usquequo
935 4215 1084 4270 enim
1098 4215 1340 4272 velutiin
1353 4204 1576 4286 pictura
1593 4217 1982 4287 imponatquis
1995 4217 2057 4271 li-
2143 4237 2165 4268 ι
2197 4217 2330 4284 dixi,
2363 4219 2501 4274 Ecce
2538 4218 2717 4274 venio.
2759 4219 2824 4274 In
2872 4218 3053 4288 capite
3080 4216 3216 4272 libri
3256 4216 3524 4286 scriptum
3549 4214 3624 4266 est
3644 4205 3698 4259 de

455 4309 762 4360 neamenta
785 4303 1129 4368 umbrarum,
1151 4303 1474 4374 signiﬁcans
1491 4304 1624 4376 quid
1646 4305 1878 4376 pingere
1897 4304 2048 4371 velit,
2070 4309 2118 4366 D
2134 4325 2163 4356 ι
2194 4321 2305 4360 me.
2330 4308 2405 4362 Ut
2431 4306 2648 4373 facim,
2677 4307 2845 4374 Deus,
2879 4306 3231 4362 voluntatem
3259 4309 3439 4361 tuam.
3467 4293 3698 4370 Superius

460 4391 664 4448 umbra
686 4392 947 4464 quaedam
977 4397 1082 4458 est,
1104 4409 1216 4448 non
1233 4393 1441 4464 imago.
1467 4393 1526 4448 Si
1547 4393 1697 4448 enim
1719 4395 1886 4448 ﬂores
1903 4394 2056 4466 ipsos
2141 4414 2166 4448 ι
2191 4397 2385 4452 dicens
2417 4414 2428 4446 :
2455 4395 2601 4460 Quia
2623 4395 2837 4450 hostias
2865 4400 2919 4448 et
2951 4393 3269 4450 oblationes
3300 4399 3359 4448 et
3385 4389 3697 4447 holocausta-

458 4481 585 4552 quis
611 4481 865 4537 colorum
893 4481 1185 4537 intinxerit
1215 4487 1277 4538 et
1313 4481 1646 4554 imposuerit
1681 4499 1849 4554 super
1875 4483 2054 4538 linea-
2141 4502 2168 4538 ι
2198 4491 2354 4540 mata
2369 4501 2469 4556 pro
2487 4491 2712 4556 peccato
2732 4482 3088 4548 noluisti,nec
3105 4482 3322 4554 placita
3341 4487 3472 4536 sunt
3488 4474 3578 4529 tibi
3598 4484 3696 4543 qua?

457 4577 671 4636 menta,
686 4576 820 4628 tunc
831 4570 1024 4642 imago
1313 4571 1446 4627 Tale
1467 4571 1735 4642 quiddam
1745 4578 1870 4628 erat
1883 4571 2054 4628 etiam
2141 4594 2165 4625 ι
2196 4574 2506 4628 secundum
2519 4574 2700 4643 legem
2714 4574 3044 4637 olleruntur,
3059 4577 3198 4626 tunc
3217 4570 3382 4634 dixit,
3397 4569 3530 4624 Ecce
3553 4560 3698 4616 νεηὶοο

457 4657 565 4723 lex,
593 4657 801 4714 umbra
841 4659 1110 4716 veritatis.
1145 4681 1172 4714 ι
1203 4660 1314 4716 Per
1350 4660 1602 4730 singulos
1630 4677 1808 4716 annos
1845 4661 2055 4716 eisdem
2141 4680 2167 4714 α
2200 4667 2264 4717 ut
2281 4662 2508 4729 faciam,
2529 4663 2698 4728 Deus,
2713 4662 3056 4718 voluntatem
3083 4666 3268 4716 tuam.
3306 4678 3334 4709 ι
3355 4649 3701 4729 (Aw-HW“

461 4764 489 4796 ι
515 4745 657 4817 ipsis
671 4746 894 4814 hostiis,
917 4765 1059 4819 quas
1077 4749 1321 4804 oderunt
1342 4748 1744 4816 indesinenter,
1769 4766 2057 4820 nunquam
2137 4758 2272 4806 sunt
2280 4751 2440 4822 signa
2452 4749 2859 4822 promittentis.
2873 4750 3008 4822 quia
3019 4748 3276 4805 exhibita
3291 4747 3495 4802 veritas
3503 4735 3704 4815 promis-

465 4853 493 4886 “
523 4840 716 4906 Ροδθει
740 4835 1068 4892 madentes
1093 4837 1368 4909 perfectos
1395 4837 1576 4894 facere
1601 4858 1615 4892 :
1655 4838 1906 4910 alioquin
1935 4855 2056 4893 ces-
2139 4839 2358 4895 sa.Ideo
2371 4829 3705 4895 ait:«Holocaustometaetsacriﬁcianoluisﬁicor‘

468 4941 495 4978 ι
523 4928 746 4980 cassat
773 4923 992 4991 oﬁerre,
1021 4925 1150 4982 ideo
1179 4926 1328 4998 quod
1354 4927 1567 4982 nullam
1595 4927 1869 4984 haberent
1909 4928 2059 4983 ultra
2143 4949 2166 4981 ι
2193 4945 2296 5001 pus
2317 4935 2506 4983 autem
2526 4927 2734 4999 optasti
2751 4927 2909 4984 mihi.
2935 4927 3094 4983 ullos
3113 4929 3524 4998 est.peccatum
3537 4919 3705 4976 huma-

467 5033 492 5063 ‹ι
522 5012 922 5069 conscientiam
944 5014 1153 5085 peccati
1171 5016 1431 5081 cultores,
1447 5016 1620 5072 semel
1639 5016 1895 5071 mundati
1919 5035 1931 5069 :
1959 5016 2057 5072 sed
2139 5017 2198 5072 ni
2223 5016 2444 5088 generis
2473 5016 2677 5086 legalis
2707 5016 2984 5072 sacriﬁcia
3009 5032 3125 5072 non
3166 5016 3480 5086 potuerunt
3495 5005 3698 5078 expiare.

467 5121 490 5150 ι
515 5101 574 5156 in
593 5101 732 5173 ipsis
742 5103 1203 5160 commemoratio
1215 5109 1572 5176 peccatorum
1589 5121 1690 5176 per
1700 5105 1950 5174 singulos
1961 5122 2058 5160 an-
2134 5123 2340 5177 corpus
2368 5111 2560 5162 autem
2587 5105 2796 5176 optasti
2833 5105 2994 5160 mihi.
3025 5105 3145 5160 Hoc
3165 5121 3234 5158 ex
3263 5115 3508 5174 persona
3535 5092 3708 5150 dicitur

467 5208 496 5242 α
525 5207 628 5245 nos
653 5191 1106 5262 ﬁtJmpossibile
1127 5197 1213 5247 est
1231 5192 1382 5248 enim
1405 5193 1680 5264 sanguine
1695 5199 1985 5250 taurorum
2001 5200 2060 5250 et
2139 5196 2282 5265 ejus,
2305 5194 2400 5264 qui
2423 5210 2624 5264 corpus
2649 5193 2895 5265 suscepit
2912 5200 3121 5249 nostra:
3143 5188 3530 5250 mortalitatis.
3553 5189 3705 5251 uti“

467 5297 491 5327 ι
519 5278 803 5334 hircorum
819 5279 1029 5335 auferri
1051 5286 1294 5351 peccata.
1317 5300 1338 5332 ι
1360 5283 1556 5347 :Joan.)
1583 5283 1706 5338 Una
1725 5289 1830 5348 est,
1854 5282 2053 5353 inquit,
2137 5283 2300 5341 nobis
2335 5283 2570 5338 haberet
2599 5283 2733 5354 quid
2763 5283 3007 5338 otferret.
3043 5303 3070 5335 ι
3100 5283 3261 5338 Tunc
3310 5278 3447 5342 dixi,
3477 5275 3608 5332 Ecce
3632 5283 3705 5320 κε’

465 5364 1100 5432 istahostia,ills3autem
1112 5369 1303 5426 multae
1313 5375 1472 5424 sunt:
1491 5371 1946 5442 proptereaenim
1957 5388 2059 5426 nec
2145 5393 2168 5421 κ
2201 5372 2314 5427 nio.
2341 5390 2368 5424 υ
2395 5373 2537 5429 Tum
2567 5379 2792 5443 tempus
2818 5371 2946 5437 fuit,
2978 5376 3042 5428 ut
3071 5370 3263 5426 ablata
3283 5371 3478 5423 essent
3495 5363 3643 5432 signa
3661 5363 3706 5407 εί

461 5454 632 5506 fortes
675 5462 855 5519 erant,
895 5457 1030 5526 quia
1069 5458 1277 5512 multm.
1321 5458 1465 5522 Quid
1514 5467 1700 5514 autem
1751 5476 1892 5530 opus
1937 5467 2059 5514 erat
2141 5461 2344 5515 veritas
2373 5461 2652 5531 promissa
2677 5460 2909 5516 veniret.
2939 5481 2960 5512 ι
2995 5460 3148 5516 Tuuc
3177 5457 3318 5523 dixi,
3353 5471 3480 5511 ecce
3507 5447 3704 5510 venio.’

455 5540 620 5594 multi
629 5541 770 5607 s,dic
788 5543 1416 5610 mihimnasutliciente‘.’
1435 5547 1674 5602 Proinde
1697 5549 1845 5618 quod
1868 5550 2054 5604 multa:
2135 5549 2328 5604 ablata
2355 5549 2489 5616 hinc,
2511 5549 2611 5605 illa
2639 5548 2844 5614 oblata,
2871 5548 2988 5605 haec
3007 5545 3385 5622 impleta.Uhi
3404 5548 3538 5599 sunt
3561 5532 3708 5592 sacri-
