3848 6164
200 274 211 290 .
241 316 311 373 78l
468 301 478 308 ’
555 309 1128 368 ENARRATIONUM
1164 313 1242 370 IN
1281 314 1434 370 EPP.
1476 314 1690 369 PAULI
1729 313 1866 373 LIB.
1909 315 2159 370 XXVIII.
2197 344 2260 355 —
2317 315 2394 372 IN
2432 314 2656 369 EPIST.
2696 315 2792 368 AD
2831 315 3044 370 HEBR.

3336 316 3438 374 782

237 441 333 500 ﬁcia
353 437 636 497 Iudaeorum
657 436 681 487 ?
699 435 1070 495 Transierunt
1101 442 1157 492 et
1185 454 1297 494 non
1327 444 1461 492 sunt
1489 438 1548 492 in
1569 439 1755 492 Eccle-
1776 441 1825 500 A
1843 443 2032 494 autem
2063 439 2246 492 carnis
2266 438 2493 492 inimica
2525 443 2613 492 est
2639 439 2773 492 Deo.
2790 439 2921 510 Legi
2951 439 3100 492 enim
3129 455 3242 494 non
3269 438 3454 510 subjié

233 530 298 586 sia
321 525 646 594 Christi,quia
667 525 818 580 venit
838 524 948 591 ille,
969 527 1064 596 qui
1083 527 1434 596 ﬁgurabatur
1457 527 1568 582 illis
1589 527 1757 580 sacri-
1836 527 2000 594 citur,
2024 545 2126 581 nec
2147 528 2296 581 enim
2317 533 2519 598 potest.
2559 547 2580 579 ι
2622 546 2645 578 α
2671 527 2793 580 Una
2821 527 2970 581 enim
3003 526 3283 581 oblatione
3305 545 3438 582 con-

236 617 355 682 ﬁciis,
382 615 441 668 de
466 629 565 686 quo
604 613 664 670 in
710 613 912 684 capite,
953 615 1067 670 sive
1109 616 1163 670 in
1205 616 1454 686 capitulo
1477 615 1603 670 libri
1627 615 1758 669 scri-
1841 634 1867 666 ς(
1889 616 2192 670 summavit
2221 617 2280 669 in
2297 615 2705 688 sempiternum
2725 616 3119 669 sanctiﬁcatos.
3143 617 3439 670 Contesta-

231 712 356 779 ptum
373 709 460 757 est.
493 702 657 771 Cujus
678 701 848 758 libri?
869 703 1074 776 Utique
1097 704 1374 770 Psalterii,
1402 703 1496 758 ubi
1513 704 1718 758 dicitur
1741 722 1751 756 :

235 813 255 846 ι
276 794 444 846 Beatus
463 791 536 843 vir
561 789 654 860 qui
688 807 800 844 non
828 791 966 844 abiit
991 791 1049 846 in
1079 793 1311 848 consilio
1348 792 1671 864 impiorum,
1703 797 1760 848 et

233 901 252 932 α
275 882 321 938 in
338 881 413 936 via
426 884 766 951 peccatorum
796 895 910 934 non
938 880 1112 944 stetit,
1132 887 1188 936 et
1210 882 1267 936 in
1298 883 1566 938 cathedra
1585 883 1758 953 pesti-

230 990 248 1023 εἴ
272 968 425 1026 lentiae
440 983 542 1022 non
569 967 733 1033 sedit,
757 967 856 1022 sed
881 967 949 1030 in.
965 969 1087 1040 lege
1111 970 1334 1028 Domini
1362 972 1619 1026 voluntas
1634 972 1756 1044 ejus

232 1079 250 1110 (ί
278 1060 408 1126 (Psal.
437 1060 469 1126 ι)
501 1076 520 1106 ι
559 1074 569 1108 :
604 1057 702 1128 qui
731 1057 981 1128 psalmus
1010 1065 1180 1129 caput
1206 1059 1382 1114 totius
1402 1059 1530 1116 libri
1552 1059 1760 1116 dicitur

227 1166 245 1198 σ
265 1163 292 1200 a
312 1143 767 1218 quibusdam,ideo
795 1151 853 1200 et
878 1148 1178 1218 Apostolus
1208 1148 1298 1202 hic
1328 1147 1496 1204 dicit:
1527 1168 1552 1200 α
1578 1150 1642 1204 In
1673 1165 1759 1203 ca-

229 1234 355 1306 rpite
379 1233 492 1288 libri
536 1233 809 1306 scriptum
845 1241 931 1290 est
969 1236 1038 1290 de
1071 1253 1178 1292 me.
1211 1237 1288 1294 Ut
1329 1237 1552 1298 faciam,
1586 1239 1754 1302 Deus,

226 1342 244 1376 ι
267 1323 571 1379 voluntatem
592 1328 817 1380 tuam.»
863 1324 982 1380 Hoc
1025 1330 1128 1386 est,
1178 1326 1326 1396 quod
1365 1326 1423 1382 in
1462 1326 1759 1398 Evangelio

225 1411 407 1466 dicitur:
433 1429 456 1462 α
485 1411 610 1464 Non
625 1411 768 1477 veni,
786 1411 1341 1486 inquit,voluntatem
1356 1414 1538 1468 facere
1553 1431 1754 1482 meam,

226 1498 344 1556 «sed
373 1498 700 1555 voluntatem
729 1501 850 1570 ejus
881 1500 978 1572 qui
1008 1518 1098 1556 me
1129 1502 1282 1556 misit
1314 1505 1492 1569 (Joan.
1524 1513 1618 1558 vr.
1658 1525 1682 1556 »

277 1605 296 1637 c
322 1586 496 1642 Aufert
538 1586 809 1658 primum,
842 1593 906 1643 ut
947 1605 1188 1662 sequens
1233 1595 1464 1646 statuat.
1502 1610 1526 1643 »
1563 1591 1623 1644 Id
1676 1597 1762 1646 est

218 1674 414 1747 primum
466 1681 886 1741 testamentum,
913 1679 1061 1748 quod
1115 1679 1294 1750 Moysi
1341 1679 1534 1734 datum
1576 1685 1663 1734 est
1701 1681 1760 1734 in

1844 725 1868 756 «
1900 711 1996 759 tur
2024 710 2212 760 autem
2229 711 2286 758 et
2301 722 2401 758 nos
2425 704 2666 776 Spiritus
2694 708 2941 760 sanctus.
2959 704 3264 778 Postquam
3289 705 3440 759 enim

1844 812 1870 846 (ι
1899 793 2034 847 dicit
2057 811 2067 846 :
2094 794 2212 848 Hoc
2240 800 2429 848 autem
2457 798 2879 860 testamentum,
2905 793 3052 864 quod
3082 792 3332 850 testabor
3367 794 3440 848 ad

1845 902 1868 932 ι
1901 881 2025 935 illos
2057 889 2184 953 post
2211 882 2329 936 dies
2364 881 2509 948 illos,
2544 881 2682 934 dicit
2709 881 2981 936 Dominus
3017 899 3028 933 :
3061 882 3258 943 Dando
3288 882 3440 954 leges

1845 989 1869 1020 ς(
1903 987 2055 1024 meas
2078 970 2136 1024 in
2165 969 2423 1024 cordibus
2452 987 2667 1028 eorum,
2713 975 2770 1024 et
2792 969 2868 1024 'in
2910 969 3192 1024 mentibus
3242 986 3438 1028 eorum

1845 1077 1868 1108 «
1899 1058 2310 1132 superscribam
2342 1075 2436 1112 eas
2463 1076 2473 1109 :
2509 1065 2565 1112 et
2593 1064 2949 1132 peccatorum
2981 1065 3038 1112 et
3074 1058 3440 1130 iniquitatum

1843 1164 1869 1198 α
1895 1165 2091 1202 eorum
2105 1149 2225 1219 jam
2248 1164 2361 1201 non
2381 1147 2714 1202 recordabor
2731 1147 2992 1218 amplius.
3010 1145 3116 1202 Ubi
3133 1155 3325 1203 autem
3345 1149 3442 1202 ho-

1845 1253 1872 1286 «
1905 1253 2030 1292 rum
2062 1235 2335 1302 remissio,
2357 1237 2477 1308 jam
2499 1252 2610 1290 non
2635 1235 2842 1288 oblatio
2859 1252 2959 1306 pro
2979 1237 3438 1308 peccato.»(Alb.)
3521 1295 3528 1301 ,

1842 1325 1963 1379 Una
1985 1325 2190 1398 quippe
2222 1324 2430 1378 oblatio
2457 1324 2706 1394 corporis
2734 1323 2942 1378 Christi
2971 1325 3246 1398 perfectos
3267 1325 3440 1380 faciet

1841 1414 2236 1480 sanctificatos,
2274 1430 2397 1485 quae
2426 1412 2814 1468 remissionem
2844 1412 3126 1484 integram
3155 1413 3290 1468 facit
3310 1431 3440 1486 pec-

1841 1503 2237 1558 catorum.Hoc
2265 1510 2456 1556 autem
2485 1507 2543 1555 et
2569 1519 2636 1555 ex
2677 1501 3000 1555 testimonio
3031 1501 3285 1572 probavit
3309 1519 3442 1574 pro-

1842 1590 2033 1664 phetia
2055 1591 2246 1644 dicens
2278 1609 2288 1642 :
2327 1609 2353 1642 ί(
2387 1591 2748 1644 Contestatur
2777 1595 2968 1643 autem
3000 1589 3161 1644 nobis
3203 1591 3444 1661 Spiritus

1847 1697 1872 1729 «
1907 1686 2154 1744 sanctus,
2185 1679 2288 1734 hoc
2319 1685 2420 1744 est,
2446 1685 2868 1744 testamentum,
2903 1679 3051 1750 quod
3091 1678 3342 1736 testabor
3370 1679 3442 1738 ad

223 1768 369 1820 monte
383 1763 554 1829 Sinai‘;
581 1770 648 1820 ut
675 1781 913 1838 sequens
932 1767 1272 1832 statuat,hoc
1291 1773 1392 1832 est,
1403 1769 1764 1838 Evangelium
1782 1757 1829 1818 Β
1853 1788 1877 1819 «
1911 1768 2033 1822 illos
2062 1773 2190 1840 post
2218 1768 2336 1821 dies
2364 1768 2507 1834 illos,
2541 1767 2677 1822 dicit
2720 1767 2991 1834 Dominus
3017 1785 3028 1819 :
3068 1767 3267 1822 Dando
3294 1767 3447 1839 leges

223 1851 333 1922 quod
357 1869 448 1924 per
474 1852 762 1908 Christum
784 1852 1034 1910 oblatum
1065 1860 1150 1909 est
1171 1856 1396 1912 ﬁrmum
1413 1861 1682 1911 statuat.«
1699 1858 1764 1912 In

221 1959 240 1990 ι
263 1955 354 2010 qua
377 1941 655 2000 voluntate
684 1942 1015 1998 sanctiﬁcati
1055 1960 1250 1998 sumus
1295 1961 1398 2016 per
1424 1945 1765 2000 oblationem

223 2045 240 2082 ί
266 2029 480 2103 carperis
507 2031 644 2087 Jesu
675 2031 882 2088 Christi
911 2033 1104 2086 semel.
1139 2051 1166 2085 ››
1202 2033 1333 2088 Haec
1359 2032 1567 2089 oblatio
1589 2035 1763 2094 semel

216 2114 366 2172 oblata
391 2125 486 2184 est,
518 2119 622 2177 sed
659 2135 884 2190 semper
929 2126 1127 2192 potens
1170 2126 1257 2174 est
1301 2121 1529 2176 abluere
1571 2139 1764 2179 omnes

216 2200 457 2262 credentes
484 2213 540 2260 et
561 2224 762 2264 omnes
805 2213 1062 2280 optantes
1103 2208 1163 2264 in
1200 2225 1269 2264 ea
1314 2211 1594 2268 mundari.
1633 2212 1763 2269 Ideo

209 2291 452 2362 subjuuxit
470 2301 526 2350 et
555 2296 798 2366 plenius,
823 2313 1104 2368 exponens
1133 2297 1283 2352 idem
1322 2297 1520 2354 beatus
1553 2300 1762 2355 Paulus

211 2379 432 2438 Virtutem
466 2383 642 2454 hujus
667 2384 865 2438 hostia
897 2403 908 2437 :
938 2403 963 2437 «
999 2385 1070 2442 Et
1103 2385 1285 2440 omnis
1323 2387 1550 2458 quidem
1583 2404 1764 2442 sacer-

212 2487 232 2517 α
257 2468 338 2526 dos
354 2477 546 2542 praesto
570 2477 662 2530 est
687 2472 939 2543 quotidie
970 2473 1297 2529 ministrans
1327 2482 1384 2529 et
1403 2477 1627 2530 easdem
1657 2495 1762 2534 sre-

213 2573 234 2606 ί
259 2573 313 2626 pe
336 2559 561 2617 offerens
593 2561 829 2629 hostias,
845 2578 967 2634 quae
985 2579 1274 2635 nunquam
1293 2571 1530 2638 possunt
1543 2566 1763 2620 auferre

213 2662 234 2694 er
255 2654 474 2717 peccata.
519 2650 634 2707 Hic
663 2655 852 2704 autem
893 2667 1064 2706 unam
1108 2668 1209 2724 pro
1241 2654 1483 2724 peccatis
1524 2655 1763 2710 offerens

211 2752 230 2785 α
250 2733 546 2804 hostiam,in
561 2739 974 2810 sempiternum
995 2741 1153 2796 sedet
1175 2741 1247 2796 ad
1267 2742 1554 2798 dexteram
1569 2743 1765 2810 Dei,de

209 2839 229 2872 α
247 2829 420 2880 caetero
438 2827 971 2900 exspectans,donec
983 2835 1265 2903 ponantur
1278 2830 1489 2885 inimici
1510 2833 1632 2902 ejus
1650 2849 1766 2887 sca-

207 2928 227 2960 ι
251 2910 432 2968 bellum
460 2916 674 2986 pedum
691 2918 868 2988 ejus.»
905 2919 1109 2987 (Joan.)
1136 2919 1358 2974 Priores
1377 2921 1624 2977 ostendit
1644 2920 1766 2976 inu-

209 2998 313 3056 tiles
339 3019 451 3058 esse
491 3004 713 3061 hostias
745 3006 816 3062 ad
851 3000 1131 3078 integram
1170 3007 1616 3075 mundationem,
1666 3009 1764 3064 sed

1851 1875 1874 1907 ι
1909 1873 2062 1912 meas
2090 1856 2146 1909 in
2175 1855 2434 1910 cordibus
2453 1873 2668 1910 eorum.
2703 1876 2728 1908 »
2763 1857 2888 1910 Non
2917 1856 2998 1909 ita
3025 1861 3089 1910 ut
3107 1855 3317 1928 scripta
3343 1855 3451 1910 fuit

1845 1944 1934 1998 lex
1965 1943 2022 1998 in
2051 1943 2256 1998 tabulis
2281 1944 2534 2014 lapideis,
2563 1943 2659 1997 sed
2689 1944 2747 1996 in
2777 1943 2984 1997 tabulis
3026 1943 3212 1998 cordis
3255 1961 3449 1998 carna-

1847 2032 1992 2087 libus
2047 2033 2450 2105 perpetualiter
2505 2031 2784 2086 scribebat
2823 2032 2996 2085 illam.
3041 2032 3176 2098 Quae
3219 2037 3306 2086 est
3341 2032 3451 2087 ista

1847 2121 1933 2176 lex
1955 2139 2077 2196 qua;
2096 2121 2153 2175 in
2181 2121 2442 2176 cordibus
2473 2121 2822 2191 singulorum
2855 2120 3064 2194 scripta
3092 2121 3212 2174 est?
3242 2120 3448 2195 Utique

1846 2210 2108 2277 charitas,
2149 2217 2215 2264 ut
2261 2227 2328 2264 ea
2383 2227 2508 2284 quae
2546 2211 2808 2264 nolumus
2875 2207 3034 2263 nobis
3088 2208 3231 2274 ﬁeri,
3284 2209 3448 2263 alteri

1845 2316 1957 2354 non
1986 2299 2255 2354 faciamus
2285 2318 2296 2352 ε
2330 2299 2447 2354 haec
2475 2304 2578 2364 est,
2603 2315 2724 2368 quae
2753 2303 3003 2368 cooperit
3023 2297 3444 2356 multitudinem

1844 2395 2220 2462 peccatorum,
2249 2389 2396 2443 sicut
2425 2389 2482 2441 in
2523 2386 2821 2457 Evangelio
2870 2385 3116 2439 dicitur:
3167 2404 3193 2437 «
3238 2385 3444 2440 Omnia

1844 2495 1968 2548 quae
1997 2478 2164 2532 vultis
2213 2485 2278 2532 ut
2317 2477 2524 2531 faciant
2565 2475 2716 2530 vobis
2775 2475 3048 2541 homines,
3083 2475 3200 2528 hac
3247 2475 3446 2528 eadem

1846 2571 1902 2620 et
1931 2583 2026 2622 vos
2054 2566 2217 2620 facite
2246 2566 2356 2620 illis
2389 2565 2600 2633 (Matth.
2629 2565 2739 2634 vn).
2777 2583 2800 2614 ι)
2833 2563 3187 2634 Quapropter
3214 2579 3327 2618 non
3361 2568 3446 2619 est

1846 2671 2071 2710 necesse
2123 2654 2372 2728 quotidie
2429 2653 2716 2708 sacrificiis
2773 2652 3114 2724 quotidianis
3181 2667 3444 2725 purgare,

1847 2743 1992 2798 sicut
2017 2744 2076 2799 in
2103 2743 2274 2798 veteri
2309 2743 2449 2814 lege.
2480 2763 2501 2794 ι
2541 2741 2822 2798 Habentes
2862 2742 3072 2814 itaque,
3123 2739 3345 2808 fratres,
3380 2740 3448 2794 fi-

1851 2851 1877 2884 α
1910 2833 2134 2888 duciam
2159 2832 2217 2886 in
2247 2831 2481 2886 introitu
2501 2836 2826 2884 sanctorum
2846 2831 2902 2904 in
2921 2828 3193 2900 sanguine
3217 2828 3447 2897 Christi,

1853 2941 1876 2973 ι
1901 2938 2069 2993 quam
2088 2920 2331 2975 initiavit
2345 2919 2504 2975 nobis
2534 2919 2681 2974 viam
2713 2936 2931 2986 novam,
2956 2923 3014 2972 et
3040 2919 3318 2974 viventem
3345 2934 3449 2990 per

1853 3027 1880 3062 α
1903 3011 2174 3075 velamen,
2206 3009 2263 3064 id
2293 3015 2396 3075 est,
2428 3025 2654 3064 carnem
2679 3025 2859 3075 suam,
2881 3013 2939 3062 et
2957 3007 3304 3062 sacerdotem
3325 3023 3448 3062 ma-

197 3087 398 3146 formam
427 3094 612 3164 magis
633 3110 726 3150 eas
754 3111 896 3161 esse,
915 3069 1166 3152 etvmulto
1188 3097 1374 3152 minus
1393 3069 1619 3150 habere.
1655 3097 1765 3152 Sed
1787 3069 1834 3136 Ο
1856 3119 1880 3149 ››
1911 3114 2086 3168 gnum
2113 3069 2284 3170 super
2313 3069 2542 3152 domum
2565 3097 2686 3152 Dei.
2715 3119 2740 3150 »
2771 3069 2980 3166 (Joan.)
3012 3095 3116 3148 Hic
3145 3095 3446 3152 ostendens

200 3177 306 3246 quia
321 3182 649 3236 occurrebat
666 3183 717 3236 ei
737 3183 924 3250 hoc,id
946 3185 1116 3251 est,Si
1139 3184 1333 3240 formae
1346 3192 1526 3251 erant,
1535 3202 1606 3256 qu
1613 3201 1764 3240 omo-

191 3263 251 3325 .do
273 3269 491 3324 veritate
517 3271 784 3326 veniente
811 3287 926 3328 non
951 3279 1330 3339 cessaverunt,
1353 3291 1534 3346 neque
1561 3274 1764 3328 disces-

195 3363 372 3422 serunt,
421 3359 518 3414 sed
562 3359 754 3415 adhuc
796 3359 1197 3416 celebrantur?
1227 3363 1346 3416 Hoc
1369 3379 1501 3433 ergo
1540 3363 1628 3417 his
1657 3363 1757 3431 ait,

192 3445 457 3502 ostendens
484 3449 628 3520 quia
653 3449 775 3520 jam
818 3465 931 3504 non
969 3449 1343 3512 celebrantur,
1395 3467 1576 3522 neque
1614 3452 1765 3505 velut

1845 3186 2170 3241 distantiam
2199 3187 2498 3259 pontiﬁcis,
2529 3192 2586 3242 et
2616 3185 2947 3247 hostiarum,
2987 3188 3045 3238 et
3076 3183 3442 3251 tabernaculi,

1845 3279 1903 3328 et
1928 3275 2269 3342 testamenti,
2305 3281 2362 3330 et
2389 3273 2858 3348 repromissionis,
2899 3278 2956 3326 et
3005 3273 3244 3326 multam
3284 3272 3446 3328 diffe-

1843 3364 2084 3418 rentiam
2109 3383 2120 3416 :
2153 3364 2431 3436 siquidem
2452 3364 2548 3416 illa
2571 3362 2796 3434 quidem
2827 3360 3177 3431 temporalia,
3197 3361 3314 3415 haec
3343 3377 3444 3414 au-

1844 3458 1960 3505 tem
1993 3458 2206 3506 veterna
2225 3453 2350 3505 :illa
2369 3451 2597 3522 quidem
2625 3451 2869 3515 infirma,
2907 3450 3021 3504 haec
3051 3455 3242 3502 autem
3266 3449 3443 3522 perfe-

191 3527 351 3588 formae
367 3553 378 3586 :
396 3552 506 3590 non
519 3537 678 3594 enim
698 3553 792 3592 eas
809 3538 1176 3610 acceptabiles
1191 3538 1360 3593 habet
1385 3539 1564 3606 Deus;
1585 3546 1642 3594 et
1660 3541 1763 3594 hoc
1844 3547 1934 3602 cta
1949 3559 1958 3592 :
1974 3541 2306 3612 illaquidem
2329 3539 2662 3602 formae,th
2672 3544 2862 3592 autem
2883 3537 3275 3590 veritas.«Non
3292 3537 3444 3590 enim

187 3618 270 3673 soli
293 3621 510 3692 habent,
551 3625 656 3697 qui
683 3643 904 3698 semper
933 3627 1168 3698 Spiritui
1189 3634 1381 3682 sancto
1406 3629 1756 3684 restiterunt.
1839 3630 2001 3700 juxta
2031 3630 2211 3699 legem
2242 3627 2722 3698 mandati,inquit,
2739 3625 3000 3689 carnalis,
3015 3625 3112 3678 sed
3138 3625 3301 3696 juxta
3329 3624 3442 3678 vir-

189 3705 512 3783 Quapropter
551 3715 886 3786 prephetico
941 3717 1268 3771 testimonio
1311 3717 1603 3787 redarguit
1642 3735 1756 3784 eos,
1843 3723 2026 3772 tutem
2049 3717 2171 3770 vitae
2202 3715 2547 3782 insolubilis;
2571 3735 2596 3767 ν
2619 3721 2713 3768 etc
2735 3715 2819 3768 Tu
2850 3731 2909 3767 es
2937 3712 3196 3767 sacerdos
3219 3711 3279 3766 in
3309 3729 3438 3784 per-

189 3794 917 3858 dicenszcllolocaustomata
933 3809 990 3858 et
1008 3823 1109 3876 pro
1127 3813 1352 3876 peccato
1373 3807 1600 3860 noluisti
1620 3827 1667 3861 ;›)
1693 3807 1762 3861 de
1843 3812 2098 3878 petuum.
2136 3824 2160 3856 »
2192 3805 2328 3858 Ecce
2364 3803 2710 3875 perpetuitas
2738 3801 3139 3856 sacerdotis.Et
3165 3800 3234 3854 de
3263 3805 3438 3854 testa-

184 3885 310 3942 nullo
329 3889 454 3956 alio,
469 3891 585 3947 nisi
610 3891 682 3946 de
699 3892 921 3948 Christo
938 3894 1042 3948 hoc
1061 3893 1362 3950 dicitur.Et
1377 3893 1510 3966 quid
1529 3895 1756 3962 mirum,
1846 3899 2036 3948 mento
2067 3894 2161 3948 illo
2191 3893 2502 3964 dixit,quod
2532 3897 2812 3946 vetustum
2835 3895 2922 3945 est
2946 3909 2957 3944 :
2998 3911 3019 3939 ι
3060 3889 3220 3954 Quod
3250 3895 3441 3944 autem

182 3971 218 4026 si
241 3989 374 4030 nunc
393 3994 509 4034 non
527 3986 620 4034 est
642 3980 896 4036 voluntas
916 3981 1016 4036 Dei
1036 3981 1095 4036 in
1115 3982 1390 4052 sanguine
1403 3983 1688 4038 hircorum
1704 3988 1762 4037 et
1840 3983 2138 4038 veterascit
2161 3989 2218 4037 et
2237 3982 2497 4048 senescit,
2525 3981 2838 4054 proximum
2861 3978 3246 4034 estinteritui.
3265 3996 3292 4030 α
3323 3978 3442 4034 Hoc

181 4065 469 4132 taurorum,
485 4068 630 4124 dum
643 4085 742 4140 per
756 4069 1088 4142 prophetam
1105 4071 1309 4126 Isaiam
1332 4071 1561 4126 dicitur:
1589 4072 1758 4136 «Quis
1841 4077 2030 4126 autem
2059 4073 2482 4126 Testamentum
2512 4072 2729 4125 Novum
2758 4075 2816 4124 et
2841 4068 3228 4122 remissionem
3247 4083 3441 4140 pecca-

184 4166 204 4199 ε
224 4155 467 4223 quaesivit
485 4157 611 4212 haec
635 4157 703 4212 de
719 4157 980 4214 manibus
1001 4159 1374 4228 vestris?(lsa.
1396 4161 1621 4230 1)»Dum
1644 4160 1761 4215 haec
1843 4167 2028 4216 torum
2059 4160 2303 4227 habens;
2345 4160 2486 4214 illud
2517 4165 2708 4214 autem
2733 4157 2874 4211 nihil
2896 4155 3220 4227 hujusmodi
3255 4173 3266 4208 :
3303 4153 3441 4209 illud

179 4240 399 4298 noluisti.
430 4263 457 4296 ς(
481 4247 648 4303 Tunc
668 4246 780 4303 dixi
805 4263 930 4300 ecce
947 4248 1128 4302 venio.
1158 4268 1183 4299 »
1211 4267 1236 4298 «
1254 4249 1316 4302 In
1340 4266 1451 4319 qua
1475 4250 1760 4304 voluntate
1843 4250 2070 4321 quidem
2093 4248 2494 4315 manufactum,
2521 4249 2625 4304 hoc
2649 4251 2837 4302 autem
2870 4262 2982 4300 non
3007 4243 3390 4298 manufactum
3423 4263 3435 4313 ;

177 4327 291 4384 salvi
319 4333 448 4392 facti
479 4351 703 4391 sumus.
737 4334 1061 4400 nQuomodo
1097 4336 1234 4390 salvi
1277 4336 1406 4390 facti
1441 4337 1672 4392 sumus?
1697 4339 1758 4394 Id

175 4423 260 4477 est,
283 4437 309 4472 ε
330 4439 430 4491 per
457 4423 808 4480 oblationem
835 4425 1084 4496 corporis
1104 4427 1132 4480 J
1137 4442 1236 4480 esu
1257 4427 1451 4480 semel.
1474 4427 1538 4480 Et
1575 4427 1756 4481 omnis

177 4505 372 4574 quidem
395 4513 666 4569 sacerdos
703 4517 908 4584 praesto
945 4530 1066 4568 esse
1103 4513 1269 4568 debet
1311 4515 1559 4586 quotidie
1589 4515 1754 4568 mini-

172 4600 724 4658 stransaMinistrare
755 4606 946 4660 autem
974 4601 1317 4658 famulorum
1335 4607 1440 4668 est,
1457 4603 1652 4657 sedere
1667 4621 1756 4657 ve-

174 4696 226 4737 ro
247 4683 626 4746 dominorum.
662 4689 822 4747 Unde
843 4696 899 4744 et
917 4690 1071 4757 dicit,
1107 4709 1134 4744 α
1167 4691 1336 4746 Sedet
1364 4691 1436 4745 ad
1467 4692 1756 4748 dexteram

173 4768 272 4826 Dei.
303 4794 329 4827 ι
361 4777 730 4852 Quapropter
748 4797 773 4831 «
801 4795 973 4836 unam
1003 4779 1241 4837 offerens
1270 4781 1529 4846 hostiam,
1567 4800 1592 4832 »
1631 4798 1755 4851 quae

174 4859 362 4919 salvere
391 4874 642 4940 potest,«
661 4866 719 4922 in
735 4869 1252 4940 perpetuumsedet
1272 4870 1343 4922 ad
1369 4869 1623 4924 dextram
1646 4871 1752 4924 Pa-

171 4949 271 5018 tris,
302 4953 370 5010 de
400 4963 648 5012 «caetero
668 4962 1015 5027 exspectans,
1039 4958 1214 5012 donec
1235 4958 1754 5028 popantur,inimici

173 5037 273 5104 ejus
292 5042 608 5102 scabellum
635 5045 845 5116 pedum
867 5047 1157 5118 ejusaQui
1190 5053 1324 5102 sunt
1351 5046 1564 5101 inimici
1594 5047 1754 5117 ejus?

171 5123 321 5184 Judaei
349 5131 623 5188 videlicet
651 5141 709 5188 et
727 5151 920 5191 omnes
939 5133 1212 5200 inﬁdeles,
1239 5136 1336 5208 qui
1360 5137 1416 5190 in
1447 5137 1538 5190 die
1557 5135 1754 5208 judicii

173 5211 450 5276 (humandi
480 5228 625 5278 sunt
641 5222 710 5278 ab
731 5239 816 5284 eo,
831 5229 888 5276 et
907 5223 995 5277 hic
1024 5223 1374 5279 nimietatem
1397 5225 1662 5296 potentiae
1683 5225 1754 5278 si-

165 5303 534 5370 Μίδαι-ΜΩ
557 5309 699 5366 dixit
713 5310 1237 5382 subjiciantur,sed«
1255 5319 1318 5368 ut
1332 5320 1644 5384 ponantur»
1652 5312 1754 5367 sub

170 5393 379 5460 pedibus
406 5401 558 5468 ejus.
591 5400 713 5456 Non
739 5399 916 5472 igitur
947 5401 1256 5456 efficiamur
1283 5419 1350 5456 ex
1380 5419 1616 5460 numero
1646 5401 1755 5456 ini-

170 5479 422 5544 micorum
447 5505 460 5541 :
491 5503 613 5544 non
644 5488 796 5544 enim
829 5490 932 5546 soli
964 5490 1296 5563 inimici,qui
1319 5491 1574 5546 inﬁdeles
1605 5495 1752 5558 sunt,

170 5570 250 5626 sed
269 5573 439 5634 etiam
457 5575 564 5648 qui
595 5576 707 5635 vita
732 5577 1027 5637 immunda
1053 5580 1204 5653 pleni
1232 5587 1383 5639 sunt.
1406 5600 1431 5631 (ι
1451 5579 1761 5639 Prudentia

1843 4339 1980 4392 illud
2012 4338 2237 4409 quidem
2267 4339 2598 4409 sanguinem
2635 4337 2917 4390 hircorum
2949 4333 3319 4398 habebat,hoc
3344 4349 3442 4388 au-

1843 4434 1958 4480 tem
1988 4426 2239 4494 Domini;
2272 4427 2411 4480 illud
2442 4427 2669 4496 quidem
2697 4430 2940 4478 stantem
2960 4420 3439 4488 sacerdotem,hoc

1838 4523 2028 4571 autem
2054 4516 2363 4572 sedentem.
2391 4515 2667 4580 Quoniam
2691 4512 2864 4583 igitur
2886 4515 3085 4565 cuncta
3108 4509 3204 4562 illa
3219 4509 3441 4564 minora

1837 4606 2110 4663 sunthaec
2138 4609 2325 4658 autem
2349 4597 3133 4676 majora,proptereainquit,«
3151 4596 3436 4651 Habentes

1838 4693 2027 4764 igitur,
2043 4693 2264 4760 fratres,
2291 4692 2573 4746 fiduciam.
2602 4710 2627 4743 ι
2654 4689 2850 4746 Unde?
2882 4690 2918 4742 S
2941 4693 3034 4741 cut
3061 4685 3213 4740 enim
3243 4685 3440 4740 confu-

1837 4780 2052 4835 sionem
2080 4780 2293 4836 faciunt
2311 4786 2554 4852 peccata,
2575 4779 2652 4832 sic
2676 4778 2938 4832 fiduciam
2961 4774 3215 4830 omnium
3246 4775 3442 4830 remis-

1837 4869 1920 4924 sio
1951 4875 2312 4942 peccatorum
2347 4889 2356 4922 :
2396 4875 2452 4923 et
2471 4868 2620 4942 quod
2647 4866 2964 4922 cohaeredes
3011 4863 3193 4919 effecti
3220 4880 3434 4930 sumus,

1837 4964 1894 5013 et
1916 4959 2064 5030 quod
2109 4965 2270 5014 tanta
2315 4957 2613 5012 dilectione
2651 4956 2908 5011 fruimur.
2945 4975 2966 5005 ι
3015 4954 3080 5008 In
3122 4951 3436 5020 introitum,

1836 5046 2038 5120 inquit,
2077 5054 2416 5102 sanctorum.
2459 5067 2478 5097 ι
2515 5046 2814 5101 Introitum
2859 5044 2949 5097 hic
2985 5041 3186 5096 caelum
3219 5039 3356 5096 dicit
3383 5043 3442 5093 et

1837 5153 2123 5190 accessum
2169 5137 2238 5189 ad
2277 5134 2570 5207 spiritalia.
2627 5155 2653 5187 σι
2703 5135 2883 5198 Quam
2915 5129 3209 5186 dedicavit.
3248 5146 3272 5178 ι
3320 5128 3438 5184 Hoc

1837 5229 1940 5290 est,
1975 5241 2146 5294 quam
2196 5224 2522 5289 construxit,
2559 5239 2726 5294 quam
2775 5217 3111 5294 praeparavit
3155 5221 3212 5271 et
3267 5232 3439 5287 quam

1838 5313 2096 5367 initiavit.
2131 5311 2416 5367 Dedicatio
2447 5312 2652 5384 quippe
2708 5311 2912 5365 dicitur
2953 5306 3176 5360 initium
3219 5303 3434 5359 utendi.

1841 5402 2022 5466 Quam
2044 5401 2396 5474 praeparavit,
2423 5401 2625 5471 inquit,
2648 5407 2704 5454 et
2723 5417 2824 5471 per
2842 5414 3010 5469 quam
3033 5395 3150 5466 ipse
3172 5393 3436 5464 perrexit.

1848 5510 1870 5540 ε
1905 5491 2064 5544 Viam
2096 5507 2296 5544 novam
2327 5495 2385 5543 et
2414 5490 2613 5543 vivam.
2646 5511 2668 5540 ι
2711 5489 2814 5543 Hic
2854 5483 3292 5540 satisfactionem
3321 5481 3441 5552 spei

1847 5579 2112 5645 declarat,
2172 5595 2372 5633 novam
2423 5577 2632 5638 dicens.
2678 5578 2926 5632 Conatur
2965 5573 3115 5628 enim
3145 5569 3439 5624 ostendere
