3854 6164
407 309 508 364 783

997 305 1058 358 B.
1102 301 1373 356 RABANI
1414 303 1644 358 MAURI
1681 305 2016 358 ARCHIEP.
2061 272 2384 358 MOGUNT.
2427 301 2944 356 OPERUMPARS
2983 301 3080 354 III.

3512 312 3590 366 784

403 438 599 485 cuncta
619 425 1476 498 majoranoshabere,siquidem
1492 444 1640 479 nunc
1656 433 1862 497 apertae
1877 429 2338 487 suntAnostrz’e?
2387 427 2534 480 Dicit
2562 426 2712 479 enim
2755 427 2864 478 alio
2910 427 3030 478 loco
3063 443 3074 476 :
3122 445 3144 475 «
3191 427 3426 482 Dominus
3457 449 3594 503 prope

404 525 578 590 porta
609 519 750 582 coeli,
784 519 931 588 quod
963 533 1143 586 neque
1165 516 1233 568 ad
1264 514 1544 568 Abraham
1569 516 1820 585 contigit.
1842 517 2004 570 Viam

402 623 602 662 novam
615 607 756 660 dixit
775 607 931 658 vitae:
961 605 1058 658 sed
1083 605 1226 656 viam
1249 604 1472 673 [vivam]
1487 605 1638 657 illam
1663 607 1891 664 vocavit,
1903 605 2004 658 hoc

403 700 508 763 est,
525 700 818 766 praecepta.
842 696 966 764 Ipse
1006 699 1195 746 autem
1227 693 1504 745 dedicavit
1533 710 1732 762 novam
1751 713 1760 745 :
1780 693 2020 762 dedica-_

401 785 482 838 vit
511 789 700 838 autem
723 784 878 837 illam
899 783 1002 835 hac
1032 781 1269 847 ratione,
1287 781 1550 850 quoniam
1571 781 1690 852 ipse
1722 782 1777 835 in
1801 800 1866 835 ea
1883 800 2004 853 per-

401 873 562 927 rexit.
595 873 990 926 Velamentum
1009 877 1196 924 autem
1215 870 1418 923 merito
1435 871 1647 924 vocavit
1669 890 1680 923 :
1705 888 1829 924 cum
1853 872 2003 924 enim

403 962 650 1016 elevatus
666 965 811 1014 esset
825 961 879 1014 in
900 960 1324 1024 excelsum,tum
1341 961 1999 1029 apparueruntcoelestia.

477 1069 501 1100 «
531 1049 876 1104 Accedamus
904 1065 1031 1102 cum
1063 1064 1194 1100 vero
1217 1048 1381 1100 corde
1403 1048 1458 1100 in
1483 1048 1829 1118 plenitudine
1852 1049 1999 1115 ﬁdei,

406 1158 431 1191 ((
465 1138 675 1208 aspersi
706 1138 875 1191 corda
905 1154 939 1190 a
977 1136 1318 1190 conscientia
1359 1136 1526 1200 mala,
1570 1141 1626 1188 et
1667 1136 1840 1189 abluti
1882 1153 2004 1189 cor-

407 1245 429 1279 α
464 1244 569 1298 pus
597 1243 746 1297 aqua
771 1226 999 1279 munda.
1023 1245 1048 1277 ))
1069 1223 1351 1294 (Joan.)ln
1375 1241 1483 1294 quo
1507 1225 1834 1278 accedamus
1847 1226 2011 1279 ?San-

401 1317 615 1380 ctitate,
651 1315 778 1380 ﬁde,
805 1313 1044 1385 spiritali
1064 1314 1300 1366 cultura.
1332 1331 1355 1363 (ι
1384 1313 1448 1365 In
1478 1313 1659 1365 veraci
1703 1313 1866 1366 corde
1888 1314 2010 1366 sine

402 1405 780 1471 simulatione,
812 1403 870 1456 in
902 1402 1278 1456 satisfactione
1305 1401 1465 1467 ﬁdei;
1501 1401 1634 1471 quia
1660 1401 1798 1454 nihil
1815 1409 1898 1454 est
1924 1403 2006 1454 vi-

403 1493 563 1547 sibile
577 1494 799 1557 horum,
823 1508 1004 1561 neque
1033 1491 1291 1544 sacerdos
1305 1491 1631 1559 jam,neque
1645 1490 2001 1556 sacriﬁcium,

403 1599 586 1652 neque
615 1582 810 1634 altare.
835 1581 1158 1650 Propterea,
1186 1579 1386 1649 inquit,
1427 1597 1452 1629 (ι
1477 1579 1533 1631 in
1563 1579 1908 1648 plenitudine
1939 1582 2006 1633 ﬁ-

402 1671 512 1724 dei.
550 1689 575 1722 »
603 1669 693 1723 Sic
721 1674 944 1739 oportet
972 1669 1217 1733 credere,
1243 1669 1521 1738 quomodo
1551 1667 1688 1720 certi
1721 1685 1915 1722 sumus
1937 1668 2006 1722 de

2087 521 2190 577 est,
2217 517 2356 569 nihil
2379 515 2600 568 solliciti
2641 515 2764 567 sitis
2805 515 3028 581 (Philip.
3063 514 3150 582 Iv).
3186 535 3206 564 ι
3237 515 3289 568 id
3311 525 3398 581 est,
3427 519 3483 570 de
3513 525 3599 573 ter-

2087 605 2270 672 renis;
2307 610 2363 658 et
2417 605 2551 657 item
2597 623 2608 656 :
2656 605 2811 656 Tunc
2855 622 2878 653 (ι
2921 619 3145 672 propior
3183 611 3260 656 est
3315 604 3450 658 nobis
3480 609 3600 662 salus

2086 698 2298 759 nostra,
2323 709 2490 762 quam
2524 708 2648 743 cum
2690 690 3029 743 credidimus
3077 691 3238 756 (Item.
3269 695 3385 760 xm).
3418 714 3439 743 »
3472 694 3603 747 Tem-

2066 799 2189 851 .pus
2219 781 2364 834 enim
2387 780 2772 833 abbreviatum
2805 785 2908 832 est.

2162 889 2183 920 σι
2223 869 2550 922 Voluntarie
2581 869 2730 920 enim
2773 867 3126 938 peccantibus
3176 866 3323 920 nobis
3349 875 3458 938 post
3493 887 3612 922 acce-

2090 975 2114 1007 a
2148 965 2301 1028 ptam
2320 957 2575 1012 notitiam
2605 957 2852 1010 veritatis
2875 958 2994 1025 jam
3016 973 3124 1009 non
3143 957 3448 1026 relinquitur
3468 958 3610 1010 hostia

2091 1067 2112 1098 ι
2149 1065 2248 1117 pro
2269 1047 2528 1117 peccatis.
2571 1066 2592 1096 ι)
2624 1048 2788 1113 (.41b.)
2820 1046 3028 1115 Sponte
3063 1061 3292 1115 namque
3315 1045 3613 1116 peccantibus

2088 1135 2266 1200 nobis,
2295 1142 2589 1206 postquam
2615 1135 2928 1204 accepimus
2965 1134 3210 1187 veritatis
3238 1134 3553 1203 agnitionem,
3573 1140 3616 1186 et

2095 1225 2244 1277 ultra
2271 1241 2380 1278 non
2427 1224 2764 1294 relinquitur
2795 1223 2979 1276 hostia
3017 1240 3116 1292 pro
3159 1223 3398 1292 peccatis,
3433 1222 3554 1275 sicut
3573 1222 3619 1274 in

2094 1313 2265 1366 veteri
2287 1314 2408 1382 lege
2437 1313 2707 1366 donatum
2736 1311 2844 1364 fuit
2884 1311 3097 1364 hostias
3125 1312 3312 1364 offerre
3347 1311 3520 1380 sepius
3543 1327 3620 1380 pro

2088 1407 2335 1472 peccato.
2369 1403 2562 1472 Neque
2584 1401 2732 1454 enim
2761 1401 3016 1454 Christus
3038 1400 3154 1470 ipse
3175 1400 3364 1453 iterum
3380 1397 3621 1452 immolan-

2091 1491 2194 1543 dus
2227 1497 2311 1543 est
2340 1508 2438 1560 pro
2487 1490 2730 1560 peccatis
2775 1489 2980 1542 nostris
3015 1509 3026 1542 :
3075 1489 3176 1542 hoc
3213 1487 3352 1542 enim
3385 1487 3532 1540 semel
3562 1485 3624 1538 fa-

2089 1586 2244 1633 ctum
2282 1585 2386 1645 est,
2410 1587 2466 1632 et
2497 1579 2738 1632 secundo
2772 1595 2884 1631 non
2905 1583 2990 1631 est
3017 1595 3186 1648 opus;
3219 1577 3307 1630 sed
3339 1575 3494 1644 magis
3519 1590 3628 1644 opus

2089 1675 2188 1731 est,
2229 1675 2353 1737 post
2373 1673 2656 1738 acceptam
2685 1668 2927 1736 gratiam
2952 1682 3276 1737 permanere
3303 1665 3356 1718 in
3375 1663 3471 1716 ﬁde
3496 1669 3543 1716 et
3565 1679 3630 1714 ve-

403 1757 728 1823 visibilibus,
764 1763 821 1811 et
861 1758 1042 1810 adhuc
1083 1757 1344 1827 amplius,
1381 1757 1484 1809 Hic
1515 1757 1666 1809 enim
1703 1757 2001 1826 aliquando
2023 1745 2545 1810 Britatebonorum
2581 1753 3292 1826 operum/Jour:.)Arbores
3315 1769 3425 1822 quae
3441 1750 3632 1804 benein-

401 1847 584 1902 carnis
613 1863 808 1900 sensus
845 1852 1040 1899 errant
1068 1845 1124 1898 in
1164 1845 1252 1898 his
1281 1863 1404 1914 qua:
1435 1845 1696 1898 videntur
1729 1863 1739 1897 :
1770 1845 1882 1898 illic
1911 1863 2006 1899 au-

311 1994 326 2006 .
399 1942 517 1990 tem
546 1952 918 2006 nequaquam,
951 1935 1085 2005 quia
1111 1935 1313 2004 spiritu
1342 1934 1618 2004 spiritalia
1645 1935 2001 2004 percipimus,

401 2031 460 2079 et
505 2042 616 2079 non
655 2025 785 2078 licet
815 2023 1072 2077 hazsit-are
1127 2023 1196 2076 de
1246 2024 1345 2076 eis.
1383 2024 1514 2076 Ideo
1569 2023 1668 2084 ait,
1715 2041 1740 2074 ι(
1779 2023 2005 2092 Aspersi

401 2114 573 2168 corda
593 2130 628 2166 a
655 2113 996 2166 conscientia
1024 2113 1190 2164 mala.
1231 2132 1252 2160 ι)
1279 2111 1537 2165 Ostendit
1565 2111 1697 2181 quia
1723 2128 1832 2165 non
1867 2112 2004 2165 ﬁdes

403 2203 540 2268 sola,
565 2201 662 2256 sed
692 2201 863 2256 etiam
895 2201 1008 2254 vita
1036 2218 1164 2253 cum
1201 2201 1407 2253 virtute
1443 2200 1728 2270 quaeritur,
1775 2201 1906 2270 quia
1947 2203 2007 2254 ﬁ-

403 2291 502 2346 des
540 2291 661 2344 sine
709 2289 968 2361 operibus
1017 2289 1197 2342 otiosa
1239 2295 1342 2342 est.
1390 2289 1474 2342 Illi
1532 2295 1721 2342 autem
1775 2306 2008 2359 corpora

404 2379 772 2444 mundabant,
833 2396 934 2432 nos
991 2377 1410 2431 conscientiam.
1459 2397 1484 2429 cl.
1540 2379 1608 2430 Et
1644 2378 1817 2430 abluti
1863 2395 2009 2448 aqua

403 2469 1000 2522 munda.»Lavacrum
1031 2466 1384 2536 baptismatis
1423 2466 1480 2518 in
1523 2467 1626 2519 hoc
1670 2467 1788 2519 loco
1831 2467 2001 2519 dicit:

402 2553 746 2626 baptismum
785 2555 933 2608 enim
981 2555 1228 2624 corporis
1274 2555 1564 2608 inundatio
1609 2571 1722 2607 non
1767 2561 1868 2620 est,
1910 2556 2007 2608 sed

405 2643 624 2708 animae,
659 2643 706 2696 si
738 2643 874 2696 ﬁdes
901 2642 1061 2696 adest
1089 2642 1386 2712 baptizato,
1419 2643 1533 2696 sive
1558 2649 1873 2712 parentum,
1895 2643 2008 2698 sive

406 2730 812 2800 suimetipsius,
838 2730 884 2782 si
906 2731 976 2782 ad
1004 2729 1394 2783 rationabilem
1417 2735 1637 2784 aetatem
1670 2731 2004 2801 perveniret.

410 2838 436 2871 «
465 2820 780 2874 Teneamus
812 2818 930 2888 spei
961 2824 1163 2872 nostrae
1205 2819 1610 2871 confessionem
1645 2819 2008 2872 indeclinabi-

409 2926 435 2960 «
469 2909 582 2962 lem
606 2926 616 2960 :
654 2907 832 2960 ﬁdelis
861 2911 946 2960 est
974 2906 1124 2960 enim
1145 2905 1240 2976 qui
1268 2907 1606 2976 repromisit.
1632 2927 1654 2957 ι
1689 2909 1892 2974 (Jama)
1916 2909 2010 2962 Ni-

405 2997 486 3050 hil
517 2995 667 3049 enim
700 2995 985 3060 scruteris,
1020 2994 1099 3047 nil
1126 2995 1362 3048 rationis
1395 3001 1695 3066 exspectes,
1731 2997 1837 3049 ﬁde
1867 3013 2006 3066 opus

2089 1846 2297 1899 stitutze
2317 1851 2466 1907 sunt,
2485 1852 2541 1898 et
2563 1850 2819 1898 eceteram
2839 1844 3160 1898 habuerunt
3187 1841 3505 1911 diligentiam

2089 1935 2337 1988 colarum
2371 1934 2682 1987 adhibitam
2717 1933 2975 1986 manibus
2998 1937 3166 2003 atque
3195 1926 3635 1994 laboribus,sinul-

2090 2023 2202 2076 lam
2233 2023 2480 2076 referant
2510 2022 2716 2076 laboris
2758 2021 3220 2084 vicissitudinem,
3248 2018 3494 2072 radicitus
3517 2014 3638 2068 evul-

2088 2129 2161 2166 sa}
2190 2112 2306 2180 igni
2335 2112 2652 2164 traduntur.
2687 2111 2818 2165 Tale
2850 2111 3118 2180 quiddam
3161 2110 3210 2162 ei
3237 2109 3294 2162 in
3322 2123 3476 2161 causa
3499 2102 3641 2157 conti-

2087 2200 2172 2270 git
2201 2200 2568 2270 baptismatis.
2605 2201 2746 2253 Cum
2770 2201 2921 2252 enim
2955 2199 3055 2252 n'os
3079 2198 3332 2252 Christus
3359 2191 3638 2252 instituerit,

2091 2295 2148 2342 et
2176 2289 2502 2357 irrigatione
2533 2288 2770 2359 spiritali
2790 2287 2949 2358 potiti
2980 2285 3321 2351 fuerimus,si
3342 2282 3521 2338 deinde
3545 2279 3644 2333 nul.

2091 2379 2204 2431 lum
2222 2379 2463 2431 fructum
2478 2377 2947 2446 all‘eramus,ignis
2960 2394 3060 2430 nos
3073 2373 3407 2446 exspectabit
3423 2371 3646 2442 gehennae

2091 2473 2148 2520 et
2169 2469 2396 2520 ﬂamma
2423 2466 2912 2536 inexstinguibilis.
2929 2465 3142 2518 Paulus
3157 2465 3327 2534 igitur
3343 2463 3572 2515 hortatur
3593 2455 3648 2508 ad

2090 2555 2420 2610 charitatem
2454 2561 2511 2608 et
2538 2555 3022 2608 fructiﬁcationem
3061 2553 3336 2607 bonorum
3355 2563 3577 2621 operum,
3597 2559 3650 2597 ex

2092 2641 2320 2698 utilibus
2350 2645 2610 2697 invitans.
2638 2645 2771 2707 Quae
2802 2649 2934 2697 sunt
2963 2650 3154 2696 autem
3185 2643 3301 2695 haec
3327 2636 3510 2693 utilia?
3537 2634 3652 2698 Quo-

2091 2733 2242 2785 niam
2273 2733 2567 2786 introitum
2594 2731 2867 2785 habemus
2897 2732 2966 2784 ad
2993 2737 3208 2796 sancta,
3231 2744 3394 2800 quam
3421 2719 3652 2779 dedicavit

2091 2821 2251 2874 nobis
2281 2821 2426 2873 viam
2458 2837 2678 2874 novam.
2723 2821 3023 2890 Postquam
3063 2837 3132 2873 ex
3177 2817 3405 2872 utilibus
3441 2808 3653 2867 invitavit

2091 2910 2162 2962 ad
2185 2927 2355 2979 opera
2387 2909 2548 2973 bona,
2575 2910 2692 2962 vult
2721 2909 2890 2966 etiam
2921 2925 3068 2962 nunc
3091 2926 3157 2962 ex
3184 2902 3488 2960 metuendis
3506 2907 3555 2952 et
3572 2895 3653 2950 tri-

2091 2998 2268 3052 stibus
2289 2999 2532 3068 idipsum
2563 2999 2697 3052 item
2733 2999 2931 3052 facere.
2982 2998 3296 3068 Postquam
3328 2993 3470 3048 enim
3491 2986 3654 3042 dixit:

405 3083 616 3138 habent
637 3084 751 3138 haec
771 3083 980 3149 omnia,
1015 3083 1147 3154 quia
1171 3103 1194 3134 α
1227 3083 1347 3137 sine
1378 3085 1484 3137 ﬁde
1514 3083 1854 3154 impossibile
1885 3087 2005 3155 pla-
2027 3059 2070 3120 C
2092 3105 2116 3135 «
2173 3089 2296 3141 Non
2347 3088 2802 3157 derelinquamus
2877 3085 3372 3156 congregationem
3427 3083 3655 3138 nostram,

403 3189 530 3228 cere
559 3175 676 3227 Deo
701 3175 882 3240 (Hebr.
908 3173 1040 3237 xm).
1079 3191 1103 3225 »
1130 3173 1285 3226 Sicut
1313 3173 1462 3226 Deus
1484 3173 1664 3226 ﬁdelis
1690 3173 1852 3226 estin
1881 3192 2006 3244 pro-

405 3261 590 3316 missis
621 3261 756 3326 suis,
806 3261 886 3314 ita
934 3261 1124 3314 ﬁdeles
1154 3261 1273 3314 vult
1318 3279 1418 3314 nos
1466 3279 1585 3315 esse
1623 3261 1681 3314 in
1719 3263 2006 3332 promissis

404 3351 632 3416 nostris,
666 3367 788 3420 qua:
809 3349 1066 3402 novimus
1086 3349 1306 3402 diabolo
1327 3351 1728 3417 contradicere,
1754 3357 1811 3404 et
1840 3352 2002 3406 Chri-

405 3443 492 3493 sto
524 3439 729 3492 dicere.
765 3457 791 3490 «
825 3439 893 3492 Et
938 3438 1356 3492 consideremus
1383 3423 1616 3492 invicem
1655 3440 1713 3492 in
1745 3457 2003 3510 provoca-

404 3545 430 3579 «
461 3529 616 3582 tione
643 3526 934 3580 charitatis
953 3531 1009 3580 et
1038 3526 1312 3580 bonorum
1334 3544 1586 3598 Operum,
1605 3546 1718 3582 non
1737 3529 2001 3582 deseren-

406 3635 432 3668 ς(
455 3621 541 3670 tes
561 3616 941 3670 collectionem
977 3620 1246 3679 nostram,
1285 3616 1430 3669 sicut
1475 3623 1561 3669 est
1589 3618 2008 3671 consuetudinis

403 3704 800 3776 quibusdam.»
839 3704 982 3768 Quid
1005 3709 1090 3758 est
1124 3723 1146 3753 «
1181 3705 1560 3775 intelligamus
1599 3705 1852 3760 invicem.
1889 3727 1915 3759 »
1949 3706 2007 3760 Si

403 3795 528 3865 quis
559 3794 728 3848 fuerit
748 3793 954 3846 virtute
1001 3793 1288 3862 praiditus,
1333 3795 1480 3846 hunc
1517 3794 1822 3860 imitemur,
1854 3801 1910 3848 et
1949 3795 2008 3848 in

401 3899 534 3936 eum
553 3883 932 3947 intendamus,
974 3887 1039 3934 ut
1065 3881 1366 3950 diligamus
1396 3888 1453 3935 et
1471 3883 1802 3952 diligamur:
1837 3901 1900 3936 ex
1928 3884 2008 3936 di-

399 3971 638 4024 lectione
669 3971 874 4040 quippe
903 3969 1052 4022 bona
1091 3986 1262 4040 opera
1300 3972 1460 4024 ﬁunt.
1502 3972 1770 4041 Magnum
1806 3973 2010 4043 quippe

398 4057 610 4112 bonum
651 4063 737 4112 est
779 4057 1138 4126 congregatio
1173 4075 1183 4109 :
1219 4057 1339 4128 ipsa
1391 4075 1632 4128 namque
1680 4060 2010 4114 charitatem

399 4152 668 4217 Operatur
695 4145 1108 4210 ferventiorem,
1140 4151 1197 4198 et
1227 4163 1292 4198 ex
1322 4163 1390 4200 ea
1421 4153 1622 4201 cuncta
1651 4147 1797 4202 bona
1837 4166 2008 4220 opera

398 4239 744 4305 generantur
776 4252 786 4286 ε
814 4234 957 4288 nihil
1007 4250 1250 4304 namque
1279 4234 1509 4301 bonum,
1557 4237 1704 4306 quod
1753 4254 1864 4291 non
1907 4256 2008 4308 per

399 4323 733 4378 charitatem
756 4323 837 4377 ﬁt.
865 4325 1033 4377 Istam
1065 4323 1236 4393 igitur
1254 4325 1716 4379 conﬁrmemusin
1746 4326 2000 4396 invicem,

399 4413 534 4484 quia
565 4432 591 4465 «
615 4411 902 4484 plenitudo
929 4413 1068 4482 legis
1113 4412 1356 4466 Charitas
1389 4418 1491 4466 est.
1525 4433 1549 4465 δ)
1584 4415 1709 4468 Non
1739 4415 1888 4468 enim
1919 4417 2003 4469 la-

399 4499 626 4556 boribus
654 4518 794 4572 opus
813 4501 1103 4567 habemus,
1135 4506 1235 4556 aut
1265 4501 1560 4556 sudoribus
1603 4521 1613 4554 :
1663 4503 1708 4556 si
1745 4504 2004 4558 dilexeri-

399 4606 526 4642 mus
549 4589 804 4647 invicem.
839 4596 1149 4660 spontanea
1169 4589 1329 4644 nobis
1357 4591 1445 4644 via
1483 4593 1876 4662 prosternitur,
1909 4594 2008 4647 du-

400 4694 532 4730 cens
553 4677 624 4731 ad
638 4677 902 4732 virtutem
926 4685 982 4732 et
1000 4680 1071 4732 ad
1086 4679 1352 4733 coelestia.
1380 4680 1535 4734 Sicut
1554 4682 1705 4734 enim
1729 4683 1785 4735 in
1803 4682 2007 4736 itinere

399 4765 692 4836 contingit,
707 4765 754 4818 si
767 4765 891 4836 quis
903 4766 1128 4820 initium
1142 4769 1584 4838 comprehendit,
1593 4775 1744 4823 re'cta
1754 4770 1842 4824 via
1859 4771 2008 4824 duci-

397 4857 512 4921 tur,
529 4853 626 4908 ubi
645 4859 894 4924 oportet:
911 4854 990 4908 sic
1012 4855 1183 4910 etiam
1207 4855 1264 4909 in
1285 4857 1558 4911 charitate
1579 4877 1590 4922 ;
1614 4863 1836 4912 tantum
1861 4859 2002 4912 arri-

399 4959 468 5014 pe
498 4942 920 5015 principium,et
950 4944 1140 4997 statim
1171 4961 1402 4998 manum
1427 4945 1529 4998 tibi
1561 4946 1832 5016 praebens,
1883 4947 2005 5018 ipsa

399 5037 455 5086 te
483 5031 639 5086 ducit
667 5039 724 5085 et
741 5031 952 5101 dirigit.
973 5051 998 5083 ε(
1023 5033 1196 5098 Sicut,
1220 5032 1420 5103 inquit,
1462 5040 1547 5087 est
1585 5035 2003 5090 consuetudinis

402 5119 738 5190 quibusdam
765 5140 786 5170 ι
816 5119 984 5188 (Αιὺ.)
1002 5121 1066 5174 In
1095 5121 1199 5174 hoc
1218 5122 1338 5174 loco
1360 5139 1471 5176 non
1490 5123 1671 5176 solum
1689 5124 1999 5189 admonuit,

401 5209 498 5262 sed
529 5209 699 5262 etiam
743 5209 988 5279 culpavit
1029 5214 1086 5263 et
1135 5210 1338 5264 terruit
1395 5211 1668 5265 unitatem
1713 5213 2002 5266 charitatis

401 5295 736 5350 scindentes.
773 5315 798 5346 (ί
833 5297 942 5352 Sed
969 5299 1320 5352 consolantes
1341 5305 1398 5352 et
1424 5306 1581 5354 tanto
1598 5301 1797 5371 magis,
1831 5319 2002 5372 quan-

398 5386 458 5437 to
487 5381 737 5436 videritis
772 5386 1317 5456 appropinquantem
1347 5388 1516 5442 diem.
1557 5408 1582 5442 »
1633 5390 1812 5453 Quem
1853 5390 2000 5444 diem

399 5469 676 5540 designat,
701 5470 809 5524 nisi
837 5473 986 5526 diem
1009 5475 1224 5543 judicii,
1263 5476 1321 5529 in
1353 5493 1462 5546 quo
1499 5478 1848 5549 singulorum
1880 5495 1998 5533 me-

398 5557 510 5614 rita
538 5558 948 5628 examinantur,
1003 5563 1084 5616 vel
1127 5563 1297 5616 etiam
1346 5571 1655 5620 extremum
1695 5567 1844 5621 diem
1873 5567 1997 5622 vitze

2088 3177 2558 3246 quemadmodum
2583 3176 2914 3246 quibusdam
2933 3191 3067 3228 usus
3083 3181 3190 3240 est,
3214 3173 3310 3227 sed
3343 3171 3658 3225 exhortantes

2085 3271 2243 3318 tanto
2255 3265 2494 3335 amplius
2507 3271 2714 3334 quanto
2727 3264 2924 3317 videtis
2934 3263 3472 3335 appropinquantem
3485 3257 3656 3318 diem,»

2087 3353 2276 3406 intulit
2299 3354 2488 3406 dicens
2513 3372 2523 3405 :
2564 3372 2589 3403 α
2619 3355 2827 3424 Sponte
2859 3369 3105 3423 namque
3152 3347 3502 3423 peccantibus
3527 3339 3659 3396 nobis

2093 3461 2120 3494 α
2147 3449 2444 3512 postquam
2472 3442 2788 3512 accepimus
2813 3441 3064 3494 veritatis
3095 3440 3462 3512 agnitionem.
3491 3453 3512 3484 ι
3535 3433 3661 3500 Opus

2086 3536 2190 3594 est,
2213 3531 2414 3600 inquit,
2444 3529 2604 3584 bonis
2631 3528 2891 3600 operibus
2917 3548 2927 3581 :
2961 3546 3102 3600 opus
3148 3534 3236 3583 est
3265 3527 3433 3590 enim,
3457 3528 3511 3576 et
3531 3516 3661 3572 valde

2091 3635 2230 3688 opus
2253 3624 2354 3672 est.
2394 3637 2418 3668 (ί
2451 3619 2660 3688 Sponte
2677 3635 2918 3688 namque
2950 3617 3314 3688 peccantibus
3347 3613 3516 3675 nobis,
3544 3617 3666 3680 post-

2091 3724 2258 3777 quam
2287 3707 2602 3777 arcepimus
2627 3707 2877 3760 veritatis
2900 3707 3274 3776 agnitionem,
3309 3705 3454 3757 ultra
3472 3714 3570 3753 non
3593 3710 3664 3747 re-

2089 3794 2364 3865 linquitur
2393 3795 2575 3848 hostia
2593 3812 2692 3865 pro
2721 3795 2981 3865 peccatis.
3008 3815 3033 3846 »
3057 3796 3372 3849 Mundatus
3401 3787 3670 3855 es,libel'€'s

2089 3901 2124 3936 a
2153 3883 2499 3949 criminibus,
2532 3884 2714 3936 factus
2736 3901 2794 3936 es
2823 3883 2972 3936 ﬁlius
2991 3883 3113 3937 Dei.
3143 3884 3205 3937 Si
3236 3883 3308 3936 ad
3339 3880 3568 3950 primum
3591 3887 3668 3923 νο·

2091 3971 2295 4025 mitum
2323 3988 2582 4024 reversus
2612 3971 2804 4035 fueris,
2831 3971 2984 4024 aliud
3028 3976 3084 4023 te
3117 3975 3411 4042 exspectat
3433 3961 3672 4036 judicium

2092 4059 2198 4113 nisi
2229 4077 2328 4131 per
2357 4061 2748 4130 paenitentiam
2787 4064 3087 4113 renovatus
3126 4059 3326 4112 fueris.
3358 4057 3485 4112 Ideo
3513 4049 3673 4105 subse-

2089 4155 2327 4219 quenter
2355 4149 2435 4202 ait
2468 4167 2478 4200 :
2510 4167 2535 4200 α
2560 4148 2848 4202 Terribilis
2863 4155 3052 4202 autem
3084 4149 3352 4219 quaedam
3379 4135 3676 4214 exspectatio

2091 4257 2116 4290 «
2141 4238 2420 4308 judicii,et
2438 4238 2582 4306 ignis
2605 4237 2904 4303 aemulatio,
2922 4254 3044 4307 quae
3060 4243 3474 4306 consumptum
3499 4235 3576 4284 est
3595 4223 3676 4278 ad-

2090 4345 2116 4378 «
2148 4326 2440 4380 versarios.
2479 4345 2503 4378 ›)
2536 4329 2600 4381 In
2627 4327 2730 4380 hoc
2757 4343 2869 4380 non
2893 4325 3294 4396 paenitentiam
3331 4319 3570 4384 exclusit,
3597 4329 3678 4368 ne-

2087 4433 2194 4486 que
2224 4415 2679 4486 propitiationcm
2703 4432 2826 4485 quae
2856 4415 2919 4468 ﬁt
2947 4431 3045 4485 per
3079 4413 3499 4484 pmnitentiam,
3527 4417 3678 4473 neque

2089 4505 2309 4574 repellit
2329 4510 2384 4558 et
2399 4504 2590 4573 dejicit
2617 4521 2718 4574 per
2747 4504 3205 4574 desperationem
3235 4501 3638 4572 delinquentem
3664 4507 3673 4539 1

2089 4609 2200 4646 non
2236 4593 2386 4646 enim
2413 4592 2494 4646 ita
2516 4599 2601 4646 est
2629 4592 2889 4646 inimicus
2919 4593 3118 4660 salutis
3139 4598 3376 4646 nostrae.
3401 4588 3506 4642 Sed
3534 4576 3680 4654 quid?
3735 4592 3746 4604 '

2091 4682 2406 4734 Secundum
2436 4698 2680 4751 namque
2711 4681 2948 4736 exclusit
2975 4681 3268 4735 lavacrum
3297 4670 3681 4750 baptismiNou

2089 4771 2240 4823 enim
2265 4771 2421 4836 dixit,
2447 4771 2570 4824 Non
2601 4777 2686 4823 est
2722 4766 2871 4824 ultra
2911 4769 3253 4840 poenitentia
3284 4789 3294 4822 :
3335 4781 3514 4836 neque
3543 4757 3678 4818 dixit,

2089 4859 2251 4912 Ultra
2279 4876 2392 4912 non
2423 4865 2505 4912 est
2536 4859 2820 4924 remissio;
2846 4859 2944 4912 sed
2974 4859 3179 4922 hostia,
3197 4857 3409 4928 inquit,
3427 4853 3567 4907 ultra
3588 4859 3682 4900 non

2086 4952 2188 5013 est,
2213 4948 2316 5000 hoc
2347 4954 2597 5010 est,crux
2627 4948 2872 5001 secunda
2897 4947 3045 5000 ultra
3075 4964 3192 5000 non
3225 4951 3334 5000 est.
3366 4963 3393 4997 α
3418 4945 3537 4998 Una
3554 4950 3686 4991 nam-

2087 5052 2194 5105 que
2213 5035 2443 5105 perfecit
2472 5021 2534 5088 in
2560 5041 2893 5106 perpetuum
2925 5051 3020 5088 eos
3051 5035 3146 5106 qui
3194 5033 3631 5088 sanctiﬁcantul‘i
3656 5037 3677 5070 ν

2086 5139 2198 5177 non
2229 5123 2372 5181 sicut
2400 5124 2593 5178 hostiae
2633 5124 2898 5189 Judaicze,
2949 5128 3139 5177 cautos
3187 5140 3296 5176 nos
3345 5122 3534 5175 volens
3585 5109 3694 5167 eﬂi-‘

2085 5229 2229 5277 cere,
2283 5230 2352 5266 ne
2396 5215 2562 5279 ultra,
2599 5215 2682 5267 vel
2714 5230 2936 5266 crucem
2973 5211 3201 5278 Christi,
3239 5212 3330 5264 vel
3362 5207 3572 5263 hostias
3608 5201 3686 5254 Ju-

2083 5302 2268 5354 daicas
2299 5309 2680 5373 exspectemus
2709 5319 2808 5372 pro
2837 5301 3096 5372 peccatis.
3131 5301 3206 5354 Et
3237 5299 3561 5370 quicunque
3587 5305 3687 5363 p0"

2083 5391 2333 5444 nitentiaa
2361 5391 2833 5444 medicamentum
2862 5389 3190 5459 neglexerit,
3231 5388 3386 5459 ignis
3431 5377 3687 5439 aemulatio

2083 5478 2308 5532 devoret
2336 5495 2484 5532 eum.
2519 5479 2874 5550 Quapropter
2901 5477 3298 5548 unusquisque
3320 5476 3394 5530 ad
3425 5471 3686 5546 paeniten-

2078 5567 2190 5633 tiae,
2224 5569 2358 5622 dum
2387 5573 2612 5638 tempus
2641 5568 2828 5633 habet,
2866 5567 3351 5622 medicamentum
3398 5558 3683 5629 confugiat.
