3848 6164
593 257 1171 313 ENARRATIONUM
1208 259 1285 312 IN
1324 257 1478 311 EPP.
1520 256 1735 310 PAULI
1774 257 1911 311 LIB.
1955 258 2204 311 XXVIII.
2257 288 2319 297 —
2354 259 2431 312 IN
2470 260 2692 314 EPIST.
2735 261 2831 314 AD
2874 261 3087 315 IIEBR.
3386 258 3490 311 786

242 404 301 441 ne
327 386 427 455 igni
455 385 707 438 tradatur
734 389 961 436 aeterno.
998 400 1020 434 «
1057 384 1282 436 Irritam
1324 383 1450 453 quis
1478 383 1687 435 faciens
1716 384 1799 435 le-
1815 384 2126 443 Aincidere
2157 385 2213 438 in
2247 402 2449 439 manus
2478 386 2579 439 Dei
2593 386 2848 451 viventis,
2872 406 2892 435 ι
2910 386 3076 439 ﬁdem
3109 383 3317 445 faciens
3339 383 3485 453 quod

246 496 265 526 ι
289 491 401 545 gem
424 473 593 543 Moysi
613 472 734 525 sine
760 472 875 524 ulla
894 472 1255 525 miseratione
1269 489 1454 523 coram
1480 471 1697 523 duobus
1722 472 1805 524 vel
1888 473 2225 526 omnimodis
2259 480 2477 544 oportet
2508 475 2689 545 perire
2718 476 3085 545 injuriantem
3114 473 3356 543 gratiam
3385 470 3489 525 Dei

245 586 263 613 ι
294 562 453 615 tribus
482 560 714 614 testibus
744 561 1003 613 moritur.
1046 580 1065 609 ι
1102 562 1395 613 Terrorem
1429 560 1623 613 incutit
1641 561 1804 613 Chri-
1888 566 1945 612 et
1976 560 2207 630 Spiritui
2258 569 2449 616 sancto
2499 564 2897 617 contumeliam
2948 564 3264 626 facientem,
3300 566 3357 614 et
3385 561 3490 613 hoc

241 650 408 705 stianis
434 650 500 702 de
529 650 709 719 pomis
740 666 934 701 eorum
966 648 1061 718 qui
1094 649 1195 701 sub
1226 650 1348 717 lege
1386 656 1754 719 peccaverunt
1789 667 1799 701 :
1889 665 1952 702 ex
1984 650 2104 717 lege
2138 651 2314 721 Moysi
2351 652 2484 704 dicit
2518 670 2527 703 :
2565 653 2798 722 proinde
2828 670 2898 705 ne
2930 652 3106 705 multo
3148 651 3351 704 timore
3389 649 3489 703 de-

242 760 262 792 ‹
290 739 403 793 Sine
432 738 806 802 miseratione,
830 757 850 787 ν
880 737 1080 807 inquit,
1108 742 1170 790 ut
1186 738 1338 790 nulla
1359 738 1433 790 sit
1449 737 1628 801 venia,
1652 737 1806 789 nulla
1888 746 2229 807 sperantem,
2264 755 2297 791 a
2324 740 2557 793 tristitia
2582 747 2637 793 et
2668 741 3057 809 desperatione
3089 737 3374 792 absorberi
3404 735 3487 790 fa-

238 827 588 880 misericordia
618 826 709 887 sit,
735 843 1059 896 quanquam
1091 826 1268 896 Moysi
1302 834 1449 879 esset
1480 826 1575 878 illa
1606 827 1711 878 lex.
1747 826 1804 879 Si
1888 831 2056 887 ceret,
2089 828 2411 880 consolatur
2440 846 2534 881 eos
2566 846 2665 898 per
2704 829 2899 882 laudes
2949 833 3005 881 et
3050 827 3396 880 hortationes
3434 829 3491 878 et

235 916 326 968 duo
352 916 429 968 vel
458 920 589 980 tres,
616 915 760 967 sicut
790 915 881 967 ille
908 914 1199 984 disposuit,
1223 915 1614 979 testiﬁcantur,
1636 931 1805 984 super
1888 915 2302 969 aemulationem
2332 916 2698 970 domesticam
2738 918 2818 970 eis
2863 917 3168 987 proferens.
3206 935 3228 966 ι
3272 913 3488 968 Illumi-

234 1021 358 1059 eum.
381 1003 667 1057 confestim
683 1004 901 1072 judices
926 1004 1116 1073 populi
1134 1003 1392 1072 judicant
1411 1020 1541 1055 eum
1564 1004 1631 1056 ad
1653 1020 1803 1055 mor-
1887 1004 2023 1068 nati,
2052 1025 2071 1053 ν
2102 1004 2156 1056 id
2189 1010 2290 1069 est,
2327 1006 2621 1059 confortati
2654 1023 2754 1076 per
2783 1006 3029 1059 divinam
3058 1004 3489 1075 gratiam,«ma-

232 1100 344 1157 tem,
375 1092 419 1145 si
446 1092 557 1161 legi
588 1092 901 1145 contrarius
932 1092 1036 1144 fuit
1058 1098 1154 1144 aut
1176 1092 1520 1145 inobediens.
1543 1093 1610 1145 Et
1632 1093 1677 1144 si
1701 1092 1803 1144 hoc
1885 1110 2060 1161 gnum
2088 1098 2370 1146 certamen
2402 1094 2748 1147 sustinuistis
2776 1095 3120 1164 passionum.
3148 1112 3169 1142 ι
3205 1093 3330 1145 Non
3355 1090 3492 1144 dicit

233 1183 296 1234 ita
314 1187 389 1233 est
414 1180 468 1234 in
500 1180 675 1233 veteri
697 1181 838 1248 lege,
869 1180 961 1233 ubi
988 1181 1070 1233 lex
1086 1180 1261 1250 Moysi
1282 1180 1443 1232 irrita
1462 1182 1542 1233 ﬁt.
1572 1199 1596 1231 ((
1619 1182 1804 1243 Quan-
1886 1181 2216 1251 simpliciter
2244 1188 2546 1245 certamen,
2581 1184 2677 1236 sed
2726 1183 2883 1235 addit
2917 1202 2937 1231 ι
2971 1197 3276 1250 magnum;
3314 1197 3341 1233 ν
3387 1194 3490 1232 nec

235 1290 251 1320 ε
283 1276 331 1322 to
360 1269 552 1339 magis,
588 1269 771 1339 inquit
800 1270 1118 1339 Apostolus,
1148 1270 1360 1339 putatis
1382 1269 1661 1321 deteriora
1692 1286 1805 1321 me-
1887 1270 2024 1323 dixit
2059 1271 2419 1335 tentationes,
2453 1272 2551 1323 sed
2607 1288 2872 1341 pugnam,
2909 1271 3063 1341 quod,
3118 1270 3346 1340 quidem
3402 1273 3490 1321 est

233 1377 253 1410 ι
281 1359 375 1411 reri
419 1358 709 1428 supplicia,
742 1358 835 1428 qui
887 1358 1091 1411 Filium
1148 1358 1248 1410 Dei
1296 1357 1716 1422 conculcavcrit,
1750 1363 1807 1411 et
1887 1360 2076 1411 multa}
2107 1360 2288 1412 laudis
2318 1364 2373 1412 et
2387 1359 2759 1413 maximarum
2791 1359 3109 1430 przedicatio
3134 1358 3363 1411 laudum
3386 1372 3488 1428 pro

238 1469 255 1498 ε
286 1448 603 1516 sanguinem
632 1447 977 1500 Testamenti
1033 1447 1309 1517 pollutum
1342 1446 1579 1509 duxerit,
1614 1447 1669 1498 in
1697 1464 1805 1517 quo
1890 1448 2096 1501 Christi
2128 1449 2353 1501 nomine
2377 1450 2511 1519 pati.
2556 1470 2577 1499 α
2616 1450 2683 1501 Et
2730 1448 2785 1501 in
2816 1449 2993 1502 altero
3024 1448 3250 1519 quidem
3290 1462 3490 1517 oppro-

232 1555 253 1586 α
279 1537 639 1589 sanctiﬁcatus
669 1542 773 1600 est,
807 1544 864 1588 et
891 1536 1113 1606 spiritui
1161 1536 1356 1603 gratia)
1408 1535 1806 1588 contumeliam
1894 1558 1914 1586 α
1950 1537 2085 1589 briis
2116 1543 2171 1589 et
2200 1537 2655 1591 tribulationibus
2686 1537 3065 1607 spectaculum
3112 1536 3242 1589 facti
3268 1556 3278 1589 :
3313 1536 3373 1589 in
3404 1535 3487 1588 al-

233 1645 257 1676 ι
280 1624 496 1678 fecerit?
530 1644 557 1677 n
591 1626 814 1687 Quanto
845 1626 1027 1693 major
1055 1630 1139 1676 est
1168 1625 1423 1677 Christus
1457 1642 1623 1694 quam
1650 1626 1805 1694 Moy-
1893 1643 1917 1673 «
1950 1632 2071 1679 tero
2101 1634 2290 1679 autem
2320 1627 2451 1680 socii
2468 1626 3119 1680 taliterconversantium
3135 1624 3487 1678 eﬂ‘ecti.Nam

230 1731 316 1775 ses,
342 1714 521 1783 gratia
550 1730 719 1783 quam
740 1715 853 1778 lux,
887 1718 1044 1767 tanto
1078 1715 1293 1783 majora
1333 1713 1639 1765 merebitur
1668 1731 1801 1783 sup-
1823 1699 1868 1757 Β
1892 1732 1917 1764 (‹
1948 1722 2005 1767 et
2032 1715 2198 1768 vincti
2229 1717 2501 1787 compassi
2520 1717 2652 1769 estis
2690 1718 2890 1783 {Joan.)
2928 1736 2948 1765 ι
2982 1715 3144 1768 Modo
3163 1712 3486 1767 minutatim

228 1802 466 1872 plicia.Et
496 1802 779 1872 quomodo
810 1803 1101 1855 conculcat
1129 1803 1423 1871 quisquam
1448 1802 1648 1854 Filium
1669 1802 1803 1855 Dei?
1886 1820 1986 1873 per
2017 1810 2204 1873 partes
2255 1805 2614 1875 prosequitur
2659 1805 2855 1857 laudes
2905 1821 3118 1867 eorum,
3162 1803 3353 1856 dicens
3392 1818 3487 1856 eos

249 264 332 318 785

229 1890 430 1954 Quando
461 1892 617 1944 enim
645 1908 709 1944 ex
741 1908 805 1943 eo
837 1891 1065 1960 indigne
1096 1891 1464 1961 participatur
1493 1907 1592 1960 per
1621 1908 1801 1943 sacra-

226 1987 406 2043 menta,
439 1996 627 2033 nonne
655 1980 868 2049 grande
898 1985 1186 2049 peccatum
1230 1980 1575 2032 committit?
1614 1996 1797 2033 nonne

223 2067 359 2121 illum
387 2068 725 2122 conculcat?
783 2085 965 2121 nonne
1022 2069 1206 2139 ipsum
1253 2067 1605 2121 contemnit?
1645 2069 1801 2121 Sicut

223 2157 349 2209 enim
378 2174 443 2210 ea
473 2174 599 2227 quze
629 2158 1039 2221 conculcamus,
1070 2158 1278 2210 nullius
1312 2157 1577 2209 momenti
1610 2156 1801 2226 pendi-

220 2260 343 2309 mus,
362 2246 435 2298 sic
458 2252 517 2299 et
545 2246 641 2315 qui
664 2245 837 2298 libere
868 2252 1097 2316 peccant
1125 2246 1334 2315 absque
1364 2245 1563 2298 timore
1594 2251 1649 2298 et
1675 2245 1804 2299 abs-

221 2349 307 2402 que
345 2335 677 2405 pcenitentia
735 2334 1021 2388 Christum
1070 2336 1278 2387 nullius
1326 2334 1593 2387 momenti
1622 2335 1804 2387 existi-

219 2429 370 2483 mant,
402 2440 503 2476 nec
536 2440 667 2476 eum
692 2423 939 2492 judicem
972 2425 1222 2476 futurum
1254 2423 1575 2476 formidant.
1603 2424 1803 2476 Factus

219 2516 288 2563 est
312 2529 405 2581 per
444 2512 694 2582 gratiam
735 2529 936 2582 corpus
984 2512 1211 2575 Christi,
1275 2518 1330 2564 et
1386 2512 1629 2581 seipsum
1672 2511 1804 2565 facit

216 2615 392 2670 corpus
412 2600 647 2664 diaboli,
682 2606 738 2653 et
762 2601 1093 2669 sanguinem
1130 2600 1335 2654 Christi
1368 2601 1641 2670 pollutum
1670 2601 1803 2653 facit

211 2688 260 2741 in
287 2706 363 2753 eo,
384 2690 535 2759 quod
567 2690 874 2742 mundatus
898 2696 1000 2755 est,
1017 2694 1075 2742 et
1104 2690 1173 2742 ad
1204 2689 1472 2741 vomitum
1504 2690 1801 2742 revertitur

212 2777 510 2846 pristinum,
571 2784 629 2831 et
688 2778 933 2848 seipsum
993 2795 1093 2848 per
1140 2778 1529 2847 pmnitentiam
1592 2778 1797 2831 iterum

216 2867 464 2920 mundare
495 2867 828 2936 neglexerit.
852 2886 875 2918 (‹
898 2868 965 2920 Et
994 2867 1215 2937 spiritui
1235 2867 1431 2936 gratiae
1460 2867 1789 2935 injurians.»

214 2954 301 3017 Qui
326 2972 450 3008 vero
482 2955 822 3008 beneﬁcium
866 2972 978 3008 non
1011 2956 1272 3027 suscepit,
1307 2956 1597 3024 injuriavit
1624 2955 1793 3008 bene—

1885 1908 1994 1945 uon
2026 1894 2205 1945 solum
2235 1893 2473 1946 viriliter
2503 1893 2781 1947 sustinere
2814 1894 3102 1963 passiones
3125 1908 3225 1963 pro
3241 1891 3483 1959 Christo,

1881 1997 2071 2033 verum
2101 1981 2271 2033 etiam
2327 1988 2384 2034 et
2440 1981 2634 2035 vinctis
2688 1998 3005 2052 compassos
3060 1997 3180 2033 esse
3223 1996 3318 2034 eos
3383 1996 3485 2033 an-

1882 2070 2122 2123 nuntiat.
2163 2091 2183 2119 ι
2224 2071 2291 2123 Et
2322 2070 2776 2124 tribulationibus
2808 2069 3235 2140 opprobriisque
3265 2074 3484 2138 specta-

1884 2159 2069 2211 culum
2093 2159 2242 2211 facti.
2276 2180 2296 2207 ι
2331 2159 2527 2212 Gravis
2556 2160 2762 2229 quippe
2793 2176 2883 2212 res
2913 2165 3000 2211 est
3027 2156 3411 2227 opprobrium,
3428 2163 3486 2210 et

1886 2247 2084 2301 idonea
2111 2264 2145 2301 a
2176 2235 2559 2301 fortitudinem
2611 2248 2813 2301 animze
2849 2246 3276 2300 subvertendam
3318 2251 3376 2298 et
3412 2246 3484 2299 ad

1887 2336 2266 2389 excaecandam
2298 2342 2543 2389 mentem
2586 2342 2800 2406 potens.
2826 2335 3104 2399 Quoniam
3129 2334 3289 2387 valde
3317 2349 3483 2404 appe-

1886 2429 2010 2477 tens
2035 2431 2121 2477 est
2144 2426 2336 2494 gloriae
2364 2442 2542 2494 genus
2562 2426 2891 2487 humanum,
2917 2428 3215 2494 propterea
3235 2422 3405 2475 etiam
3425 2426 3484 2475 et

1886 2510 2197 2585 approbriis
2228 2514 2386 2567 facile
2409 2515 2738 2583 captivatur.
2774 2514 2841 2566 Et
2870 2529 2981 2566 non
3002 2511 3330 2581 simpliciter
3343 2510 3482 2565 dixit

1890 2624 1911 2653 α
1946 2603 2325 2673 opprobriis,»
2360 2604 2456 2655 sed
2482 2603 2652 2655 etiam
2689 2607 3055 2671 augmentum
3098 2600 3227 2653 fecit
3264 2600 3475 2665 dicens,

1887 2710 1913 2744 (ι
1945 2692 2325 2761 spectaculum
2358 2692 2506 2744 facti.
2546 2712 2567 2741 ιι
2603 2692 2743 2744 Cum
2772 2691 2923 2744 enim
2952 2695 3163 2743 secrete
3176 2688 3480 2759 exprobra-

1880 2785 1990 2845 tur,
2018 2781 2383 2833 contristatur
2412 2780 2658 2850 quidem,
2702 2780 2799 2833 sed
2839 2780 3016 2832 multo
3069 2778 3311 2849 amplius
3349 2794 3478 2831 cum

1880 2886 2067 2923 coram
2097 2869 2373 2921 omnibus.
2405 2869 2501 2922 Dic
2535 2869 2684 2922 enim
2718 2868 2876 2933 mihi,
2905 2873 3180 2939 quantum
3210 2873 3333 2921 erat
3362 2883 3477 2920 ma-

1878 2957 1995 3010 lum
2027 2958 2427 3011 descendentes
2457 2957 2526 3010 ab
2555 2958 2883 3010 inﬁrmitate
2912 2958 2939 3010 J
2946 2957 3164 3022 udaica,
3179 2961 3234 3009 et
3250 2956 3319 3009 ad
3339 2955 3479 3026 opti-

208 3041 507 3097 facientem.
545 3045 645 3098 Ille
674 3044 804 3096 fecit
828 3034 897 3097 te
917 3045 1093 3097 filium
1130 3063 1139 3097 :
1176 3051 1238 3097 tu
1267 3062 1397 3097 vero
1415 3044 1510 3096 ‘vis
1542 3045 1659 3097 ﬁeri
1682 3062 1795 3098 ser-
1814 3016 1857 3075 Ο
1877 3063 2025 3099 mam
2056 3047 2225 3099 vitam
2256 3052 2633 3111 transeuntes,
2657 3051 2713 3098 et
2727 3052 2989 3116 paternas
3008 3045 3479 3098 traditionescon—

209 3147 293 3184 vus
317 3133 550 3203 peccati.
576 3133 748 3185 Venit
780 3133 846 3185 ad
881 3132 1249 3186 habitandum
1280 3134 1426 3203 apud
1452 3139 1538 3185 te:
1571 3138 1631 3186 tu
1662 3150 1801 3205 vero,
1874 3142 2209 3197 temnentcs,
2246 3141 2306 3188 ut
2336 3135 2405 3188 ab
2434 3135 2570 3205 ipsis
2599 3135 2918 3188 domesticis
2948 3139 3278 3204 paterentur
3298 3134 3478 3187 multa

206 3236 300 3273 non
330 3238 615 3293 praeparas
637 3221 686 3274 ei
717 3221 948 3275 domum
997 3222 1224 3291 dignam
1265 3222 1626 3274 habitationis
1655 3240 1787 3289 suae,
1874 3226 2041 3289 mala,
2063 3231 2117 3277 et
2140 3225 2351 3277 nullam
2385 3223 2657 3276 haberent
2674 3223 3098 3277 defensionem?
3128 3223 3254 3277 Non
3272 3221 3471 3288 habeo,

206 3309 375 3375 alium,
410 3311 465 3363 id
501 3316 606 3373 est,
643 3309 925 3362 diabolum
946 3310 1045 3363 tibi
1076 3311 1446 3363 habitatorem
1469 3312 1786 3363 concilians.
1872 3314 2075 3383 inquit,
2108 3314 2253 3383 quod
2269 3313 2470 3377 dicam,
2497 3313 2626 3382 quia
2654 3313 2768 3365 haec
2798 3312 3022 3382 quidem
3052 3312 3201 3383 passi
3232 3311 3385 3372 estis,
3418 3315 3476 3363 et

207 3413 234 3451 ε
260 3398 469 3453 Scimus
501 3399 636 3469 quia
666 3399 806 3452 dixit
833 3418 843 3450 :
879 3399 1011 3452 Mihi
1045 3399 1362 3465 vindictam,
1398 3418 1498 3469 ego
1527 3400 1788 3464 reddam;
1873 3403 2015 3456 forte
2042 3403 2317 3465 doluistis,
2344 3420 2455 3453 uno
2486 3402 2663 3469 magis
2682 3400 3029 3470 gaudebatis.
3053 3402 3168 3454 Hoc
3189 3400 3471 3469 signiﬁca-

203 3494 251 3539 et
275 3487 474 3541 iterum
517 3507 528 3540 :
565 3488 709 3551 Quia
734 3488 1008 3556 judicabit
1037 3488 1309 3542 Dominus
1340 3490 1604 3558 populum
1627 3505 1791 3541 suum
1872 3492 1953 3543 vit
1978 3492 2187 3555 dicens,
2218 3511 2239 3541 α
2269 3489 2412 3543 Socii
2434 3490 2625 3542 taliter
2645 3490 2980 3558 patientium
3000 3489 3163 3542 facti:
3191 3508 3215 3540 »
3241 3495 3298 3541 et
3322 3489 3471 3558 ipsos

203 3576 359 3641 (Deut.
396 3594 589 3641 xxxn;
637 3580 786 3632 Rom.
842 3581 972 3641 xui).
1010 3595 1035 3629 ι)
1070 3578 1236 3646 [Alb.]
1282 3579 1363 3630 De
1410 3577 1646 3630 inimicis
1685 3578 1788 3629 hoc
1870 3581 2149 3650 apostolos
2179 3579 2436 3649 producit
2466 3580 2518 3630 in
2556 3578 2825 3631 medium.
2860 3580 2985 3631 Non
3026 3579 3227 3642 solum,
3262 3578 3465 3647 inquit,

202 3662 339 3729 dixit,
371 3672 425 3719 et
458 3666 533 3718 de
565 3665 977 3735 negligentibus
999 3683 1098 3735 per
1127 3666 1511 3736 paenitentiam
1548 3684 1607 3717 se
1652 3682 1787 3737 pur-
1852 3669 1927 3741 in
1956 3668 2195 3738 propriis
2227 3666 2577 3737 passionibus
2620 3684 2733 3720 non
2779 3666 3098 3732 erubuistis,
3134 3667 3269 3735 quin
3298 3666 3466 3719 etiam

202 3768 334 3820 gare,
360 3756 459 3808 sed
492 3754 677 3807 securi
712 3755 856 3807 male
888 3754 1116 3807 faciunt.
1150 3755 1407 3807 Judicare
1438 3755 1588 3807 enim
1620 3755 1785 3807 intel-
1869 3757 1992 3810 aliis
2024 3756 2212 3809 taliter
2241 3755 2579 3826 patientibus
2610 3756 2743 3808 socii
2766 3756 2896 3808 facti
2919 3754 3072 3807 estis.
3107 3754 3225 3807 Hoc
3256 3760 3313 3807 et
3341 3771 3468 3808 con-

202 3840 378 3910 ligitur
407 3843 635 3915 plebem
655 3860 816 3896 suam
834 3845 1145 3913 separando
1165 3844 1221 3896 in
1236 3844 1356 3913 ipsa
1372 3842 1530 3913 plebe
1563 3861 1664 3895 sua
1697 3843 1788 3895 bo—
1871 3846 2102 3898 solantis
2124 3852 2227 3910 est,
2243 3851 2299 3897 et
2319 3845 2683 3897 exhortantis.
2714 3846 2838 3898 Non
2870 3843 3027 3907 dixit,
3049 3842 3333 3896 Sustinete
3361 3844 3467 3896 tri-

200 3945 348 3984 nosa
396 3933 586 3991 malis,
622 3933 812 3984 fideles
862 3932 929 3984 ab
972 3932 1309 3985 infidelibus.
1359 3951 1383 3981 «
1436 3933 1789 3985 Ilorrendum
1875 3935 2183 3987 bulationes
2202 3933 2701 3998 meas,efﬁciamini
2722 3932 2860 3986 mihi
2884 3931 3468 3997 socii;sed,Verecun-

201 4026 275 4071 est
300 4021 449 4073 enim
476 4021 724 4074 incidere
755 4022 809 4074 in
842 4038 1041 4074 manus
1076 4042 1096 4071 ‹
1130 4022 1230 4074 Dei
1262 4021 1562 4073 viventis.»
1590 4022 1791 4073 Incidit
1872 4023 2083 4076 damini
2116 4023 2400 4092 passiones
2429 4028 2661 4075 vestras.
2698 4040 2723 4073 (ι
2760 4023 2828 4075 Et
2858 4022 3077 4087 vinctis,
3102 4021 3301 4091 inquit,
3323 4038 3468 4075 com-

200 4106 250 4160 in
277 4126 475 4163 manus
529 4110 629 4162 Dei
668 4110 722 4162 in
764 4110 853 4162 die
894 4110 1112 4179 judicii,
1148 4110 1201 4162 id
1232 4116 1334 4173 est,
1366 4110 1423 4162 in
1457 4116 1788 4179 potestatem
1871 4113 2018 4181 passi
2049 4113 2204 4165 estis.
2246 4132 2267 4161 ι»
2304 4112 2491 4171 Vides,
2528 4111 2658 4182 quia
2689 4112 2756 4164 de
2788 4111 2969 4181 seipso
2997 4111 3135 4164 dicit
3163 4116 3219 4163 et
3247 4112 3314 4163 de
3345 4110 3467 4164 aliis

201 4197 309 4264 ejus
329 4199 550 4268 judicii,
583 4199 675 4267 qui
711 4198 905 4251 reddet
927 4199 1223 4267 unicuique
1251 4199 1553 4251 secundum
1589 4199 1789 4251 merita
1871 4200 2108 4253 vinctis?
2132 4202 2255 4254 Non
2278 4201 2426 4255 enim
2454 4201 2693 4271 putastis
2716 4202 2939 4253 vincula
2959 4217 3080 4253 esse
3102 4201 3195 4253 illa
3228 4200 3465 4266 vincula,

199 4300 308 4349 sua,
340 4288 434 4357 qui
469 4304 582 4340 non
614 4288 730 4339 vult
759 4287 923 4339 modo
952 4288 1254 4357 przevenire
1285 4288 1340 4340 in
1369 4288 1711 4340 confessione
1734 4294 1850 4387 etD
1870 4291 1965 4343 sed
1987 4292 2131 4343 sicut
2150 4291 2371 4344 athletae
2392 4291 2580 4351 fortes,
2610 4291 2688 4343 sic
2703 4290 2956 4351 stetistis,
2993 4289 3124 4359 quia
3144 4305 3252 4342 non
3285 4289 3471 4341 solum

202 4375 521 4442 pomitentia
548 4375 744 4427 faciem
777 4376 915 4445 ejus,
953 4376 1087 4428 dum
1127 4384 1347 4446 tempus
1383 4377 1577 4439 habet,
1608 4377 1653 4428 si
1677 4395 1787 4429 non
1807 4375 1847 4387 "
1870 4380 1928 4432 in
1959 4381 2158 4432 vestris
2188 4398 2327 4450 opus
2359 4397 2470 4432 non
2496 4379 2770 4432 habuistis
2809 4379 3125 4431 hortatione
3155 4378 3239 4430 vel
3270 4394 3466 4430 conso-

204 4464 517 4532 puznituerit
553 4464 620 4517 de
652 4465 887 4534 peccatis
937 4466 1071 4527 suis,
1102 4465 1298 4518 incidit
1340 4466 1396 4518 in
1446 4466 1788 4519 horrendum
1870 4469 2096 4534 latione,
2118 4487 2309 4521 verum
2334 4469 2503 4521 etiam
2531 4468 2654 4521 aliis
2685 4467 2930 4520 hortatio
2963 4472 3020 4518 et
3047 4465 3352 4518 consolatio
3383 4465 3467 4518 fa-

198 4552 461 4619 judicium
485 4553 884 4623 omnipotentis
913 4554 1033 4607 Dei.
1064 4573 1085 4603 ‹
1112 4554 1579 4607 Rememoramini
1599 4562 1787 4608 autem
1871 4558 1942 4609 cti
1997 4558 2151 4610 estis.
2192 4578 2212 4608 α
2248 4559 2316 4609 Et
2348 4557 2599 4627 rapinam
2648 4556 2924 4608 bonorum
2981 4560 3291 4607 vestrorum
3340 4570 3468 4608 cum

207 4658 227 4689 ε
259 4642 522 4711 pristinos
549 4642 688 4707 dies,
716 4642 771 4694 in
804 4642 1004 4712 quibus
1038 4643 1335 4696 illuminati
1380 4661 1646 4713 magnum
1676 4660 1790 4697 cer-
1877 4666 1895 4693 α
1930 4646 2135 4713 gaudio
2165 4645 2506 4713 suscepistis.
2532 4666 2553 4691 ιι
2584 4643 2756 4712 (Ala)
2786 4640 3120 4695 Mirabiliter
3150 4642 3341 4696 laudat
3371 4659 3469 4696 eos

206 4747 227 4773 (ί
258 4737 441 4783 tamen
492 4731 840 4783 sustinuistis
883 4733 1227 4801 passionum.
1279 4751 1303 4783 »
1329 4736 1533 4799 (.loan.)
1579 4733 1787 4803 Optimi
1872 4733 1927 4786 in
1952 4734 2076 4790 fide,
2104 4733 2233 4803 quia
2254 4733 2298 4785 si
2324 4734 2488 4785 Iidem
2511 4749 2621 4785 non
2643 4732 2914 4784 haberent
2933 4730 3167 4783 meliora
3194 4732 3470 4801 recepisse

202 4819 535 4872 medicorum
566 4836 694 4872 cum
742 4820 852 4873 alte
899 4821 1194 4885 secuerint,
1228 4828 1283 4873 et
1326 4839 1425 4891 per
1462 4821 1787 4874 incisionem
1871 4839 1972 4891 pro
2007 4823 2107 4874 hac
2135 4821 2447 4874 substantia
2479 4820 2727 4891 abrepta,
2761 4837 2871 4872 non
2902 4837 3029 4872 cum
3058 4820 3265 4889 gaudio
3283 4836 3470 4873 susce-

202 4906 423 4961 fecerint
476 4908 686 4961 doloris
731 4916 1117 4977 augmentum,
1151 4910 1409 4967 solatium
1432 4910 1622 4963 statim
1652 4911 1786 4964 atfe-
1871 4911 2086 4980 pissent
2122 4910 2376 4979 rapinam
2409 4911 2529 4978 ejus
2565 4928 2574 4960 :
2610 4909 2843 4995 proinde
2892 4907 3182 4978 subjungit
3212 4908 3471 4961 fiduciam

206 5004 320 5048 runt
352 5003 407 5050 et
437 4998 749 5050 remedium
780 4998 858 5050 illi
903 4999 1020 5051 loco
1062 4999 1155 5051 ubi
1199 5000 1357 5052 dolor
1386 5000 1548 5063 inest,
1584 5005 1640 5051 et
1666 5016 1788 5068 per-
1872 5000 2018 5052 fidei.
2041 5022 2061 5050 ‹
2092 5002 2501 5068 Cognoscentes
2522 5016 2618 5051 vos
2638 4999 2844 5051 habere
2865 4998 3154 5051 meliorem
3170 5002 3228 5050 et
3243 5012 3473 5049 manen-

204 5084 475 5139 turbatam
508 5086 759 5139 refovent
813 5087 1079 5140 animam.
1124 5088 1424 5157 Postquam
1472 5095 1661 5141 autem
1700 5105 1788 5139 re-
1872 5095 1986 5141 tem
2017 5089 2408 5141 substantiam.
2430 5100 2471 5138 ί»
2497 5088 2676 5165 'Quasi
2708 5088 2918 5141 diceret
2950 5106 2961 5138 ;
2998 5087 3224 5139 Vestras
3254 5085 3472 5138 futuras

203 5176 517 5239 creaverint,
553 5176 789 5227 alteram
816 5178 933 5245 jam
986 5193 1095 5229 non
1141 5177 1411 5245 adjiciunt
1450 5178 1785 5243 sectionem;
1874 5178 2121 5231 videntes
2136 5177 2374 5233 divitias.
2403 5176 2747 5230 sustinuistis
2772 5193 2898 5230 cum
2918 5175 3145 5245 gaudio,
3171 5174 3320 5244 quod
3338 5190 3471 5227 nec-

207 5277 325 5331 qum
358 5263 525 5316 etiam
558 5264 651 5316 illa
684 5281 805 5334 quae
856 5266 1001 5318 facta
1054 5272 1157 5329 est,
1194 5266 1652 5319 medicaminibus
1684 5265 1789 5318 mi-
1872 5267 2003 5319 dum
2041 5273 2290 5337 apparet,
2327 5266 2487 5335 quasi
2518 5282 2761 5336 prmsens
2808 5268 3107 5334 appareret
3134 5262 3469 5317 cernebatis.

204 5350 451 5407 tioribus.
481 5360 536 5406 et.
576 5354 885 5407 valentibus
926 5355 1353 5424 amplitudinem
1404 5356 1662 5423 mitigare
1690 5356 1791 5407 do-
1875 5357 1991 5408 Hoc
2028 5356 2176 5408 enim
2227 5361 2407 5407 totum
2439 5355 2804 5425 apostolicum
2836 5359 2923 5407 est
2952 5370 3092 5424 opus
3142 5359 3198 5407 et
3240 5353 3473 5423 dignum

207 5437 347 5499 loris,
383 5442 692 5495 confoveat.
727 5444 843 5496 Hoc
870 5445 1003 5497 item
1036 5445 1243 5497 Paulus
1292 5444 1421 5498 fecit
1452 5463 1460 5496 :
1496 5450 1791 5514 postquam
1874 5444 1981 5497 illis
2011 5443 2246 5497 fortibus
2276 5444 2590 5510 animabus,
2620 5452 2682 5497 ut
2712 5444 2948 5515 ﬂagellis
2974 5444 3305 5514 gauderent,
3329 5443 3475 5497 sicut

204 5530 475 5584 concussit
492 5532 709 5586 animos
740 5549 933 5599 eorum
974 5533 1227 5599 dicendo,
1266 5553 1292 5584 α
1323 5534 1678 5587 Horrendum
1708 5539 1794 5587 est
1874 5534 1931 5586 in
1960 5532 2191 5587 Actibus
2248 5536 2629 5603 apostolorum
2674 5535 2921 5605 legitur:
2961 5556 2983 5586 α
3022 5534 3230 5588 Euntes
3287 5538 3476 5586 autem
