3854 6164
385 285 486 342 787

989 283 1054 338 B‘.
1095 272 1368 336 RABANI
1405 276 1639 336 MAURI
1678 273 1998 334 ARCHIEP
2033 275 2358 336 MOGUNT.
2400 273 2698 335 OPERUM
2734 269 2920 334 PARS
2955 273 3054 334 III.

3502 283 3586 344 788

384 417 420 468 εὶ
447 411 680 467 concilio
716 408 891 480 gavisi
938 411 1088 473 sunt,
1123 407 1254 478 quia
1291 405 1449 476 digni
1489 403 1841 460 habebantur
1878 415 1979 474 pro
1999 397 2089 457 Α(
2125 410 2444 459 manentem
2493 403 2940 459 substantiam.»
2971 401 3140 457 Prout
3173 403 3364 459 diceret
3402 403 3589 464 fimiam

383 501 610 557 nomine
639 499 769 553 Jesu
799 496 1168 552 contumelias
1199 497 1314 568 pati
1346 496 1482 562 (Act.
1515 499 1586 564 v).
1625 515 1648 544 ι

2067 498 2125 547 et
2148 493 2596 560 substantialem,
2623 509 2745 565 quae
2775 493 2960 565 perire
3015 505 3123 546 non
3151 493 3312 564 possit
3349 495 3475 551 sicut
3503 499 3592 552 ista

459 609 485 642 α
519 590 952 658 Cognoscentes,
1002 585 1204 656 inquit,
1239 601 1333 638 vos
1363 583 1655 639 meliorem
1682 581 1889 636 habere
1929 585 1986 636 et
2065 582 2293 636 terrena
2322 583 2508 655 periit.

376 671 3564 698 ww

811 735 1345 863 LIBER
1451 729 1985 920 VICEP:

2069 733 2432 920 nos
2550 727 3208 868 NONUS.

1019 939 1255 1001 CAPUT
1283 935 1380 1000 XI.

377 1032 660 1106 Apostolus
689 1038 919 1089 ostentm
951 1035 1088 1104 quid
1105 1037 1175 1088 sit
1198 1036 1401 1102 subjici
1429 1033 1645 1088 Christo
1671 1053 1686 1087 :
1715 1033 1876 1102 ﬁdem
1895 1031 1981 1086 de-

651 1109 912 1172 scribens,
941 1107 1329 1174 multipliciter
1348 1107 1707 1159 commendat.

454 1211 689 1268 «Nolite
745 1211 954 1284 itaque,
996 1212 1218 1279 fratres,
1270 1211 1530 1265 amittere
1585 1206 1979 1266 conﬁdentiam

379 1319 408 1356 α
439 1301 698 1368 vestram,
750 1301 846 1374 qui
912 1317 1177 1371 magnam
1244 1297 1414 1354 habet
1467 1298 1979 1354 remunerationem

383 1411 406 1442 α
441 1387 590 1462 apud
621 1391 817 1446 Deum.
845 1412 872 1443 ι)
899 1389 1066 1458 (Αἰὺ.)
1099 1389 1280 1454 Quam
1311 1406 1380 1443 ne
1410 1389 1739 1442 amitterent
1769 1389 1980 1443 instan-

375 1474 594 1534 tissime
622 1497 717 1534 eos
746 1475 1038 1545 hortatur;
1070 1475 1286 1532 facilius
1315 1478 1465 1532 enim
1496 1478 1718 1547 integra
1752 1494 1978 1532 conser-

377 1571 602 1634 vantur,
625 1585 794 1640 quam
823 1568 1033 1621 amissa
1059 1572 1481 1637 recuperentur.
1498 1567 1650 1620 Nihil
1665 1566 1813 1620 enim
1825 1565 1979 1620 vobis

377 1653 758 1711 necessarium
791 1662 895 1720 est,
929 1655 1035 1709 nisi
1074 1661 1138 1709 ut
1181 1655 1340 1709 stetis
1371 1655 1628 1722 firmiter,
1661 1659 1718 1709 et
1757 1672 1980 1727 perma-

2061 961 2252 998 vocem
2301 940 2728 999 desiderabilem
2777 963 2787 998 :
2828 962 2856 996 α
2894 939 3112 1008 Venite,
3151 936 3408 996 benedicti
3447 939 3598 997 Patris

2062 1031 2193 1098 mei,
2228 1033 2495 1105 percipite
2526 1050 2783 1104 regnum,
2820 1033 2969 1103 quod
2997 1031 3150 1088 vobis
3177 1033 3419 1104 paratum
3447 1037 3520 1086 est
3543 1030 3599 1084 ab

2061 1119 2276 1192 origine
2306 1123 2502 1176 mundi
2527 1121 2746 1188 (Matth.
2779 1123 2921 1190 xxv).
2955 1139 2982 1174 ι

2137 1231 2165 1262 (ι
2191 1211 2288 1265 Est
2316 1217 2504 1266 autem
2521 1213 2658 1266 fides
2681 1209 3085 1282 sperandarum
3114 1207 3413 1264 substantia
3427 1225 3600 1275 rerum,

2068 1321 2090 1352 ι
2107 1305 2501 1371 argumentum
2515 1318 2627 1355 non
2642 1300 3118 1372 apparentiumzin
3133 1300 3234 1352 hac
3245 1297 3382 1352 enim
3398 1299 3606 1352 testimo-

2067 1409 2092 1440 «
2112 1389 2268 1444 nium
2279 1390 2561 1444 consecuti
2575 1395 2706 1444 sunt
2717 1407 2900 1443 senes.
2913 1409 2934 1438 ι
2955 1390 3113 1456 (Joan
3124 1392 3158 1456 .)
3173 1388 3217 1443 Ο
3230 1399 3388 1459 quam
3402 1383 3605 1440 mirabili

2062 1477 2228 1531 verbo
2241 1495 2375 1532 usus
2388 1483 2474 1532 est
2485 1479 2700 1533 dicens:
2737 1497 2763 1530 ((
2784 1475 3070 1533 Convictio
3086 1493 3276 1531 eorum
3299 1493 3412 1546 qua:
3430 1491 3526 1528 non
3547 1475 3608 1528 vi-

2061 1565 2284 1622 dentur.
2307 1567 2620 1621 aConvictio
2637 1567 2843 1638 quippe
2863 1569 2948 1620 est
2967 1567 3026 1620 in
3046 1565 3210 1620 rebus
3229 1563 3505 1618 admodum
3517 1579 3608 1617 ma-

2062 1655 2297 1709 nifestis.
2323 1655 2487 1710 Fides
2517 1656 2690 1726 igitur
2717 1655 2856 1710 visio
2877 1658 2979 1722 est,
3015 1653 3215 1726 inquit,
3248 1671 3356 1708 non
3374 1669 3610 1724 apparen-

379 1745 564 1798 neatis
593 1745 650 1798 in
682 1743 1011 1798 fortitudine
1041 1750 1242 1811 vestra,
1262 1761 1385 1815 quae
1407 1761 1667 1813 magnam
1689 1743 1859 1798 habet
1889 1762 1978 1798 re-
2001 1743 2226 1824 Btium,
2261 1749 2317 1798 et
2345 1745 2415 1799 ad
2445 1744 2697 1798 eamdem
2727 1743 3164 1798 satisfactionem
3193 1742 3358 1806 ducit,
3389 1741 3453 1796 ad
3472 1757 3610 1812 quam

377 1833 828 1888 munerationem
861 1835 1009 1905 apud
1042 1833 1239 1888 Deum.
1268 1853 1294 1885 «
1327 1831 1608 1887 Patientia
1655 1833 1804 1887 enim
1827 1832 1980 1887 vobis

381 1939 405 1975 α
431 1923 752 1976 necessaria
773 1928 876 1988 est,
901 1928 964 1976 ut
987 1923 1330 1976 voluntatem
1361 1921 1462 1974 Dei
1493 1919 1756 1976 facientes
1786 1939 1981 1993 repor-

277 2003 289 2008 ’
380 2031 406 2064 ι
438 2012 568 2066 tetis
596 2010 1044 2082 promissionem.
1069 2031 1090 2062 ι
1115 2011 1160 2065 Ο
1187 2015 1398 2082 quanta
1428 2011 1758 2081 magnitudo
1779 2011 1980 2065 exhor-

375 2098 607 2155 tationis
636 2100 818 2166 istius,
865 2103 922 2154 et
949 2097 1366 2164 consolationis,
1399 2116 1575 2154 unum
1607 2099 1812 2171 quippe
1841 2117 1982 2171 opus

374 2187 613 2256 habetis,
644 2185 703 2243 i'd
733 2196 819 2243 est
845 2189 908 2244 ut
937 2189 1304 2260 perseveretis
1351 2187 1410 2242 in
1461 2205 1658 2258 agone,
1693 2188 1868 2242 donec
1898 2205 1982 2242 re-

375 2276 598 2351 cipiatis
628 2295 891 2333 coronam
922 2273 1256 2349 condignam
1282 2275 1458 2331 labori
1488 2279 1691 2344 vestro,
1715 2277 1846 2348 quia
1866 2295 1979 2332 non

379 2365 475 2440 qui
502 2364 734 2438 caeperit
763 2365 1142 2422 coronabitur.
1167 2362 1266 2420 sed
1289 2385 1314 2417 «
1338 2365 1433 2438 qui
1464 2367 1903 2437 perseveraverit
1922 2365 1980 2421 in

379 2454 687 2511 certamine
720 2471 896 2526 usque
943 2455 1000 2508 in
1049 2453 1238 2520 ﬁnem,
1270 2453 1362 2508 hic
1407 2453 1593 2508 salvus
1623 2455 1732 2510 erit
1755 2455 1974 2526 (Matth.

385 2546 462 2616 χ).
475 2564 495 2598 ι
509 2565 534 2597 ί(
549 2543 615 2599 In
645 2545 917 2616 patientia
935 2543 1212 2614 siquidem
1234 2543 1606 2614 possidebitis,
1641 2543 1776 2598 dicit
1795 2543 1980 2598 Domi-

379 2638 508 2698 nus,
542 2633 758 2686 animas
785 2633 1064 2686 vestras.»
1099 2629 1306 2699 (Ιοαη.)
1345 2652 1366 2682 ι
1413 2631 1727 2703 Reportetis
1762 2653 1784 2682 ι
1818 2633 1973 2698 dixit,

376 2715 433 2776 id
465 2725 550 2774 est
571 2720 858 2792 accipiatis
888 2720 1286 2790 promissiones
1314 2720 1435 2776 Dei.
1462 2721 1796 2776 Consolatur
1830 2722 1981 2775 enim

379 2826 494 2876 eos,
517 2805 692 2863 veluti
721 2809 767 2863 si
791 2807 917 2880 quis
948 2805 1172 2862 athletae
1201 2809 1306 2862 hoc
1353 2809 1578 2875 diceret,
1612 2810 1708 2880 qui
1754 2813 1982 2864 cunctos

383 2896 706 2972 superasset
734 2914 799 2952 ac
836 2893 1148 2968 dejecisset,
1178 2901 1235 2951 et
1262 2897 1479 2952 nullum
1511 2897 1788 2970 reliquum
1818 2896 1984 2953 habe—

379 2994 468 3043 ret
491 2981 586 3058 qui
607 2985 711 3042 sibi
741 2990 1108 3052 concertaret,
1141 2981 1343 3040 deinde
1371 2985 1625 3040 futurum
1656 2993 1721 3041 ut
1759 3005 1986 3042 corona-

2063 1834 2232 1887 etiam
2263 1851 2385 1905 quae
2413 1833 2690 1887 videntur.
2727 1833 2968 1888 Proinde
3017 1850 3200 1903 neque
3241 1831 3382 1885 circa
3409 1848 3471 1884 ea
3513 1837 3612 1900 qua!

2062 1922 2324 1977 videntur
2351 1922 2653 1976 Credulitas
2687 1921 2770 1976 vel
2799 1921 3160 1976 incredulitas
3189 1917 3295 1974 dici
3325 1923 3492 1991 potest
3511 1937 3522 1986 ;
3540 1928 3610 1970 ne

2063 2028 2173 2084 que
2200 2011 2405 2066 iterum
2439 2012 2576 2066 ﬁdes
2605 2010 2714 2065 dici
2742 2015 2945 2082 potest,
2980 2008 3088 2064 nisi
3119 2022 3245 2064 cum
3276 2005 3414 2064 circa
3439 2025 3497 2062 ea
3517 2024 3616 2078 qua:

2063 2117 2177 2155 non
2209 2101 2488 2166 videntur,
2521 2099 2783 2172 amplius,
2799 2115 2966 2172 quam
2988 2099 3139 2154 circa
3157 2116 3223 2153 ea
3242 2115 3360 2170 qua:
3377 2095 3613 2162 videntur,

2063 2189 2504 2244 satisfactionem
2535 2188 2832 2262 quisquam
2863 2185 3421 2252 habuerit.Quoniam
3435 2203 3494 2240 ea
3519 2201 3620 2256 qua:

2063 2281 2196 2333 sunt
2224 2277 2282 2332 in
2310 2296 2426 2349 spe,
2460 2277 2581 2332 sine
2613 2277 2928 2333 substantia
2955 2294 3080 2331 esse
3111 2279 3395 2348 putantur,
3413 2275 3534 2328 ﬁdes
3553 2271 3618 2326 eis

2061 2365 2263 2422 tribuit
2290 2367 2663 2422 substantiam
2690 2387 2702 2435 ;
2751 2365 2931 2438 magis
2960 2371 3153 2421 autem
3182 2383 3294 2420 non
3332 2363 3410 2419 eis
3432 2357 3618 2426 tribuit,

2063 2457 2160 2511 sed
2173 2456 2295 2528 ipsa
2309 2461 2395 2510 est
2410 2455 2643 2510 scientia
2660 2453 2875 2510 eorum.
2910 2455 2983 2510 Ut
2998 2458 3156 2527 puta,
3177 2453 3494 2508 resurrectio
3511 2467 3619 2505 nec-

2062 2546 2198 2600 dum
2219 2545 2366 2600 facta
2386 2551 2489 2612 est,
2509 2549 2565 2599 et
2589 2543 2828 2599 necdum
2859 2549 2946 2598 est
2971 2545 3029 2597 in
3059 2542 3390 2608 substantia,
3413 2533 3500 2596 sed
3518 2551 3622 2612 Spes

2061 2628 2195 2690 facit
2213 2651 2337 2688 eam
2354 2634 2658 2689 subsistere
2670 2635 2729 2688 in
2739 2633 2931 2688 anima
2941 2637 3138 2686 nostra
3159 2651 3170 2686 :
3186 2634 3292 2686 hoc
3309 2635 3408 2698 est,
3422 2627 3540 2702 quid
3557 2625 3624 2682 di-

2061 2721 3050 2795 xit,substantia.Siitaqueconvictio
3083 2729 3172 2776 est
3193 2737 3382 2776 eorum
3412 2733 3623 2791 quianon

2063 2812 2342 2878 videntur,
2363 2811 2497 2884 quid
2527 2819 2613 2867 est
2631 2812 2777 2884 quod
2799 2828 2866 2866 ea
2885 2809 3054 2866 vultis
3069 2809 3194 2882 jam
3216 2809 3416 2876 videre,
3440 2810 3498 2863 ut
3507 2805 3624 2862 exci-

2065 2899 2212 2956 datis
2235 2919 2270 2956 a
2295 2897 2424 2966 fide,
2455 2907 2512 2955 et
2537 2901 2808 2955 desinatis
2833 2899 2972 2972 justi
2994 2899 3162 2954 esse?
3193 2899 3461 2970 siquidem
3491 2916 3511 2947 ι
3541 2893 3623 2950 Ju-

2067 2995 2188 3044 stus
2217 3006 2281 3044 ex
2308 2986 2418 3045 ﬁde
2436 2990 2587 3044 vivit.
2617 3011 2639 3041 »
2672 2987 2784 3044 Vos
2811 2992 2997 3044 autem
3031 2987 3078 3042 si
3112 2985 3397 3043 volueritis
3415 3003 3479 3041 ea
3505 2981 3628 3039 vide-

388 3079 566 3142 retur,
590 3071 648 3129 et
677 3070 1002 3129 dilationem
1026 3071 1295 3145 temporis
1327 3091 1439 3129 non
1460 3073 1730 3130 ferentem
1749 3076 1883 3130 dum
1901 3084 2045 3144 ar—C
2066 3095 2146 3144 re,
2177 3081 2297 3150 jam
2327 3096 2438 3134 non
2469 3078 2626 3133 eritis
2673 3074 2886 3132 ﬁdeles.
2912 3069 3256 3140 Laborastis,
3289 3076 3480 3148 inquit,
3523 3089 3626 3128 cer-

383 3155 534 3220 biter
561 3163 884 3218 certaminis
915 3162 1222 3229 adveniret,
1255 3163 1351 3234 qui
1379 3181 1642 3218 coronam
1672 3165 1868 3220 daret:
1890 3165 1984 3220 ille

381 3255 572 3321 autem
600 3251 960 3325 impatienter
988 3251 1170 3306 ferens
1197 3253 1363 3306 vellet
1389 3253 1537 3306 exire
1568 3259 1624 3307 et
1647 3250 1841 3324 fugere
1871 3271 1984 3310 non

380 3341 629 3398 tolerans
659 3341 809 3396 sitim
837 3347 895 3396 et
913 3337 1170 3396 flammas
1198 3337 1696 3396 mstuationisJioc
1725 3341 1900 3413 igitur
1929 3348 1986 3398 et

381 3432 504 3504 ipse
528 3425 810 3502 signiﬁcat
834 3427 1025 3484 dicens
1052 3449 1063 3482 :
1101 3448 1128 3482 α
1150 3429 1349 3484 Adhuc
1377 3431 1526 3485 enim
1562 3427 1840 3486 modicum
1885 3429 1985 3486 ali-

387 3539 414 3572 a
437 3519 884 3592 quantulumque
906 3518 1001 3590 qui
1014 3524 1280 3574 venturus
1293 3523 1380 3574 est
1390 3521 1575 3574 veniet
1591 3523 1648 3575 et
1675 3535 1787 3575 non
1799 3521 1984 3576 tarda-

388 3623 417 3662 α
435 3607 536 3664 bit.
569 3629 590 3660 ι
620 3605 784 3675 (Alb.l
818 3609 944 3664 Non
965 3608 1200 3662 minima
1219 3609 1523 3663 consolatio
1541 3615 1628 3664 est
1649 3605 1855 3664 laboris
1873 3608 1983 3664 cito

385 3715 612 3770 sperare
624 3703 921 3752 venturum
933 3697 1182 3768 judicem
1193 3696 1250 3751 et
1264 3701 1742 3752 remuneratorem
1753 3739 1766 3766 ,
1793 3703 1850 3753 et
1860 3711 1987 3753 con-

386 3785 688 3842 solatorem
729 3789 1222 3841 remuneraturum
1257 3787 1577 3841 certaminis
1592 3788 1982 3842 constantiam.

385 3875 591 3946 (Joan.)
617 3869 684 3928 Et
713 3891 782 3928 ne
811 3875 954 3928 forte
975 3875 1242 3940 dicerent,
1264 3875 1486 3945 quando
1503 3875 1730 3929 veniet?
1759 3893 1824 3930 ex
1845 3877 1988 3930 Scri-

387 3963 570 4036 pturis
590 3980 686 4017 eos
717 3963 1053 4016 consolatur.
1081 3959 1298 4016 Etenim
1321 3963 1522 4034 inquit,
1550 3985 1572 4014 ι
1599 3965 1777 4035 Prope
1804 3967 1890 4019 est
1906 3983 1991 4019 sa-

386 4043 478 4106 lus
507 4055 718 4105 nostra.
745 4070 772 4100 ι)
799 4047 943 4120 Ergo
972 4050 1294 4104 consolatur
1323 4069 1417 4105 eos
1453 4057 1726 4123 tanquam
1759 4071 1991 4124 parvum

389 4141 465 4194 sit
491 4141 714 4210 tempus
732 4139 878 4210 quod
914 4146 1222 4192 remaneat.
1260 4136 1377 4194 Hoc
1406 4158 1517 4194 non
1548 4158 1612 4194 ex
1632 4141 1812 4212 seipse
1834 4141 1987 4209 dicit,

390 4229 489 4282 sed
527 4245 594 4282 ex
623 4225 944 4299 Scripturis.
979 4227 1035 4282 Si
1067 4228 1215 4280 enim
1236 4229 1354 4299 jam
1375 4227 1472 4282 diu
1501 4234 1604 4295 est,
1637 4247 1700 4284 ex
1723 4247 1833 4300 quo
1853 4229 1991 4284 dici-

387 4321 520 4372 tur:
561 4336 587 4369 ι
620 4309 819 4370 Adhuc
849 4316 996 4370 enim
1027 4315 1309 4371 modicum
1349 4317 1704 4388 quantulum,
1738 4311 1832 4390 qui
1860 4336 1993 4373 ven-

2065 3169 2283 3223 tamina
2305 3167 2550 3239 plurima
2579 3165 2960 3222 sustinuistis:
2996 3165 3172 3221 etiam
3213 3183 3316 3238 ego
3361 3163 3459 3220 hoc
3504 3161 3626 3227 dico,

2063 3257 2282 3329 inquit;
2313 3256 2410 3311 sed
2441 3261 2776 3328 exspectate,
2809 3255 2916 3311 hoc
2943 3262 3047 3321 est,
3081 3255 3260 3310 nolite
3287 3253 3376 3309 hic
3411 3267 3630 3326 quaerere

2068 3363 2191 3418 qua:
2206 3346 2462 3418 speratis.
2491 3343 2691 3415 (Greg.)
2709 3342 2965 3418 Palpavit
2985 3339 3235 3400 Thomas
3264 3339 3408 3399 latus
3435 3331 3633 3398 Domini

2065 3441 2123 3490 et
2139 3431 2487 3500 exclamavit,
2525 3455 2546 3485 ι
2578 3429 2849 3489 Dominus
2879 3451 3039 3488 meus
3059 3439 3119 3488 et
3145 3431 3298 3489 Deus
3316 3431 3503 3487 meus?
3526 3451 3545 3481 ι
3559 3428 3634 3484 Di-

2065 3521 2143 3579 cit
2159 3521 2209 3578 ei
2231 3525 2425 3579 Jesus:
2460 3543 2486 3575 α
2511 3523 2655 3587 Quia
2699 3519 2884 3577 vidisti
2931 3539 3021 3576 me
3063 3528 3121 3576 et
3169 3519 3452 3577 credidisti
3477 3518 3632 3586 (Joan.

2067 3619 2184 3678 xv).
2220 3632 2241 3662 ι
2277 3609 2416 3666 Cum
2446 3611 2655 3690 Paulus
2675 3611 2960 3683 apostolus
2975 3605 3162 3666 dicat:
3193 3629 3220 3663 ‹(
3245 3611 3341 3666 Est
3358 3609 3500 3665 enim
3519 3607 3636 3662 ﬁdes

2068 3699 2474 3773 sperandarum
2516 3697 2828 3755 substantia
2873 3717 3084 3768 rerum,
3119 3705 3510 3772 argumentum
3543 3710 3638 3751 non

2070 3790 2482 3862 apparentium,
2519 3810 2544 3841 α
2577 3787 2830 3844 Profecto
2860 3788 3055 3861 liquet,
3090 3790 3230 3860 quia
3271 3789 3408 3843 ﬁdes
3443 3784 3638 3841 illarum

2070 3897 2261 3934 rerum
2292 3885 2688 3949 argumentum
2709 3884 2795 3932 est
2816 3896 2938 3950 quae
2953 3891 3230 3950 apparere
3257 3895 3368 3932 non
3397 3879 3636 3948 possunt:

2074 3985 2196 4040 quae
2227 3967 2434 4022 etenim
2465 3974 2758 4039 apparent,
2786 3965 2907 4038 jam
2944 3967 3114 4021 ﬁdem
3159 3984 3274 4022 non
3317 3957 3534 4030 habent,
3561 3955 3642 4016 sed

2073 4055 2436 4127 agnitionem.
2470 4055 2615 4110 Dum
2653 4073 2786 4126 ergo
2834 4055 2973 4110 vidit
3019 4053 3290 4123 Thomas,
3324 4055 3453 4110 dum
3480 4053 3644 4126 palpa-

2073 4145 2170 4212 vit,
2210 4161 2311 4198 cur
2339 4145 2388 4198 ei
2433 4142 2656 4210 dicitur,
2691 4164 2717 4192 (ι
2762 4143 2894 4214 quia
2923 4143 3109 4197 vidisti
3154 4161 3247 4198 me
3286 4137 3590 4198 credidisti:
3619 4157 3640 4190 ι

2075 4233 2173 4287 sed
2203 4233 2351 4286 aliud
2377 4229 2533 4298 vidit,
2549 4231 2700 4286 aliud
2730 4225 2986 4286 credidit.
3005 4229 3052 4285 A
3080 4231 3310 4287 mortali
3337 4231 3532 4303 quippe
3558 4229 3645 4282 ho-

2074 4323 2227 4376 mine
2253 4321 2514 4375 divinitas
2546 4320 2722 4374 videri
2765 4337 2877 4375 non
2925 4320 3127 4394 potuit.
3162 4317 3462 4376 Hominem
3497 4315 3648 4388 igitur

389 4399 552 4461 turus
581 4407 668 4460 est
705 4401 891 4460 veniet
935 4407 994 4460 et
1021 4422 1131 4459 non
1154 4403 1402 4460 tardabit
1431 4405 1692 4474 (Agng):
1717 4403 2228 4475 nmanife-Dvidit,
2279 4415 2336 4464 et
2381 4407 2558 4464 Deum
2603 4408 2885 4464 confessus
2934 4415 3036 4476 est,
3068 4410 3263 4466 dicens
3295 4429 3306 4464 :
3346 4431 3369 4461 ι
3403 4405 3646 4464 Dominus

391 4497 541 4550 stum
559 4499 663 4560 est,
695 4491 828 4566 quia
849 4511 999 4549 nunc
1018 4495 1196 4549 multo
1224 4493 1531 4566 proximior
1549 4499 1650 4550 est.
1668 4495 1908 4551 Proinde
1936 4497 1994 4552 et

389 4588 750 4656 perseverare
781 4585 838 4637 et
867 4583 1188 4655 exspectare
1218 4601 1330 4638 non
1369 4584 1603 4638 minima
1633 4603 1846 4639 merces
1883 4585 1988 4640 est.

397 4691 421 4723 ι
455 4663 650 4726 Justus
673 4676 861 4725 autem
895 4689 1054 4726 meus
1083 4690 1150 4726 ex
1181 4673 1290 4728 ﬁde
1318 4673 1453 4728 vivit
1484 4673 1701 4738 (Habac.
1722 4678 1800 4742 II).
1831 4675 1991 4739 Quod

396 4779 422 4812 «
451 4759 499 4813 si
529 4755 872 4814 Subtraxerit
913 4778 992 4826 se,
1026 4779 1136 4815 non
1186 4761 1427 4833 placebit
1454 4761 1655 4816 animae
1687 4780 1843 4818 meae.
1877 4759 1992 4818 Nos

397 4869 421 4902 ι
457 4852 647 4903 autem
658 4865 770 4902 non
782 4865 977 4904 sumus
994 4849 1095 4904 ﬁlii
1111 4850 1507 4905 subtractionis
1519 4849 1576 4905 in
1593 4851 1988 4923 perditionem,

395 4955 424 4992 ι
455 4937 552 4992 sed
597 4935 729 4992 ﬁdei
775 4937 832 4992 in
892 4938 1315 5009 acquisitionem
1368 4934 1590 4994 animae.
1627 4958 1653 4993 io
1680 4941 1840 5010 (Alb.)
1875 4935 1991 4996 Hoc

391 5023 778 5100 propheticum
810 5025 1002 5082 intulit
1036 5023 1336 5099 Apostolus
1381 5029 1766 5084 testimonium
1797 5029 1866 5084 ad
1895 5048 1990 5085 ex-

392 5105 769 5171 hortationem
801 5113 932 5170 ﬁdei
965 5136 976 5170 :
1005 5116 1152 5170 sicut
1176 5112 1490 5188 displicebit
1515 5118 1610 5190 qui
1639 5115 1876 5184 dubitat,
1910 5120 1992 5174 ita

394 5202 488 5274 qui
517 5201 815 5259 crediderit
844 5201 988 5259 vivet
1025 5203 1083 5258 in
1127 5205 1236 5260 fide
1285 5224 1389 5261 sua
1433 5211 1604 5262 recta.
1640 5207 1992 5280 Quapropter

394 5291 688 5347 credamus
731 5294 995 5348 velociter
1049 5291 1266 5349 venisse
1315 5295 1562 5365 judicem
1595 5295 1899 5362 Christum,
1937 5302 1994 5352 et

391 5395 769 5451 praeparemus
791 5400 892 5436 nos
920 5383 1138 5436 obviam
1160 5383 1218 5437 in
1240 5383 1400 5438 bonis
1450 5385 1682 5450 actibus,
1714 5403 1782 5440 ne
1813 5387 1989 5440 simus

393 5467 784 5523 abstractionis
814 5471 913 5525 filii
943 5489 975 5525 a
1006 5461 1125 5526 luce
1148 5474 1508 5546 sempiterna,
1543 5475 1638 5528 sed
1675 5475 1990 5546 acquisitio-

393 5551 484 5612 nis
512 5551 571 5612 in
595 5552 997 5630 gloriam,cum
1025 5562 1234 5618 sanctis
1261 5561 1320 5618 in
1347 5561 1439 5618 die
1468 5580 1672 5633 magno
1693 5561 1984 5620 audientes

2046 4517 2234 4580 _meus
2254 4505 2310 4554 et
2339 4499 2488 4553 Deus
2517 4515 2675 4554 meus
2699 4499 2710 4552 !
2745 4517 2772 4552 ι)
2805 4497 3058 4554 Videndo
3092 4515 3228 4570 ergo
3257 4496 3506 4562 credidit,
3537 4491 3650 4566 quia

2075 4585 2477 4643 considerando
2519 4605 2712 4642 verum
2765 4588 3070 4654 hominem,
3102 4583 3255 4642 hunc
3291 4579 3467 4644 Deum
3503 4599 3648 4656 quem

2072 4673 2262 4732 videre
2291 4693 2403 4732 non
2433 4675 2655 4748 poterat
2693 4672 3048 4732 exclamavit:
3087 4697 3109 4727 ι
3139 4675 3278 4732 Fide
3309 4667 3649 4746 intelligimus

2073 4769 2266 4836 aptata
2321 4781 2442 4819 esse
2484 4761 2704 4831 saecula,
2767 4759 2934 4818 verbo
2963 4761 3083 4830 Dei,
3115 4769 3180 4818 ut
3211 4782 3281 4819 ex
3307 4759 3650 4820 invisibilibus

2079 4874 2102 4905 ι
2128 4851 2366 4908 visibilia
2418 4854 2634 4908 ﬁerent.
2677 4873 2699 4904 ι
2738 4851 2939 4922 (Ιοαη.)
2971 4847 3134 4908 Fides
3190 4851 3326 4908 forti
3385 4853 3564 4908 animo
3605 4853 3654 4902 et

2073 4935 2220 4996 virili
2250 4959 2390 5013 opus
2419 4937 2607 5009 habet,
2641 4949 2699 4996 et
2721 4943 2912 4996 omnia
2946 4939 3412 5014 supergrediente
3446 4935 3653 4996 sensibi-

2074 5032 2169 5096 lia,
2185 5037 2241 5086 et
2250 5025 2638 5085 inﬁrmitatem
2668 5029 3160 5086 ratiocinationum
3180 5027 3473 5094 hominum
3493 5036 3654 5084 trane-

2075 5121 2394 5174 eunte.Non
2423 5119 2570 5174 enim
2586 5119 2792 5191 poterit
2813 5115 2977 5174 aliter
2995 5120 3293 5192 quisquam
3325 5117 3502 5174 ﬁdelis
3527 5113 3651 5178 ﬁeri,

2073 5207 2182 5263 nisi
2235 5209 2481 5281 seipsum
2533 5226 2567 5263 a
2621 5205 3025 5263 consuetudine
3082 5207 3369 5263 communi
3414 5206 3649 5262 abducat.

2075 5298 2218 5364 Quia
2239 5315 2371 5367 ergo
2393 5297 2594 5352 animae
2616 5292 2978 5353 Hebraeorum
3003 5291 3213 5352 debiles
3235 5303 3418 5363 erant,
3439 5303 3495 5350 et
3512 5312 3544 5348 a
3560 5287 3655 5347 ﬁde

2075 5387 2301 5458 quidem
2333 5388 2558 5441 initium
2587 5393 2963 5458 sumpserant,
3005 5405 3070 5441 ex
3103 5385 3456 5458 passionibus
3483 5389 3655 5438 autem

2071 5473 2498 5530 tribulationum
2532 5475 2915 5548 pusillanimes
2955 5475 3364 5541 efficiebantur,
3405 5481 3462 5528 et
3488 5471 3656 5526 minus

2072 5566 2352 5636 patienter
2377 5559 2632 5621 ferebant
2659 5565 2716 5618 et
2744 5563 3225 5631 concutiebantur,
3259 5563 3446 5635 primo
3486 5577 3577 5616 eos
3597 5574 3655 5612 ex
