3848 6164
212 305 292 362 789

584 297 1162 359 ENARRATIONUM
1199 297 1276 356 ΙΝ
1315 297 1467 355 EPP.
1510 297 1725 356 PAULI
1765 300 1902 357 LIB.
1945 300 2140 357 XXIX.
2176 331 2241 343 —
2282 301 2360 356 IN
2397 299 2619 356 EPIST.
2660 299 2757 357 AD
2795 301 3008 358 HEBR.

3335 304 3439 362 790

207 431 269 486 eis
290 429 402 500 ipsis
428 425 760 482 adhortatus
805 435 891 483 est
934 426 1123 482 dicens
1156 447 1166 480 :
1206 446 1232 477 «
1283 427 1760 482 Rememoramini
1788 432 1956 488 Atem
1994 433 2052 482 et
2100 433 2296 499 postea
2331 427 2680 498 signiﬁcavit.
2716 401 2857 494 Quia
2905 445 3040 500 ergo
3086 432 3144 485 in
3183 433 3437 503 personis

209 520 302 575 dies
326 515 577 590 pristinos
603 535 615 570 :
638 535 665 570 »
683 519 891 572 iterum
915 532 979 570 ex
1002 515 1290 588 Scriptum
1311 515 1498 570 divina
1517 516 1753 570 dicente:

213 609 408 662 «Justus
443 619 511 658 ex
563 603 674 660 ﬁde
702 605 854 660 vivit.
893 621 918 658 »
952 603 1168 660 Deinde
1205 619 1270 658 ex
1318 603 1759 659 ratiocinationi-

208 693 288 749 bus
326 691 502 747 dicens
535 709 546 745 ε
589 710 618 744 α
652 689 817 748 Fides
867 698 952 746 est
991 691 1400 764 sperandamm
1445 689 1762 747 substantia

207 797 374 844 rerum,
403 781 677 836 convictio
707 797 901 836 eorum
936 796 1058 852 quae
1089 793 1199 834 non
1229 779 1504 835 videntur.
1541 799 1568 833 η
1598 781 1761 836 Nunc

203 875 354 928 autem
379 883 439 924 ex
469 869 922 942 progenitoribus
961 868 1157 942 incipit
1183 868 1354 940 loqui,
1381 869 1598 940 magnis
1627 869 1758 924 viris

203 967 246 1015 et
267 956 589 1014 mirabilibus
629 960 762 1024 illis,
798 975 938 1030 pene
973 957 1164 1012 dicens
1199 976 1211 1011 :
1247 957 1303 1012 Si
1345 957 1458 1012 illic
1496 957 1591 1012 ubi
1627 964 1758 1012 ante

201 1047 336 1122 pedes
361 1053 515 1102 erant
564 1047 732 1114 bona,
764 1063 958 1102 omnes
1001 1045 1111 1102 ﬁde
1152 1047 1349 1102 salvati
1398 1053 1550 1113 sunt,
1581 1047 1758 1102 multo

201 1135 397 1208 amplius
430 1150 550 1190 nos.
580 1137 721 1190 Cum
755 1135 905 1190 enim
933 1135 1208 1190 invenerit
1241 1134 1429 1189 anima
1457 1137 1516 1190 in
1545 1135 1756 1190 eisdem

199 1223 506 1297 passiouibus
537 1225 770 1291 socium,
806 1225 1108 1296 requiescit
1141 1229 1198 1278 et
1243 1223 1501 1296 respirat.
1536 1223 1653 1279 Hoc
1699 1229 1757 1278 et

197 1316 242 1368 in
257 1313 364 1378 lide,
381 1313 483 1367 hoc
503 1319 562 1367 et
582 1312 640 1367 in
661 1311 1022 1367 tribulatione
1043 1314 1187 1368 solet
1204 1312 1474 1368 accidere.
1495 1331 1520 1364 «
1555 1312 1753 1367 Proin-

199 1403 250 1457 de
259 1402 377 1456 sitin
389 1399 548 1456 vobis
561 1402 892 1469 consolatio,
915 1401 1114 1472 inquit,
1131 1418 1232 1472 per
1245 1408 1500 1456 mutuam
1514 1401 1702 1456 ﬁdem.
1725 1421 1748 1452 ι

197 1489 334 1544 Valde
359 1488 504 1545 enim
535 1489 890 1544 incredulum
925 1496 1011 1544 est
1041 1489 1350 1544 humanum
1377 1505 1573 1560 genus,
1591 1495 1647 1544 et
1661 1505 1756 1544 ne-

198 1595 281 1650 que
297 1579 356 1632 de
367 1579 550 1650 seipso
571 1577 880 1645 conﬁdens,
897 1584 955 1632 et
968 1579 1173 1632 timens
1193 1593 1294 1650 pro
1310 1577 1397 1632 his
1419 1594 1542 1650 quas
1567 1594 1626 1633 se
1653 1577 1754 1633 ha-

199 1669 300 1722 bere
319 1667 528 1738 judicat
548 1687 560 1720 :
578 1668 676 1722 sed
690 1669 926 1722 multam
946 1667 1115 1722 habet
1126 1681 1316 1722 curam
1326 1667 1535 1737 gloria,
1549 1684 1671 1740 quae
1690 1683 1754 1722 ex

1840 523 2064 571 centum
2083 517 2168 570 vel
2189 517 2446 572 ducentis
2465 519 2610 572 hanc
2631 533 2860 572 causam
2891 519 3210 588 constituit;
3236 521 3440 576 deinde

1839 603 2034 660 videns
2053 621 2284 677 parvam
2299 606 2521 660 numeri
2539 607 2934 677 quantitatem,
2950 605 3290 678 subjunxit,«
3307 609 3438 674 Qui-

1841 687 2197 764 bus'dignus
2241 709 2354 749 non
2401 699 2524 750 erat
2567 693 2829 750 mundus.
2880 715 2905 748 ι
2955 695 3024 750 Et
3059 699 3437 770 contemplare

1842 799 2007 853 quem
2040 782 2285 855 primum
2311 781 2503 855 ponit:
2529 798 2678 848 eum,
2713 781 2808 855 qui
2839 785 2990 838 mala
3017 799 3214 856 passus
3243 791 3346 853 est,
3381 794 3438 842 et

1841 872 1946 925 hoc
1975 887 2008 925 a
2045 871 2238 926 fratre.
2275 871 2510 943 Propria
2536 876 2662 926 erat
2688 872 2926 927 istorum
2947 873 3065 928 haec
3091 873 3276 946 passio
3301 893 3312 928 :
3337 874 3435 930 Et-

1840 961 1990 1014 enim
2017 976 2133 1026 vos,
2161 959 2364 1031 inquit,
2396 961 2594 1015 eadem
2625 962 2776 1032 passi
2808 961 2942 1016 estis
2973 963 3436 1019 a‘contribulibus

1839 1048 2054 1103 vestris.
2081 1047 2218 1104 Abel
2253 1050 2467 1104 occisus
2496 1053 2582 1104 est
2610 1065 2644 1103 a
2670 1050 2844 1105 fratre
2862 1049 3004 1105 nihil
3024 1051 3313 1123 injuriato,
3335 1053 3435 1108 sed

1840 1141 2070 1208 propter
2083 1136 2261 1192 Deum
2279 1135 2559 1192 invidente
2583 1156 2596 1191 :
2622 1139 2924 1194 ostendens
2943 1139 3075 1210 quia
3087 1122 3151 1194 et
3173 1122 3279 1212 ipsi
3297 1140 3436 1195 invi-

1836 1223 1987 1279 diam
2017 1223 2392 1296 patiebantur.
2426 1227 2750 1281 Honorabat
2777 1226 2872 1281 ille
2901 1225 3129 1299 quidem
3157 1228 3358 1296 Deum,
3377 1233 3436 1283 et

1836 1321 2090 1368 mortuus
2121 1320 2206 1368 est
2232 1329 2334 1386 pro
2349 1313 2561 1369 honore
2585 1314 2706 1378 Dei,
2723 1321 2781 1370 et
2806 1315 3047 1371 necdum
3075 1317 3435 1372 resurrectio-

1836 1417 1964 1456 nem
1993 1401 2231 1474 adeptus
2250 1410 2362 1470 est;
2389 1403 2484 1458 sed
2502 1403 2845 1460 desiderium
2865 1405 3092 1476 quidem
3115 1406 3236 1476 ejus
3256 1406 3433 1461 mani-

1834 1487 2042 1544 festum
2072 1497 2175 1548 est.
2198 1498 2255 1545 et
2275 1507 2398 1562 quae
2419 1490 2490 1546 ab
2518 1491 2614 1546 illo
2641 1493 2763 1547 ﬁeri
2784 1492 3084 1560 debebant,
3094 1493 3246 1548 facta
3262 1497 3427 1549 sunt:

1837 1593 1961 1650 quae
1976 1595 2106 1632 vero
2127 1597 2159 1634 a
2177 1579 2293 1634 Deo
2317 1579 2515 1634 donari
2534 1579 2926 1652 sperabantur,
2944 1581 3180 1638 necdum
3209 1581 3292 1636 illi
3315 1583 3430 1638 col-

1836 1666 1952 1722 lata
1970 1674 2120 1722 sunt.
2145 1667 2400 1723 Hostiam
2432 1669 2490 1723 in
2521 1669 2626 1724 hoc
2644 1669 2765 1724 loco
2781 1669 2917 1724 dicit
2935 1670 3430 1740 honorabiliorem,

195 1757 404 1830 plurimis
415 1755 690 1811 defertur.
710 1757 855 1822 Quid
868 1755 1214 1828 ergoPaulus
1223 1755 1358 1811 facit
1373 1757 1398 1810 ?
1415 1756 1492 1810 Ex
1503 1755 1758 1829 patribus
1772 1766 1819 1830 Β
1839 1761 1894 1810 et
1913 1756 2292 1824 clariorem,et
2303 1758 2774 1814 necessariamEt
2783 1773 2896 1813 non
2909 1773 3208 1830 possumus
3222 1759 3428 1828 dicere,

195 1859 266 1900 eos
276 1847 604 1912 hortatur,et
615 1846 796 1918 primo
807 1859 874 1900 ex
886 1845 1172 1900 communi
1183 1843 1594 1900 intellectu.Dic
1603 1846 1754 1901 enim

195 1933 317 1996 mihi,
341 1935 544 2006 inquit,
571 1935 706 2007 quia
728 1933 864 1989 ﬁdes
884 1940 1183 1989 accusatur
1199 1934 1368 1989 veluti
1389 1949 1478 1988 res
1500 1950 1622 2008 quae
1641 1951 1755 1990 non

191 2025 346 2096 possit,
374 2021 615 2090 ostendi,
635 2025 692 2078 et
712 2037 834 2094 quae
860 2022 1113 2095 deceptio
1136 2023 1315 2094 magis
1333 2023 1424 2078 sit.
1451 2023 1756 2096 Propterea

191 2113 411 2179 ostendit,
428 2113 568 2184 quia
585 2113 842 2167 maximae
855 2127 944 2168 res
959 2127 1060 2184 per
1072 2111 1235 2166 ﬁdem
1245 2153 1258 2176 ,
1277 2117 1334 2168 et
1348 2127 1459 2167 non
1475 2128 1574 2185 per
1587 2113 1756 2168 ratio-

190 2199 454 2256 cinationes
471 2201 738 2272 perfecta:
753 2205 903 2256 sunt.
913 2200 980 2256 Et
991 2199 1268 2273 quomodo
1283 2199 1388 2256 hoc
1399 2199 1754 2267 ostendit,dic

188 2287 321 2343 mihi?
333 2287 694 2344 Manifestum
710 2288 1019 2360 est,inquit,
1039 2287 1174 2361 quia
1192 2305 1258 2344 ex
1277 2305 1387 2344 non
1407 2287 1752 2344 exstantibus

189 2391 284 2449 quae
295 2385 414 2432 sunt
429 2379 586 2434 Deus
603 2377 930 2444 eilicit,etex
944 2393 1052 2432 non
1067 2379 1467 2450 apparentibus
1481 2395 1754 2450 apparen-

185 2463 317 2521 tia.et
327 2481 386 2521 ex
397 2481 516 2522 non
529 2466 965 2522 subsistentibus
979 2465 1439 2522 subsistentia.Et
1449 2465 1597 2521 unde
1612 2465 1752 2521 hoc?

185 2553 301 2619 Quia
319 2561 370 2610 et
384 2557 558 2611 verbo
590 2555 708 2610 haec
737 2553 888 2610 fecit.
911 2551 1284 2610 Ratiocinatio
1307 2553 1532 2626 quidem
1561 2555 1619 2610 in
1647 2555 1752 2611 hoc

183 2641 294 2698 nihil
312 2643 464 2700 nobis
496 2643 860 2721 suffragatur,
885 2643 979 2698 sed
1003 2649 1060 2698 et
1079 2650 1293 2710 contra,
1312 2643 1484 2699 veluti
1505 2659 1568 2698 ex
1584 2659 1752 2717 appa-

183 2734 396 2788 rentibus
424 2735 764 2807 apparentia
797 2739 957 2804 putet
996 2748 1117 2787 esse
1150 2731 1316 2788 facta.
1362 2733 1666 2805 Propterea
1695 2741 1754 2788 et

182 2821 384 2876 maxime
413 2819 739 2894 philosophi
771 2821 908 2876 nihil
940 2820 1134 2876 dicunt
1167 2837 1233 2876 ex
1264 2819 1432 2876 nullis
1481 2823 1749 2876 exstanti-

181 2906 264 2965 bus
281 2925 410 2976 esse,
426 2911 710 2966 animales
730 2912 1051 2972 existentes,
1073 2915 1127 2965 et
1146 2909 1290 2964 nihil
1317 2911 1427 2966 ﬁde
1447 2911 1752 2983 percipien-

182 3005 265 3054 tes.
286 2999 797 3074 Reprehenduntur
817 3006 1004 3055 autem
1028 3001 1199 3054 etiam
1217 3000 1321 3071 ipsi
1348 3015 1360 3068 ;
1391 2999 1614 3072 quando
1636 3013 1754 3054 ma-

1836 1845 2038 1916 inquit,
2046 1846 2178 1917 quia
2189 1861 2301 1900 non
2313 1851 2399 1901 est
2408 1852 2667 1918 suscepta
2677 1847 2942 1920 :suscepit
2951 1847 3177 1920 quidem
3189 1847 3358 1917 Dens,
3374 1851 3432 1904 et
3521 1845 3532 1852 ’

1836 1933 1977 1988 dixit
1995 1933 2064 1988 ad
2085 1934 2226 1989 Cain
2247 1953 2259 1988 :
2290 1953 2316 1986 ‹‹
2336 1933 2395 1989 Si
2417 1941 2569 1990 recte
2588 1935 2806 2001 oil‘eras,
2824 1939 2973 1991 recte
2995 1942 3187 1992 autem
3206 1951 3320 1992 non
3341 1935 3429 1992 di-

1835 2021 2008 2077 vidas.
2045 2043 2071 2076 υ
2104 2023 2248 2094 Ergo
2275 2021 2412 2078 Abel
2438 2029 2495 2078 et
2523 2028 2674 2079 recte
2703 2023 2908 2079 obtulit
2935 2029 2994 2080 et
3022 2031 3176 2080 recte
3219 2024 3424 2080 divisit.

1837 2109 1944 2166 Sed
1973 2127 2074 2182 pro
2104 2111 2190 2166 his
2221 2127 2390 2184 quam
2418 2111 2847 2168 retributionem
2875 2115 3090 2184 accepit
3107 2112 3133 2166 ?
3159 2112 3430 2169 Interam-

1835 2206 1964 2271 ptus
1993 2208 2081 2256 est
2111 2217 2283 2256 manu
2308 2199 2576 2268 fraterna,
2609 2207 2668 2256 et
2691 2199 3234 2264 condemnationem,
3255 2215 3424 2274 quam

1834 2295 1998 2360 pater
2033 2295 2265 2362 propter
2297 2295 2590 2362 peccatum
2628 2289 2852 2358 meruit,
2885 2291 3031 2345 hanc
3065 2289 3172 2344 iste
3208 2291 3426 2362 primus

1834 2377 2066 2450 excepit,
2112 2383 2297 2434 rectus
2344 2379 2587 2434 existens
2620 2395 2632 2432 :
2666 2385 2724 2434 et
2764 2379 2822 2433 in
2860 2383 3084 2433 tantum
3125 2377 3429 2434 crudeliter

1833 2480 2032 2538 passus
2059 2471 2162 2534 est,
2197 2467 2256 2522 in
2286 2473 2560 2538 quantum
2592 2466 2762 2522 etiam
2810 2484 2844 2522 a
2890 2464 3085 2533 fratre,
3119 2471 3176 2522 et
3210 2467 3426 2539 primus

1833 2554 2074 2610 occisus:
2103 2559 2160 2610 et
2177 2563 2367 2610 tamen
2385 2553 2747 2627 probabiliter
2777 2569 2842 2610 ac
2868 2560 3020 2610 recte
3057 2553 3262 2622 vivens,
3294 2555 3424 2611 nul-

1832 2645 1948 2698 lum
1975 2643 2188 2699 habens
2218 2659 2384 2716 quem
2415 2642 2751 2700 imitaretur.
2769 2645 2855 2699 Ad
2879 2659 3045 2716 quem
3076 2641 3226 2700 enim
3247 2648 3430 2700 atten-

1832 2731 1970 2787 dens
1999 2731 2255 2788 imitatus
2287 2739 2389 2799 est,
2422 2737 2488 2788 ut
2516 2733 2596 2788 sic
2635 2733 2939 2788 honoraret
2975 2732 3195 2790 Deum?
3223 2734 3292 2789 ad
3324 2749 3424 2806 pa-

1829 2826 1976 2876 trem
2006 2822 2092 2876 vel
2121 2821 2188 2876 ad
2220 2819 2504 2878 matrem?
2535 2821 2632 2877 sed
2670 2821 2752 2876 illi
2789 2822 2969 2894 magis
3012 2821 3428 2894 injuriaverunt

1831 2907 2012 2965 Deum
2042 2927 2142 2983 pro
2170 2909 2346 2966 tantis
2374 2909 2676 2971 beneﬁciis.
2710 2910 2860 2966 Num
2887 2911 2959 2966 ad
2985 2908 3218 2967 fratrem
3247 2918 3426 2968 atten-

1833 2997 1958 3054 dit?
2003 3000 2174 3054 etiam
2220 3001 2340 3071 ipse
2387 2998 2693 3072 injuriavit.
2725 2997 2968 3056 Proinde
3005 3017 3072 3055 ex
3109 2999 3294 3074 seipse
3322 2999 3427 3057 hoc

181 3105 325 3158 gnum
352 3088 573 3162 aliquid
603 3088 690 3144 vel
712 3085 953 3144 validum
985 3087 1245 3156 dixerint,
1278 3088 1387 3144 fide
1417 3089 1611 3144 dicunt
1629 3105 1752 3161 per-
1772 3079 1816 3144 C
1833 3085 2042 3143 bonum
2061 3087 2294 3147 invenit.
2319 3088 2426 3152 Qui
2455 3103 2588 3160 ergo
2616 3094 2775 3144 tanto
2803 3086 3018 3144 honore
3047 3088 3252 3160 dignus
3281 3094 3422 3158 erat,

181 3175 492 3249 cipiendum,
527 3177 700 3233 veluti
731 3177 880 3248 quod
910 3179 1060 3233 Deus
1091 3176 1212 3232 sine
1242 3178 1402 3232 initio
1453 3177 1658 3234 dicitur
1693 3183 1752 3234 et

179 3265 446 3336 ingenitus.
483 3263 864 3321 Ratiocinatio
905 3267 1110 3338 quippe
1139 3265 1270 3320 huic
1299 3263 1384 3320 rei
1413 3282 1524 3321 non
1553 3266 1751 3322 suil'ra-

174 3361 330 3424 gatur,
361 3355 456 3410 sed
503 3361 561 3409 et
590 3359 786 3409 contra
814 3369 874 3409 se
917 3353 1104 3409 habet.
1138 3355 1382 3410 Attende
1426 3369 1575 3410 nunc
1608 3353 1749 3410 mihi

175 3442 378 3498 multam
395 3441 715 3499 vanitatem
735 3439 1193 3515 ipsomszeum
1213 3444 1335 3498 sine
1353 3441 1514 3499 initio
1535 3444 1744 3511 dicunt,

175 3531 220 3584 et
227 3549 281 3585 ex
301 3530 463 3588 nullis
477 3531 1098 3586 exstantibusMultum
1115 3537 1304 3587 autem
1316 3533 1421 3587 hoc
1436 3531 1749 3588 mirabilius

173 3627 242 3673 est
261 3639 421 3692 quam
445 3619 643 3676 dicere
668 3621 802 3693 quia
819 3635 884 3677 ex
904 3619 1076 3676 nullis
1097 3613 1444 3676 exstantibus
1465 3637 1586 3693 quae
1616 3629 1749 3678 sunt

176 3703 298 3763 Deus
314 3709 461 3766 fecit.
488 3709 640 3766 Nam
669 3709 870 3776 dicere,
888 3708 1020 3764 Sine
1037 3709 1310 3782 principio
1323 3716 1410 3765 est
1425 3709 1594 3778 Deus,
1617 3709 1750 3782 quia

173 3796 446 3868 ingenitus,
466 3799 607 3870 quia
628 3814 810 3870 neque
833 3813 867 3854 a
886 3799 1087 3871 seipso,
1111 3812 1294 3870 neque
1315 3795 1385 3854 ab
1402 3797 1512 3854 alio
1522 3801 1748 3870 genitus

174 3888 258 3948 est,
275 3888 516 3960 amplius
539 3892 629 3942 est
647 3885 974 3954 baesitabile,
989 3891 1264 3960 quantum
1283 3886 1352 3942 ad
1373 3887 1751 3944 ratiocinatio-

171 3987 276 4028 nem
295 3973 516 4042 attinet,
545 3990 718 4047 quam
741 3974 1027 4042 dicere,Ex
1051 3973 1218 4032 nullis
1238 3968 1588 4033 exstantibus
1601 3977 1750 4034 Deus

171 4059 278 4116 fecit
289 4077 406 4134 quae
416 4061 687 4118 sunt.Hic
699 4061 848 4118 enim
866 4065 1044 4118 multa
1059 4071 1192 4120 sunt
1205 4063 1622 4132 credibilia,hoc
1643 4068 1746 4134 est,

172 4149 282 4219 quia
307 4151 436 4206 fecit
462 4149 692 4223 aliquis,
730 4151 862 4223 quia
889 4149 1112 4208 initium
1142 4151 1342 4208 habuit
1362 4153 1510 4225 quod
1539 4152 1749 4208 factum

171 4245 240 4292 est
261 4258 271 4292 :
291 4237 398 4294 illic
431 4245 628 4296 autem
658 4247 855 4312 sponte
883 4240 1170 4312 ingenitus
1198 4255 1380 4313 neque
1401 4241 1627 4297 initium
1646 4243 1748 4297 ha-

170 4320 273 4382 buit
297 4341 479 4401 neque
500 4335 748 4400 tempus,
771 4345 956 4384 nonne
978 4331 1159 4400 magis
1189 4331 1307 4386 hac
1334 4331 1444 4385 ﬁde
1472 4331 1744 4402 indigent,

1832 3175 1964 3249 quid
1976 3168 2225 3250 patitur?
2235 3174 2868 3242 Interimiturﬂualiter
2879 3181 3069 3232 autem
3089 3177 3260 3233 etiam
3271 3175 3426 3233 aliud

1829 3267 2217 3322 testimonium
2238 3269 2568 3320 consecutus
2587 3272 2690 3333 est,
2715 3265 2864 3337 quod
2883 3270 3032 3322 esset
3043 3267 3266 3338 justus?
3281 3261 3426 3322 Dici-

1831 3360 1926 3410 tur
1953 3355 2100 3426 ignis
2145 3353 2496 3410 descendisse
2527 3359 2584 3409 et
2619 3353 2994 3426 absumpsisse
3031 3352 3244 3411 hostias
3277 3356 3420 3427 ejus.

1841 3462 1860 3493 ι
1890 3442 1956 3498 In
1983 3441 2142 3510 Abel,
2175 3443 2377 3514 inquit,
2414 3441 2654 3514 inSpexit
2697 3445 2756 3497 et
2788 3443 2848 3498 in
2877 3443 3075 3498 hostiis
3113 3445 3236 3514 ejus
3263 3442 3423 3510 (Gen.

1830 3548 1920 3586 Nl.
1961 3553 1981 3582 1
2001 3531 2066 3586 In
2097 3531 2366 3604 Syrorum
2396 3537 2586 3586 autem
2614 3531 2811 3602 lingua
2833 3551 2855 3584 ι
2878 3535 2936 3586 et
2954 3530 3207 3602 ignivit,»
3232 3529 3420 3586 habet.

1830 3617 1972 3676 Cum
2003 3625 2061 3674 et
2087 3619 2147 3674 in
2177 3617 2380 3684 verbis,
2405 3623 2462 3674 et
2488 3619 2550 3673 in
2580 3617 2844 3690 cperibus
2862 3619 2985 3690 ejus
3003 3617 3334 3675 testiﬁcatus
3352 3618 3427 3675 sit

1829 3709 1898 3764 de
1922 3707 2162 3780 justitia,
2196 3715 2253 3764 et
2280 3723 2408 3763 cum
2437 3719 2566 3762 eum
2595 3711 2827 3779 propter
2869 3721 2929 3762 se
2967 3705 3169 3762 viderit
3213 3709 3424 3764 exstin-

1828 3802 1998 3865 ctum,
2023 3797 2264 3853 necdum
2307 3795 2358 3851 ei
2395 3795 2675 3858 retribuit.
2707 3795 2806 3851 sed
2845 3793 3028 3851 adhuc
3063 3797 3144 3851 sic
3189 3794 3422 3852 dimisit.

1831 3887 2072 3942 Proinde
2102 3884 2241 3941 illud
2278 3889 2400 3941 erat
2426 3899 2558 3940 vera
2585 3883 2742 3940 ﬁdes.
2773 3887 2907 3950 Quae
2956 3885 3109 3940 enim
3156 3881 3429 3941 miracula

1832 3977 1926 4032 ille
1954 3975 2110 4044 vidit,
2132 3981 2196 4030 ut
2225 3974 2481 4030 crederet
2507 3973 2642 4047 quia
2660 3973 2768 4029 erit
2782 3991 2818 4030 a
2842 3973 2958 4032 Deo
2979 3971 3170 4048 aliqua
3187 3972 3428 4031 retribu-

1832 4063 1910 4120 tio
1939 4062 2254 4120 bonorum?
2282 4063 2482 4120 Nonne
2502 4080 2566 4118 ex
2588 4061 2698 4119 ﬁde
2719 4062 2840 4119 sola
2856 4062 3056 4120 habuit
3072 4061 3218 4120 hanc
3244 4065 3422 4120 virtu-

1829 4151 2120 4218 tem?Quid
2131 4159 2234 4220 est,
2246 4157 2335 4208 «et
2347 4159 2645 4226 propterea
2657 4155 2912 4208 mortuus
2922 4151 3105 4210 adhuc
3114 4151 3424 4226 loquitur?»

1831 4241 1915 4298 Ne
1936 4241 1994 4297 in
2013 4241 2249 4298 multam
2273 4257 2369 4298 eos
2389 4240 2838 4314 desperationem
2853 4239 3429 4308 adduceret,ostendit

1831 4345 1960 4387 eum
1981 4346 2047 4386 ex
2063 4337 2223 4404 parte
2254 4331 2592 4404 perii-uitam
2623 4329 3071 4386 retributionem.
3110 4329 3428 4402 Speculatio

171 4413 244 4469 dic
263 4418 395 4473 mihi
416 4417 441 4472 Ῥ
464 4417 580 4474 Sed
602 4433 713 4472 non
742 4419 931 4490 posuit
950 4419 1073 4486 hoc,
1099 4417 1245 4491 quod
1282 4417 1461 4474 multo
1482 4427 1605 4476 erat
1625 4435 1746 4476 am—
1764 4403 1812 4461 D
1831 4421 2036 4494 quippe
2066 4403 2188 4492 ejus
2201 4403 2380 4475 multa
2394 4423 2497 4487 est,
2521 4437 2548 4472 ι
2569 4421 2640 4474 Et
2656 4417 2840 4474 adhuc
2860 4415 3126 4489 loquitur,
3151 4437 3172 4466 ιι
3195 4419 3302 4472 hoc
3317 4423 3421 4484 est,

171 4499 312 4574 plius,
343 4505 441 4562 sed
475 4512 694 4562 contra.
721 4505 900 4574 Unde,
922 4507 1126 4579 inquit,
1143 4506 1416 4564 habemus
1445 4506 1577 4581 quia
1599 4509 1748 4566 Deus

171 4590 268 4646 haec
318 4593 453 4650 fecit
483 4595 512 4648 7
562 4593 917 4650 ratiocinatio
963 4611 1076 4650 non
1117 4595 1459 4668 suffragatur
1499 4615 1512 4652 :
1547 4596 1750 4669 aliquis

172 4684 371 4750 quando
399 4681 523 4739 haec
553 4683 763 4738 ﬁebant
789 4697 904 4738 non
933 4681 1160 4753 aderat;
1191 4685 1340 4740 unde
1368 4701 1504 4757 ergo
1533 4692 1748 4742 certum

171 4769 276 4824 est?
296 4769 658 4828 Manifestum
685 4778 773 4828 est
799 4774 946 4845 quod
968 4773 1098 4828 fidei
1117 4789 1206 4829 res
1220 4775 1310 4829 sit.
1341 4792 1367 4825 α
1393 4771 1528 4830 Fide
1549 4773 1752 4830 intelli-

170 4853 349 4926 simus,
367 4860 575 4934 inquit,
601 4861 846 4934 perfecta
868 4878 990 4917 esse
1011 4864 1214 4918 saecula
1233 4863 1401 4918 verbo
1421 4861 1577 4918 Dei.»
1597 4864 1746 4928 Qua-

171 4957 220 4999 re
251 4945 394 5005 ﬁde?
416 4947 568 5016 Quia
610 4965 722 5006 non
753 4951 1152 5023 apparentibus
1180 4955 1315 5007 sunt
1340 4953 1488 5008 facta
1515 4969 1638 5024 quae
1667 4953 1748 5009 vi-

173 5031 354 5092 dentur
383 5057 394 5093 :
431 5039 543 5094 hoc
571 5047 760 5095 autem
791 5045 877 5095 est
906 5041 1055 5095 ﬁdei.
1095 5061 1116 5091 ιι
1151 5039 1286 5096 Fide
1318 5041 1620 5113 plurimam
1645 5039 1748 5096 ho-

174 5135 198 5176 ι
221 5125 377 5182 stiam
407 5126 570 5195 Abel,
607 5141 774 5199 quam
823 5127 964 5184 Cain
1013 5129 1218 5184 obtulit
1262 5127 1398 5198 Deo,
1429 5145 1531 5202 per
1580 5145 1750 5202 quam

181 5233 194 5257 ι
221 5216 603 5272 testimonium
633 5221 962 5273 consecutus
995 5221 1080 5273 est
1107 5235 1229 5272 esse
1253 5220 1461 5289 justus,
1495 5217 1750 5274 testimo-

177 5319 195 5349 ι
222 5299 366 5358 nium
387 5304 722 5377 perhibente
736 5304 1064 5362 muneribus
1086 5307 1205 5378 ejus
1225 5307 1340 5363 Deo
1365 5327 1376 5362 :
1398 5313 1456 5363 et
1474 5323 1575 5381 per
1596 5307 1749 5363 illam

177 5405 196 5438 ι
221 5389 510 5449 defunctus
533 5396 713 5450 adhuc
742 5393 1010 5467 loquitur.
1047 5415 1072 5450 ο
1106 5399 1412 5469 Postquam
1438 5397 1578 5452 dixit
1602 5399 1749 5469 quod

174 5491 453 5538 commune
479 5491 586 5551 est,
619 5483 822 5540 deinde
853 5481 994 5540 etin
1034 5485 1288 5558 personis
1333 5487 1436 5542 hoc
1475 5488 1747 5543 enucleat.

1828 4509 2116 4564 interemit
2143 4509 2370 4582 quidem
2403 4523 2552 4574 eum,
2585 4505 2684 4562 sed
2728 4521 2842 4562 non
2877 4520 3004 4562 cum
3045 4519 3110 4560 eo
3139 4505 3430 4563 interemit

1830 4599 1952 4669 ejus
1971 4598 2210 4668 gloriam
2227 4602 2395 4668 atque
2415 4594 2746 4650 memoriam
2773 4613 2784 4648 :
2809 4608 2920 4649 non
2937 4599 3024 4648 est
3041 4591 3136 4648 ille
3148 4599 3421 4651 mortuus:

1833 4701 1968 4755 ergo
1994 4703 2096 4740 nec
2133 4699 2229 4740 vos
2265 4680 2606 4739 moriemini.
2640 4680 2862 4748 Quanto
2903 4679 3054 4737 enim
3099 4681 3224 4755 quis
3271 4699 3426 4739 acer-

1831 4773 1989 4829 biora
2017 4789 2214 4846 passus
2237 4771 2590 4839 ﬁaerit,tanto
2603 4771 2782 4842 magis
2796 4767 2978 4842 gloria
2995 4771 3115 4844 ejus
3131 4773 3418 4828 excrescit.

1833 4861 2122 4928 Quomodo
2133 4859 2200 4917 ad
2209 4863 2316 4917 huc
2326 4857 2723 4934 loquitur?H0c
2734 4861 2884 4915 enim
2893 4859 3161 4917 indicium
3182 4865 3269 4916 est
3279 4859 3426 4934 quod

1831 4953 1998 5018 vivat,
2017 4952 2165 5024 quod
2177 4952 2236 5006 in
2247 4965 2342 5007 ore
2353 4949 2606 5006 omnium
2616 4956 2891 5018 versatur,
2913 4951 3062 5022 quod
3082 4965 3278 5005 omnes
3297 4962 3423 5004 eum

1832 5039 2186 5096 admirantur
2217 5047 2273 5095 et
2301 5040 2646 5095 beatiﬁcant.
2673 5039 2782 5104 Qui
2808 5037 2959 5094 enim
2980 5037 3244 5093 admonet
3261 5037 3418 5104 alios,

1831 5137 1898 5187 ut
1904 5132 2044 5202 justi
2058 5131 2188 5196 sint,
2201 5129 2592 5201 loquiturznon
2604 5127 2755 5184 enim
2763 5133 2986 5184 tantum
2997 5125 3210 5200 promit
3217 5139 3421 5194 sermo,

1834 5226 2107 5292 quantum
2134 5217 2320 5291 passio
2359 5215 2528 5273 illius.
2563 5218 2720 5273 Sicut
2761 5216 2912 5272 enim
2956 5216 3158 5271 caelum
3201 5219 3426 5272 tantum

1834 5307 2388 5383 apparensloquitur,
2405 5308 2484 5363 sic
2494 5307 2656 5363 etille
2670 5308 2805 5362 dum
2821 5307 2881 5362 in
2902 5301 3234 5362 memoriam
3249 5307 3420 5362 venit.

1909 5422 1932 5448 α
1965 5397 2100 5454 Fide
2132 5395 2320 5453 Enoch
2344 5395 2652 5453 translatus
2679 5403 2766 5452 est
2803 5411 2876 5452 ne
2919 5392 3134 5452 videret
3159 5399 3422 5465 mortem,

1838 5505 1863 5538 «
1897 5492 1952 5542 et
1980 5499 2093 5542 non
2123 5483 2530 5554 inveniebatur,
2562 5483 2698 5558 quia
2722 5485 3012 5542 transtulit
3041 5483 3202 5541 illum
3231 5482 3380 5540 Deus
3405 5503 3417 5538 :

175 5561 376 5626 Etenim
396 5573 487 5628 vir
505 5567 782 5644 gloriosus
799 5569 1013 5630 mundo
1039 5573 1345 5648 aequandus
1367 5581 1454 5632 est
1477 5592 1488 5630 ε
1513 5576 1619 5633 hoc
1648 5589 1752 5634 ηαδ
1838 5593 1865 5632 α
1893 5581 2023 5632 ante
2042 5572 2470 5633 treuslationem
2491 5575 2643 5633 enim
2656 5572 3046 5632 testimonium
3057 5569 3425 5651 habebatpla-
