3854 6164
450 322 545 378 791

1039 323 1100 374 Β.
1144 321 1412 374 RABANI
1452 320 1682 375 MAURI
1722 318 2056 373 ARCHIEP.
2099 317 2422 372 MOGUNT.
2463 315 2762 370 OPERUM
2796 316 2982 371 PARS
3019 316 3115 371 III.

3551 319 3634 378 79‘2

451 463 478 496 (ι
510 446 688 499 cuisse
707 445 855 498 Deo:
884 443 1109 496 credere
1132 443 1282 495 enim
1311 448 1532 512 oportet
1568 442 1923 495 accedentem
1971 441 2308 500 adAtorem
2347 441 2600 494 omnium
2639 440 2837 506 Deum,
2871 441 2970 494 sed
3014 441 3143 512 quia
3187 443 3300 512 ejus
3341 444 3636 515 omnipotens

453 552 477 584 ι
511 535 710 596 Deum,
743 531 875 600 quia
905 535 1008 595 est,
1039 537 1096 584 et
1126 530 1537 600 inquirentibus
1567 548 1627 584 se
1655 537 2046 584 remunerator

453 640 478 671 «
512 621 592 672 ﬁt.
620 640 647 672 ι)
682 619 816 672 Fide
847 620 1033 672 Enoch
1069 619 1379 672 translatus
1427 625 1532 684 est,
1571 625 1636 672 ut
1674 635 1786 672 non
1831 618 2045 673 videret

449 713 708 773 mortem,
762 709 830 761 de
881 724 994 778 qua
1040 712 1220 760 morte
1270 707 1542 761 Dominus
1587 707 1645 760 in
1692 707 1990 778 Evangelio
2027 726 2038 760 :

451 815 476 848 α
510 796 615 860 Qui
632 797 784 861 vivit,
809 796 1011 866 inquit,
1040 802 1097 849 et
1116 795 1293 850 credit
1320 796 1377 848 in
1409 813 1518 862 me,
1542 812 1656 850 non
1682 796 1958 850 morietur
1983 795 2042 850 in

449 887 910 954 aeternumann.
925 888 1022 953 x1).
1047 903 1070 936 ι
1095 885 1450 954 Quapropter
1465 884 1732 938 festinare
1751 883 2038 950 debemus,

447 973 494 1026 si
536 971 934 1043 perfectionem
979 989 1170 1026 veram
1222 973 1604 1026 desideramus
1651 973 1946 1042 attingere,
1979 979 2044 1027 ut

450 1053 922 1132 quemadmodum
952 1078 1183 1132 corpore
1211 1067 1492 1132 parentes,
1525 1061 1788 1132 patriam,
1818 1061 2042 1116 divitias

447 1147 674 1215 mundi,‘
695 1150 1122 1220 voluntatesque
1151 1150 1526 1220 despeximus,
1560 1150 1641 1204 ita
1669 1149 1838 1204 etiam
1877 1150 2042 1204 corde

449 1238 567 1292 hmc
595 1239 786 1292 omnia
828 1239 1225 1309 relinquentes,
1259 1239 1414 1292 nulla
1460 1255 1654 1292 rursus
1691 1239 1760 1292 ad
1809 1256 1876 1292 ea
1919 1255 2042 1310 quae

451 1327 770 1380 dimisimus
799 1327 1250 1398 concupiscentia
1295 1333 1659 1380 revertamur.
1702 1327 1899 1393 Aliter,
1933 1328 2040 1381 ﬁde

447 1417 753 1469 translatus
783 1422 869 1469 est
906 1417 1095 1469 Enoch
1131 1434 1141 1468 :
1175 1422 1240 1470 ut
1267 1415 1416 1469 enim
1446 1415 1846 1470 transferretur
1874 1433 2044 1470 causa

447 1503 571 1568 fuit,
604 1504 752 1574 quod
781 1505 1067 1574 placuerat
1098 1523 1108 1556 :
1145 1509 1208 1556 ut
1237 1509 1427 1560 autem
1459 1505 1706 1574 placeret
1725 1505 2042 1568 Deo,causa

2122 529 2299 583 Filius
2327 529 2650 583 incarnatus
2671 535 2817 582 esset
2840 529 3150 600 ignorabat.
3167 531 3346 602 Neque
3371 531 3498 585 enim
3515 538 3638 602 pote-

2123 624 2215 672 rat
2222 617 2370 672 bona
2378 618 2678 688 agere,nisi
2693 625 2822 672 ante
2837 618 3430 690 credidissetzscriptum
3440 635 3637 691 namque

2125 710 2227 759 est:
2240 728 2264 757 α
2273 705 2404 760 Sine
2415 707 2524 760 ﬁde
2537 706 2878 778 impossibile
2890 714 2976 761 est
2985 707 3326 778 placereDeo.
3336 707 3527 762 iFidem
3535 725 3640 778 ergo

2122 795 2338 862 habuit,
2364 796 2526 865 cujus
2545 800 2828 850 orationes
2850 800 2908 849 et
2927 796 3286 867 eleemosynae
3312 797 3504 868 placere
3521 804 3643 867 pote-

2123 890 2270 950 rant;
2288 884 2435 938 bona
2445 890 2635 938 autem
2648 885 2868 939 actione
2881 885 3437 956 promeruit,utDeum
3446 885 3643 956 perfecte

2123 980 2500 1043 cognosceret,
2525 979 2582 1027 et
2600 973 3001 1028 incarnationis
3031 975 3152 1044 ejus
3175 973 3478 1044 mysterium
3493 973 3645 1028 crede-

2123 1067 2228 1128 ret,
2263 1067 2540 1133 quatenus
2579 1062 2650 1115 ad
2681 1068 3036 1116 sacramenta
3075 1061 3408 1134 baptismatis
3443 1062 3648 1133 perveni-

2123 1156 2228 1204 ret.
2257 1151 2365 1204 Per
2393 1151 2562 1204 ﬁdem
2592 1168 2724 1221 ergo
2754 1151 2909 1206 venit
2935 1151 3007 1206 ad
3035 1167 3222 1222 opera,
3254 1151 3347 1205 sed
3385 1166 3475 1222 per
3513 1167 3649 1221 opera

2124 1246 2211 1293 est
2229 1239 2499 1293 solidatus
2525 1239 2584 1292 in
2613 1239 2802 1292 ﬁdem.
3282 1253 3285 1255 ’

2199 1346 2225 1379 ε
2265 1328 2400 1381 Fide
2429 1329 2548 1382 Noe
2575 1344 2842 1398 responso
2862 1333 3089 1398 accepto
3127 1327 3196 1381 de
3236 1327 3320 1381 his
3355 1344 3466 1398 quae
3505 1327 3652 1380 adhuc

2126 1435 2152 1469 «
2183 1433 2295 1470 non
2327 1416 2676 1484 videbantur,
2701 1422 2956 1470 metuens
2992 1416 3205 1486 aptavit
3245 1433 3420 1470 arcam
3455 1416 3508 1469 in
3537 1415 3652 1468 salu-

2127 1523 2153 1557 «
2185 1511 2300 1558 tem
2321 1505 2522 1559 domus
2542 1523 2674 1570 sum,
2702 1522 2802 1575 per
2821 1521 2990 1576 quam
3021 1505 3305 1559 damnavit
3323 1505 3564 1558 mundum
3583 1523 3593 1556 :
3610 1509 3654 1558 et

449 1599 572 1644 erat
591 1593 748 1644 ﬁdes.
773 1592 879 1655 Qui
907 1593 954 1644 si
997 1591 1254 1657 nesciret,
1280 1592 1412 1662 quia
1431 1599 1758 1663 recepturus
1775 1600 1922 1646 esset
1951 1611 2040 1646 re-
2124 1612 2152 1645 «
2177 1593 2412 1663 justitiee
2441 1611 2563 1664 quae
2595 1611 2695 1665 per
2722 1595 2890 1648 ﬁdem
2917 1601 3020 1660 est,
3052 1593 3228 1647 haeres
3257 1599 3338 1648 est
3357 1592 3649 1646 institutus.»

445 1679 1128 1750 tributionem,quomudo
1141 1681 1386 1750 placeret
1401 1681 1593 1734 Deo?«.
1611 1682 1741 1735 Sine
1766 1683 1874 1735 ﬁde
1889 1681 2099 1762 enim_
2126 1681 2331 1750 (Ιοαη.)
2378 1682 2708 1752 Exemplum
2751 1682 2900 1735 enim
2931 1682 3122 1736 Enoch
3157 1682 3284 1735 ﬁdei
3328 1687 3527 1736 tantum
3555 1680 3652 1744 fuit,

403 1781 416 1788 ‘
447 1767 790 1838 impossibile
810 1775 896 1822 est
915 1769 1134 1839 placere
1145 1770 1280 1824 Deo.
1292 1771 1614 1834 »Quom0do
1627 1771 1763 1824 hoc?
1781 1789 1806 1822 «
1833 1753 2038 1825 Crede-
2055 1753 2104 1813 Β
2121 1771 2438 1840 exemplum
2450 1771 2554 1823 hoc
2567 1776 2754 1824 autem
2769 1771 2888 1825 Noe
2901 1771 3334 1825 etinﬁdelitatis.
3350 1770 3552 1824 Haecest
3562 1784 3656 1839 per-

445 1854 543 1908 bat
558 1855 707 1908 enim
730 1856 862 1926 quia
882 1857 927 1910 si
953 1857 1076 1928 quis
1099 1858 1400 1911 crediderit
1420 1875 1540 1911 esse
1553 1859 1928 1924 Deum,etiam
1949 1875 2039 1912 re-
2121 1857 2266 1912 fecta
2279 1859 2584 1912 consolatio
2605 1865 2661 1913 et
2682 1859 3014 1926 exhortatio,
3033 1859 3258 1930 quando
3276 1875 3384 1912 non
3401 1858 3559 1912 solum
3585 1856 3658 1928 qui

445 1943 808 1998 tributionem
825 1944 1070 1999 habebit.
1091 1946 1248 1999 Unde
1267 1963 1399 2016 ergo
1417 1947 1668 2017 placetur
1679 1947 1830 2001 Deo?
1855 1965 1880 1998 ((
1903 1948 2038 2002 Cre-
2121 1947 2482 2002 crediderunt
2510 1947 2870 2002 inveniuntur
2911 1947 3205 2018 approbati
3245 1963 3381 2012 esse,
3411 1945 3498 1999 sed
3523 1945 3659 2000 etiam

445 2031 596 2098 dere,
613 2032 814 2103 inquit,
831 2035 1211 2104 oportet,quia
1222 2040 1326 2101 est,
1347 2054 1368 2084 υ
1388 2051 1500 2088 non
1513 2035 1643 2106 quid
1657 2042 1760 2090 est.
1779 2036 1836 2090 Si
1849 2042 2038 2090 autem
2120 2035 2374 2090 inﬁdeles
2401 2037 2682 2090 contraria
2707 2037 2875 2107 passi.
2909 2036 3056 2100 Quid
3105 2051 3238 2107 ergo
3273 2033 3484 2106 inquit?
3511 2052 3536 2086 ι
3555 2032 3661 2088 Fide

447 2121 579 2190 quia
591 2122 948 2187 est,ﬁde,non
965 2123 1486 2178 ratiocinationibus
1501 2141 1639 2195 opus
1653 2124 1926 2190 habet,ita
1938 2142 2041 2179 nec
2122 2125 2242 2178 Noe
2271 2125 2495 2178 oraculo
2524 2130 2770 2196 accepto.
2806 2145 2832 2177 »
2861 2125 3008 2190 Quid
3050 2131 3156 2192 est,
3184 2125 3404 2178 oraculo
3437 2121 3661 2193 accepto?

449 2209 583 2280 quid
601 2209 675 2262 sit
687 2210 1114 2265 ratiocinatione
1149 2212 1544 2282 comprehendi
1563 2213 1787 2283 poterit.
1823 2214 1880 2267 Si
1911 2214 2043 2284 quia

445 2297 740 2351 retributio
753 2300 1025 2353 mercedis
1036 2306 1139 2363 est,
1161 2301 1271 2354 ﬁde
1295 2317 1434 2371 opus
1456 2301 1642 2365 habet,
1669 2308 1727 2356 et
1743 2319 1852 2356 non
1864 2303 2040 2356 ratio-

445 2383 1124 2458 cinationibuszquomodo
1141 2407 1208 2443 ea
1223 2406 1345 2460 quae
1363 2389 1433 2442 ad
1455 2391 1754 2444 essentiam
1773 2391 1894 2461 ejus
1915 2391 2042 2444 atti-

448 2480 584 2527 nent
625 2475 1050 2530 ratiocinatione
1089 2483 1354 2548 poterunt
1390 2478 1831 2550 comprehendi?
1861 2479 2041 2549 qualis

447 2562 596 2616 enim
619 2554 707 2616 est
731 2564 1084 2618 ratiocinatio
1109 2583 1230 2635 quae
1252 2567 1460 2636 poterit
1479 2568 1549 2621 ad
1569 2569 1680 2622 ista
1697 2568 2042 2638 pertingere?

449 2650 680 2720 quidam
691 2652 842 2704 enim
863 2669 993 2705 casu
1015 2659 1072 2706 et
1089 2661 1288 2724 sponte
1308 2656 1502 2710 dicunt
1518 2657 1726 2722 omnia,
1754 2674 1876 2727 qua:
1887 2663 2038 2724 sunt,

447 2738 744 2791 exstitisse.
767 2740 934 2793 Vides
961 2741 1094 2811 quia
1121 2742 1229 2795 nisi
1251 2744 1654 2798 crediderimus
1671 2745 1739 2798 de
1759 2745 2037 2812 omnibus,

455 2843 568 2879 non
588 2831 809 2881 tantum
830 2829 1381 2898 retributionem,sed
1404 2833 1574 2886 etiam
1595 2834 1664 2887 de
1680 2850 1744 2887 eo
1764 2835 1884 2904 ipso
1907 2835 2040 2906 quid

451 2913 526 2968 sit
552 2915 720 2980 Deus,
744 2915 1010 2970 labuntur
1037 2917 1197 2972 nobis
1227 2921 1416 2974 omnia
1446 2927 1504 2975 et
1531 2938 1643 2975 non
1669 2923 1860 2976 stant?
1879 2924 2038 2976 Multi

453 3008 645 3056 autem
676 3011 935 3074 quaerunt
964 3023 1073 3076 quo
1101 3009 1408 3063 translatus
1436 3009 1510 3064 sit
1539 3011 1746 3077 Enoch,
1781 3017 1838 3065 et
1867 3028 2040 3082 quare

2124 2213 2241 2266 Hoc
2262 2219 2364 2278 est,
2389 2213 2714 2284 praedictum
2739 2219 2824 2268 est
2841 2214 2910 2268 ei.
2937 2214 3240 2269 Oraculum
3270 2218 3451 2267 autem
3473 2227 3558 2283 pro
3575 2225 3663 2281 qua

2122 2318 2294 2354 causa
2324 2301 2564 2356 dicitur?
2593 2303 2813 2357 Etenim
2843 2302 2975 2356 alibi
3017 2303 3158 2357 dixit
3185 2321 3197 2355 :
3239 2322 3262 2354 ι
3294 2301 3570 2356 Oraculum
3600 2298 3663 2352 illi

2123 2389 2317 2443 datum
2362 2396 2486 2444 erat
2523 2407 2557 2444 a
2589 2391 2807 2461 Spiritu
2837 2390 2982 2463 (Luc.
3027 2395 3103 2463 ιι).
3145 2411 3167 2442 ι
3202 2391 3271 2445 Et
3309 2390 3533 2444 iterum:
3563 2405 3588 2440 ι
3615 2387 3669 2440 Et

2123 2478 2258 2549 quid
2310 2479 2452 2533 dixit
2507 2480 2798 2534 oraculum
2870 2479 3168 2534 divinum?
3227 2499 3253 2532 »
3313 2475 3670 2547 Contemplans

2125 2567 2502 2638 aequalitatem
2527 2569 2757 2622 honoris
2789 2568 2848 2622 in
2881 2568 3094 2640 Spiritu
3123 2567 3362 2623 sancto?
3390 2567 3532 2621 Sicut
3548 2564 3669 2619 enim

2123 2656 2274 2710 Deus
2302 2656 2401 2710 dat
2420 2658 2665 2723 oracula,
2697 2657 2776 2711 sic
2804 2657 2973 2712 etiam
3001 2657 3248 2728 Spiritus
3278 2655 3673 2718 sanctus.Quare

2123 2748 2312 2798 autem
2341 2744 2420 2798 sic
2448 2745 2630 2798 dixit?
2659 2745 2961 2817 Prophetia
2983 2745 3137 2799 enim
3167 2745 3370 2800 dicitur
3407 2743 3670 2798 oraculum.

2127 2850 2153 2885 «
2171 2833 2253 2886 De
2282 2833 2370 2886 his
2393 2849 2516 2904 quae
2533 2834 2714 2888 adhuc
2733 2851 2846 2888 non
2865 2833 3220 2900 videbantur,
3232 2855 3256 2887 υ
3271 2833 3466 2904 inquit,
3485 2832 3578 2885 hoc
3590 2835 3672 2894 est,

2122 2921 2191 2974 de
2220 2921 2493 2976 imbribus
2523 2941 2534 2976 :
2574 2941 2601 2976 (ι
2630 2923 2838 2977 timens
2885 2923 3200 2977 construxit
3235 2938 3440 2977 arcam.
3474 2939 3496 2973 2)
3526 2919 3676 2974 Ratio-

2121 3010 2328 3064 cinatio
2349 3011 2554 3083 quippe
2583 3011 2725 3065 nihil
2752 3012 2812 3065 in
2841 3011 2945 3066 hac
2984 3027 3157 3066 causa
3200 3009 3490 3082 suggessit.
3520 3005 3677 3074 Nube-

451 3093 761 3147 translatus
782 3095 873 3160 sit,
908 3103 965 3148 et
995 3113 1167 3166 quare
1195 3114 1308 3150 non
1337 3097 1509 3152 fuerit
1543 3105 1818 3165 mortuus,
1857 3115 2039 3171 neque
2059 3090 2103 3150 C
2121 3097 2260 3152 bant
2287 3099 2437 3152 enim
2461 3105 2518 3154 et
2544 3100 2749 3171 nuptui
2778 3099 2986 3181 dabant
3009 3119 3022 3168 ;
3055 3116 3159 3154 aer
3182 3100 3422 3154 mundus
3449 3103 3598 3168 atque
3615 3110 3680 3148 se-

445 3181 584 3251 ipse,
617 3199 799 3252 neque
831 3183 1004 3250 Elias,
1041 3189 1098 3238 et
1119 3185 1166 3238 si
1195 3187 1377 3240 adhuc
1404 3187 1615 3254 vivunt,
1658 3189 1937 3258 quomodo
1958 3189 2037 3243 vi-

445 3276 600 3334 vunt,
637 3276 696 3324 et
723 3271 780 3324 in
823 3272 975 3342 quali
1007 3272 1222 3327 habitu.
1268 3275 1755 3345 Supervacaneum
1803 3283 1888 3330 est
1930 3277 2038 3332 ista

445 3359 748 3428 requirere,
783 3361 916 3430 quia
943 3377 1073 3414 vero
1101 3363 1408 3417 translatus
1439 3369 1526 3418 est
1549 3365 1674 3430 iste,
1708 3371 1765 3418 et
1789 3365 1920 3436 quia
1947 3383 2038 3420 as-

446 3454 704 3520 sumptus
743 3455 828 3502 est
871 3449 986 3516 ille,
1037 3451 1337 3521 Scripturze
1384 3453 1676 3520 dixerunt;
1717 3453 1813 3508 ubi
1850 3461 2040 3509 autem

445 3540 576 3589 sunt
605 3541 662 3590 et
689 3538 988 3606 quomodo,
1025 3556 1138 3592 non
1168 3541 1526 3595 addiderunt.
1563 3543 1714 3596 Nihil
1745 3544 1894 3596 enim
1916 3561 2037 3598 am-

443 3624 610 3694 plius,
646 3643 813 3696 quam
841 3644 964 3696 quae
984 3635 1118 3682 sunt
1153 3631 1486 3694 necessaria,
1507 3631 1718 3685 dicunt.
1743 3633 1862 3686 Hoc
1889 3633 2041 3687 enim

444 3712 655 3767 factum
679 3722 784 3782 est,
808 3717 956 3785 quod
991 3717 1059 3769 de
1079 3719 1446 3772 translatione
1467 3719 1688 3774 dicitur.
1715 3721 2042 3776 Translatus

445 3807 532 3854 est
551 3808 760 3868 autem,
786 3821 899 3858 non
919 3811 1195 3874 mortuus,
1213 3808 1309 3861 sed
1332 3813 1394 3862 ut
1414 3824 1527 3862 non
1547 3809 1758 3862 videret
1781 3815 2036 3864 mortem.

445 3890 752 3961 Propterea
772 3893 1004 3959 addidit,
1023 3895 1235 3949 «Vivus
1251 3897 1559 3951 translatus
1580 3899 1824 3968 est,quia
1835 3900 2045 3969 placuit

447 3979 582 4032 Deo.
623 4001 644 4028 ιο
666 3981 736 4033 Et
766 3981 1010 4050 primum
1041 3985 1294 4053 permisit
1313 3984 1434 4038 ﬁcri
1453 3992 1939 4052 mortem,terrere
1952 4005 2044 4042 vo-

444 4067 566 4120 lens
594 4085 696 4136 per
737 4068 911 4122 ﬁlium
959 4077 1196 4139 patrem.
1232 4073 1439 4126 V'olens
1483 4074 1688 4144 quippe
1725 4077 2039 4143 ostendere,

446 4155 579 4224 quia
605 4171 800 4209 revera
828 4165 1121 4226 permanet
1160 4161 1328 4213 ﬁrma
1375 4163 1674 4227 sententia,
1707 4179 1820 4217 non
1865 4165 2042 4218 malos

447 4243 658 4308 statim,
690 4244 786 4298 sed
818 4244 988 4298 etiam
1021 4262 1169 4313 eum,
1194 4248 1290 4317 qui
1317 4249 1620 4318 placuerat,
1645 4250 1883 4320 subjecit
1907 4269 2042 4324 sup-

2121 3204 2310 3252 renus,
2344 3188 2508 3258 signa
2534 3188 2692 3242 nulla
2717 3194 2910 3246 erant:
2958 3195 3350 3243 verumtamen
3384 3185 3562 3242 timuit
3585 3183 3678 3238 ille.

2127 3295 2150 3327 ι
2191 3277 2346 3343 Fide,
2386 3277 2588 3348 inquit,
2621 3278 2846 3331 oraculo
2886 3285 3115 3348 accepto
3144 3279 3215 3332 de
3245 3277 3353 3344 his,
3385 3292 3501 3347 quae
3525 3273 3681 3328 adhuc

2122 3381 2234 3418 non
2265 3365 2614 3432 videbantur,
2639 3367 2846 3420 timens
2865 3367 3181 3421 construxit
3194 3383 3383 3420 arcam
3395 3365 3462 3418 ad
3477 3362 3682 3417 salutem

2121 3453 2320 3507 domus
2351 3471 2484 3520 sua},
2519 3471 2620 3526 per
2648 3472 2818 3526 quam
2848 3455 3140 3509 damnavit
3180 3454 3472 3509 mundum.
3505 3471 3528 3503 ι)
3557 3451 3681 3514 Quo-

2121 3543 2328 3596 modo?
2349 3543 2608 3598 Ostendit
2635 3544 2783 3597 enim
2815 3560 2909 3597 eos
2937 3544 3138 3612 dignos
3183 3545 3294 3599 hoc
3331 3541 3585 3614 supplicio
3606 3535 3683 3608 qui

2123 3647 2306 3701 neque
2335 3649 2435 3702 per
2470 3633 2623 3686 illam
2653 3632 3127 3686 constructionem
3157 3625 3685 3704 corrigebantur.«Et

2118 3719 2372 3788 justitiae,
2387 3737 2509 3790 quae
2528 3737 2629 3792 per
2638 3721 2807 3774 ﬁdem
2829 3728 2915 3775 est
2934 3722 3112 3776 tactus
3135 3727 3223 3776 est
3240 3722 3436 3776 haeres.
3462 3739 3486 3771 »
3511 3718 3580 3771 Ex
3600 3715 3684 3768 hoc

2124 3808 2277 3861 enim
2324 3810 2586 3880 apparuit
2617 3811 2825 3880 justus,
2871 3827 2937 3864 ex
2985 3827 3052 3864 eo
3096 3810 3250 3881 quod
3299 3807 3532 3864 credidit
3571 3805 3682 3859 Deo.

2124 3896 2288 3950 Fides
2331 3903 2522 3953 autem
2560 3904 2777 3953 certum
2815 3903 2903 3952 est
2937 3897 3070 3970 quia
3111 3899 3401 3969 justitiam
3437 3899 3682 3967 operatur.

2126 3983 2282 4038 Sicut
2307 3986 2459 4040 enim
2486 4003 2590 4040 nos
2618 3989 2906 4042 oraculum
2927 3988 3249 4058 accepimus
3268 3988 3339 4042 de
3351 3987 3610 4058 gehenna,
3625 3979 3689 4033 sic

2125 4079 2182 4127 et
2211 4074 2585 4128 ille.Tametsi
2616 4075 2973 4142 irridebatur,
3006 4077 3240 4130 tametsi
3265 4071 3686 4147 exprobrabatur,

2124 4163 2224 4216 sed
2253 4169 2445 4217 tamen
2475 4165 2546 4217 ad
2577 4165 2718 4218 nihil
2747 4165 2860 4218 tale
2889 4165 3149 4219 attendit.
3169 4165 3354 4220 «Fide
3375 4163 3471 4235 qui
3496 4165 3690 4215 vocatur

2128 4268 2152 4300 ((
2184 4251 2468 4306 Abraham
2495 4253 2740 4307 obedivit
2767 4253 2826 4306 in
2857 4253 3042 4308 locum
3073 4254 3249 4321 exire,
3273 4269 3444 4324 quem
3471 4251 3690 4318 θεωρία·

447 4331 632 4401 plicio,
658 4331 884 4386 beatum
914 4334 1076 4387 illum
1101 4335 1240 4388 Abel
1266 4337 1390 4390 dico
1422 4355 1434 4405 ς
1468 4343 1525 4391 et
1552 4355 1693 4409 pene
1715 4347 1840 4410 post
1867 4341 2105 4420 istumD
2128 4359 2154 4392 «
2185 4357 2282 4394 rus
2313 4346 2436 4394 erat
2481 4341 2540 4394 in
2571 4341 2994 4410 haereditatem;
3033 4349 3092 4396 et
3140 4343 3282 4396 exiit
3331 4339 3574 4397 nesciens
3601 4348 3691 4406 quo

445 4420 735 4474 confestim
758 4423 1049 4476 transtulit
1065 4424 1268 4490 Enoch,
1290 4431 1347 4480 et
1366 4442 1478 4480 non
1487 4428 1840 4482 resuscitavit
1856 4429 2035 4497 illum,

444 4526 515 4563 ne
541 4518 964 4580 praesumerent,
996 4529 1098 4566 nec
1147 4515 1488 4570 conﬁdentes
1536 4517 1908 4586 efﬁcerentur,
1939 4519 2036 4574 sed

444 4600 736 4653 transtulit
755 4600 924 4654 istum
945 4602 1159 4670 vivum;
1183 4620 1284 4674 per
1297 4603 1434 4657 Abel
1450 4605 1675 4675 quidem
1696 4611 2033 4676 perterrens,

441 4701 544 4755 per
570 4687 745 4740 istum
767 4695 954 4742 autem
984 4691 1231 4746 excitans
1257 4694 1327 4745 ad
1347 4693 1761 4748 aemulationem
1782 4696 2036 4766 placendi

441 4773 566 4826 sibi.
587 4776 788 4845 (Greg.)
811 4777 936 4830 Non
968 4779 1117 4832 enim
1149 4781 1448 4836 virtutibus
1476 4782 1700 4836 venitur
1725 4783 1796 4837 ad
1829 4784 1995 4838 ﬁdem
2019 4803 2032 4852 ;

439 4862 535 4916 sed
553 4863 663 4916 ﬁde
684 4865 1024 4935 pertingitur
1042 4869 1112 4922 ad
1132 4869 1384 4924 virtutes.
1411 4871 1702 4925 Cornelius
1731 4873 1881 4926 enim
1903 4889 2034 4926 cen-

437 4951 606 5019 turio,
639 4954 800 5023 cujus
831 4955 1200 5029 eleemosynae
1229 4965 1286 5012 et
1315 4965 1446 5014 ante
1460 4959 2034 5032 baptismum,angelo

436 5047 598 5108 teste,
635 5033 1038 5098 laudatzesunt
1069 5047 1209 5114 (Act.
1243 5051 1322 5116 x),
1354 5065 1466 5102 non
1490 5048 1752 5119 operibus
1780 5051 1934 5104 venit
1961 5051 2032 5105 ad

435 5131 622 5196 ﬁdem,
656 5131 754 5185 sed
785 5132 894 5185 ﬁde
924 5133 1076 5187 venit
1104 5135 1174 5188 ad
1194 5152 1381 5206 opera.
1404 5137 1548 5190 Nam
1571 5137 1620 5190 ei
1641 5154 1740 5208 per
1767 5139 2030 5208 angelum

437 5219 641 5272 dicitur
675 5239 685 5272 :
727 5241 751 5272 (ι
785 5221 1082 5276 Orationes
1122 5230 1234 5278 tuze
1273 5231 1331 5279 et
1370 5227 1736 5298 eleemosynze
1775 5228 2034 5282 ascende-

440 5313 574 5360 runt
596 5309 652 5362 in
685 5317 986 5381 conspectu
1016 5313 1135 5366 Dei.
1173 5334 1198 5364 »
1233 5315 1290 5368 Si
1317 5315 1466 5368 enim
1499 5316 1614 5369 Deo
1655 5333 1785 5370 vero
1815 5323 1872 5370 et
1901 5323 2031 5371 ante

437 5393 775 5466 baptismum
808 5416 920 5454 non
951 5401 1281 5477 crediderat,
1313 5421 1480 5474 quem
1513 5404 1744 5458 orabat?
1772 5407 1858 5459 vel
1890 5423 2030 5476 quo-

436 5483 604 5538 modo
634 5485 783 5539 hunc
807 5491 1158 5560 omnipotens
1187 5492 1337 5547 Deus
1365 5494 1706 5561 exaudierat,
1740 5494 1788 5548 si
1819 5512 1930 5549 non
1959 5495 2030 5549 ab

436 5572 555 5644 ipso
586 5590 645 5626 se
676 5574 733 5628 in
761 5573 921 5629 bonis
951 5580 1141 5650 perﬁci
1165 5581 1424 5650 petebat?
1445 5582 1669 5638 Sciebat
1685 5583 1860 5654 igitur
1879 5601 2030 5639 crea-

2127 4448 2149 4480 (
2185 4429 2314 4484 iret.
2333 4430 2552 4494 »Quem
2583 4430 2732 4484 enim
2763 4431 2919 4496 vidit,
2951 4431 3040 4485 dic
3059 4431 3306 4496 mihi,ut
3331 4420 3690 4485 aemularetur?

2121 4518 2264 4571 Nam
2293 4519 2536 4590 patriam
2562 4535 2840 4590 paganam
2871 4518 3068 4574 habuit
3095 4525 3153 4574 et
3178 4520 3555 4581 idololatram,
3582 4527 3689 4585 pro-

2120 4607 2320 4676 phetas
2345 4623 2460 4660 non
2491 4607 2767 4674 audierat,
2800 4624 2982 4679 neque
3027 4607 3245 4662 sciebat
3285 4625 3400 4679 quo
3433 4601 3687 4678 pergebat.

2121 4695 2398 4758 Quoniam
2421 4695 2572 4748 enim
2593 4697 2730 4750 istos
2750 4696 3117 4751 intuebantur
3144 4714 3247 4768 qui
3273 4695 3616 4751 crediderant
3636 4702 3690 4742 ex

2120 4783 2370 4838 Hebraeis
2395 4785 2569 4840 veluti
2599 4785 2790 4839 decem
2820 4785 2998 4840 millia
3016 4785 3177 4840 bonis
3208 4787 3452 4857 potitos:
3478 4776 3692 4837 ostendit

2120 4872 2388 4942 quoniam
2419 4873 2606 4927 nullus
2637 4873 2819 4928 adhuc
2839 4875 3052 4946 aliquid
3080 4875 3315 4946 recepit,
3351 4889 3541 4928 omnes
3581 4869 3692 4922 sunt

2116 4961 2234 5014 sine
2263 4962 2511 5032 prtemio,
2544 4963 2732 5017 nullus
2760 4963 2942 5018 adhuc
2963 4963 3382 5018 vicissitudines
3411 4959 3624 5030 accepit.
3651 4955 3690 5007 Λ

2117 5050 2302 5120 patria
2333 5067 2436 5104 sua
2462 5051 2556 5104 ille
2587 5056 2646 5105 et
2671 5068 2706 5105 a
2751 5052 2917 5106 domo
2958 5053 3193 5117 excedit,
3228 5059 3289 5106 et
3339 5064 3589 5122 egressus
3620 5046 3690 5097 est

2115 5139 2370 5193 nesciens
2397 5157 2506 5210 quo
2533 5140 2660 5194 iret.
2699 5161 2721 5190 ε
2757 5141 2891 5195 Fide
2921 5148 3172 5196 moratus
3216 5147 3308 5196 est
3337 5141 3397 5194 in
3440 5146 3585 5194 terra
3615 5148 3689 5187 re-

2121 5249 2144 5279 ‹
2176 5229 2583 5298 promissionis,
2617 5235 2889 5300 tanquam
2919 5230 2977 5284 in
3000 5229 3200 5296 aliena,
3237 5230 3296 5284 in
3324 5227 3527 5284 casulis
3552 5221 3690 5277 habi-

2119 5339 2144 5372 «
2175 5318 2345 5372 tando
2376 5335 2502 5372 cum
2533 5319 2688 5373 Isaac
2717 5324 2775 5372 et
2803 5318 2974 5373 Jacob
3002 5318 3391 5374 cohaeredibus
3419 5309 3691 5388 repromis-

2119 5428 2146 5461 ((
2171 5407 2342 5463 sionis
2379 5408 2650 5478 ejusdem.
2689 5428 2710 5458 ι
2752 5407 2900 5472 Quid
2941 5408 3146 5463 mirum
3187 5407 3239 5460 si
3280 5407 3405 5478 ipse
3453 5405 3548 5469 ita,
3578 5413 3686 5454 cum

2106 5499 2285 5574 etiam
2313 5513 2506 5552 semen
2533 5498 2655 5568 ejus
2685 5495 2764 5551 sic
2784 5497 3109 5552 habitaret?
3136 5495 3350 5550 Videris
3369 5511 3502 5566 ergo
3523 5489 3689 5546 redar-

2109 5588 2210 5656 gui
2228 5586 2737 5657 repromissionem.
2750 5626 2784 5638 ..
2800 5587 3011 5641 dictum
3029 5587 3176 5641 enim
3191 5591 3339 5640 erat.
3368 5605 3394 5637 ι
3419 5581 3540 5638 Tibi
3562 5575 3688 5632 dabo
