3848 6164
175 335 256 392 793
543 323 1114 383 ENARRATIONUM
1149 325 1228 380 IN
1265 324 1419 378 EPP.
1461 323 1676 379 PAULI
1713 323 1850 379 LIB.
1889 323 2088 378 XXIX.
2135 352 2198 362 —
2227 321 2305 376 IN
2342 319 2564 376 EPIST.
2603 321 2704 376 AD
2738 321 2950 378 HEBR.
3277 323 3380 380 794

175 468 348 515 terram
365 457 500 510 hanc
517 458 572 506 et
595 449 797 505 semini
832 455 951 504 tuo.
984 467 1012 504 ι
1040 449 1196 504 Vidit
1230 449 1409 504 ﬁlium
1428 448 1506 503 ibi
1530 455 1595 503 ut
1616 451 1770 520 pe-A
1789 451 1940 504 enim
1969 454 2110 502 erat.
2147 467 2170 499 ‹
2197 447 2407 502 Idcirco
2429 448 2600 502 etiam
2619 463 2685 501 ex
2702 463 2816 502 uno
2840 447 3018 518 geniti
3035 453 3171 502 sunt
3188 463 3382 503 omnes

171 547 412 618 regrinum
439 541 807 607 habitantem;
834 555 1009 610 nepos
1033 538 1169 593 item
1207 539 1331 609 ejus
1354 537 1494 592 vidit
1508 543 1710 592 semet-
1792 539 1935 592 sicut
1963 538 2137 592 stellae
2167 535 2309 602 cceli,
2345 541 2406 590 et
2440 536 2586 591 sicut
2635 553 2826 602 arena,
2857 553 2980 608 quae
3013 541 3099 592 est
3125 536 3196 591 ad
3225 553 3393 592 oram.

171 637 320 708 ipsum
344 632 396 686 in
423 637 570 685 terra
585 628 770 683 aliena
786 627 1260 700 peregrinantem,
1287 626 1494 680 etnihil
1513 625 1707 681 turba-
1791 627 2018 682 maris.»
2049 625 2259 682 Idcirco
2282 643 2434 696 ergo,
2458 626 2660 697 inquit,
2685 643 2752 678 ex
2771 642 2883 680 uno
2905 625 3081 696 geniti
3108 631 3241 680 sunt
3261 643 3384 681 om-
3467 682 3476 690 ,

171 732 243 780 nis
261 728 348 777 est.
372 719 589 774 Etcirca
607 716 892 772 Abraham
909 715 1164 770 fortassis
1183 715 1385 770 merito
1406 715 1486 770 sic
1497 715 1708 771 factum
1790 733 1910 784 nes,
1941 733 2053 770 non
2081 716 2186 769 hoc
2211 715 2392 769 solum
2421 715 2610 769 volens
2637 714 2972 784 signiﬁcare,
3015 715 3150 786 quia
3163 715 3380 786 genuit,

172 819 254 876 est,
274 815 327 866 ut
343 813 464 881 pote
484 807 630 878 quod
651 812 846 878 postea
865 805 1208 860 adeﬁ‘ectum
1231 805 1589 876 repromissio
1619 823 1708 860 es-
1790 807 1889 860 sed
1918 806 2089 860 etiam
2127 803 2260 876 quia
2289 809 2576 858 tantorum
2633 809 2816 858 mater
2843 804 3041 858 effecta
3067 810 3170 871 est,
3203 820 3384 876 quan-

171 908 237 957 set
247 895 662 972 perducenda.ln
683 895 838 966 prole
848 899 1038 949 autem
1055 894 1177 964 ejus
1192 893 1328 948 satis
1343 899 1466 948 erat
1479 894 1704 963 mirum,
1788 898 1977 948 torum
2008 909 2189 964 neque
2219 893 2488 947 fecundae.
2515 913 2536 944 ι
2573 892 2729 947 Sicut
2751 893 2926 948 stellae
2947 893 3090 960 cceli,
3119 912 3142 944 ι
3177 892 3380 964 inquit.

171 1003 444 1062 quanquam
473 984 644 1040 etiam
672 983 744 1038 ad
770 983 957 1054 ipsum
987 982 1199 1036 dictum
1219 989 1386 1050 esset,
1409 983 1542 1054 quia
1563 983 1710 1038 «tibi
1791 982 2080 1048 Quomodo
2111 999 2244 1052 ergo
2289 981 2491 1053 saepius
2521 998 2616 1036 eos
2653 986 2934 1046 numerat,
2967 998 3094 1036 cum
3135 981 3338 1036 dixerit
3365 1001 3383 1036 :

169 1077 338 1134 daboet
353 1074 544 1130 semini
558 1080 678 1139 tuo,
703 1089 856 1127 anon
874 1088 974 1143 per
1007 1088 1200 1126 semen
1229 1071 1349 1138 tibi,
1364 1072 1462 1126 sed
1487 1091 1509 1123 ι
1534 1071 1636 1126 tibi
1654 1079 1712 1127 et
1791 1071 2276 1136 Quemadmodum
2301 1087 2412 1126 non
2436 1077 2808 1126 numerantur
2824 1070 3000 1124 stellae
3027 1070 3264 1138 caali,sic
3291 1087 3386 1125 ne-

170 1166 330 1222 semini
357 1171 503 1230 tuo,»
525 1169 584 1217 et
603 1160 1138 1232 tamennequeipse,
1153 1177 1335 1232 neque
1349 1161 1711 1232 Isaac,neque
1793 1177 1901 1232 que
1929 1177 2120 1214 semen
2147 1165 2412 1214 vestrum.
2460 1161 2575 1214 Aut
2618 1159 2794 1230 igitur
2833 1158 3190 1230 hyperbolice
3218 1159 3378 1225 dixit,

170 1253 302 1310 Jacob
326 1251 478 1324 potiti
504 1255 642 1305 sunt
667 1251 771 1304 hoc
794 1249 1086 1321 promisso.
1118 1249 1218 1304 Ille
1243 1249 1469 1320 quidem
1488 1249 1715 1304 servivit
1795 1253 1896 1303 aut
1931 1255 2081 1304 certe
2108 1265 2303 1302 omnes
2331 1248 2684 1319 signiﬁcavit,
2707 1247 2802 1318 qui
2829 1263 3051 1319 semper
3077 1263 3142 1301 ex
3161 1246 3259 1302 illo
3278 1247 3388 1302 ori-

169 1341 463 1398 mercenaria
488 1339 779 1405 servitute,
809 1337 900 1392 hic
947 1345 1138 1393 autem
1167 1337 1575 1408 exagitabatur,
1606 1339 1712 1394 iste
1791 1339 1924 1409 gine
1953 1343 2338 1409 procreantur.
2375 1357 2398 1388 ι
2431 1338 2599 1392 Juxta
2624 1335 2794 1390 ﬁdem
2825 1335 3071 1391 defuncti
3103 1341 3236 1391 sunt
3263 1352 3386 1391 om-

169 1447 266 1486 vero
282 1446 408 1502 pene
425 1429 708 1484 exciderat
723 1427 1010 1482 timens:et
1023 1427 1164 1482 alias
1183 1427 1410 1498 quidem
1429 1427 1716 1482 interemit
1798 1445 1824 1480 α
1870 1443 1970 1481 nes
2008 1426 2124 1493 isti,
2175 1443 2290 1480 non
2319 1425 2560 1497 acceptis
2607 1424 3152 1498 repromissionibus.
3189 1445 3212 1474 ο
3261 1424 3386 1480 Duo

168 1519 316 1573 hostes
331 1517 385 1571 in
405 1516 566 1582 bello,
588 1515 728 1570 alias
748 1520 957 1582 autem,
981 1515 1090 1570 nisi
1110 1516 1260 1570 Deus
1278 1516 1517 1578 adesset,
1541 1516 1713 1571 etiam
1795 1516 2051 1587 quaedam
2075 1515 2167 1570 hic
2183 1516 2417 1586 dignum
2446 1520 2533 1568 est
2557 1531 2826 1586 quaerere,
2851 1515 3129 1585 quomodo
3149 1530 3276 1568 cum
3297 1529 3387 1568 su-

169 1607 393 1678 periisset.
413 1606 724 1676 Propterea
733 1603 873 1658 dixit
889 1604 1022 1675 quia
1043 1623 1071 1658 α
1085 1621 1213 1659 cum
1230 1604 1611 1660 cohaeredibus
1628 1621 1714 1659 re-
1793 1621 1897 1676 pra
1925 1605 2175 1666 dixisset,
2214 1624 2235 1656 »
2254 1605 2583 1660 Translatus
2601 1611 2687 1659 est
2714 1603 2903 1658 Enoch
2923 1609 2981 1657 et
2999 1619 3110 1656 non
3142 1601 3388 1657 invenie-

170 1693 499 1767 promissionis
530 1693 807 1764 ejusdem.
830 1712 851 1743 ι
885 1693 1011 1747 Non
1038 1693 1158 1772 ipse
1185 1694 1356 1759 solus,
1387 1693 1590 1765 inquit,
1615 1694 1713 1750 sed
1792 1693 1978 1758 batur,
2009 1710 2081 1747 ne
2126 1693 2342 1747 videret
2394 1700 2670 1759 mortem;
2723 1710 2749 1744 ι
2802 1691 2894 1745 hic
2921 1691 3057 1744 dicit
3077 1691 3385 1745 secundum

171 1784 301 1839 etiam
325 1782 585 1848 heredes,
624 1801 647 1833 ε
701 1769 1118 1852 Exspectabant
1160 1769 1312 1836 enim
1348 1781 1776 1849 fundamenta};
1799 1803 1820 1834 ι
1866 1782 2033 1836 ﬁdem
2063 1781 2271 1836 mortui
2299 1787 2432 1836 sunt
2456 1781 2514 1835 hi
2531 1797 2726 1835 omnes
2750 1799 2763 1848 ;
2793 1803 2816 1830 ιι
2850 1785 2908 1834 et
2925 1781 3132 1835 iterum
3159 1796 3287 1834 cum
3309 1779 3389 1834 di:

173 1893 189 1924 ε
222 1870 486 1926 habentem
533 1870 843 1936 civitatem,
902 1871 1063 1940 cujus
1119 1871 1319 1925 artifex
1364 1877 1420 1926 et
1457 1873 1714 1927 conditor
1792 1871 1965 1925 xisset
1999 1887 2189 1941 supra,
2225 1888 2255 1921 ei
2301 1887 2414 1924 non
2462 1875 2814 1942 reportantes
2843 1868 3322 1940 repromissiones,
3359 1887 3384 1919 ι

171 1979 192 2014 σ
219 1961 357 2014 Deus.
391 1979 416 2013 ι
465 1959 882 2030 Contemplaris
929 1959 1061 2030 quia
1105 1959 1210 2014 hac
1263 1977 1326 2014 re
1379 1967 1715 2032 acceperunt
1793 1959 1931 2014 dicit
1972 1959 2092 2013 Noe
2131 1958 2406 2029 recepisse
2454 1958 2769 2012 mercedem
2820 1958 2892 2012 ad
2919 1958 3158 2012 salutem
3188 1957 3388 2011 domus

167 2047 600 2120 repromissiones,
630 2048 736 2102 hoc
763 2054 867 2114 est,
901 2048 1271 2119 exspectando
1301 2055 1358 2104 et
1383 2049 1713 2104 conﬁdendo
1794 2065 1928 2114 suae,
1957 2053 2015 2102 et
2043 2047 2232 2102 Enoch
2277 2048 2615 2102 translatum
2661 2063 2802 2112 esse,
2834 2051 2892 2100 et
2933 2045 3074 2100 Abel
3102 2046 3286 2100 adhuc
3311 2045 3390 2098 lo-

167 2137 280 2208 quod
317 2137 649 2209 acciperent.
700 2137 758 2191 Si
796 2137 973 2207 igitur
1019 2137 1299 2192 conﬁdere
1327 2139 1577 2208 accipere
1605 2143 1708 2199 est,
1795 2137 1911 2209 qui,
1936 2142 1994 2191 et
2019 2137 2302 2191 Abraham
2328 2135 2604 2207 accepisse
2625 2141 2855 2202 terram,
2879 2141 2937 2189 et
2951 2135 3108 2201 dixit,
3135 2152 3163 2187 ε
3193 2149 3389 2188 secun-

163 2235 410 2297 pmumus
455 2225 536 2280 sic
594 2225 863 2296 accipere.
895 2225 996 2280 Isti
1025 2226 1176 2280 enim
1206 2227 1311 2280 etsi
1337 2226 1480 2280 nihil
1509 2227 1713 2283 horum
1794 2225 1930 2280 dum
1960 2225 2129 2279 ﬁdem
2159 2225 2366 2279 mortui
2397 2229 2530 2279 sunt
2573 2223 2631 2277 hi
2661 2240 2856 2278 omnes
2891 2239 3004 2277 non
3032 2227 3386 2295 reportantes

163 2315 288 2384 potiti
312 2320 452 2380 sunt,
477 2321 678 2368 tamen
706 2313 984 2368 deSIderio
1013 2313 1382 2369 intuebantur
1409 2331 1493 2370 ea.
1527 2315 1713 2380 Quare
1797 2313 2306 2385 repromissionem.
2335 2333 2358 2364 ι
2394 2313 2539 2378 Quid
2564 2329 2697 2382 ergo
2713 2318 2802 2366 est
2819 2313 2845 2365 Ἰ
2873 2310 3265 2366 Necessarium
3283 2309 3388 2363 ita-

163 2403 242 2456 hoc
265 2402 458 2458 ﬁebat?
487 2403 568 2458 Ut
617 2419 722 2456 nos
761 2401 1174 2468 erubescamus,
1208 2403 1342 2474 quia
1376 2403 1457 2458 illi
1488 2405 1715 2475 quidem
1799 2419 1906 2474 que
1933 2403 2157 2457 videtur
2207 2401 2452 2473 primum
2481 2401 2662 2472 primo
2689 2401 2922 2467 solvere,
2953 2399 3156 2454 deinde
3185 2415 3386 2454 secun-

162 2491 646 2562 repromissionibus
690 2491 748 2544 in
795 2496 951 2545 terra
996 2491 1158 2546 factis
1185 2509 1298 2547 non
1327 2493 1711 2548 attendebant.
1796 2491 1950 2546 dum.
2000 2511 2027 2544 α
2067 2492 2235 2545 Juxta
2276 2491 2466 2556 ﬁdem,
2506 2489 2708 2561 inquit,
2761 2488 2969 2543 mortui
3007 2493 3140 2542 sunt
3166 2487 3227 2542 hi
3263 2503 3388 2542 om-

161 2579 234 2633 sed
273 2580 505 2634 futuram
556 2579 844 2633 civitatem
891 2579 1272 2650 requirebant.
1303 2581 1478 2636 Nobis
1527 2588 1717 2636 autem
1797 2597 1915 2634 nes.
1944 2599 1971 2633 ν
2001 2581 2066 2635 In
2094 2579 2200 2634 hoc
2223 2581 2345 2634 loco
2380 2598 2402 2630 ι
2437 2595 2630 2633 omnes
2651 2600 2678 2629 ιι
2709 2578 2862 2643 dicit,
2887 2593 3001 2632 non
3015 2577 3167 2648 quod
3194 2592 3389 2631 omnes

159 2684 339 2723 sursum
356 2675 522 2740 atque
553 2668 823 2722 deorsum
849 2669 1001 2723 Deus
1015 2669 1084 2723 de
1113 2686 1360 2740 superna
1386 2670 1612 2726 civitate
1639 2671 1718 2726 lo-
1797 2669 2006 2724 mortui
2031 2673 2180 2734 sunt,
2204 2669 2301 2722 sed
2325 2668 2458 2739 quia
2484 2671 2689 2738 praeter
2716 2666 2876 2720 illum
2897 2667 3079 2720 solum
3106 2665 3165 2719 hi
3195 2681 3388 2720 omnes

163 2757 331 2827 quitur,
355 2774 453 2811 nos
483 2763 687 2812 tamen
733 2762 1018 2812 terrenam
1057 2758 1391 2830 quaerimus.-
1417 2759 1570 2814 Dixit
1611 2760 1712 2826 eis,
1799 2758 2008 2812 mortui
2035 2763 2186 2824 sunt,
2219 2773 2359 2829 quos
2379 2757 2588 2812 scimus
2614 2761 2866 2810 mortuos
2887 2755 3078 2810 fuisse.
3105 2755 3266 2820 Quod
3293 2771 3390 2809 au-

166 2865 182 2895 l
209 2844 320 2916 quia
337 2845 473 2900 dabo
493 2845 659 2900 vobis
678 2846 1030 2916 praesentia,»
1056 2847 1324 2918 quoniam
1348 2847 1573 2904 videbat
1589 2865 1711 2904 eos:
1797 2852 1914 2902 tem
1949 2846 2107 2914 dixit,
2141 2870 2158 2895 ι
2197 2863 2310 2900 non
2334 2851 2690 2917 reportantes
2718 2843 3204 2916 repromissiones,
3245 2867 3266 2892 ιο
3298 2859 3389 2898 ve-

163 2935 306 3004 magis
329 2941 514 2989 autem
545 2933 685 3006 quia
713 2935 1082 2990 ostenderunt
1109 2936 1161 2990 ei
1189 2937 1518 3009 semetipsos
1537 2939 1718 3010 majo—
1798 2951 1926 2990 rum
1948 2940 2050 2990 est.
2077 2935 2206 2990 Non
2224 2935 2376 2990 enim
2407 2935 2525 2990 haec
2545 2933 2904 3006 repromissio
2929 2939 3054 2988 erat
3069 2934 3208 2987 Noe.
3236 2933 3393 2988 Isaac

162 3019 282 3076 ribus
305 3039 414 3077 esse
443 3023 672 3094 dignos,
703 3039 818 3077 non
856 3040 951 3078 eos
995 3024 1252 3096 permisit
1295 3026 1549 3097 accipere
1577 3027 1712 3095 haec,
1736 3061 1780 3122 Ο
1801 3023 1952 3079 enim
1989 3023 2242 3078 fortassis
2273 3028 2331 3078 et
2365 3023 2535 3079 Jacob
2576 3028 2914 3094 acceperunt
2941 3020 3391 3094 repromissionis

162 3110 236 3164 sed
259 3111 343 3165 illa
371 3113 599 3183 majora
627 3111 708 3166 eis
727 3111 959 3166 tribuit:
993 3113 1183 3168 volens
1213 3113 1374 3169 nobis
1399 3116 1714 3184 ostendere,
1738 3109 1780 3122 “’
1798 3119 2030 3168 terram.
2049 3113 2170 3168 Noe
2187 3129 2320 3167 vero
2337 3119 2396 3167 et
2412 3112 2551 3167 Abel
2571 3118 2628 3166 et
2671 3111 2880 3177 Enoch,
2908 3128 3049 3182 quas
3066 3109 3392 3165 retributio-

161 3197 264 3269 quia
276 3199 580 3271 majoribus
611 3200 767 3271 digni
795 3206 946 3268 sunt,
979 3202 1234 3257 nolentes
1262 3203 1481 3275 alligari
1509 3205 1581 3258 ad
1609 3205 1721 3259 ista.
1799 3219 1900 3272 nes
1927 3201 2298 3273 acceperunt?
2318 3203 2432 3256 Aut
2451 3201 2628 3272 igitur
2649 3201 2720 3255 de
2756 3199 2936 3254 tribus
2953 3199 3077 3254 istis
3102 3198 3261 3267 dixit,
3294 3203 3396 3252 aut

159 3291 368 3342 terrena:
393 3289 539 3344 sicut
572 3289 814 3360 quisque
833 3291 1070 3361 puerulo
1099 3292 1339 3363 sapienti
1363 3293 1723 3364 repromittat
1800 3291 1848 3345 si
1879 3290 2050 3345 etiam
2071 3292 2141 3344 de
2165 3291 2295 3356 illis,
2321 3307 2435 3344 non
2467 3295 2591 3344 erat
2618 3288 2996 3360 repromissio,
3038 3293 3104 3342 ut
3127 3287 3186 3341 in
3209 3286 3392 3341 admi-

159 3376 374 3445 pnerilia,
397 3395 511 3432 non
539 3383 613 3432 ut
639 3377 895 3449 accipiat,
927 3380 1026 3433 sed
1053 3386 1120 3435 ut
1153 3382 1413 3436 ostendat
1445 3383 1566 3454 ejus
1592 3383 1718 3454 phi-
1800 3379 2018 3434 ratione
2049 3385 2199 3434 esset
2223 3379 2380 3445 Abel,
2425 3383 2490 3432 ut
2516 3377 2918 3432 transferretur
2939 3376 3110 3443 Enoc,
3145 3380 3246 3430 aut
3279 3375 3392 3429 sal-

156 3463 446 3536 losophiam,
478 3467 624 3522 dum
652 3467 747 3520 ille
775 3469 992 3538 majora
1011 3469 1276 3539 postulat.
1310 3471 1428 3525 Hoc
1455 3471 1605 3526 enim
1633 3478 1721 3528 est
1797 3475 2026 3523 varetur
2071 3469 2210 3523 Noe.
2269 3468 2340 3522 Et
2385 3466 2612 3538 quidem
2670 3465 2783 3519 illis
2848 3471 3078 3536 prapter
3128 3463 3396 3518 virtutem

157 3554 458 3609 ostendentis
488 3555 632 3626 quia
658 3571 789 3610 cum
819 3561 976 3610 tanto
1007 3557 1193 3612 studio
1222 3559 1574 3614 adducebant
1594 3561 1718 3615 ani-
1800 3563 2196 3630 provenerunt.
2220 3555 2514 3610 Libamina
2530 3571 2660 3609 vero
2681 3554 2934 3625 quaedam
2948 3557 3112 3606 erant
3124 3557 3182 3606 et
3195 3551 3392 3622 primae

154 3655 249 3694 mos
272 3657 392 3696 suos
413 3659 450 3696 a
475 3649 660 3709 terra,
685 3643 821 3714 quia
843 3659 1026 3715 neque
1047 3661 1170 3715 quae
1192 3644 1472 3700 dabantur
1489 3647 1722 3719 accipie-
1801 3646 2219 3717 degustationes
2231 3645 2570 3698 futurorum.
2597 3643 2749 3704 Deus
2769 3641 2920 3695 enim
2943 3657 3009 3694 ex
3025 3639 3186 3694 initio
3208 3639 3392 3693 sciens

153 3725 276 3782 bant.
304 3729 518 3785 Etenim
553 3736 860 3804 prOpterea
901 3738 1134 3804 nepotes
1161 3750 1358 3788 eorum
1387 3736 1669 3807 accipiunt
1703 3755 1715 3790 :
1801 3734 2113 3788 humanum
2158 3749 2336 3804 genus
2375 3731 2566 3786 multa.
2582 3729 2904 3785 humilitate
2949 3733 3008 3782 et
3034 3725 3396 3782 descensione

154 3815 218 3870 illi
240 3819 431 3890 quippe
449 3824 621 3874 erant
640 3825 794 3874 terra
805 3820 1130 3892 digni.Quid
1145 3828 1232 3877 est
1254 3840 1280 3876 α
1299 3823 1582 3878 civitatem
1601 3825 1724 3880 fun-
1803 3839 1942 3895 opus
1953 3822 2183 3888 habens,
2207 3838 2318 3876 non
2340 3821 2524 3875 solum
2543 3836 2667 3891 qua
2697 3818 2890 3872 futura
2909 3821 3042 3872 sunt
3056 3815 3217 3870 nobis
3228 3815 3398 3886 largi-

155 3903 440 3962 damentum
461 3907 770 3963 habentem
797 3909 822 3962 ?
849 3928 872 3960 ι
890 3909 986 3964 isti
1004 3916 1196 3965 autem
1210 3928 1324 3966 non
1345 3918 1510 3967 erant
1526 3913 1724 3969 funda-
1800 3917 1914 3978 tur,
1943 3912 2039 3966 sed
2078 3911 2268 3976 etiam,
2303 3927 2426 3982 quae
2471 3909 2638 3978 hujus
2679 3906 2808 3961 vita:
2836 3910 2988 3972 sunt,
3047 3903 3208 3960 nobis
3251 3920 3397 3976 prae-

154 3996 349 4050 menta?
368 3997 477 4061 Qui
517 3997 712 4069 [Quia]
741 3997 812 4052 ad
841 3999 1318 4070 comparationem
1344 4001 1571 4057 illorum
1609 4019 1722 4058 non
1803 4006 1952 4056 stat:
1981 4001 2126 4054 sicut
2147 4005 2206 4054 et
2239 3997 2526 4069 discipulis
2543 3996 2661 4050 suis
2689 3993 2944 4050 dicebat:
2971 4013 2998 4047 α
3032 3993 3139 4058 Qui
3165 3991 3394 4047 dimise-

153 4089 272 4136 sunt.
307 4105 328 4135 ι
362 4087 541 4157 Cujus
572 4086 772 4142 artifex
802 4093 860 4142 et
898 4088 1078 4160 opifex
1103 4090 1252 4144 Deus
1277 4093 1380 4144 est.
1413 4109 1436 4141 ι
1806 4090 1882 4144 rit
1899 4089 2114 4149 domos,
2129 4093 2230 4142 aut
2257 4087 2479 4151 fratres,
2511 4091 2612 4140 aut
2635 4100 2875 4151 sorores,
2906 4088 3006 4138 aut
3029 4089 3268 4154 patrem,
3301 4087 3401 4136 aut

210 4188 234 4224 ε
255 4171 380 4228 Fide
400 4181 458 4230 et
477 4175 610 4247 ipsa
627 4177 768 4231 Sara
787 4177 993 4232 sterilis
1012 4179 1276 4233 virtutem
1287 4179 1346 4233 in
1366 4179 1724 4250 conceptione
1805 4183 2064 4244 matrem,
2080 4177 2404 4248 centuplum
2423 4174 2658 4246 recipiet
2677 4179 2735 4228 et
2747 4174 2916 4228 vitam
2947 4178 3216 4228 aeternam
3243 4171 3402 4225 here-

157 4277 178 4307 ί
209 4263 421 4318 seminis
451 4263 676 4335 accepit
704 4265 875 4319 etiam
897 4272 1100 4338 praeter
1117 4273 1342 4338 tempus
1369 4267 1573 4322 aetatis:
1591 4285 1725 4338 quo-
1805 4265 2008 4321 ditabit
2027 4267 2240 4334 (Matth.
2271 4269 2400 4334 xIx).
2433 4285 2456 4316 ι
2490 4265 2560 4319 Et
2587 4264 2792 4318 iterum
2815 4281 2827 4316 :
2859 4283 2882 4314 ι
2907 4261 3152 4327 Quaerite
3165 4277 3402 4332 regnum

158 4365 175 4396 ι
207 4347 343 4404 niam
371 4352 602 4407 ﬁdelem
634 4353 872 4408 credidit
899 4371 1021 4409 esse
1066 4372 1196 4430 eum
1225 4357 1322 4427 qui
1369 4357 1718 4430 promiserat.
1741 4421 1785 4430 ἰ
1807 4355 1930 4422 Dei,
1974 4361 2032 4410 et
2058 4355 2176 4410 haec
2205 4355 2396 4409 omnia
2437 4353 2776 4426 adjicientur
2801 4351 2956 4430 vobis
2983 4350 3197 4418 (Matth.
3238 4351 3334 4418 vx).
3369 4367 3398 4400 υ

156 4453 179 4486 ι
208 4436 430 4510 Propter
458 4441 615 4513 quod
645 4439 703 4496 et
745 4441 816 4497 ab
844 4459 957 4498 uno
986 4421 1261 4499 orti'sunt
1287 4421 1386 4514 (et
1407 4446 1511 4500 hoc
1539 4463 1724 4500 emor-
1741 4421 1791 4480 Ῑ)
1886 4465 1908 4495 ι
1954 4444 2063 4500 Sed
2091 4461 2128 4498 a
2153 4444 2315 4514 longe
2330 4460 2425 4498 eos
2454 4421 2808 4514 aspicientes,
2841 4425 2898 4494 e‘t
2923 4439 3250 4494 salutantes.
3290 4459 3311 4485 ιο
3336 4437 3402 4490 In

159 4540 180 4575 ί
212 4531 313 4592 tu0)
333 4535 610 4602 tanquam
629 4531 816 4586 sidera
833 4533 956 4587 coeli
974 4531 1032 4587 in
1055 4533 1494 4603 multitudinem,
1514 4541 1570 4590 et
1585 4535 1729 4590 sicut
1808 4535 1914 4588 hoc
1933 4534 2054 4589 loco
2075 4533 2342 4604 quiddam
2363 4532 2659 4603 mysticum
2684 4528 2982 4600 signiﬁcat:
3009 4525 3274 4596 quoniam
3285 4540 3402 4578 om-

160 4631 178 4662 ι
211 4629 384 4684 mna,
417 4637 547 4691 quae
575 4625 661 4676 est
687 4621 759 4676 ad
789 4637 948 4676 oram
974 4621 1166 4689 maris,
1211 4622 1656 4680 innumerabilis.
1698 4644 1721 4677 ι
1806 4623 1904 4678 nia
1927 4627 2431 4692 accesserunt,quae
2451 4619 2565 4672 illic
2579 4619 2648 4673 de
2667 4616 2871 4671 futuris
2890 4615 3200 4678 dictasunt,
3219 4613 3289 4666 de
3315 4627 3402 4666 re-

155 4698 283 4770 Fide,
309 4707 512 4778 inquit,
537 4716 599 4764 et
617 4711 740 4781 ipsa
771 4711 928 4766 Sara.
961 4713 1024 4766 In
1057 4711 1162 4766 hoc
1183 4713 1304 4767 loco
1331 4714 1725 4768 verecundiam
1807 4711 2172 4777 surrectione,
2197 4709 2268 4764 de
2297 4725 2470 4778 regno
2489 4707 2772 4770 caelorum,
2799 4704 2869 4758 de
2889 4701 3014 4758 aliis
3035 4719 3156 4774 qua;
3173 4701 3402 4757 veniens

157 4789 222 4845 eis
240 4795 477 4856 excitans
507 4797 665 4866 dicit,
691 4799 968 4872 siquidem
990 4817 1159 4873 super
1177 4801 1472 4856 mulierem
1501 4803 1728 4873 pusilla-
1807 4800 2064 4856 Christus
2118 4797 2456 4869 przedicavit.
2488 4793 2972 4866 Repromissiones
3000 4793 3103 4846 has
3131 4792 3227 4864 qui
3259 4791 3402 4863 [quio

157 4878 306 4936 nimes
324 4894 733 4957 apparuerunt.
757 4890 865 4944 Sed
895 4889 1134 4946 fortissis
1155 4890 1306 4945 dicat
1331 4889 1550 4962 aliquis,
1575 4891 1727 4955 Quo-
1808 4888 1959 4958 dem]
1999 4886 2152 4942 dicit.
2180 4888 2295 4941 Aut
2315 4901 2448 4956 ergo
2479 4885 2585 4938 hoc
2609 4882 2763 4948 dicit,
2785 4887 2886 4937 aut
2913 4887 3083 4948 certe,
3119 4881 3254 4952 quia
3287 4895 3400 4934 non

159 4970 295 5026 modo
321 4975 450 5041 ﬁde,
489 4992 616 5048 quae
637 4977 796 5032 risit?
816 4979 982 5033 Risus
1011 4979 1240 5051 quidem
1269 4997 1335 5034 ex
1373 4979 1724 5045 inﬁdelitate,
1810 4975 2038 5048 quidem
2055 4990 2151 5028 eas
2177 4977 2530 5044 acceperunt,
2563 4971 2662 5026 sed
2678 4971 3021 5025 conﬁdentes
3040 4985 3140 5041 pro
3163 4967 3243 5022 eis
3270 4966 3402 5020 hinc

159 5054 300 5112 timor
315 5068 507 5117 autem
529 5081 596 5118 ex
617 5066 744 5120 ﬁde.
768 5066 929 5131 Quod
943 5068 1094 5122 enim
1113 5068 1270 5134 dixit,
1300 5088 1322 5120 ι
1343 5069 1469 5123 Non
1489 5068 1640 5134 risi,»
1662 5084 1729 5122 ex
1809 5064 2203 5119 discesserunt.
2220 5061 2589 5118 Conﬁdebant
2616 5061 2767 5115 enim
2786 5061 2905 5115 sola
2925 5060 3052 5114 ﬁde.
3075 5076 3102 5111 ι
3126 5058 3207 5112 De
3236 5055 3404 5126 longe

160 5141 246 5198 ﬁde
262 5147 464 5205 factum
499 5158 608 5207 est.
641 5154 882 5210 Proinde
901 5163 1170 5212 evacuata
1187 5157 1522 5212 inﬁdelitate
1549 5157 1728 5212 intro-
1809 5170 1904 5209 eas
1926 5153 2241 5208 videntes.»
2265 5153 2351 5207 Ita
2380 5148 2734 5206 conﬁdebant
2752 5149 2821 5202 de
2844 5148 2954 5202 illis
2981 5151 3046 5201 ut
3068 5145 3240 5200 etiam
3255 5144 3403 5198 salu-

160 5229 297 5289 ducta
323 5247 408 5293 est
444 5241 610 5296 ﬁdes.
657 5261 682 5294 α
718 5244 870 5312 Fide,
903 5245 1108 5316 inquit,
1141 5252 1198 5300 et
1236 5247 1361 5318 ipsa
1387 5247 1529 5302 Sara
1551 5247 1727 5302 virtu-
1807 5249 1998 5299 tarent
2036 5260 2150 5298 eas.
2210 5243 2286 5296 Ex
2316 5241 2649 5312 metaphora
2673 5235 3058 5307 navigantium
3111 5233 3217 5287 hoc
3245 5231 3423 5300 dicit,-

158 5321 250 5375 tell
274 5326 340 5380 ad
369 5330 792 5402 suscipiendum
826 5354 849 5385 ι
885 5351 952 5389 ac
980 5335 1338 5390 retinendum
1373 5353 1565 5390 semen
1603 5353 1727 5391 sus-
1809 5333 1904 5406 qui
1917 5331 2440 5404 prospiciuntlonge
2457 5329 2802 5384 desideratas
2819 5325 3072 5379 civitates
3099 5331 3404 5394 antequam

160 5411 296 5478 ωρίι,
318 5415 603 5473 Virtutem
627 5423 840 5493 accepit
869 5440 991 5494 quae
1019 5426 1140 5495 jam
1165 5425 1503 5479 mortiﬁcata
1520 5432 1644 5480 erat
1671 5429 1730 5480 et
1807 5422 2216 5494 ingrediantur,
2231 5419 2566 5474 salutatione
2596 5415 2962 5489 praeveniunt,
2995 5419 3052 5468 et
3079 5429 3174 5468 eas
3203 5411 3309 5467 sibi
3328 5411 3406 5467 fa-

162 5498 583 5578 sterilis.Duplex
598 5510 746 5564 enim
766 5517 891 5566 erat
901 5513 1212 5584 praeclusio,
1236 5529 1352 5568 una
1367 5531 1434 5568 ex
1450 5519 1720 5586 tempore,
1808 5513 2056 5568 miliares
2084 5510 2352 5566 efﬁciunt.
2389 5529 2412 5561 ε
2463 5508 2533 5562 Et
2558 5505 2902 5562 conﬁdentes
2954 5504 3090 5576 quia
3119 5501 3404 5576 peregrini

164 5597 395 5646 tenuerat
414 5595 626 5668 quippe
639 5599 759 5669 jam
781 5617 793 5653 :
814 5601 925 5656 alia
942 5618 1074 5656 vero
1093 5619 1160 5657 ex
1177 5607 1402 5670 natura,
1417 5603 1626 5658 sterilis
1645 5609 1725 5659 et-
1811 5623 1834 5652 ι
1867 5607 1925 5656 et
1950 5599 2200 5670 hospites
2227 5603 2362 5656 sunt
2376 5613 2547 5669 super
2565 5602 2831 5651 terramJ
2853 5592 3066 5665 (Joan.)
3079 5593 3273 5648 Prima
3300 5590 3382 5645 vir
