  <div class='ocr_page' id='page_1' title='image "/cluster/home/n/w/nwhite01/storage/ocr_20150623/112/hvd.32044054759774/403.png"; bbox 0 0 3854 6164; ppageno 0'>
   <div class='ocr_carea' id='block_1_1' title="bbox 499 319 600 382">
    <p class='ocr_par' dir='ltr' id='par_1_1' title="bbox 499 319 600 382">
     <span class='ocr_line' id='line_1_1' title="bbox 499 319 600 382; baseline -0.01 0"><span class='ocrx_word' id='word_1_1' title='bbox 499 319 600 382; x_wconf 83' lang='grc'>795</span> 
     </span>
    </p>
   </div>
   <div class='ocr_carea' id='block_1_2' title="bbox 1083 321 3166 384">
    <p class='ocr_par' dir='ltr' id='par_1_2' title="bbox 1083 321 3166 384">
     <span class='ocr_line' id='line_1_2' title="bbox 1083 321 3166 384; baseline 0.001 -4"><span class='ocrx_word' id='word_1_2' title='bbox 1083 321 1146 380; x_wconf 83' lang='grc' dir='ltr'>Β.</span> <span class='ocrx_word' id='word_1_3' title='bbox 1188 321 1462 380; x_wconf 80' lang='lat' dir='ltr'><strong>RABANI</strong></span> <span class='ocrx_word' id='word_1_4' title='bbox 1497 321 1730 381; x_wconf 83' lang='lat' dir='ltr'><strong>MAURI</strong></span> <span class='ocrx_word' id='word_1_5' title='bbox 1772 321 2108 382; x_wconf 80' lang='lat' dir='ltr'>ARCHIEP.</span> <span class='ocrx_word' id='word_1_6' title='bbox 2151 323 2475 384; x_wconf 81' lang='lat' dir='ltr'>MOGUN&#39;I‘.</span> <span class='ocrx_word' id='word_1_7' title='bbox 2518 321 2817 384; x_wconf 79' lang='lat' dir='ltr'>OPERUM</span> <span class='ocrx_word' id='word_1_8' title='bbox 2853 323 3039 383; x_wconf 77' lang='lat' dir='ltr'>PARS</span> <span class='ocrx_word' id='word_1_9' title='bbox 3073 323 3166 383; x_wconf 79' lang='lat' dir='ltr'>II].</span> 
     </span>
    </p>
   </div>
   <div class='ocr_carea' id='block_1_3' title="bbox 3580 333 3658 392">
    <p class='ocr_par' dir='ltr' id='par_1_3' title="bbox 3580 333 3658 392">
     <span class='ocr_line' id='line_1_3' title="bbox 3580 333 3658 392; baseline 0.038 -3"><span class='ocrx_word' id='word_1_10' title='bbox 3580 333 3658 392; x_wconf 75' lang='lat'>796</span> 
     </span>
    </p>
   </div>
   <div class='ocr_carea' id='block_1_4' title="bbox 493 449 3656 525">
    <p class='ocr_par' dir='ltr' id='par_1_4' title="bbox 493 449 3656 525">
     <span class='ocr_line' id='line_1_4' title="bbox 493 449 3656 525; baseline 0.002 -20"><span class='ocrx_word' id='word_1_11' title='bbox 493 456 586 505; x_wconf 86' lang='lat' dir='ltr'>tus</span> <span class='ocrx_word' id='word_1_12' title='bbox 607 453 694 505; x_wconf 86' lang='lat' dir='ltr'>est</span> <span class='ocrx_word' id='word_1_13' title='bbox 720 457 779 506; x_wconf 84' lang='lat' dir='ltr'>et</span> <span class='ocrx_word' id='word_1_14' title='bbox 803 451 925 505; x_wconf 87' lang='lat' dir='ltr'>tota</span> <span class='ocrx_word' id='word_1_15' title='bbox 949 449 1127 503; x_wconf 81' lang='lat' dir='ltr'>virtus</span> <span class='ocrx_word' id='word_1_16' title='bbox 1155 451 1518 522; x_wconf 89' lang='lat' dir='ltr'>peregrinum</span> <span class='ocrx_word' id='word_1_17' title='bbox 1545 466 1666 504; x_wconf 91' lang='lat' dir='ltr'>esse</span> <span class='ocrx_word' id='word_1_18' title='bbox 1701 449 1896 504; x_wconf 90' lang='lat' dir='ltr'>mundi</span> <span class='ocrx_word' id='word_1_19' title='bbox 1920 453 2088 523; x_wconf 86' lang='lat' dir='ltr'>hujus</span> <span class='ocrx_word' id='word_1_20' title='bbox 2103 454 2154 514; x_wconf 83' lang='grc' dir='ltr'><strong>Α</strong></span> <span class='ocrx_word' id='word_1_21' title='bbox 2169 449 2620 516; x_wconf 86' lang='lat' dir='ltr'>bant.Quomodo</span> <span class='ocrx_word' id='word_1_22' title='bbox 2633 449 3214 507; x_wconf 73' lang='lat' dir='ltr'>?DixitDeusAbrahte:</span> <span class='ocrx_word' id='word_1_23' title='bbox 3236 453 3656 525; x_wconf 76' lang='lat' dir='ltr'>Dimittepatriam,</span> 
     </span>
    </p>
   </div>
   <div class='ocr_carea' id='block_1_5' title="bbox 494 537 2086 610">
    <p class='ocr_par' dir='ltr' id='par_1_5' title="bbox 494 537 2086 610">
     <span class='ocr_line' id='line_1_5' title="bbox 494 537 2086 610; baseline 0.001 -16"><span class='ocrx_word' id='word_1_24' title='bbox 494 540 857 610; x_wconf 85' lang='lat' dir='ltr'>ethospitem,</span> <span class='ocrx_word' id='word_1_25' title='bbox 881 544 937 593; x_wconf 85' lang='lat' dir='ltr'>et.</span> <span class='ocrx_word' id='word_1_26' title='bbox 957 537 1095 593; x_wconf 86' lang='lat' dir='ltr'>nihil</span> <span class='ocrx_word' id='word_1_27' title='bbox 1112 555 1409 593; x_wconf 87' lang='lat' dir='ltr'>commune</span> <span class='ocrx_word' id='word_1_28' title='bbox 1431 539 1636 593; x_wconf 85' lang='lat' dir='ltr'>habere</span> <span class='ocrx_word' id='word_1_29' title='bbox 1657 557 1783 594; x_wconf 90' lang='lat' dir='ltr'>cum</span> <span class='ocrx_word' id='word_1_30' title='bbox 1799 540 1964 594; x_wconf 82' lang='lat' dir='ltr'>rebus</span> <span class='ocrx_word' id='word_1_31' title='bbox 1987 541 2086 595; x_wconf 91' lang='lat' dir='ltr'>hu-</span> 
     </span>
    </p>
   </div>
   <div class='ocr_carea' id='block_1_6' title="bbox 487 625 2088 700">
    <p class='ocr_par' dir='ltr' id='par_1_6' title="bbox 487 625 2088 700">
     <span class='ocr_line' id='line_1_6' title="bbox 487 625 2088 700; baseline 0.001 -17"><span class='ocrx_word' id='word_1_32' title='bbox 487 629 582 700; x_wconf 86' lang='lat' dir='ltr'>jus</span> <span class='ocrx_word' id='word_1_33' title='bbox 610 629 817 696; x_wconf 71' lang='lat' dir='ltr'>saeculi,</span> <span class='ocrx_word' id='word_1_34' title='bbox 867 627 963 682; x_wconf 88' lang='lat' dir='ltr'>sed</span> <span class='ocrx_word' id='word_1_35' title='bbox 1012 628 1288 682; x_wconf 81' lang='lat' dir='ltr'>removeri</span> <span class='ocrx_word' id='word_1_36' title='bbox 1316 625 1385 682; x_wconf 87' lang='lat' dir='ltr'>ab</span> <span class='ocrx_word' id='word_1_37' title='bbox 1430 629 1511 682; x_wconf 90' lang='lat' dir='ltr'>eis</span> <span class='ocrx_word' id='word_1_38' title='bbox 1550 628 1694 682; x_wconf 83' lang='lat' dir='ltr'>sicut</span> <span class='ocrx_word' id='word_1_39' title='bbox 1725 630 2088 700; x_wconf 88' lang='lat' dir='ltr'>peregrinum</span> 
     </span>
    </p>
   </div>
   <div class='ocr_carea' id='block_1_7' title="bbox 492 715 2090 788">
    <p class='ocr_par' dir='ltr' id='par_1_7' title="bbox 492 715 2090 788">
     <span class='ocr_line' id='line_1_7' title="bbox 492 715 2090 788; baseline 0 -15"><span class='ocrx_word' id='word_1_40' title='bbox 492 718 638 773; x_wconf 83' lang='lat' dir='ltr'><strong>sicut</strong></span> <span class='ocrx_word' id='word_1_41' title='bbox 665 719 833 772; x_wconf 88' lang='lat' dir='ltr'>etiam</span> <span class='ocrx_word' id='word_1_42' title='bbox 863 717 944 771; x_wconf 87' lang='lat' dir='ltr'>illi</span> <span class='ocrx_word' id='word_1_43' title='bbox 973 715 1140 783; x_wconf 84' lang='lat' dir='ltr'>beati,</span> <span class='ocrx_word' id='word_1_44' title='bbox 1173 715 1241 771; x_wconf 91' lang='lat' dir='ltr'>de</span> <span class='ocrx_word' id='word_1_45' title='bbox 1271 716 1472 788; x_wconf 86' lang='lat' dir='ltr'>quibus</span> <span class='ocrx_word' id='word_1_46' title='bbox 1501 715 1667 771; x_wconf 80' lang='lat' dir='ltr'>dicit:</span> <span class='ocrx_word' id='word_1_47' title='bbox 1707 735 1731 770; x_wconf 72' lang='grc' dir='ltr'>α</span> <span class='ocrx_word' id='word_1_48' title='bbox 1765 716 2090 773; x_wconf 88' lang='lat' dir='ltr'>Circuibant</span> 
     </span>
    </p>
   </div>
   <div class='ocr_carea' id='block_1_8' title="bbox 491 803 2084 877">
    <p class='ocr_par' dir='ltr' id='par_1_8' title="bbox 491 803 2084 877">
     <span class='ocr_line' id='line_1_8' title="bbox 491 803 2084 877; baseline 0.001 -17"><span class='ocrx_word' id='word_1_49' title='bbox 491 806 551 860; x_wconf 92' lang='lat' dir='ltr'>in</span> <span class='ocrx_word' id='word_1_50' title='bbox 593 807 834 872; x_wconf 87' lang='lat' dir='ltr'>melotis,</span> <span class='ocrx_word' id='word_1_51' title='bbox 867 805 926 860; x_wconf 89' lang='lat' dir='ltr'>in</span> <span class='ocrx_word' id='word_1_52' title='bbox 954 803 1191 877; x_wconf 87' lang='lat' dir='ltr'>pellibus</span> <span class='ocrx_word' id='word_1_53' title='bbox 1217 805 1478 877; x_wconf 88' lang='lat' dir='ltr'>caprinis,</span> <span class='ocrx_word' id='word_1_54' title='bbox 1522 810 1768 874; x_wconf 83' lang='lat' dir='ltr'>egentes,</span> <span class='ocrx_word' id='word_1_55' title='bbox 1812 805 2084 874; x_wconf 87' lang='lat' dir='ltr'>tribulati,</span> 
     </span>
    </p>
   </div>
   <div class='ocr_carea' id='block_1_9' title="bbox 491 892 2086 965">
    <p class='ocr_par' dir='ltr' id='par_1_9' title="bbox 491 892 2086 965">
     <span class='ocr_line' id='line_1_9' title="bbox 491 892 2086 965; baseline 0 -16"><span class='ocrx_word' id='word_1_56' title='bbox 491 892 703 962; x_wconf 79' lang='lat' dir='ltr'>afﬂicti,</span> <span class='ocrx_word' id='word_1_57' title='bbox 736 893 938 965; x_wconf 84' lang='lat' dir='ltr'>quibus</span> <span class='ocrx_word' id='word_1_58' title='bbox 984 894 1187 965; x_wconf 89' lang='lat' dir='ltr'>dignus</span> <span class='ocrx_word' id='word_1_59' title='bbox 1216 911 1328 948; x_wconf 90' lang='lat' dir='ltr'>non</span> <span class='ocrx_word' id='word_1_60' title='bbox 1358 899 1481 950; x_wconf 88' lang='lat' dir='ltr'>erat</span> <span class='ocrx_word' id='word_1_61' title='bbox 1510 896 1753 949; x_wconf 88' lang='lat' dir='ltr'>mundus</span> <span class='ocrx_word' id='word_1_62' title='bbox 1797 897 2027 964; x_wconf 84' lang='lat' dir='ltr'>(Infra).</span> <span class='ocrx_word' id='word_1_63' title='bbox 2059 913 2086 949; x_wconf 71' lang='grc' dir='ltr'>ιι</span> 
     </span>
    </p>
   </div>
   <div class='ocr_carea' id='block_1_10' title="bbox 492 980 2085 1054">
    <p class='ocr_par' dir='ltr' id='par_1_10' title="bbox 492 980 2085 1054">
     <span class='ocr_line' id='line_1_10' title="bbox 492 980 2085 1054; baseline 0.001 -16"><span class='ocrx_word' id='word_1_64' title='bbox 492 980 579 1038; x_wconf 87' lang='lat' dir='ltr'>Illi</span> <span class='ocrx_word' id='word_1_65' title='bbox 599 982 747 1038; x_wconf 89' lang='lat' dir='ltr'>enim</span> <span class='ocrx_word' id='word_1_66' title='bbox 777 981 1102 1054; x_wconf 87' lang='lat' dir='ltr'>peregrinos</span> <span class='ocrx_word' id='word_1_67' title='bbox 1124 983 1336 1054; x_wconf 90' lang='lat' dir='ltr'>seipsos</span> <span class='ocrx_word' id='word_1_68' title='bbox 1364 983 1641 1049; x_wconf 86' lang='lat' dir='ltr'>dicebant,</span> <span class='ocrx_word' id='word_1_69' title='bbox 1669 982 1876 1038; x_wconf 80' lang='lat' dir='ltr'>Paulus</span> <span class='ocrx_word' id='word_1_70' title='bbox 1897 990 2085 1040; x_wconf 75' lang='lat' dir='ltr'>autem</span> 
     </span>
    </p>
   </div>
   <div class='ocr_carea' id='block_1_11' title="bbox 492 1070 2084 1143">
    <p class='ocr_par' dir='ltr' id='par_1_11' title="bbox 492 1070 2084 1143">
     <span class='ocr_line' id='line_1_11' title="bbox 492 1070 2084 1143; baseline 0 -17"><span class='ocrx_word' id='word_1_71' title='bbox 492 1070 702 1142; x_wconf 88' lang='lat' dir='ltr'>aliquid</span> <span class='ocrx_word' id='word_1_72' title='bbox 725 1072 966 1143; x_wconf 85' lang='lat' dir='ltr'>amplius</span> <span class='ocrx_word' id='word_1_73' title='bbox 985 1071 1153 1126; x_wconf 82' lang='lat' dir='ltr'>dixit:</span> <span class='ocrx_word' id='word_1_74' title='bbox 1182 1087 1294 1126; x_wconf 89' lang='lat' dir='ltr'>non</span> <span class='ocrx_word' id='word_1_75' title='bbox 1325 1070 1684 1143; x_wconf 88' lang='lat' dir='ltr'>peregrinum</span> <span class='ocrx_word' id='word_1_76' title='bbox 1715 1073 1958 1142; x_wconf 86' lang='lat' dir='ltr'>scipsum</span> <span class='ocrx_word' id='word_1_77' title='bbox 1998 1072 2084 1126; x_wconf 88' lang='lat' dir='ltr'>di-</span> 
     </span>
    </p>
   </div>
   <div class='ocr_carea' id='block_1_12' title="bbox 489 1159 2080 1226">
    <p class='ocr_par' dir='ltr' id='par_1_12' title="bbox 489 1159 2080 1226">
     <span class='ocr_line' id='line_1_12' title="bbox 489 1159 2080 1226; baseline 0 -12"><span class='ocrx_word' id='word_1_78' title='bbox 489 1159 588 1226; x_wconf 79' lang='lat' dir='ltr'>xit,</span> <span class='ocrx_word' id='word_1_79' title='bbox 623 1161 720 1214; x_wconf 90' lang='lat' dir='ltr'>sed</span> <span class='ocrx_word' id='word_1_80' title='bbox 759 1167 1046 1215; x_wconf 89' lang='lat' dir='ltr'>mortuum</span> <span class='ocrx_word' id='word_1_81' title='bbox 1077 1159 1302 1225; x_wconf 90' lang='lat' dir='ltr'>mundo,</span> <span class='ocrx_word' id='word_1_82' title='bbox 1334 1168 1391 1214; x_wconf 92' lang='lat' dir='ltr'>et</span> <span class='ocrx_word' id='word_1_83' title='bbox 1410 1161 1680 1214; x_wconf 91' lang='lat' dir='ltr'>mundum</span> <span class='ocrx_word' id='word_1_84' title='bbox 1712 1160 1835 1214; x_wconf 86' lang='lat' dir='ltr'>sibi.</span> <span class='ocrx_word' id='word_1_85' title='bbox 1867 1179 1892 1212; x_wconf 76' lang='grc' dir='ltr'><strong>α</strong></span> <span class='ocrx_word' id='word_1_86' title='bbox 1927 1161 2080 1225; x_wconf 87' lang='lat' dir='ltr'>Mihi,</span> 
     </span>
    </p>
   </div>
   <div class='ocr_carea' id='block_1_13' title="bbox 493 1248 2078 1320">
    <p class='ocr_par' dir='ltr' id='par_1_13' title="bbox 493 1248 2078 1320">
     <span class='ocr_line' id='line_1_13' title="bbox 493 1248 2078 1320; baseline 0 -16"><span class='ocrx_word' id='word_1_87' title='bbox 493 1250 694 1320; x_wconf 87' lang='lat' dir='ltr'>inquit,</span> <span class='ocrx_word' id='word_1_88' title='bbox 743 1248 986 1304; x_wconf 88' lang='lat' dir='ltr'>mundus</span> <span class='ocrx_word' id='word_1_89' title='bbox 1033 1248 1328 1304; x_wconf 84' lang='lat' dir='ltr'>cruciﬁxus</span> <span class='ocrx_word' id='word_1_90' title='bbox 1357 1255 1444 1303; x_wconf 88' lang='lat' dir='ltr'>est</span> <span class='ocrx_word' id='word_1_91' title='bbox 1471 1254 1528 1303; x_wconf 90' lang='lat' dir='ltr'>et</span> <span class='ocrx_word' id='word_1_92' title='bbox 1569 1265 1670 1318; x_wconf 86' lang='lat' dir='ltr'>ego</span> <span class='ocrx_word' id='word_1_93' title='bbox 1702 1248 1910 1304; x_wconf 91' lang='lat' dir='ltr'>mundo</span> <span class='ocrx_word' id='word_1_94' title='bbox 1940 1251 2078 1316; x_wconf 82' lang='lat' dir='ltr'>(Gal.</span> 
     </span>
    </p>
   </div>
   <div class='ocr_carea' id='block_1_14' title="bbox 491 1335 2084 1410">
    <p class='ocr_par' dir='ltr' id='par_1_14' title="bbox 491 1335 2084 1410">
     <span class='ocr_line' id='line_1_14' title="bbox 491 1335 2084 1410; baseline 0.001 -20"><span class='ocrx_word' id='word_1_95' title='bbox 491 1342 580 1404; x_wconf 79' lang='lat' dir='ltr'>Vl).</span> <span class='ocrx_word' id='word_1_96' title='bbox 617 1358 643 1390; x_wconf 86' lang='grc'><strong>››</strong></span> <span class='ocrx_word' id='word_1_97' title='bbox 678 1335 894 1410; x_wconf 74' lang='lat' dir='ltr'>[Greg]</span> <span class='ocrx_word' id='word_1_98' title='bbox 925 1338 1062 1402; x_wconf 87' lang='lat' dir='ltr'>Quis</span> <span class='ocrx_word' id='word_1_99' title='bbox 1091 1343 1280 1392; x_wconf 87' lang='lat' dir='ltr'>autem</span> <span class='ocrx_word' id='word_1_100' title='bbox 1309 1337 1366 1391; x_wconf 92' lang='lat' dir='ltr'>in</span> <span class='ocrx_word' id='word_1_101' title='bbox 1389 1337 1492 1391; x_wconf 93' lang='lat' dir='ltr'>hoc</span> <span class='ocrx_word' id='word_1_102' title='bbox 1519 1337 1730 1392; x_wconf 85' lang='lat' dir='ltr'>mundo</span> <span class='ocrx_word' id='word_1_103' title='bbox 1759 1338 2084 1408; x_wconf 83' lang='lat' dir='ltr'>peregrina-</span> 
     </span>
    </p>
   </div>
   <div class='ocr_carea' id='block_1_15' title="bbox 491 1425 2079 1498">
    <p class='ocr_par' dir='ltr' id='par_1_15' title="bbox 491 1425 2079 1498">
     <span class='ocr_line' id='line_1_15' title="bbox 491 1425 2079 1498; baseline -0.001 -17"><span class='ocrx_word' id='word_1_104' title='bbox 491 1429 586 1481; x_wconf 88' lang='lat' dir='ltr'>tur</span> <span class='ocrx_word' id='word_1_105' title='bbox 605 1428 861 1498; x_wconf 88' lang='lat' dir='ltr'>populus,</span> <span class='ocrx_word' id='word_1_106' title='bbox 898 1425 1006 1481; x_wconf 91' lang='lat' dir='ltr'>nisi</span> <span class='ocrx_word' id='word_1_107' title='bbox 1037 1426 1133 1498; x_wconf 92' lang='lat' dir='ltr'>qui</span> <span class='ocrx_word' id='word_1_108' title='bbox 1153 1427 1222 1480; x_wconf 88' lang='lat' dir='ltr'>ad</span> <span class='ocrx_word' id='word_1_109' title='bbox 1261 1431 1470 1480; x_wconf 87' lang='lat' dir='ltr'>sortem</span> <span class='ocrx_word' id='word_1_110' title='bbox 1501 1425 1804 1481; x_wconf 81' lang='lat' dir='ltr'>electorum</span> <span class='ocrx_word' id='word_1_111' title='bbox 1833 1443 2079 1490; x_wconf 91' lang='lat' dir='ltr'>currens,</span> 
     </span>
    </p>
   </div>
   <div class='ocr_carea' id='block_1_16' title="bbox 492 1513 2081 1586">
    <p class='ocr_par' dir='ltr' id='par_1_16' title="bbox 492 1513 2081 1586">
     <span class='ocr_line' id='line_1_16' title="bbox 492 1513 2081 1586; baseline 0.001 -18"><span class='ocrx_word' id='word_1_112' title='bbox 492 1514 699 1569; x_wconf 88' lang='lat' dir='ltr'>habere</span> <span class='ocrx_word' id='word_1_113' title='bbox 718 1531 777 1569; x_wconf 92' lang='lat' dir='ltr'>se</span> <span class='ocrx_word' id='word_1_114' title='bbox 798 1515 1040 1586; x_wconf 88' lang='lat' dir='ltr'>patriam</span> <span class='ocrx_word' id='word_1_115' title='bbox 1060 1513 1213 1569; x_wconf 83' lang='lat' dir='ltr'>novit</span> <span class='ocrx_word' id='word_1_116' title='bbox 1229 1515 1288 1570; x_wconf 90' lang='lat' dir='ltr'>in</span> <span class='ocrx_word' id='word_1_117' title='bbox 1315 1513 1660 1582; x_wconf 71' lang='lat' dir='ltr'>cmlestibus;</span> <span class='ocrx_word' id='word_1_118' title='bbox 1700 1521 1756 1570; x_wconf 90' lang='lat' dir='ltr'>et</span> <span class='ocrx_word' id='word_1_119' title='bbox 1785 1521 1940 1570; x_wconf 89' lang='lat' dir='ltr'>tanto</span> <span class='ocrx_word' id='word_1_120' title='bbox 1961 1531 2081 1570; x_wconf 87' lang='lat' dir='ltr'>ma-</span> 
     </span>
    </p>
   </div>
   <div class='ocr_carea' id='block_1_17' title="bbox 489 1603 2086 1682">
    <p class='ocr_par' dir='ltr' id='par_1_17' title="bbox 489 1603 2086 1682">
     <span class='ocr_line' id='line_1_17' title="bbox 489 1603 2086 1682; baseline 0.003 -27"><span class='ocrx_word' id='word_1_121' title='bbox 489 1604 697 1674; x_wconf 89' lang='lat' dir='ltr'>gisillic</span> <span class='ocrx_word' id='word_1_122' title='bbox 718 1603 1166 1675; x_wconf 84' lang='lat' dir='ltr'>speratinvenire</span> <span class='ocrx_word' id='word_1_123' title='bbox 1181 1619 1240 1658; x_wconf 91' lang='lat' dir='ltr'>se</span> <span class='ocrx_word' id='word_1_124' title='bbox 1267 1604 1512 1676; x_wconf 87' lang='lat' dir='ltr'>propria,</span> <span class='ocrx_word' id='word_1_125' title='bbox 1539 1611 1748 1682; x_wconf 76' lang='lat' dir='ltr'>quanto</span> <span class='ocrx_word' id='word_1_126' title='bbox 1770 1604 1862 1658; x_wconf 90' lang='lat' dir='ltr'>hic</span> <span class='ocrx_word' id='word_1_127' title='bbox 1881 1609 2086 1659; x_wconf 86' lang='lat' dir='ltr'>cuncta</span> 
     </span>
    </p>
   </div>
   <div class='ocr_carea' id='block_1_18' title="bbox 491 1691 2082 1764">
    <p class='ocr_par' dir='ltr' id='par_1_18' title="bbox 491 1691 2082 1764">
     <span class='ocr_line' id='line_1_18' title="bbox 491 1691 2082 1764; baseline 0.001 -19"><span class='ocrx_word' id='word_1_128' title='bbox 491 1705 616 1761; x_wconf 68' lang='lat' dir='ltr'>qua:</span> <span class='ocrx_word' id='word_1_129' title='bbox 645 1699 988 1762; x_wconf 80' lang='lat' dir='ltr'>praetereunt</span> <span class='ocrx_word' id='word_1_130' title='bbox 1017 1708 1136 1746; x_wconf 87' lang='lat' dir='ltr'>esse</span> <span class='ocrx_word' id='word_1_131' title='bbox 1166 1710 1199 1745; x_wconf 89' lang='lat' dir='ltr'>a</span> <span class='ocrx_word' id='word_1_132' title='bbox 1226 1709 1284 1746; x_wconf 90' lang='lat' dir='ltr'>se</span> <span class='ocrx_word' id='word_1_133' title='bbox 1317 1691 1537 1746; x_wconf 82' lang='lat' dir='ltr'>dubitat</span> <span class='ocrx_word' id='word_1_134' title='bbox 1565 1693 1750 1746; x_wconf 88' lang='lat' dir='ltr'>aliena</span> <span class='ocrx_word' id='word_1_135' title='bbox 1773 1694 1797 1746; x_wconf 62' lang='grc' dir='ltr'>ἰ)</span> <span class='ocrx_word' id='word_1_136' title='bbox 1825 1694 2082 1764; x_wconf 86' lang='lat' dir='ltr'>Peregri-</span> 
     </span>
    </p>
   </div>
   <div class='ocr_carea' id='block_1_19' title="bbox 2168 541 3662 612">
    <p class='ocr_par' dir='ltr' id='par_1_19' title="bbox 2168 541 3662 612">
     <span class='ocr_line' id='line_1_19' title="bbox 2168 541 3662 612; baseline 0.003 -18"><span class='ocrx_word' id='word_1_137' title='bbox 2168 558 2290 612; x_wconf 72' lang='lat' dir='ltr'>quaa</span> <span class='ocrx_word' id='word_1_138' title='bbox 2328 541 2633 612; x_wconf 83' lang='lat' dir='ltr'>putabatur</span> <span class='ocrx_word' id='word_1_139' title='bbox 2659 542 2841 612; x_wconf 88' lang='lat' dir='ltr'>patria</span> <span class='ocrx_word' id='word_1_140' title='bbox 2870 557 3009 604; x_wconf 89' lang='lat' dir='ltr'>esse,</span> <span class='ocrx_word' id='word_1_141' title='bbox 3044 546 3098 596; x_wconf 90' lang='lat' dir='ltr'>et</span> <span class='ocrx_word' id='word_1_142' title='bbox 3124 541 3238 595; x_wconf 89' lang='lat' dir='ltr'>veni</span> <span class='ocrx_word' id='word_1_143' title='bbox 3265 542 3329 595; x_wconf 85' lang='lat' dir='ltr'>ad</span> <span class='ocrx_word' id='word_1_144' title='bbox 3355 542 3556 597; x_wconf 87' lang='lat' dir='ltr'>alienam</span> <span class='ocrx_word' id='word_1_145' title='bbox 3579 551 3662 599; x_wconf 78' lang='lat' dir='ltr'>ter-</span> 
     </span>
    </p>
   </div>
   <div class='ocr_carea' id='block_1_20' title="bbox 2170 632 3658 702">
    <p class='ocr_par' dir='ltr' id='par_1_20' title="bbox 2170 632 3658 702">
     <span class='ocr_line' id='line_1_20' title="bbox 2170 632 3658 702; baseline 0.005 -20"><span class='ocrx_word' id='word_1_146' title='bbox 2170 645 2291 682; x_wconf 88' lang='lat' dir='ltr'>ram</span> <span class='ocrx_word' id='word_1_147' title='bbox 2317 647 2330 696; x_wconf 89' lang='lat'><strong>;</strong></span> <span class='ocrx_word' id='word_1_148' title='bbox 2353 635 2410 684; x_wconf 90' lang='lat' dir='ltr'>et</span> <span class='ocrx_word' id='word_1_149' title='bbox 2438 647 2550 684; x_wconf 90' lang='lat' dir='ltr'>non</span> <span class='ocrx_word' id='word_1_150' title='bbox 2596 637 2680 684; x_wconf 85' lang='lat' dir='ltr'>est</span> <span class='ocrx_word' id='word_1_151' title='bbox 2731 635 2983 684; x_wconf 87' lang='lat' dir='ltr'>retentus</span> <span class='ocrx_word' id='word_1_152' title='bbox 3032 646 3213 684; x_wconf 87' lang='lat' dir='ltr'>amore</span> <span class='ocrx_word' id='word_1_153' title='bbox 3237 632 3558 702; x_wconf 89' lang='lat' dir='ltr'>propriorum,</span> <span class='ocrx_word' id='word_1_154' title='bbox 3587 637 3658 689; x_wconf 81' lang='lat' dir='ltr'>sed</span> 
     </span>
    </p>
   </div>
   <div class='ocr_carea' id='block_1_21' title="bbox 2170 715 3664 790">
    <p class='ocr_par' dir='ltr' id='par_1_21' title="bbox 2170 715 3664 790">
     <span class='ocr_line' id='line_1_21' title="bbox 2170 715 3664 790; baseline 0.004 -18"><span class='ocrx_word' id='word_1_155' title='bbox 2170 715 2313 772; x_wconf 86' lang='lat' dir='ltr'>sicut</span> <span class='ocrx_word' id='word_1_156' title='bbox 2341 715 2670 790; x_wconf 88' lang='lat' dir='ltr'>peregrinus</span> <span class='ocrx_word' id='word_1_157' title='bbox 2699 733 3024 789; x_wconf 83' lang='lat' dir='ltr'>egressurus</span> <span class='ocrx_word' id='word_1_158' title='bbox 3053 719 3120 772; x_wconf 89' lang='lat' dir='ltr'>de</span> <span class='ocrx_word' id='word_1_159' title='bbox 3140 719 3468 785; x_wconf 83' lang='lat' dir='ltr'>alienaterra,</span> <span class='ocrx_word' id='word_1_160' title='bbox 3487 721 3552 774; x_wconf 86' lang='lat' dir='ltr'>sic</span> <span class='ocrx_word' id='word_1_161' title='bbox 3573 723 3664 777; x_wconf 82' lang='lat' dir='ltr'>sine</span> 
     </span>
    </p>
   </div>
   <div class='ocr_carea' id='block_1_22' title="bbox 2171 806 3665 880">
    <p class='ocr_par' dir='ltr' id='par_1_22' title="bbox 2171 806 3665 880">
     <span class='ocr_line' id='line_1_22' title="bbox 2171 806 3665 880; baseline 0.003 -19"><span class='ocrx_word' id='word_1_162' title='bbox 2171 807 2362 879; x_wconf 88' lang='lat' dir='ltr'>aliqua</span> <span class='ocrx_word' id='word_1_163' title='bbox 2389 807 2772 880; x_wconf 87' lang='lat' dir='ltr'>compassione</span> <span class='ocrx_word' id='word_1_164' title='bbox 2811 806 2964 862; x_wconf 87' lang='lat' dir='ltr'>illam</span> <span class='ocrx_word' id='word_1_165' title='bbox 2991 807 3220 879; x_wconf 87' lang='lat' dir='ltr'>patriam</span> <span class='ocrx_word' id='word_1_166' title='bbox 3251 809 3525 879; x_wconf 83' lang='lat' dir='ltr'>dereliquit.</span> <span class='ocrx_word' id='word_1_167' title='bbox 3550 811 3665 865; x_wconf 80' lang='lat' dir='ltr'>Dixit</span> 
     </span>
    </p>
   </div>
   <div class='ocr_carea' id='block_1_23' title="bbox 2171 894 3666 961">
    <p class='ocr_par' dir='ltr' id='par_1_23' title="bbox 2171 894 3666 961">
     <span class='ocr_line' id='line_1_23' title="bbox 2171 894 3666 961; baseline 0.001 -11"><span class='ocrx_word' id='word_1_168' title='bbox 2171 895 2241 961; x_wconf 90' lang='lat' dir='ltr'>ei,</span> <span class='ocrx_word' id='word_1_169' title='bbox 2285 895 2436 950; x_wconf 72' lang='lat' dir='ltr'>Oiler</span> <span class='ocrx_word' id='word_1_170' title='bbox 2464 896 2600 950; x_wconf 90' lang='lat' dir='ltr'>mihi</span> <span class='ocrx_word' id='word_1_171' title='bbox 2631 894 2808 950; x_wconf 83' lang='lat' dir='ltr'>illium</span> <span class='ocrx_word' id='word_1_172' title='bbox 2851 901 3052 951; x_wconf 88' lang='lat' dir='ltr'>tuum:</span> <span class='ocrx_word' id='word_1_173' title='bbox 3082 902 3137 950; x_wconf 90' lang='lat' dir='ltr'>et</span> <span class='ocrx_word' id='word_1_174' title='bbox 3163 897 3320 950; x_wconf 88' lang='lat' dir='ltr'>veluti</span> <span class='ocrx_word' id='word_1_175' title='bbox 3363 913 3472 951; x_wconf 80' lang='lat' dir='ltr'>non</span> <span class='ocrx_word' id='word_1_176' title='bbox 3503 897 3666 953; x_wconf 81' lang='lat' dir='ltr'>habens</span> 
     </span>
    </p>
   </div>
   <div class='ocr_carea' id='block_1_24' title="bbox 2169 983 3664 1050">
    <p class='ocr_par' dir='ltr' id='par_1_24' title="bbox 2169 983 3664 1050">
     <span class='ocr_line' id='line_1_24' title="bbox 2169 983 3664 1050; baseline 0.002 -13"><span class='ocrx_word' id='word_1_177' title='bbox 2169 983 2368 1050; x_wconf 86' lang='lat' dir='ltr'>ﬁlium,</span> <span class='ocrx_word' id='word_1_178' title='bbox 2408 986 2487 1039; x_wconf 87' lang='lat' dir='ltr'>sic</span> <span class='ocrx_word' id='word_1_179' title='bbox 2515 1001 2643 1040; x_wconf 90' lang='lat' dir='ltr'>eum</span> <span class='ocrx_word' id='word_1_180' title='bbox 2673 983 2892 1040; x_wconf 81' lang='lat' dir='ltr'>obtulit.</span> <span class='ocrx_word' id='word_1_181' title='bbox 2928 984 3193 1040; x_wconf 82' lang='lat' dir='ltr'>Pecunias</span> <span class='ocrx_word' id='word_1_182' title='bbox 3217 985 3544 1040; x_wconf 84' lang='lat' dir='ltr'>communiter</span> <span class='ocrx_word' id='word_1_183' title='bbox 3564 986 3664 1040; x_wconf 82' lang='lat' dir='ltr'>dum</span> 
     </span>
    </p>
   </div>
   <div class='ocr_carea' id='block_1_25' title="bbox 2167 1073 3664 1146">
    <p class='ocr_par' dir='ltr' id='par_1_25' title="bbox 2167 1073 3664 1146">
     <span class='ocr_line' id='line_1_25' title="bbox 2167 1073 3664 1146; baseline 0 -20"><span class='ocrx_word' id='word_1_184' title='bbox 2167 1073 2588 1128; x_wconf 83' lang='lat' dir='ltr'>transeuntibus</span> <span class='ocrx_word' id='word_1_185' title='bbox 2617 1074 3063 1146; x_wconf 89' lang='lat' dir='ltr'>possidebat,pro</span> <span class='ocrx_word' id='word_1_186' title='bbox 3075 1074 3243 1128; x_wconf 86' lang='lat' dir='ltr'>nihilo</span> <span class='ocrx_word' id='word_1_187' title='bbox 3260 1087 3348 1128; x_wconf 85' lang='lat' dir='ltr'>eas</span> <span class='ocrx_word' id='word_1_188' title='bbox 3361 1073 3664 1128; x_wconf 72' lang='lat' dir='ltr'>existimabat:</span> 
     </span>
    </p>
   </div>
   <div class='ocr_carea' id='block_1_26' title="bbox 2167 1161 3666 1234">
    <p class='ocr_par' dir='ltr' id='par_1_26' title="bbox 2167 1161 3666 1234">
     <span class='ocr_line' id='line_1_26' title="bbox 2167 1161 3666 1234; baseline 0.001 -19"><span class='ocrx_word' id='word_1_189' title='bbox 2167 1163 2474 1233; x_wconf 77' lang='lat' dir='ltr'>primatum</span> <span class='ocrx_word' id='word_1_190' title='bbox 2495 1163 2616 1216; x_wconf 89' lang='lat' dir='ltr'>aliis</span> <span class='ocrx_word' id='word_1_191' title='bbox 2644 1161 2895 1223; x_wconf 83' lang='lat' dir='ltr'>cedebat,</span> <span class='ocrx_word' id='word_1_192' title='bbox 2933 1161 2990 1216; x_wconf 90' lang='lat' dir='ltr'>in</span> <span class='ocrx_word' id='word_1_193' title='bbox 3019 1163 3260 1234; x_wconf 88' lang='lat' dir='ltr'>pericula</span> <span class='ocrx_word' id='word_1_194' title='bbox 3283 1163 3499 1233; x_wconf 86' lang='lat' dir='ltr'>seipsum</span> <span class='ocrx_word' id='word_1_195' title='bbox 3523 1161 3666 1224; x_wconf 76' lang='lat' dir='ltr'>debet,</span> 
     </span>
    </p>
   </div>
   <div class='ocr_carea' id='block_1_27' title="bbox 2167 1249 3672 1322">
    <p class='ocr_par' dir='ltr' id='par_1_27' title="bbox 2167 1249 3672 1322">
     <span class='ocr_line' id='line_1_27' title="bbox 2167 1249 3672 1322; baseline -0.001 -18"><span class='ocrx_word' id='word_1_196' title='bbox 2167 1249 2357 1304; x_wconf 88' lang='lat' dir='ltr'>decem</span> <span class='ocrx_word' id='word_1_197' title='bbox 2381 1250 2554 1306; x_wconf 84' lang='lat' dir='ltr'>millia</span> <span class='ocrx_word' id='word_1_198' title='bbox 2569 1252 2718 1304; x_wconf 87' lang='lat' dir='ltr'>mala</span> <span class='ocrx_word' id='word_1_199' title='bbox 2739 1250 3092 1322; x_wconf 81' lang='lat' dir='ltr'>patiebatur:</span> <span class='ocrx_word' id='word_1_200' title='bbox 3117 1265 3222 1305; x_wconf 89' lang='lat' dir='ltr'>non</span> <span class='ocrx_word' id='word_1_201' title='bbox 3244 1251 3423 1304; x_wconf 85' lang='lat' dir='ltr'>domos</span> <span class='ocrx_word' id='word_1_202' title='bbox 3448 1253 3672 1305; x_wconf 63' lang='lat' dir='ltr'>construe»</span> 
     </span>
    </p>
   </div>
   <div class='ocr_carea' id='block_1_28' title="bbox 2167 1339 3673 1410">
    <p class='ocr_par' dir='ltr' id='par_1_28' title="bbox 2167 1339 3673 1410">
     <span class='ocr_line' id='line_1_28' title="bbox 2167 1339 3673 1410; baseline 0 -18"><span class='ocrx_word' id='word_1_203' title='bbox 2167 1339 2263 1393; x_wconf 90' lang='lat' dir='ltr'>bat</span> <span class='ocrx_word' id='word_1_204' title='bbox 2287 1340 2485 1406; x_wconf 87' lang='lat' dir='ltr'>claras,</span> <span class='ocrx_word' id='word_1_205' title='bbox 2518 1355 2630 1394; x_wconf 92' lang='lat' dir='ltr'>non</span> <span class='ocrx_word' id='word_1_206' title='bbox 2643 1339 3028 1405; x_wconf 85' lang='lat' dir='ltr'>deliciabatur,</span> <span class='ocrx_word' id='word_1_207' title='bbox 3061 1355 3237 1410; x_wconf 87' lang='lat' dir='ltr'>neque</span> <span class='ocrx_word' id='word_1_208' title='bbox 3256 1339 3392 1392; x_wconf 85' lang='lat' dir='ltr'>circa</span> <span class='ocrx_word' id='word_1_209' title='bbox 3406 1339 3673 1392; x_wconf 73' lang='lat' dir='ltr'>vestimenta</span> 
     </span>
    </p>
   </div>
   <div class='ocr_carea' id='block_1_29' title="bbox 2167 1426 3670 1499">
    <p class='ocr_par' dir='ltr' id='par_1_29' title="bbox 2167 1426 3670 1499">
     <span class='ocr_line' id='line_1_29' title="bbox 2167 1426 3670 1499; baseline -0.001 -17"><span class='ocrx_word' id='word_1_210' title='bbox 2167 1426 2406 1498; x_wconf 85' lang='lat' dir='ltr'>diligens</span> <span class='ocrx_word' id='word_1_211' title='bbox 2451 1435 2590 1495; x_wconf 89' lang='lat' dir='ltr'>erat,</span> <span class='ocrx_word' id='word_1_212' title='bbox 2625 1443 2748 1499; x_wconf 76' lang='lat' dir='ltr'>quae</span> <span class='ocrx_word' id='word_1_213' title='bbox 2778 1428 2968 1482; x_wconf 84' lang='lat' dir='ltr'>omnia</span> <span class='ocrx_word' id='word_1_214' title='bbox 2998 1428 3056 1482; x_wconf 90' lang='lat' dir='ltr'>in</span> <span class='ocrx_word' id='word_1_215' title='bbox 3096 1429 3198 1482; x_wconf 86' lang='lat' dir='ltr'>hac</span> <span class='ocrx_word' id='word_1_216' title='bbox 3227 1428 3334 1481; x_wconf 82' lang='lat' dir='ltr'>vita</span> <span class='ocrx_word' id='word_1_217' title='bbox 3368 1441 3476 1481; x_wconf 76' lang='lat' dir='ltr'>esse</span> <span class='ocrx_word' id='word_1_218' title='bbox 3501 1427 3670 1493; x_wconf 81' lang='lat' dir='ltr'>solent;</span> 
     </span>
    </p>
   </div>
   <div class='ocr_carea' id='block_1_30' title="bbox 2167 1515 3671 1588">
    <p class='ocr_par' dir='ltr' id='par_1_30' title="bbox 2167 1515 3671 1588">
     <span class='ocr_line' id='line_1_30' title="bbox 2167 1515 3671 1588; baseline -0.001 -18"><span class='ocrx_word' id='word_1_219' title='bbox 2167 1517 2260 1570; x_wconf 90' lang='lat' dir='ltr'>sed</span> <span class='ocrx_word' id='word_1_220' title='bbox 2293 1523 2510 1583; x_wconf 87' lang='lat' dir='ltr'>cuncta,</span> <span class='ocrx_word' id='word_1_221' title='bbox 2547 1532 2669 1588; x_wconf 73' lang='lat' dir='ltr'>quae</span> <span class='ocrx_word' id='word_1_222' title='bbox 2707 1517 2777 1570; x_wconf 84' lang='lat' dir='ltr'>ad</span> <span class='ocrx_word' id='word_1_223' title='bbox 2807 1531 3108 1588; x_wconf 84' lang='lat' dir='ltr'>supernam</span> <span class='ocrx_word' id='word_1_224' title='bbox 3137 1517 3403 1571; x_wconf 84' lang='lat' dir='ltr'>civitatem</span> <span class='ocrx_word' id='word_1_225' title='bbox 3429 1515 3671 1587; x_wconf 79' lang='lat' dir='ltr'>pertinent;</span> 
     </span>
    </p>
   </div>
   <div class='ocr_carea' id='block_1_31' title="bbox 2163 1604 3675 1676">
    <p class='ocr_par' dir='ltr' id='par_1_31' title="bbox 2163 1604 3675 1676">
     <span class='ocr_line' id='line_1_31' title="bbox 2163 1604 3675 1676; baseline -0.003 -16"><span class='ocrx_word' id='word_1_226' title='bbox 2163 1605 2432 1676; x_wconf 84' lang='lat' dir='ltr'>gerebat:</span> <span class='ocrx_word' id='word_1_227' title='bbox 2475 1605 2916 1676; x_wconf 87' lang='lat' dir='ltr'>hospitalitatem</span> <span class='ocrx_word' id='word_1_228' title='bbox 2964 1605 3386 1664; x_wconf 83' lang='lat' dir='ltr'>demonstrabat,</span> <span class='ocrx_word' id='word_1_229' title='bbox 3431 1604 3675 1656; x_wconf 79' lang='lat' dir='ltr'>fraternam</span> 
     </span>
    </p>
   </div>
   <div class='ocr_carea' id='block_1_32' title="bbox 2166 1695 3676 1766">
    <p class='ocr_par' dir='ltr' id='par_1_32' title="bbox 2166 1695 3676 1766">
     <span class='ocr_line' id='line_1_32' title="bbox 2166 1695 3676 1766; baseline -0.003 -18"><span class='ocrx_word' id='word_1_230' title='bbox 2166 1695 2542 1761; x_wconf 88' lang='lat' dir='ltr'>dilectionem,</span> <span class='ocrx_word' id='word_1_231' title='bbox 2567 1695 2974 1766; x_wconf 85' lang='lat' dir='ltr'>eleemosynas,</span> <span class='ocrx_word' id='word_1_232' title='bbox 3005 1695 3342 1765; x_wconf 86' lang='lat' dir='ltr'>patientiam,</span> <span class='ocrx_word' id='word_1_233' title='bbox 3365 1697 3676 1762; x_wconf 85' lang='lat' dir='ltr'>contemptum</span> 
     </span>
    </p>
   </div>
   <div class='ocr_carea' id='block_1_33' title="bbox 490 1773 3678 1854">
    <p class='ocr_par' dir='ltr' id='par_1_33' title="bbox 490 1773 3678 1854">
     <span class='ocr_line' id='line_1_33' title="bbox 490 1773 3678 1854; baseline 0 -22"><span class='ocrx_word' id='word_1_234' title='bbox 490 1795 597 1833; x_wconf 91' lang='lat' dir='ltr'>nus</span> <span class='ocrx_word' id='word_1_235' title='bbox 617 1779 806 1850; x_wconf 85' lang='lat' dir='ltr'>itaque</span> <span class='ocrx_word' id='word_1_236' title='bbox 827 1780 1065 1851; x_wconf 88' lang='lat' dir='ltr'>populus</span> <span class='ocrx_word' id='word_1_237' title='bbox 1083 1779 1334 1833; x_wconf 91' lang='lat' dir='ltr'>omnium</span> <span class='ocrx_word' id='word_1_238' title='bbox 1351 1795 1622 1834; x_wconf 81' lang='lat' dir='ltr'>numerus</span> <span class='ocrx_word' id='word_1_239' title='bbox 1642 1781 1966 1846; x_wconf 88' lang='lat' dir='ltr'>electorum,</span> <span class='ocrx_word' id='word_1_240' title='bbox 1988 1783 2083 1852; x_wconf 90' lang='lat' dir='ltr'>qui</span> <span class='ocrx_word' id='word_1_241' title='bbox 2100 1773 2146 1834; x_wconf 84' lang='lat' dir='ltr'><strong>B</strong></span> <span class='ocrx_word' id='word_1_242' title='bbox 2163 1784 2546 1854; x_wconf 90' lang='lat' dir='ltr'>pecuniarum,</span> <span class='ocrx_word' id='word_1_243' title='bbox 2572 1789 2954 1854; x_wconf 90' lang='lat' dir='ltr'>contemptum</span> <span class='ocrx_word' id='word_1_244' title='bbox 2987 1783 3274 1854; x_wconf 62' lang='lat' dir='ltr'>praesentis</span> <span class='ocrx_word' id='word_1_245' title='bbox 3311 1782 3484 1852; x_wconf 58' lang='lat' dir='ltr'>gloriae</span> <span class='ocrx_word' id='word_1_246' title='bbox 3501 1786 3547 1833; x_wconf 88' lang='lat' dir='ltr'>et</span> <span class='ocrx_word' id='word_1_247' title='bbox 3561 1783 3678 1832; x_wconf 60' lang='lat' dir='ltr'>(ueto</span> 
     </span>
    </p>
   </div>
   <div class='ocr_carea' id='block_1_34' title="bbox 489 1865 2085 1939">
    <p class='ocr_par' dir='ltr' id='par_1_34' title="bbox 489 1865 2085 1939">
     <span class='ocr_line' id='line_1_34' title="bbox 489 1865 2085 1939; baseline 0.003 -19"><span class='ocrx_word' id='word_1_248' title='bbox 489 1867 634 1922; x_wconf 89' lang='lat' dir='ltr'>hanc</span> <span class='ocrx_word' id='word_1_249' title='bbox 646 1867 814 1921; x_wconf 88' lang='lat' dir='ltr'>vitam</span> <span class='ocrx_word' id='word_1_250' title='bbox 832 1867 1112 1939; x_wconf 84' lang='lat' dir='ltr'>quoddam</span> <span class='ocrx_word' id='word_1_251' title='bbox 1129 1865 1235 1921; x_wconf 86' lang='lat' dir='ltr'>sibi</span> <span class='ocrx_word' id='word_1_252' title='bbox 1251 1867 1505 1921; x_wconf 83' lang='lat' dir='ltr'>exsilium</span> <span class='ocrx_word' id='word_1_253' title='bbox 1527 1867 1880 1938; x_wconf 87' lang='lat' dir='ltr'>deputantes,</span> <span class='ocrx_word' id='word_1_254' title='bbox 1897 1869 1968 1924; x_wconf 87' lang='lat' dir='ltr'>ad</span> <span class='ocrx_word' id='word_1_255' title='bbox 1989 1885 2085 1924; x_wconf 88' lang='lat' dir='ltr'>su-</span> 
     </span>
    </p>
   </div>
   <div class='ocr_carea' id='block_1_35' title="bbox 489 1955 2086 2028">
    <p class='ocr_par' dir='ltr' id='par_1_35' title="bbox 489 1955 2086 2028">
     <span class='ocr_line' id='line_1_35' title="bbox 489 1955 2086 2028; baseline 0.003 -19"><span class='ocrx_word' id='word_1_256' title='bbox 489 1969 722 2026; x_wconf 86' lang='lat' dir='ltr'>pernam</span> <span class='ocrx_word' id='word_1_257' title='bbox 744 1957 984 2027; x_wconf 85' lang='lat' dir='ltr'>patriam</span> <span class='ocrx_word' id='word_1_258' title='bbox 1008 1959 1126 2010; x_wconf 91' lang='lat' dir='ltr'>toto</span> <span class='ocrx_word' id='word_1_259' title='bbox 1147 1955 1329 2010; x_wconf 89' lang='lat' dir='ltr'>cordis</span> <span class='ocrx_word' id='word_1_260' title='bbox 1345 1955 1656 2010; x_wconf 85' lang='lat' dir='ltr'>intentione</span> <span class='ocrx_word' id='word_1_261' title='bbox 1677 1958 1980 2028; x_wconf 87' lang='lat' dir='ltr'>suspirant.</span> <span class='ocrx_word' id='word_1_262' title='bbox 2005 1959 2086 2014; x_wconf 89' lang='lat' dir='ltr'>De</span> 
     </span>
    </p>
   </div>
   <div class='ocr_carea' id='block_1_36' title="bbox 488 2043 2086 2118">
    <p class='ocr_par' dir='ltr' id='par_1_36' title="bbox 488 2043 2086 2118">
     <span class='ocr_line' id='line_1_36' title="bbox 488 2043 2086 2118; baseline 0.003 -20"><span class='ocrx_word' id='word_1_263' title='bbox 488 2044 690 2114; x_wconf 89' lang='lat' dir='ltr'>quibus</span> <span class='ocrx_word' id='word_1_264' title='bbox 719 2043 926 2100; x_wconf 87' lang='lat' dir='ltr'>Paulus</span> <span class='ocrx_word' id='word_1_265' title='bbox 951 2045 1103 2108; x_wconf 89' lang='lat' dir='ltr'>dicit,</span> <span class='ocrx_word' id='word_1_266' title='bbox 1136 2063 1162 2094; x_wconf 84' lang='lat'><strong>«</strong></span> <span class='ocrx_word' id='word_1_267' title='bbox 1193 2044 1536 2100; x_wconf 79' lang='lat' dir='ltr'>Conﬁtentes</span> <span class='ocrx_word' id='word_1_268' title='bbox 1566 2047 1698 2116; x_wconf 86' lang='lat' dir='ltr'>quia</span> <span class='ocrx_word' id='word_1_269' title='bbox 1717 2047 1998 2118; x_wconf 73' lang='lat' dir='ltr'>peregrini</span> <span class='ocrx_word' id='word_1_270' title='bbox 2028 2054 2086 2102; x_wconf 90' lang='lat' dir='ltr'>et</span> 
     </span>
    </p>
   </div>
   <div class='ocr_carea' id='block_1_37' title="bbox 487 2131 2078 2205">
    <p class='ocr_par' dir='ltr' id='par_1_37' title="bbox 487 2131 2078 2205">
     <span class='ocr_line' id='line_1_37' title="bbox 487 2131 2078 2205; baseline 0.004 -19"><span class='ocrx_word' id='word_1_271' title='bbox 487 2131 736 2205; x_wconf 80' lang='lat' dir='ltr'>hospites</span> <span class='ocrx_word' id='word_1_272' title='bbox 767 2139 900 2187; x_wconf 90' lang='lat' dir='ltr'>sunt</span> <span class='ocrx_word' id='word_1_273' title='bbox 929 2149 1100 2204; x_wconf 91' lang='lat' dir='ltr'>super</span> <span class='ocrx_word' id='word_1_274' title='bbox 1141 2137 1372 2188; x_wconf 88' lang='lat' dir='ltr'>terram.</span> <span class='ocrx_word' id='word_1_275' title='bbox 1406 2135 1512 2199; x_wconf 89' lang='lat' dir='ltr'>Qui</span> <span class='ocrx_word' id='word_1_276' title='bbox 1543 2135 1692 2189; x_wconf 91' lang='lat' dir='ltr'>enim</span> <span class='ocrx_word' id='word_1_277' title='bbox 1721 2135 1838 2191; x_wconf 66' lang='lat' dir='ltr'>haec</span> <span class='ocrx_word' id='word_1_278' title='bbox 1866 2136 2078 2204; x_wconf 90' lang='lat' dir='ltr'>dicunt,</span> 
     </span>
    </p>
   </div>
   <div class='ocr_carea' id='block_1_38' title="bbox 485 2219 2082 2298">
    <p class='ocr_par' dir='ltr' id='par_1_38' title="bbox 485 2219 2082 2298">
     <span class='ocr_line' id='line_1_38' title="bbox 485 2219 2082 2298; baseline 0.004 -24"><span class='ocrx_word' id='word_1_279' title='bbox 485 2219 806 2292; x_wconf 70' lang='lat' dir='ltr'>signiﬁcant</span> <span class='ocrx_word' id='word_1_280' title='bbox 847 2239 907 2276; x_wconf 88' lang='lat' dir='ltr'>se</span> <span class='ocrx_word' id='word_1_281' title='bbox 953 2223 1196 2293; x_wconf 86' lang='lat' dir='ltr'>patriam</span> <span class='ocrx_word' id='word_1_282' title='bbox 1254 2223 1558 2295; x_wconf 87' lang='lat' dir='ltr'>inquirere.</span> <span class='ocrx_word' id='word_1_283' title='bbox 1617 2225 1775 2278; x_wconf 89' lang='lat' dir='ltr'>Hanc</span> <span class='ocrx_word' id='word_1_284' title='bbox 1830 2227 2082 2298; x_wconf 86' lang='lat' dir='ltr'>peregri-</span> 
     </span>
    </p>
   </div>
   <div class='ocr_carea' id='block_1_39' title="bbox 483 2311 2083 2384">
    <p class='ocr_par' dir='ltr' id='par_1_39' title="bbox 483 2311 2083 2384">
     <span class='ocr_line' id='line_1_39' title="bbox 483 2311 2083 2384; baseline 0.003 -20"><span class='ocrx_word' id='word_1_285' title='bbox 483 2313 771 2365; x_wconf 88' lang='lat' dir='ltr'>nationem</span> <span class='ocrx_word' id='word_1_286' title='bbox 801 2311 950 2364; x_wconf 90' lang='lat' dir='ltr'>idem</span> <span class='ocrx_word' id='word_1_287' title='bbox 973 2328 1194 2383; x_wconf 91' lang='lat' dir='ltr'>quoque</span> <span class='ocrx_word' id='word_1_288' title='bbox 1213 2312 1514 2384; x_wconf 86' lang='lat' dir='ltr'>Apostolus</span> <span class='ocrx_word' id='word_1_289' title='bbox 1535 2313 1828 2380; x_wconf 83' lang='lat' dir='ltr'>tolerabat,</span> <span class='ocrx_word' id='word_1_290' title='bbox 1861 2331 1986 2369; x_wconf 90' lang='lat' dir='ltr'>cum</span> <span class='ocrx_word' id='word_1_291' title='bbox 2003 2315 2083 2369; x_wconf 91' lang='lat' dir='ltr'>di-</span> 
     </span>
    </p>
   </div>
   <div class='ocr_carea' id='block_1_40' title="bbox 483 2397 2081 2472">
    <p class='ocr_par' dir='ltr' id='par_1_40' title="bbox 483 2397 2081 2472">
     <span class='ocr_line' id='line_1_40' title="bbox 483 2397 2081 2472; baseline 0.003 -20"><span class='ocrx_word' id='word_1_292' title='bbox 483 2401 636 2453; x_wconf 88' lang='lat' dir='ltr'>ceret</span> <span class='ocrx_word' id='word_1_293' title='bbox 667 2417 679 2452; x_wconf 90' lang='lat'><strong>:</strong></span> <span class='ocrx_word' id='word_1_294' title='bbox 719 2417 740 2450; x_wconf 73' lang='grc' dir='ltr'><strong>ε</strong></span> <span class='ocrx_word' id='word_1_295' title='bbox 773 2397 919 2453; x_wconf 92' lang='lat' dir='ltr'>Dum</span> <span class='ocrx_word' id='word_1_296' title='bbox 971 2413 1166 2454; x_wconf 89' lang='lat' dir='ltr'>sumus</span> <span class='ocrx_word' id='word_1_297' title='bbox 1205 2399 1264 2454; x_wconf 93' lang='lat' dir='ltr'>in</span> <span class='ocrx_word' id='word_1_298' title='bbox 1294 2417 1544 2471; x_wconf 90' lang='lat' dir='ltr'>corpore,</span> <span class='ocrx_word' id='word_1_299' title='bbox 1595 2401 2022 2472; x_wconf 87' lang='lat' dir='ltr'>peregrinamur</span> <span class='ocrx_word' id='word_1_300' title='bbox 2048 2417 2081 2457; x_wconf 84' lang='lat' dir='ltr'>a</span> 
     </span>
    </p>
   </div>
   <div class='ocr_carea' id='block_1_41' title="bbox 481 2487 2076 2560">
    <p class='ocr_par' dir='ltr' id='par_1_41' title="bbox 481 2487 2076 2560">
     <span class='ocr_line' id='line_1_41' title="bbox 481 2487 2076 2560; baseline 0.003 -19"><span class='ocrx_word' id='word_1_301' title='bbox 481 2488 721 2542; x_wconf 90' lang='lat' dir='ltr'>Domino</span> <span class='ocrx_word' id='word_1_302' title='bbox 769 2487 849 2556; x_wconf 86' lang='grc' dir='ltr'>(ΙΙ</span> <span class='ocrx_word' id='word_1_303' title='bbox 876 2491 998 2545; x_wconf 76' lang='lat' dir='ltr'>Cor.</span> <span class='ocrx_word' id='word_1_304' title='bbox 1042 2497 1118 2544; x_wconf 73' lang='lat' dir='ltr'>vi.</span> <span class='ocrx_word' id='word_1_305' title='bbox 1163 2489 1272 2542; x_wconf 90' lang='lat' dir='ltr'>Per</span> <span class='ocrx_word' id='word_1_306' title='bbox 1300 2488 1467 2542; x_wconf 81' lang='lat' dir='ltr'>tidem</span> <span class='ocrx_word' id='word_1_307' title='bbox 1497 2489 1648 2544; x_wconf 89' lang='lat' dir='ltr'>enim</span> <span class='ocrx_word' id='word_1_308' title='bbox 1705 2490 2076 2560; x_wconf 89' lang='lat' dir='ltr'>ambulamus,</span> 
     </span>
    </p>
   </div>
   <div class='ocr_carea' id='block_1_42' title="bbox 484 2575 2080 2648">
    <p class='ocr_par' dir='ltr' id='par_1_42' title="bbox 484 2575 2080 2648">
     <span class='ocr_line' id='line_1_42' title="bbox 484 2575 2080 2648; baseline 0.003 -18"><span class='ocrx_word' id='word_1_309' title='bbox 484 2589 594 2630; x_wconf 90' lang='lat' dir='ltr'>non</span> <span class='ocrx_word' id='word_1_310' title='bbox 624 2593 726 2647; x_wconf 90' lang='lat' dir='ltr'>per</span> <span class='ocrx_word' id='word_1_311' title='bbox 753 2576 1013 2647; x_wconf 85' lang='lat' dir='ltr'>speciem.</span> <span class='ocrx_word' id='word_1_312' title='bbox 1045 2595 1074 2629; x_wconf 69' lang='grc' dir='ltr'><strong>ν</strong></span> <span class='ocrx_word' id='word_1_313' title='bbox 1102 2575 1286 2648; x_wconf 86' lang='lat' dir='ltr'>Hujus</span> <span class='ocrx_word' id='word_1_314' title='bbox 1305 2578 1772 2648; x_wconf 84' lang='lat' dir='ltr'>peregrinationis</span> <span class='ocrx_word' id='word_1_315' title='bbox 1803 2597 2080 2635; x_wconf 76' lang='lat' dir='ltr'>mrumnas</span> 
     </span>
    </p>
   </div>
   <div class='ocr_carea' id='block_1_43' title="bbox 483 2665 2079 2735">
    <p class='ocr_par' dir='ltr' id='par_1_43' title="bbox 483 2665 2079 2735">
     <span class='ocr_line' id='line_1_43' title="bbox 483 2665 2079 2735; baseline 0.004 -18"><span class='ocrx_word' id='word_1_316' title='bbox 483 2665 778 2735; x_wconf 78' lang='lat' dir='ltr'>satagebat</span> <span class='ocrx_word' id='word_1_317' title='bbox 805 2665 1070 2729; x_wconf 81' lang='lat' dir='ltr'>devitarc,</span> <span class='ocrx_word' id='word_1_318' title='bbox 1105 2682 1232 2719; x_wconf 91' lang='lat' dir='ltr'>cum</span> <span class='ocrx_word' id='word_1_319' title='bbox 1253 2665 1500 2720; x_wconf 86' lang='lat' dir='ltr'>dicebat:</span> <span class='ocrx_word' id='word_1_320' title='bbox 1540 2685 1562 2718; x_wconf 76' lang='grc' dir='ltr'>ι</span> <span class='ocrx_word' id='word_1_321' title='bbox 1597 2667 1946 2723; x_wconf 88' lang='lat' dir='ltr'>Desiderium</span> <span class='ocrx_word' id='word_1_322' title='bbox 1979 2670 2079 2723; x_wconf 88' lang='lat' dir='ltr'>ha-</span> 
     </span>
    </p>
   </div>
   <div class='ocr_carea' id='block_1_44' title="bbox 485 2749 2080 2822">
    <p class='ocr_par' dir='ltr' id='par_1_44' title="bbox 485 2749 2080 2822">
     <span class='ocr_line' id='line_1_44' title="bbox 485 2749 2080 2822; baseline 0.004 -16"><span class='ocrx_word' id='word_1_323' title='bbox 485 2752 622 2806; x_wconf 90' lang='lat' dir='ltr'>bens</span> <span class='ocrx_word' id='word_1_324' title='bbox 671 2749 897 2806; x_wconf 88' lang='lat' dir='ltr'>dissolvi</span> <span class='ocrx_word' id='word_1_325' title='bbox 930 2758 985 2806; x_wconf 88' lang='lat' dir='ltr'>et</span> <span class='ocrx_word' id='word_1_326' title='bbox 1037 2767 1157 2806; x_wconf 89' lang='lat' dir='ltr'>esse</span> <span class='ocrx_word' id='word_1_327' title='bbox 1190 2769 1316 2808; x_wconf 91' lang='lat' dir='ltr'>cum</span> <span class='ocrx_word' id='word_1_328' title='bbox 1358 2754 1582 2810; x_wconf 87' lang='lat' dir='ltr'>Christo</span> <span class='ocrx_word' id='word_1_329' title='bbox 1623 2758 1788 2819; x_wconf 69' lang='lat' dir='ltr'>(Phil.</span> <span class='ocrx_word' id='word_1_330' title='bbox 1837 2763 1894 2822; x_wconf 84' lang='grc' dir='ltr'>ι).</span> <span class='ocrx_word' id='word_1_331' title='bbox 1934 2775 1960 2810; x_wconf 79' lang='lat'><strong>»</strong></span> <span class='ocrx_word' id='word_1_332' title='bbox 2013 2758 2080 2812; x_wconf 89' lang='lat' dir='ltr'>Et</span> 
     </span>
    </p>
   </div>
   <div class='ocr_carea' id='block_1_45' title="bbox 481 2839 2080 2907">
    <p class='ocr_par' dir='ltr' id='par_1_45' title="bbox 481 2839 2080 2907">
     <span class='ocr_line' id='line_1_45' title="bbox 481 2839 2080 2907; baseline 0.004 -12"><span class='ocrx_word' id='word_1_333' title='bbox 481 2853 706 2895; x_wconf 88' lang='lat' dir='ltr'>rursum</span> <span class='ocrx_word' id='word_1_334' title='bbox 732 2859 744 2893; x_wconf 88' lang='lat'><strong>:</strong></span> <span class='ocrx_word' id='word_1_335' title='bbox 782 2855 809 2893; x_wconf 76' lang='grc' dir='ltr'><strong>α</strong></span> <span class='ocrx_word' id='word_1_336' title='bbox 841 2839 977 2895; x_wconf 88' lang='lat' dir='ltr'>Mihi</span> <span class='ocrx_word' id='word_1_337' title='bbox 1011 2839 1191 2894; x_wconf 88' lang='lat' dir='ltr'>vivere</span> <span class='ocrx_word' id='word_1_338' title='bbox 1216 2840 1587 2907; x_wconf 88' lang='lat' dir='ltr'>Christusest,</span> <span class='ocrx_word' id='word_1_339' title='bbox 1615 2848 1672 2897; x_wconf 89' lang='lat' dir='ltr'>et</span> <span class='ocrx_word' id='word_1_340' title='bbox 1697 2844 1837 2898; x_wconf 88' lang='lat' dir='ltr'>mori</span> <span class='ocrx_word' id='word_1_341' title='bbox 1859 2845 2080 2900; x_wconf 90' lang='lat' dir='ltr'>lucrum</span> 
     </span>
    </p>
   </div>
   <div class='ocr_carea' id='block_1_46' title="bbox 485 2925 2078 3004">
    <p class='ocr_par' dir='ltr' id='par_1_46' title="bbox 485 2925 2078 3004">
     <span class='ocr_line' id='line_1_46' title="bbox 485 2925 2078 3004; baseline 0.004 -21"><span class='ocrx_word' id='word_1_342' title='bbox 485 2925 690 3000; x_wconf 67' lang='lat' dir='ltr'>(Ibid).</span> <span class='ocrx_word' id='word_1_343' title='bbox 731 2948 752 2979; x_wconf 76' lang='grc' dir='ltr'><strong><em>ι</em></strong></span> <span class='ocrx_word' id='word_1_344' title='bbox 789 2927 970 2999; x_wconf 90' lang='lat' dir='ltr'>Hujus</span> <span class='ocrx_word' id='word_1_345' title='bbox 1008 2929 1481 3000; x_wconf 86' lang='lat' dir='ltr'>peregrinationis</span> <span class='ocrx_word' id='word_1_346' title='bbox 1509 2933 1727 3002; x_wconf 91' lang='lat' dir='ltr'>pondus</span> <span class='ocrx_word' id='word_1_347' title='bbox 1753 2949 1920 3004; x_wconf 84' lang='lat' dir='ltr'>grave</span> <span class='ocrx_word' id='word_1_348' title='bbox 1949 2950 2078 2989; x_wconf 86' lang='lat' dir='ltr'>sen-</span> 
     </span>
    </p>
   </div>
   <div class='ocr_carea' id='block_1_47' title="bbox 479 3013 2077 3092">
    <p class='ocr_par' dir='ltr' id='par_1_47' title="bbox 479 3013 2077 3092">
     <span class='ocr_line' id='line_1_47' title="bbox 479 3013 2077 3092; baseline 0.004 -22"><span class='ocrx_word' id='word_1_349' title='bbox 479 3013 656 3070; x_wconf 87' lang='lat' dir='ltr'>tiebat</span> <span class='ocrx_word' id='word_1_350' title='bbox 675 3015 975 3071; x_wconf 86' lang='lat' dir='ltr'>Psalmista</span> <span class='ocrx_word' id='word_1_351' title='bbox 996 3033 1123 3071; x_wconf 91' lang='lat' dir='ltr'>cum</span> <span class='ocrx_word' id='word_1_352' title='bbox 1145 3017 1389 3072; x_wconf 88' lang='lat' dir='ltr'>diceret:</span> <span class='ocrx_word' id='word_1_353' title='bbox 1428 3039 1453 3070; x_wconf 85' lang='lat'>«</span> <span class='ocrx_word' id='word_1_354' title='bbox 1487 3021 1610 3074; x_wconf 85' lang='lat' dir='ltr'>Heu</span> <span class='ocrx_word' id='word_1_355' title='bbox 1637 3021 1774 3075; x_wconf 88' lang='lat' dir='ltr'>mihi</span> <span class='ocrx_word' id='word_1_356' title='bbox 1801 3022 1963 3092; x_wconf 86' lang='lat' dir='ltr'>lquia</span> <span class='ocrx_word' id='word_1_357' title='bbox 1990 3023 2077 3077; x_wconf 56' lang='lat' dir='ltr'>in-</span> 
     </span>
    </p>
   </div>
   <div class='ocr_carea' id='block_1_48' title="bbox 2165 1865 3677 1943">
    <p class='ocr_par' dir='ltr' id='par_1_48' title="bbox 2165 1865 3677 1943">
     <span class='ocr_line' id='line_1_48' title="bbox 2165 1865 3677 1943; baseline -0.005 -17"><span class='ocrx_word' id='word_1_358' title='bbox 2165 1887 2359 1926; x_wconf 87' lang='lat' dir='ltr'>rarum</span> <span class='ocrx_word' id='word_1_359' title='bbox 2407 1873 2678 1935; x_wconf 89' lang='lat' dir='ltr'>omnium,</span> <span class='ocrx_word' id='word_1_360' title='bbox 2713 1889 2836 1943; x_wconf 76' lang='lat' dir='ltr'>quae</span> <span class='ocrx_word' id='word_1_361' title='bbox 2865 1873 2923 1926; x_wconf 88' lang='lat' dir='ltr'>in</span> <span class='ocrx_word' id='word_1_362' title='bbox 2974 1873 3079 1926; x_wconf 91' lang='lat' dir='ltr'>hoc</span> <span class='ocrx_word' id='word_1_363' title='bbox 3125 1871 3330 1925; x_wconf 90' lang='lat' dir='ltr'>mundo</span> <span class='ocrx_word' id='word_1_364' title='bbox 3371 1873 3504 1923; x_wconf 89' lang='lat' dir='ltr'>sunt.</span> <span class='ocrx_word' id='word_1_365' title='bbox 3545 1865 3677 1922; x_wconf 77' lang='lat' dir='ltr'>Filius</span> 
     </span>
    </p>
   </div>
   <div class='ocr_carea' id='block_1_49' title="bbox 2166 1959 3680 2032">
    <p class='ocr_par' dir='ltr' id='par_1_49' title="bbox 2166 1959 3680 2032">
     <span class='ocr_line' id='line_1_49' title="bbox 2166 1959 3680 2032; baseline -0.004 -17"><span class='ocrx_word' id='word_1_366' title='bbox 2166 1961 2337 2016; x_wconf 87' lang='lat' dir='ltr'>etiam</span> <span class='ocrx_word' id='word_1_367' title='bbox 2360 1961 2410 2014; x_wconf 91' lang='lat' dir='ltr'>ei</span> <span class='ocrx_word' id='word_1_368' title='bbox 2428 1961 2557 2015; x_wconf 86' lang='lat' dir='ltr'>talis</span> <span class='ocrx_word' id='word_1_369' title='bbox 2572 1965 2695 2015; x_wconf 87' lang='lat' dir='ltr'>erat</span> <span class='ocrx_word' id='word_1_370' title='bbox 2716 1975 2729 2015; x_wconf 89' lang='lat'><strong>:</strong></span> <span class='ocrx_word' id='word_1_371' title='bbox 2767 1961 3174 2031; x_wconf 86' lang='lat' dir='ltr'>exagitabatur,</span> <span class='ocrx_word' id='word_1_372' title='bbox 3189 1959 3588 2032; x_wconf 82' lang='lat' dir='ltr'>persecutionem</span> <span class='ocrx_word' id='word_1_373' title='bbox 3613 1971 3680 2025; x_wconf 79' lang='lat' dir='ltr'>pa-</span> 
     </span>
    </p>
   </div>
   <div class='ocr_carea' id='block_1_50' title="bbox 2164 2045 3679 2117">
    <p class='ocr_par' dir='ltr' id='par_1_50' title="bbox 2164 2045 3679 2117">
     <span class='ocr_line' id='line_1_50' title="bbox 2164 2045 3679 2117; baseline -0.005 -13"><span class='ocrx_word' id='word_1_374' title='bbox 2164 2049 2430 2116; x_wconf 88' lang='lat' dir='ltr'>tiebatur,</span> <span class='ocrx_word' id='word_1_375' title='bbox 2463 2048 2865 2113; x_wconf 85' lang='lat' dir='ltr'>debellabatur,</span> <span class='ocrx_word' id='word_1_376' title='bbox 2888 2053 2946 2103; x_wconf 87' lang='lat' dir='ltr'>et</span> <span class='ocrx_word' id='word_1_377' title='bbox 2964 2049 3214 2114; x_wconf 87' lang='lat' dir='ltr'>cedebat,</span> <span class='ocrx_word' id='word_1_378' title='bbox 3246 2053 3301 2102; x_wconf 90' lang='lat' dir='ltr'>et</span> <span class='ocrx_word' id='word_1_379' title='bbox 3320 2045 3679 2117; x_wconf 83' lang='lat' dir='ltr'>obsequebatur.</span> 
     </span>
    </p>
   </div>
   <div class='ocr_carea' id='block_1_51' title="bbox 2163 2135 3683 2208">
    <p class='ocr_par' dir='ltr' id='par_1_51' title="bbox 2163 2135 3683 2208">
     <span class='ocr_line' id='line_1_51' title="bbox 2163 2135 3683 2208; baseline -0.005 -16"><span class='ocrx_word' id='word_1_380' title='bbox 2163 2145 2227 2192; x_wconf 90' lang='lat' dir='ltr'>ut</span> <span class='ocrx_word' id='word_1_381' title='bbox 2240 2139 2298 2192; x_wconf 91' lang='lat' dir='ltr'>in</span> <span class='ocrx_word' id='word_1_382' title='bbox 2312 2138 2620 2208; x_wconf 86' lang='lat' dir='ltr'>peregrinis</span> <span class='ocrx_word' id='word_1_383' title='bbox 2629 2135 3276 2208; x_wconf 82' lang='lat' dir='ltr'>constitutus.Peregrini</span> <span class='ocrx_word' id='word_1_384' title='bbox 3286 2137 3474 2207; x_wconf 86' lang='lat' dir='ltr'>quippe</span> <span class='ocrx_word' id='word_1_385' title='bbox 3483 2143 3683 2204; x_wconf 67' lang='lat' dir='ltr'>quaecun-</span> 
     </span>
    </p>
   </div>
   <div class='ocr_carea' id='block_1_52' title="bbox 2164 2225 3683 2298">
    <p class='ocr_par' dir='ltr' id='par_1_52' title="bbox 2164 2225 3683 2298">
     <span class='ocr_line' id='line_1_52' title="bbox 2164 2225 3683 2298; baseline -0.005 -17"><span class='ocrx_word' id='word_1_386' title='bbox 2164 2241 2272 2298; x_wconf 88' lang='lat' dir='ltr'>que</span> <span class='ocrx_word' id='word_1_387' title='bbox 2286 2227 2579 2298; x_wconf 90' lang='lat' dir='ltr'>patiuntur</span> <span class='ocrx_word' id='word_1_388' title='bbox 2599 2227 2861 2292; x_wconf 90' lang='lat' dir='ltr'>tolerant,</span> <span class='ocrx_word' id='word_1_389' title='bbox 2880 2233 2943 2280; x_wconf 93' lang='lat' dir='ltr'>ut</span> <span class='ocrx_word' id='word_1_390' title='bbox 2954 2233 3083 2298; x_wconf 89' lang='lat' dir='ltr'>pote</span> <span class='ocrx_word' id='word_1_391' title='bbox 3097 2227 3190 2297; x_wconf 87' lang='lat' dir='ltr'>qui</span> <span class='ocrx_word' id='word_1_392' title='bbox 3211 2227 3269 2280; x_wconf 90' lang='lat' dir='ltr'>in</span> <span class='ocrx_word' id='word_1_393' title='bbox 3279 2225 3450 2296; x_wconf 87' lang='lat' dir='ltr'>patria</span> <span class='ocrx_word' id='word_1_394' title='bbox 3458 2238 3554 2278; x_wconf 90' lang='lat' dir='ltr'>non</span> <span class='ocrx_word' id='word_1_395' title='bbox 3566 2226 3683 2276; x_wconf 86' lang='lat' dir='ltr'>sunt.</span> 
     </span>
    </p>
   </div>
   <div class='ocr_carea' id='block_1_53' title="bbox 2165 2311 3685 2385">
    <p class='ocr_par' dir='ltr' id='par_1_53' title="bbox 2165 2311 3685 2385">
     <span class='ocr_line' id='line_1_53' title="bbox 2165 2311 3685 2385; baseline -0.004 -15"><span class='ocrx_word' id='word_1_396' title='bbox 2165 2315 2234 2370; x_wconf 89' lang='lat' dir='ltr'>Et</span> <span class='ocrx_word' id='word_1_397' title='bbox 2251 2331 2424 2370; x_wconf 80' lang='lat' dir='ltr'>uxore</span> <span class='ocrx_word' id='word_1_398' title='bbox 2453 2315 2658 2380; x_wconf 87' lang='lat' dir='ltr'>ablata,</span> <span class='ocrx_word' id='word_1_399' title='bbox 2683 2321 2740 2368; x_wconf 89' lang='lat' dir='ltr'>et</span> <span class='ocrx_word' id='word_1_400' title='bbox 2773 2315 2876 2370; x_wconf 90' lang='lat' dir='ltr'>hoc</span> <span class='ocrx_word' id='word_1_401' title='bbox 2895 2315 3177 2380; x_wconf 85' lang='lat' dir='ltr'>toleravit,</span> <span class='ocrx_word' id='word_1_402' title='bbox 3207 2321 3270 2368; x_wconf 91' lang='lat' dir='ltr'>ut</span> <span class='ocrx_word' id='word_1_403' title='bbox 3285 2319 3405 2385; x_wconf 88' lang='lat' dir='ltr'>pote</span> <span class='ocrx_word' id='word_1_404' title='bbox 3419 2314 3470 2366; x_wconf 90' lang='lat' dir='ltr'>in</span> <span class='ocrx_word' id='word_1_405' title='bbox 3488 2311 3685 2383; x_wconf 76' lang='lat' dir='ltr'>peregri-</span> 
     </span>
    </p>
   </div>
   <div class='ocr_carea' id='block_1_54' title="bbox 2162 2399 3685 2474">
    <p class='ocr_par' dir='ltr' id='par_1_54' title="bbox 2162 2399 3685 2474">
     <span class='ocr_line' id='line_1_54' title="bbox 2162 2399 3685 2474; baseline -0.004 -16"><span class='ocrx_word' id='word_1_406' title='bbox 2162 2405 2268 2458; x_wconf 88' lang='lat' dir='ltr'>nis.</span> <span class='ocrx_word' id='word_1_407' title='bbox 2303 2404 2508 2459; x_wconf 87' lang='lat' dir='ltr'>Omnia</span> <span class='ocrx_word' id='word_1_408' title='bbox 2532 2418 2662 2458; x_wconf 87' lang='lat' dir='ltr'>vero</span> <span class='ocrx_word' id='word_1_409' title='bbox 2685 2419 2808 2474; x_wconf 77' lang='lat' dir='ltr'>quae</span> <span class='ocrx_word' id='word_1_410' title='bbox 2834 2404 3068 2474; x_wconf 81' lang='lat' dir='ltr'>gerebat</span> <span class='ocrx_word' id='word_1_411' title='bbox 3097 2404 3166 2458; x_wconf 82' lang='lat' dir='ltr'>ad</span> <span class='ocrx_word' id='word_1_412' title='bbox 3189 2415 3472 2474; x_wconf 88' lang='lat' dir='ltr'>supernam</span> <span class='ocrx_word' id='word_1_413' title='bbox 3493 2399 3685 2472; x_wconf 82' lang='lat' dir='ltr'>patriam</span> 
     </span>
    </p>
   </div>
   <div class='ocr_carea' id='block_1_55' title="bbox 2161 2491 3682 2564">
    <p class='ocr_par' dir='ltr' id='par_1_55' title="bbox 2161 2491 3682 2564">
     <span class='ocr_line' id='line_1_55' title="bbox 2161 2491 3682 2564; baseline -0.006 -16"><span class='ocrx_word' id='word_1_414' title='bbox 2161 2493 2536 2564; x_wconf 86' lang='lat' dir='ltr'>pertinebant,</span> <span class='ocrx_word' id='word_1_415' title='bbox 2579 2493 2924 2563; x_wconf 86' lang='lat' dir='ltr'>pudicitiam,</span> <span class='ocrx_word' id='word_1_416' title='bbox 2962 2493 3313 2548; x_wconf 88' lang='lat' dir='ltr'>honestatem</span> <span class='ocrx_word' id='word_1_417' title='bbox 3339 2491 3682 2545; x_wconf 82' lang='lat' dir='ltr'>demonstrans.</span> 
     </span>
    </p>
   </div>
   <div class='ocr_carea' id='block_1_56' title="bbox 2163 2579 3689 2653">
    <p class='ocr_par' dir='ltr' id='par_1_56' title="bbox 2163 2579 3689 2653">
     <span class='ocr_line' id='line_1_56' title="bbox 2163 2579 3689 2653; baseline -0.005 -17"><span class='ocrx_word' id='word_1_418' title='bbox 2163 2581 2383 2636; x_wconf 89' lang='lat' dir='ltr'>Etenim</span> <span class='ocrx_word' id='word_1_419' title='bbox 2409 2589 2708 2652; x_wconf 87' lang='lat' dir='ltr'>postquam</span> <span class='ocrx_word' id='word_1_420' title='bbox 2742 2581 3118 2653; x_wconf 88' lang='lat' dir='ltr'>desponsavit,</span> <span class='ocrx_word' id='word_1_421' title='bbox 3153 2596 3264 2636; x_wconf 89' lang='lat' dir='ltr'>non</span> <span class='ocrx_word' id='word_1_422' title='bbox 3291 2587 3372 2634; x_wconf 88' lang='lat' dir='ltr'>est</span> <span class='ocrx_word' id='word_1_423' title='bbox 3393 2579 3689 2634; x_wconf 71' lang='lat' dir='ltr'>conversam</span> 
     </span>
    </p>
   </div>
   <div class='ocr_carea' id='block_1_57' title="bbox 2162 2665 3686 2740">
    <p class='ocr_par' dir='ltr' id='par_1_57' title="bbox 2162 2665 3686 2740">
     <span class='ocr_line' id='line_1_57' title="bbox 2162 2665 3686 2740; baseline -0.005 -16"><span class='ocrx_word' id='word_1_424' title='bbox 2162 2685 2290 2725; x_wconf 91' lang='lat' dir='ltr'>cum</span> <span class='ocrx_word' id='word_1_425' title='bbox 2315 2671 2414 2724; x_wconf 89' lang='lat' dir='ltr'>illa</span> <span class='ocrx_word' id='word_1_426' title='bbox 2433 2670 2689 2736; x_wconf 84' lang='lat' dir='ltr'>muliere,</span> <span class='ocrx_word' id='word_1_427' title='bbox 2733 2672 2828 2725; x_wconf 89' lang='lat' dir='ltr'>sed</span> <span class='ocrx_word' id='word_1_428' title='bbox 2858 2675 3190 2725; x_wconf 86' lang='lat' dir='ltr'>transeunte</span> <span class='ocrx_word' id='word_1_429' title='bbox 3217 2670 3399 2740; x_wconf 79' lang='lat' dir='ltr'>vigore</span> <span class='ocrx_word' id='word_1_430' title='bbox 3411 2665 3686 2738; x_wconf 81' lang='lat' dir='ltr'>juventutis,</span> 
     </span>
    </p>
   </div>
   <div class='ocr_carea' id='block_1_58' title="bbox 2159 2752 3690 2831">
    <p class='ocr_par' dir='ltr' id='par_1_58' title="bbox 2159 2752 3690 2831">
     <span class='ocr_line' id='line_1_58' title="bbox 2159 2752 3690 2831; baseline -0.006 -17"><span class='ocrx_word' id='word_1_431' title='bbox 2159 2766 2296 2814; x_wconf 91' lang='lat' dir='ltr'>tunc</span> <span class='ocrx_word' id='word_1_432' title='bbox 2319 2775 2443 2813; x_wconf 88' lang='lat' dir='ltr'>eam</span> <span class='ocrx_word' id='word_1_433' title='bbox 2482 2759 2696 2831; x_wconf 88' lang='lat' dir='ltr'>accepit</span> <span class='ocrx_word' id='word_1_434' title='bbox 2714 2775 2728 2812; x_wconf 89' lang='lat'><strong>:</strong></span> <span class='ocrx_word' id='word_1_435' title='bbox 2746 2758 3066 2823; x_wconf 85' lang='lat' dir='ltr'>ostendens,</span> <span class='ocrx_word' id='word_1_436' title='bbox 3093 2759 3356 2830; x_wconf 87' lang='lat' dir='ltr'>quoniam</span> <span class='ocrx_word' id='word_1_437' title='bbox 3371 2771 3473 2811; x_wconf 90' lang='lat' dir='ltr'>non</span> <span class='ocrx_word' id='word_1_438' title='bbox 3492 2752 3690 2808; x_wconf 83' lang='lat' dir='ltr'>libidinis</span> 
     </span>
    </p>
   </div>
   <div class='ocr_carea' id='block_1_59' title="bbox 2161 2845 3690 2914">
    <p class='ocr_par' dir='ltr' id='par_1_59' title="bbox 2161 2845 3690 2914">
     <span class='ocr_line' id='line_1_59' title="bbox 2161 2845 3690 2914; baseline -0.005 -12"><span class='ocrx_word' id='word_1_439' title='bbox 2161 2863 2329 2902; x_wconf 88' lang='lat' dir='ltr'>causa</span> <span class='ocrx_word' id='word_1_440' title='bbox 2369 2848 2472 2902; x_wconf 90' lang='lat' dir='ltr'>hoc</span> <span class='ocrx_word' id='word_1_441' title='bbox 2513 2847 2662 2914; x_wconf 85' lang='lat' dir='ltr'>fecit,</span> <span class='ocrx_word' id='word_1_442' title='bbox 2694 2847 2793 2902; x_wconf 89' lang='lat' dir='ltr'>sed</span> <span class='ocrx_word' id='word_1_443' title='bbox 2824 2847 3154 2902; x_wconf 87' lang='lat' dir='ltr'>ministrans</span> <span class='ocrx_word' id='word_1_444' title='bbox 3181 2853 3240 2902; x_wconf 90' lang='lat' dir='ltr'>et</span> <span class='ocrx_word' id='word_1_445' title='bbox 3271 2845 3563 2902; x_wconf 82' lang='lat' dir='ltr'>deserviens</span> <span class='ocrx_word' id='word_1_446' title='bbox 3591 2856 3690 2912; x_wconf 87' lang='lat' dir='ltr'>pro-</span> 
     </span>
    </p>
   </div>
   <div class='ocr_carea' id='block_1_60' title="bbox 2159 2935 3688 3002">
    <p class='ocr_par' dir='ltr' id='par_1_60' title="bbox 2159 2935 3688 3002">
     <span class='ocr_line' id='line_1_60' title="bbox 2159 2935 3688 3002; baseline -0.005 -12"><span class='ocrx_word' id='word_1_447' title='bbox 2159 2937 2410 2992; x_wconf 84' lang='lat' dir='ltr'>missioni</span> <span class='ocrx_word' id='word_1_448' title='bbox 2439 2937 2658 2991; x_wconf 74' lang='lat' dir='ltr'>divinae.</span> <span class='ocrx_word' id='word_1_449' title='bbox 2691 2936 2836 3001; x_wconf 84' lang='lat' dir='ltr'>Quid</span> <span class='ocrx_word' id='word_1_450' title='bbox 2874 2943 3065 2990; x_wconf 89' lang='lat' dir='ltr'>autem</span> <span class='ocrx_word' id='word_1_451' title='bbox 3096 2935 3310 2992; x_wconf 72' lang='lat' dir='ltr'>Jacobi</span> <span class='ocrx_word' id='word_1_452' title='bbox 3339 2947 3508 2988; x_wconf 89' lang='lat' dir='ltr'>nonne</span> <span class='ocrx_word' id='word_1_453' title='bbox 3530 2941 3688 3002; x_wconf 84' lang='lat' dir='ltr'>panem</span> 
     </span>
    </p>
   </div>
   <div class='ocr_carea' id='block_1_61' title="bbox 2159 3016 3691 3096">
    <p class='ocr_par' dir='ltr' id='par_1_61' title="bbox 2159 3016 3691 3096">
     <span class='ocr_line' id='line_1_61' title="bbox 2159 3016 3691 3096; baseline -0.007 -16"><span class='ocrx_word' id='word_1_454' title='bbox 2159 3030 2381 3080; x_wconf 86' lang='lat' dir='ltr'>tantum</span> <span class='ocrx_word' id='word_1_455' title='bbox 2413 3025 2695 3096; x_wconf 61' lang='lat' dir='ltr'>quaerebat</span> <span class='ocrx_word' id='word_1_456' title='bbox 2723 3029 2780 3079; x_wconf 89' lang='lat' dir='ltr'>et</span> <span class='ocrx_word' id='word_1_457' title='bbox 2797 3025 3218 3091; x_wconf 75' lang='lat' dir='ltr'>vestimentum,</span> <span class='ocrx_word' id='word_1_458' title='bbox 3240 3039 3361 3095; x_wconf 73' lang='lat' dir='ltr'>qua-</span> <span class='ocrx_word' id='word_1_459' title='bbox 3379 3022 3624 3094; x_wconf 87' lang='lat' dir='ltr'>pertinent</span> <span class='ocrx_word' id='word_1_460' title='bbox 3639 3016 3691 3070; x_wconf 79' lang='lat' dir='ltr'>ad</span> 
     </span>
    </p>
   </div>
   <div class='ocr_carea' id='block_1_62' title="bbox 479 3093 3692 3186">
    <p class='ocr_par' dir='ltr' id='par_1_62' title="bbox 479 3093 3692 3186">
     <span class='ocr_line' id='line_1_62' title="bbox 479 3093 3692 3186; baseline 0.001 -28"><span class='ocrx_word' id='word_1_461' title='bbox 479 3105 694 3162; x_wconf 88' lang='lat' dir='ltr'>colatus</span> <span class='ocrx_word' id='word_1_462' title='bbox 717 3119 876 3160; x_wconf 91' lang='lat' dir='ltr'>meus</span> <span class='ocrx_word' id='word_1_463' title='bbox 897 3107 1260 3177; x_wconf 86' lang='lat' dir='ltr'>prolongatus</span> <span class='ocrx_word' id='word_1_464' title='bbox 1283 3111 1384 3162; x_wconf 87' lang='lat' dir='ltr'>est.</span> <span class='ocrx_word' id='word_1_465' title='bbox 1403 3105 1660 3163; x_wconf 87' lang='lat' dir='ltr'>Habitavi</span> <span class='ocrx_word' id='word_1_466' title='bbox 1675 3125 1802 3164; x_wconf 91' lang='lat' dir='ltr'>cum</span> <span class='ocrx_word' id='word_1_467' title='bbox 1821 3110 2076 3166; x_wconf 84' lang='lat' dir='ltr'>habitan-</span> <span class='ocrx_word' id='word_1_468' title='bbox 2090 3093 2132 3154; x_wconf 63' lang='grc' dir='ltr'>(ἶ</span> <span class='ocrx_word' id='word_1_469' title='bbox 2153 3093 2480 3186; x_wconf 72' lang='lat' dir='ltr'>peregrinds</span> <span class='ocrx_word' id='word_1_470' title='bbox 2503 3114 2600 3185; x_wconf 90' lang='lat' dir='ltr'>qui</span> <span class='ocrx_word' id='word_1_471' title='bbox 2629 3115 2684 3168; x_wconf 91' lang='lat' dir='ltr'>in</span> <span class='ocrx_word' id='word_1_472' title='bbox 2715 3119 3104 3184; x_wconf 87' lang='lat' dir='ltr'>paupertatem</span> <span class='ocrx_word' id='word_1_473' title='bbox 3134 3093 3431 3168; x_wconf 78' lang='lat' dir='ltr'>deveniunt</span> <span class='ocrx_word' id='word_1_474' title='bbox 3464 3105 3692 3164; x_wconf 74' lang='lat' dir='ltr'>multam?</span> 
     </span>
    </p>
   </div>
   <div class='ocr_carea' id='block_1_63' title="bbox 479 3190 2070 3268">
    <p class='ocr_par' dir='ltr' id='par_1_63' title="bbox 479 3190 2070 3268">
     <span class='ocr_line' id='line_1_63' title="bbox 479 3190 2070 3268; baseline 0.004 -21"><span class='ocrx_word' id='word_1_475' title='bbox 479 3190 630 3248; x_wconf 87' lang='lat' dir='ltr'>tibus</span> <span class='ocrx_word' id='word_1_476' title='bbox 661 3192 874 3248; x_wconf 88' lang='lat' dir='ltr'>Cedar:</span> <span class='ocrx_word' id='word_1_477' title='bbox 908 3195 1150 3249; x_wconf 89' lang='lat' dir='ltr'>multum</span> <span class='ocrx_word' id='word_1_478' title='bbox 1179 3195 1358 3250; x_wconf 87' lang='lat' dir='ltr'>incola</span> <span class='ocrx_word' id='word_1_479' title='bbox 1398 3196 1503 3251; x_wconf 82' lang='lat' dir='ltr'>fuit</span> <span class='ocrx_word' id='word_1_480' title='bbox 1531 3199 1720 3252; x_wconf 87' lang='lat' dir='ltr'>anima</span> <span class='ocrx_word' id='word_1_481' title='bbox 1748 3215 1874 3253; x_wconf 88' lang='lat' dir='ltr'>mea</span> <span class='ocrx_word' id='word_1_482' title='bbox 1904 3201 2070 3268; x_wconf 77' lang='lat' dir='ltr'>(Psal.</span> 
     </span>
    </p>
   </div>
   <div class='ocr_carea' id='block_1_64' title="bbox 479 3279 2072 3354">
    <p class='ocr_par' dir='ltr' id='par_1_64' title="bbox 479 3279 2072 3354">
     <span class='ocr_line' id='line_1_64' title="bbox 479 3279 2072 3354; baseline 0.005 -19"><span class='ocrx_word' id='word_1_483' title='bbox 479 3279 646 3353; x_wconf 62' lang='grc' dir='ltr'>(δια).</span> <span class='ocrx_word' id='word_1_484' title='bbox 677 3301 702 3336; x_wconf 68' lang='grc' dir='ltr'><strong>υ</strong></span> <span class='ocrx_word' id='word_1_485' title='bbox 727 3280 812 3336; x_wconf 82' lang='lat' dir='ltr'>Ab</span> <span class='ocrx_word' id='word_1_486' title='bbox 831 3282 936 3336; x_wconf 86' lang='lat' dir='ltr'>hac</span> <span class='ocrx_word' id='word_1_487' title='bbox 957 3281 1098 3354; x_wconf 91' lang='lat' dir='ltr'>eripi</span> <span class='ocrx_word' id='word_1_488' title='bbox 1131 3285 1454 3354; x_wconf 87' lang='lat' dir='ltr'>quantocies</span> <span class='ocrx_word' id='word_1_489' title='bbox 1484 3287 1801 3352; x_wconf 85' lang='lat' dir='ltr'>anhelabat,</span> <span class='ocrx_word' id='word_1_490' title='bbox 1837 3302 1963 3342; x_wconf 89' lang='lat' dir='ltr'>cum</span> <span class='ocrx_word' id='word_1_491' title='bbox 1983 3303 2072 3343; x_wconf 89' lang='lat' dir='ltr'>su-</span> 
     </span>
    </p>
   </div>
   <div class='ocr_carea' id='block_1_65' title="bbox 477 3369 2073 3443">
    <p class='ocr_par' dir='ltr' id='par_1_65' title="bbox 477 3369 2073 3443">
     <span class='ocr_line' id='line_1_65' title="bbox 477 3369 2073 3443; baseline 0.005 -19"><span class='ocrx_word' id='word_1_492' title='bbox 477 3371 667 3442; x_wconf 85' lang='lat' dir='ltr'>pernis</span> <span class='ocrx_word' id='word_1_493' title='bbox 697 3369 990 3426; x_wconf 74' lang='lat' dir='ltr'>desideriis</span> <span class='ocrx_word' id='word_1_494' title='bbox 1033 3373 1280 3443; x_wconf 81' lang='lat' dir='ltr'>flagrans</span> <span class='ocrx_word' id='word_1_495' title='bbox 1307 3372 1548 3429; x_wconf 89' lang='lat' dir='ltr'>diceret:</span> <span class='ocrx_word' id='word_1_496' title='bbox 1585 3390 1611 3428; x_wconf 89' lang='grc'>(‹</span> <span class='ocrx_word' id='word_1_497' title='bbox 1671 3375 1856 3430; x_wconf 86' lang='lat' dir='ltr'>Sitivit</span> <span class='ocrx_word' id='word_1_498' title='bbox 1883 3377 2073 3432; x_wconf 86' lang='lat' dir='ltr'>anima</span> 
     </span>
    </p>
   </div>
   <div class='ocr_carea' id='block_1_66' title="bbox 477 3457 2072 3535">
    <p class='ocr_par' dir='ltr' id='par_1_66' title="bbox 477 3457 2072 3535">
     <span class='ocr_line' id='line_1_66' title="bbox 477 3457 2072 3535; baseline 0.004 -23"><span class='ocrx_word' id='word_1_499' title='bbox 477 3471 607 3512; x_wconf 87' lang='lat' dir='ltr'>mea</span> <span class='ocrx_word' id='word_1_500' title='bbox 632 3457 702 3513; x_wconf 87' lang='lat' dir='ltr'>ad</span> <span class='ocrx_word' id='word_1_501' title='bbox 746 3461 925 3514; x_wconf 90' lang='lat' dir='ltr'>Deum</span> <span class='ocrx_word' id='word_1_502' title='bbox 961 3460 1167 3526; x_wconf 84' lang='lat' dir='ltr'>vivum,</span> <span class='ocrx_word' id='word_1_503' title='bbox 1201 3461 1424 3532; x_wconf 88' lang='lat' dir='ltr'>quando</span> <span class='ocrx_word' id='word_1_504' title='bbox 1452 3463 1667 3516; x_wconf 84' lang='lat' dir='ltr'>veniam</span> <span class='ocrx_word' id='word_1_505' title='bbox 1701 3468 1758 3517; x_wconf 92' lang='lat' dir='ltr'>et</span> <span class='ocrx_word' id='word_1_506' title='bbox 1794 3465 2072 3535; x_wconf 87' lang='lat' dir='ltr'>apparebo</span> 
     </span>
    </p>
   </div>
   <div class='ocr_carea' id='block_1_67' title="bbox 468 3543 2072 3618">
    <p class='ocr_par' dir='ltr' id='par_1_67' title="bbox 468 3543 2072 3618">
     <span class='ocr_line' id='line_1_67' title="bbox 468 3543 2072 3618; baseline 0.005 -19"><span class='ocrx_word' id='word_1_507' title='bbox 468 3551 601 3600; x_wconf 90' lang='lat' dir='ltr'>ante</span> <span class='ocrx_word' id='word_1_508' title='bbox 618 3543 818 3600; x_wconf 81' lang='lat' dir='ltr'>faciem</span> <span class='ocrx_word' id='word_1_509' title='bbox 850 3547 950 3602; x_wconf 92' lang='lat' dir='ltr'>Dei</span> <span class='ocrx_word' id='word_1_510' title='bbox 983 3547 1134 3602; x_wconf 83' lang='lat' dir='ltr'>mei?</span> <span class='ocrx_word' id='word_1_511' title='bbox 1156 3565 1182 3600; x_wconf 62' lang='grc' dir='ltr'><strong>ρ</strong></span> <span class='ocrx_word' id='word_1_512' title='bbox 1219 3551 1379 3616; x_wconf 75' lang='lat' dir='ltr'>(Psal.</span> <span class='ocrx_word' id='word_1_513' title='bbox 1414 3554 1548 3618; x_wconf 79' lang='lat' dir='ltr'>xu.)</span> <span class='ocrx_word' id='word_1_514' title='bbox 1582 3552 1689 3606; x_wconf 89' lang='lat' dir='ltr'>Sed</span> <span class='ocrx_word' id='word_1_515' title='bbox 1719 3553 1825 3606; x_wconf 90' lang='lat' dir='ltr'>hoc</span> <span class='ocrx_word' id='word_1_516' title='bbox 1849 3553 2072 3608; x_wconf 87' lang='lat' dir='ltr'>deside-</span> 
     </span>
    </p>
   </div>
   <div class='ocr_carea' id='block_1_68' title="bbox 466 3634 2073 3710">
    <p class='ocr_par' dir='ltr' id='par_1_68' title="bbox 466 3634 2073 3710">
     <span class='ocr_line' id='line_1_68' title="bbox 466 3634 2073 3710; baseline 0.004 -20"><span class='ocrx_word' id='word_1_517' title='bbox 466 3634 614 3690; x_wconf 81' lang='lat' dir='ltr'>rium</span> <span class='ocrx_word' id='word_1_518' title='bbox 641 3635 922 3699; x_wconf 88' lang='lat' dir='ltr'>nesciunt,</span> <span class='ocrx_word' id='word_1_519' title='bbox 947 3636 1043 3706; x_wconf 91' lang='lat' dir='ltr'>qui</span> <span class='ocrx_word' id='word_1_520' title='bbox 1072 3651 1169 3690; x_wconf 90' lang='lat' dir='ltr'>cor</span> <span class='ocrx_word' id='word_1_521' title='bbox 1186 3636 1245 3689; x_wconf 92' lang='lat' dir='ltr'>in</span> <span class='ocrx_word' id='word_1_522' title='bbox 1271 3639 1510 3692; x_wconf 87' lang='lat' dir='ltr'>terrenis</span> <span class='ocrx_word' id='word_1_523' title='bbox 1537 3639 1914 3710; x_wconf 89' lang='lat' dir='ltr'>voluptatibus</span> <span class='ocrx_word' id='word_1_524' title='bbox 1933 3641 2073 3695; x_wconf 80' lang='lat' dir='ltr'>deli-</span> 
     </span>
    </p>
   </div>
   <div class='ocr_carea' id='block_1_69' title="bbox 463 3722 2074 3801">
    <p class='ocr_par' dir='ltr' id='par_1_69' title="bbox 463 3722 2074 3801">
     <span class='ocr_line' id='line_1_69' title="bbox 463 3722 2074 3801; baseline 0.004 -24"><span class='ocrx_word' id='word_1_525' title='bbox 463 3728 624 3794; x_wconf 82' lang='lat' dir='ltr'>gunt.</span> <span class='ocrx_word' id='word_1_526' title='bbox 643 3722 792 3778; x_wconf 90' lang='lat' dir='ltr'>Dum</span> <span class='ocrx_word' id='word_1_527' title='bbox 809 3723 958 3779; x_wconf 89' lang='lat' dir='ltr'>enim</span> <span class='ocrx_word' id='word_1_528' title='bbox 984 3725 1104 3779; x_wconf 85' lang='lat' dir='ltr'>sola</span> <span class='ocrx_word' id='word_1_529' title='bbox 1119 3739 1242 3797; x_wconf 84' lang='lat' dir='ltr'>quae</span> <span class='ocrx_word' id='word_1_530' title='bbox 1269 3729 1402 3780; x_wconf 87' lang='lat' dir='ltr'>sunt</span> <span class='ocrx_word' id='word_1_531' title='bbox 1421 3727 1654 3782; x_wconf 88' lang='lat' dir='ltr'>visibilia</span> <span class='ocrx_word' id='word_1_532' title='bbox 1672 3729 1930 3799; x_wconf 88' lang='lat' dir='ltr'>diligunt,</span> <span class='ocrx_word' id='word_1_533' title='bbox 1950 3747 2074 3801; x_wconf 81' lang='lat' dir='ltr'>pro-</span> 
     </span>
    </p>
   </div>
   <div class='ocr_carea' id='block_1_70' title="bbox 463 3809 2072 3890">
    <p class='ocr_par' dir='ltr' id='par_1_70' title="bbox 463 3809 2072 3890">
     <span class='ocr_line' id='line_1_70' title="bbox 463 3809 2072 3890; baseline 0.004 -25"><span class='ocrx_word' id='word_1_534' title='bbox 463 3811 606 3866; x_wconf 82' lang='lat' dir='ltr'>fecto</span> <span class='ocrx_word' id='word_1_535' title='bbox 628 3809 1044 3880; x_wconf 86' lang='lat' dir='ltr'>invisibilia,vel</span> <span class='ocrx_word' id='word_1_536' title='bbox 1063 3813 1109 3868; x_wconf 88' lang='lat' dir='ltr'>si</span> <span class='ocrx_word' id='word_1_537' title='bbox 1128 3816 1365 3870; x_wconf 87' lang='lat' dir='ltr'>credunt</span> <span class='ocrx_word' id='word_1_538' title='bbox 1385 3832 1642 3878; x_wconf 88' lang='lat' dir='ltr'>esse,non</span> <span class='ocrx_word' id='word_1_539' title='bbox 1661 3817 1922 3888; x_wconf 87' lang='lat' dir='ltr'>diligunt,</span> <span class='ocrx_word' id='word_1_540' title='bbox 1935 3819 2072 3890; x_wconf 87' lang='lat' dir='ltr'>quia</span> 
     </span>
    </p>
   </div>
   <div class='ocr_carea' id='block_1_71' title="bbox 463 3901 2073 3974">
    <p class='ocr_par' dir='ltr' id='par_1_71' title="bbox 463 3901 2073 3974">
     <span class='ocr_line' id='line_1_71' title="bbox 463 3901 2073 3974; baseline 0.004 -20"><span class='ocrx_word' id='word_1_541' title='bbox 463 3901 596 3955; x_wconf 88' lang='lat' dir='ltr'>dum</span> <span class='ocrx_word' id='word_1_542' title='bbox 610 3901 779 3956; x_wconf 89' lang='lat' dir='ltr'>nimis</span> <span class='ocrx_word' id='word_1_543' title='bbox 811 3919 881 3956; x_wconf 88' lang='lat' dir='ltr'>ea</span> <span class='ocrx_word' id='word_1_544' title='bbox 913 3903 1158 3957; x_wconf 86' lang='lat' dir='ltr'>exterius</span> <span class='ocrx_word' id='word_1_545' title='bbox 1171 3910 1504 3974; x_wconf 90' lang='lat' dir='ltr'>sequuntur,</span> <span class='ocrx_word' id='word_1_546' title='bbox 1529 3905 1699 3958; x_wconf 89' lang='lat' dir='ltr'>etiam</span> <span class='ocrx_word' id='word_1_547' title='bbox 1731 3912 1920 3959; x_wconf 88' lang='lat' dir='ltr'>mente</span> <span class='ocrx_word' id='word_1_548' title='bbox 1955 3921 2073 3960; x_wconf 89' lang='lat' dir='ltr'>car-</span> 
     </span>
    </p>
   </div>
   <div class='ocr_carea' id='block_1_72' title="bbox 462 3988 2074 4064">
    <p class='ocr_par' dir='ltr' id='par_1_72' title="bbox 462 3988 2074 4064">
     <span class='ocr_line' id='line_1_72' title="bbox 462 3988 2074 4064; baseline 0.004 -23"><span class='ocrx_word' id='word_1_549' title='bbox 462 3988 619 4042; x_wconf 87' lang='lat' dir='ltr'>nales</span> <span class='ocrx_word' id='word_1_550' title='bbox 635 3989 796 4043; x_wconf 83' lang='lat' dir='ltr'>liunt.</span> <span class='ocrx_word' id='word_1_551' title='bbox 825 3993 1026 4056; x_wconf 86' lang='lat' dir='ltr'>(Joan.)</span> <span class='ocrx_word' id='word_1_552' title='bbox 1053 3991 1633 4062; x_wconf 86' lang='lat' dir='ltr'>Peregrini,inquit,et</span> <span class='ocrx_word' id='word_1_553' title='bbox 1643 3994 1892 4064; x_wconf 76' lang='lat' dir='ltr'>hospites</span> <span class='ocrx_word' id='word_1_554' title='bbox 1912 4001 2074 4050; x_wconf 88' lang='lat' dir='ltr'>erant</span> 
     </span>
    </p>
   </div>
   <div class='ocr_carea' id='block_1_73' title="bbox 461 4076 2074 4148">
    <p class='ocr_par' dir='ltr' id='par_1_73' title="bbox 461 4076 2074 4148">
     <span class='ocr_line' id='line_1_73' title="bbox 461 4076 2074 4148; baseline 0.004 -18"><span class='ocrx_word' id='word_1_555' title='bbox 461 4076 661 4130; x_wconf 85' lang='lat' dir='ltr'>sancti.</span> <span class='ocrx_word' id='word_1_556' title='bbox 685 4076 944 4140; x_wconf 77' lang='lat' dir='ltr'>Qualiter</span> <span class='ocrx_word' id='word_1_557' title='bbox 964 4083 1022 4131; x_wconf 89' lang='lat' dir='ltr'>et</span> <span class='ocrx_word' id='word_1_558' title='bbox 1041 4079 1190 4148; x_wconf 89' lang='lat' dir='ltr'>quali</span> <span class='ocrx_word' id='word_1_559' title='bbox 1208 4079 1401 4133; x_wconf 83' lang='lat' dir='ltr'>modo?</span> <span class='ocrx_word' id='word_1_560' title='bbox 1428 4080 1532 4134; x_wconf 90' lang='lat' dir='ltr'>Ubi</span> <span class='ocrx_word' id='word_1_561' title='bbox 1562 4087 1750 4135; x_wconf 89' lang='lat' dir='ltr'>autem</span> <span class='ocrx_word' id='word_1_562' title='bbox 1773 4083 2074 4137; x_wconf 80' lang='lat' dir='ltr'>conﬁtetur</span> 
     </span>
    </p>
   </div>
   <div class='ocr_carea' id='block_1_74' title="bbox 459 4163 2070 4238">
    <p class='ocr_par' dir='ltr' id='par_1_74' title="bbox 459 4163 2070 4238">
     <span class='ocr_line' id='line_1_74' title="bbox 459 4163 2070 4238; baseline 0.004 -20"><span class='ocrx_word' id='word_1_563' title='bbox 459 4163 772 4230; x_wconf 84' lang='lat' dir='ltr'>Abraham,</span> <span class='ocrx_word' id='word_1_564' title='bbox 811 4165 960 4235; x_wconf 90' lang='lat' dir='ltr'>quod</span> <span class='ocrx_word' id='word_1_565' title='bbox 989 4167 1320 4236; x_wconf 85' lang='lat' dir='ltr'>peregrinus</span> <span class='ocrx_word' id='word_1_566' title='bbox 1350 4172 1407 4220; x_wconf 91' lang='lat' dir='ltr'>et</span> <span class='ocrx_word' id='word_1_567' title='bbox 1434 4168 1636 4238; x_wconf 89' lang='lat' dir='ltr'>hospes</span> <span class='ocrx_word' id='word_1_568' title='bbox 1667 4170 2070 4225; x_wconf 77' lang='lat' dir='ltr'>sit?F0rtassis</span> 
     </span>
    </p>
   </div>
   <div class='ocr_carea' id='block_1_75' title="bbox 461 4251 2064 4328">
    <p class='ocr_par' dir='ltr' id='par_1_75' title="bbox 461 4251 2064 4328">
     <span class='ocr_line' id='line_1_75' title="bbox 461 4251 2064 4328; baseline 0.006 -23"><span class='ocrx_word' id='word_1_569' title='bbox 461 4251 615 4307; x_wconf 87' lang='lat' dir='ltr'>enim</span> <span class='ocrx_word' id='word_1_570' title='bbox 660 4253 828 4306; x_wconf 88' lang='lat' dir='ltr'>etiam</span> <span class='ocrx_word' id='word_1_571' title='bbox 867 4253 1052 4324; x_wconf 86' lang='lat' dir='ltr'>ipsum</span> <span class='ocrx_word' id='word_1_572' title='bbox 1073 4255 1178 4308; x_wconf 90' lang='lat' dir='ltr'>hoc</span> <span class='ocrx_word' id='word_1_573' title='bbox 1209 4255 1522 4310; x_wconf 86' lang='lat' dir='ltr'>confessum</span> <span class='ocrx_word' id='word_1_574' title='bbox 1549 4274 1670 4311; x_wconf 91' lang='lat' dir='ltr'>esse</span> <span class='ocrx_word' id='word_1_575' title='bbox 1700 4259 2064 4328; x_wconf 89' lang='lat' dir='ltr'>reperiemus.</span> 
     </span>
    </p>
   </div>
   <div class='ocr_carea' id='block_1_76' title="bbox 467 4339 2060 4416">
    <p class='ocr_par' dir='ltr' id='par_1_76' title="bbox 467 4339 2060 4416">
     <span class='ocr_line' id='line_1_76' title="bbox 467 4339 2060 4416; baseline 0.004 -20"><span class='ocrx_word' id='word_1_576' title='bbox 467 4339 770 4396; x_wconf 83' lang='lat' dir='ltr'>Confessus</span> <span class='ocrx_word' id='word_1_577' title='bbox 789 4347 980 4395; x_wconf 89' lang='lat' dir='ltr'>tamen</span> <span class='ocrx_word' id='word_1_578' title='bbox 999 4347 1086 4396; x_wconf 89' lang='lat' dir='ltr'>est</span> <span class='ocrx_word' id='word_1_579' title='bbox 1109 4343 1282 4396; x_wconf 86' lang='lat' dir='ltr'>David</span> <span class='ocrx_word' id='word_1_580' title='bbox 1308 4357 1320 4396; x_wconf 86' lang='lat'><strong>:</strong></span> <span class='ocrx_word' id='word_1_581' title='bbox 1345 4345 1478 4414; x_wconf 88' lang='lat' dir='ltr'>quia</span> <span class='ocrx_word' id='word_1_582' title='bbox 1503 4363 1530 4396; x_wconf 75' lang='grc' dir='ltr'><strong><em>α</em></strong></span> <span class='ocrx_word' id='word_1_583' title='bbox 1559 4347 1890 4416; x_wconf 88' lang='lat' dir='ltr'>peregrinus</span> <span class='ocrx_word' id='word_1_584' title='bbox 1917 4363 2060 4416; x_wconf 89' lang='lat' dir='ltr'>sum,</span> 
     </span>
    </p>
   </div>
   <div class='ocr_carea' id='block_1_77' title="bbox 459 4411 2128 4504">
    <p class='ocr_par' dir='ltr' id='par_1_77' title="bbox 459 4411 2128 4504">
     <span class='ocr_line' id='line_1_77' title="bbox 459 4411 2128 4504; baseline 0.004 -20"><span class='ocrx_word' id='word_1_585' title='bbox 459 4431 674 4501; x_wconf 86' lang='lat' dir='ltr'>inquit,</span> <span class='ocrx_word' id='word_1_586' title='bbox 696 4430 842 4484; x_wconf 88' lang='lat' dir='ltr'>sicut</span> <span class='ocrx_word' id='word_1_587' title='bbox 861 4445 1054 4485; x_wconf 90' lang='lat' dir='ltr'>omnes</span> <span class='ocrx_word' id='word_1_588' title='bbox 1075 4435 1263 4502; x_wconf 86' lang='lat' dir='ltr'>patres</span> <span class='ocrx_word' id='word_1_589' title='bbox 1292 4411 1402 4486; x_wconf 79' lang='lat' dir='ltr'>mei</span> <span class='ocrx_word' id='word_1_590' title='bbox 1419 4411 1583 4498; x_wconf 73' lang='grc' dir='ltr'>(Ρεαί.</span> <span class='ocrx_word' id='word_1_591' title='bbox 1610 4411 1860 4504; x_wconf 59' lang='grc' dir='ltr'>κκξνηι).</span> <span class='ocrx_word' id='word_1_592' title='bbox 1902 4455 1922 4485; x_wconf 74' lang='grc' dir='ltr'><strong>ο</strong></span> <span class='ocrx_word' id='word_1_593' title='bbox 1957 4411 2064 4500; x_wconf 83' lang='lat' dir='ltr'>Qui</span> <span class='ocrx_word' id='word_1_594' title='bbox 2081 4411 2128 4472; x_wconf 73' lang='grc' dir='ltr'>θ</span> 
     </span>
    </p>
   </div>
   <div class='ocr_carea' id='block_1_78' title="bbox 469 4519 2067 4596">
    <p class='ocr_par' dir='ltr' id='par_1_78' title="bbox 469 4519 2067 4596">
     <span class='ocr_line' id='line_1_78' title="bbox 469 4519 2067 4596; baseline 0.004 -22"><span class='ocrx_word' id='word_1_595' title='bbox 469 4519 619 4574; x_wconf 87' lang='lat' dir='ltr'>enim</span> <span class='ocrx_word' id='word_1_596' title='bbox 646 4519 704 4573; x_wconf 92' lang='lat' dir='ltr'>in</span> <span class='ocrx_word' id='word_1_597' title='bbox 724 4519 1102 4574; x_wconf 86' lang='lat' dir='ltr'>tabernaculis</span> <span class='ocrx_word' id='word_1_598' title='bbox 1121 4520 1468 4588; x_wconf 88' lang='lat' dir='ltr'>habitabant,</span> <span class='ocrx_word' id='word_1_599' title='bbox 1501 4523 1596 4593; x_wconf 90' lang='lat' dir='ltr'>qui</span> <span class='ocrx_word' id='word_1_600' title='bbox 1621 4524 1877 4594; x_wconf 86' lang='lat' dir='ltr'>sepulcra</span> <span class='ocrx_word' id='word_1_601' title='bbox 1905 4539 2067 4596; x_wconf 84' lang='lat' dir='ltr'>pecu-</span> 
     </span>
    </p>
   </div>
   <div class='ocr_carea' id='block_1_79' title="bbox 467 4605 2061 4682">
    <p class='ocr_par' dir='ltr' id='par_1_79' title="bbox 467 4605 2061 4682">
     <span class='ocr_line' id='line_1_79' title="bbox 467 4605 2061 4682; baseline 0.004 -20"><span class='ocrx_word' id='word_1_602' title='bbox 467 4607 578 4662; x_wconf 88' lang='lat' dir='ltr'>niis</span> <span class='ocrx_word' id='word_1_603' title='bbox 608 4605 1026 4679; x_wconf 85' lang='lat' dir='ltr'>comparabant,</span> <span class='ocrx_word' id='word_1_604' title='bbox 1041 4615 1258 4662; x_wconf 88' lang='lat' dir='ltr'>certum</span> <span class='ocrx_word' id='word_1_605' title='bbox 1280 4610 1544 4680; x_wconf 90' lang='lat' dir='ltr'>quoniam</span> <span class='ocrx_word' id='word_1_606' title='bbox 1571 4612 1851 4682; x_wconf 89' lang='lat' dir='ltr'>peregrini</span> <span class='ocrx_word' id='word_1_607' title='bbox 1882 4620 2061 4681; x_wconf 89' lang='lat' dir='ltr'>erant,</span> 
     </span>
    </p>
   </div>
   <div class='ocr_carea' id='block_1_80' title="bbox 469 4695 2067 4770">
    <p class='ocr_par' dir='ltr' id='par_1_80' title="bbox 469 4695 2067 4770">
     <span class='ocr_line' id='line_1_80' title="bbox 469 4695 2067 4770; baseline 0.004 -20"><span class='ocrx_word' id='word_1_608' title='bbox 469 4700 534 4750; x_wconf 89' lang='lat' dir='ltr'>ut</span> <span class='ocrx_word' id='word_1_609' title='bbox 561 4695 732 4749; x_wconf 85' lang='lat' dir='ltr'>etiam</span> <span class='ocrx_word' id='word_1_610' title='bbox 763 4711 864 4750; x_wconf 91' lang='lat' dir='ltr'>nec</span> <span class='ocrx_word' id='word_1_611' title='bbox 900 4697 996 4751; x_wconf 90' lang='lat' dir='ltr'>ubi</span> <span class='ocrx_word' id='word_1_612' title='bbox 1039 4699 1344 4770; x_wconf 89' lang='lat' dir='ltr'>sepelirent</span> <span class='ocrx_word' id='word_1_613' title='bbox 1390 4715 1538 4766; x_wconf 86' lang='lat' dir='ltr'>suos,</span> <span class='ocrx_word' id='word_1_614' title='bbox 1583 4701 1874 4756; x_wconf 89' lang='lat' dir='ltr'>haberent.</span> <span class='ocrx_word' id='word_1_615' title='bbox 1921 4703 2067 4766; x_wconf 85' lang='lat' dir='ltr'>Quid</span> 
     </span>
    </p>
   </div>
   <div class='ocr_carea' id='block_1_81' title="bbox 472 4785 2066 4858">
    <p class='ocr_par' dir='ltr' id='par_1_81' title="bbox 472 4785 2066 4858">
     <span class='ocr_line' id='line_1_81' title="bbox 472 4785 2066 4858; baseline 0.006 -23"><span class='ocrx_word' id='word_1_616' title='bbox 472 4797 607 4853; x_wconf 81' lang='lat' dir='ltr'>ergo</span> <span class='ocrx_word' id='word_1_617' title='bbox 628 4785 754 4836; x_wconf 85' lang='lat' dir='ltr'>est?</span> <span class='ocrx_word' id='word_1_618' title='bbox 780 4799 915 4839; x_wconf 89' lang='lat' dir='ltr'>num</span> <span class='ocrx_word' id='word_1_619' title='bbox 938 4785 1087 4840; x_wconf 88' lang='lat' dir='ltr'>illius</span> <span class='ocrx_word' id='word_1_620' title='bbox 1106 4793 1271 4842; x_wconf 73' lang='lat' dir='ltr'>terrae</span> <span class='ocrx_word' id='word_1_621' title='bbox 1295 4805 1418 4858; x_wconf 79' lang='lat' dir='ltr'>quae</span> <span class='ocrx_word' id='word_1_622' title='bbox 1445 4788 1504 4842; x_wconf 92' lang='lat' dir='ltr'>in</span> <span class='ocrx_word' id='word_1_623' title='bbox 1537 4790 1836 4844; x_wconf 65' lang='lat' dir='ltr'>Palaestina</span> <span class='ocrx_word' id='word_1_624' title='bbox 1857 4797 1960 4857; x_wconf 85' lang='lat' dir='ltr'>est,</span> <span class='ocrx_word' id='word_1_625' title='bbox 1986 4791 2066 4845; x_wconf 85' lang='lat' dir='ltr'>di-</span> 
     </span>
    </p>
   </div>
   <div class='ocr_carea' id='block_1_82' title="bbox 472 4871 2067 4949">
    <p class='ocr_par' dir='ltr' id='par_1_82' title="bbox 472 4871 2067 4949">
     <span class='ocr_line' id='line_1_82' title="bbox 472 4871 2067 4949; baseline 0.004 -21"><span class='ocrx_word' id='word_1_626' title='bbox 472 4871 676 4928; x_wconf 81' lang='lat' dir='ltr'>cebant</span> <span class='ocrx_word' id='word_1_627' title='bbox 700 4887 760 4926; x_wconf 87' lang='lat' dir='ltr'>se</span> <span class='ocrx_word' id='word_1_628' title='bbox 786 4873 1113 4944; x_wconf 90' lang='lat' dir='ltr'>peregrinos</span> <span class='ocrx_word' id='word_1_629' title='bbox 1141 4891 1263 4930; x_wconf 91' lang='lat' dir='ltr'>esse</span> <span class='ocrx_word' id='word_1_630' title='bbox 1291 4878 1315 4928; x_wconf 86' lang='lat'><strong>?</strong></span> <span class='ocrx_word' id='word_1_631' title='bbox 1343 4877 1733 4949; x_wconf 86' lang='lat' dir='ltr'>Nequaquam,</span> <span class='ocrx_word' id='word_1_632' title='bbox 1771 4880 1866 4934; x_wconf 90' lang='lat' dir='ltr'>sed</span> <span class='ocrx_word' id='word_1_633' title='bbox 1894 4880 2067 4934; x_wconf 87' lang='lat' dir='ltr'>totius</span> 
     </span>
    </p>
   </div>
   <div class='ocr_carea' id='block_1_83' title="bbox 469 4959 2066 5037">
    <p class='ocr_par' dir='ltr' id='par_1_83' title="bbox 469 4959 2066 5037">
     <span class='ocr_line' id='line_1_83' title="bbox 469 4959 2066 5037; baseline 0.004 -21"><span class='ocrx_word' id='word_1_634' title='bbox 469 4959 694 5026; x_wconf 89' lang='lat' dir='ltr'>mundi;</span> <span class='ocrx_word' id='word_1_635' title='bbox 721 4965 778 5015; x_wconf 90' lang='lat' dir='ltr'>et</span> <span class='ocrx_word' id='word_1_636' title='bbox 806 4961 1008 5016; x_wconf 90' lang='lat' dir='ltr'>merito</span> <span class='ocrx_word' id='word_1_637' title='bbox 1032 4980 1043 5015; x_wconf 88' lang='lat'>:</span> <span class='ocrx_word' id='word_1_638' title='bbox 1078 4963 1218 5016; x_wconf 87' lang='lat' dir='ltr'>nihil</span> <span class='ocrx_word' id='word_1_639' title='bbox 1251 4965 1456 5036; x_wconf 90' lang='lat' dir='ltr'>quippe</span> <span class='ocrx_word' id='word_1_640' title='bbox 1482 4967 1897 5037; x_wconf 86' lang='lat' dir='ltr'>conspiciebant</span> <span class='ocrx_word' id='word_1_641' title='bbox 1921 4967 1979 5021; x_wconf 92' lang='lat' dir='ltr'>in</span> <span class='ocrx_word' id='word_1_642' title='bbox 2001 4981 2066 5022; x_wconf 91' lang='lat' dir='ltr'>eo</span> 
     </span>
    </p>
   </div>
   <div class='ocr_carea' id='block_1_84' title="bbox 466 5050 2064 5125">
    <p class='ocr_par' dir='ltr' id='par_1_84' title="bbox 466 5050 2064 5125">
     <span class='ocr_line' id='line_1_84' title="bbox 466 5050 2064 5125; baseline 0.003 -20"><span class='ocrx_word' id='word_1_643' title='bbox 466 5063 662 5105; x_wconf 84' lang='lat' dir='ltr'>eorum</span> <span class='ocrx_word' id='word_1_644' title='bbox 683 5065 806 5120; x_wconf 68' lang='lat' dir='ltr'>quae</span> <span class='ocrx_word' id='word_1_645' title='bbox 825 5050 1101 5114; x_wconf 88' lang='lat' dir='ltr'>volebant,</span> <span class='ocrx_word' id='word_1_646' title='bbox 1124 5053 1219 5106; x_wconf 90' lang='lat' dir='ltr'>sed</span> <span class='ocrx_word' id='word_1_647' title='bbox 1248 5054 1438 5107; x_wconf 85' lang='lat' dir='ltr'>omnia</span> <span class='ocrx_word' id='word_1_648' title='bbox 1458 5055 1757 5125; x_wconf 86' lang='lat' dir='ltr'>peregrina</span> <span class='ocrx_word' id='word_1_649' title='bbox 1785 5060 1842 5110; x_wconf 92' lang='lat' dir='ltr'>et</span> <span class='ocrx_word' id='word_1_650' title='bbox 1861 5057 2064 5110; x_wconf 85' lang='lat' dir='ltr'>aliena.</span> 
     </span>
    </p>
   </div>
   <div class='ocr_carea' id='block_1_85' title="bbox 467 5137 2068 5208">
    <p class='ocr_par' dir='ltr' id='par_1_85' title="bbox 467 5137 2068 5208">
     <span class='ocr_line' id='line_1_85' title="bbox 467 5137 2068 5208; baseline 0.002 -14"><span class='ocrx_word' id='word_1_651' title='bbox 467 5137 578 5208; x_wconf 88' lang='lat' dir='ltr'>Ipsi</span> <span class='ocrx_word' id='word_1_652' title='bbox 609 5138 834 5208; x_wconf 89' lang='lat' dir='ltr'>quidem</span> <span class='ocrx_word' id='word_1_653' title='bbox 872 5139 1138 5193; x_wconf 89' lang='lat' dir='ltr'>virtutem</span> <span class='ocrx_word' id='word_1_654' title='bbox 1185 5141 1366 5196; x_wconf 91' lang='lat' dir='ltr'>colere</span> <span class='ocrx_word' id='word_1_655' title='bbox 1396 5143 1828 5198; x_wconf 87' lang='lat' dir='ltr'>desiderabant:</span> <span class='ocrx_word' id='word_1_656' title='bbox 1875 5145 1934 5198; x_wconf 90' lang='lat' dir='ltr'>in</span> <span class='ocrx_word' id='word_1_657' title='bbox 1965 5146 2068 5198; x_wconf 89' lang='lat' dir='ltr'>hoc</span> 
     </span>
    </p>
   </div>
   <div class='ocr_carea' id='block_1_86' title="bbox 467 5227 2068 5304">
    <p class='ocr_par' dir='ltr' id='par_1_86' title="bbox 467 5227 2068 5304">
     <span class='ocr_line' id='line_1_86' title="bbox 467 5227 2068 5304; baseline 0.005 -25"><span class='ocrx_word' id='word_1_658' title='bbox 467 5230 658 5280; x_wconf 83' lang='lat' dir='ltr'>autem</span> <span class='ocrx_word' id='word_1_659' title='bbox 687 5227 898 5281; x_wconf 91' lang='lat' dir='ltr'>mundo</span> <span class='ocrx_word' id='word_1_660' title='bbox 927 5233 1050 5282; x_wconf 86' lang='lat' dir='ltr'>erat</span> <span class='ocrx_word' id='word_1_661' title='bbox 1071 5229 1338 5300; x_wconf 87' lang='lat' dir='ltr'>iniquitas</span> <span class='ocrx_word' id='word_1_662' title='bbox 1361 5232 1556 5296; x_wconf 86' lang='lat' dir='ltr'>multa,</span> <span class='ocrx_word' id='word_1_663' title='bbox 1591 5237 1647 5286; x_wconf 89' lang='lat' dir='ltr'>et</span> <span class='ocrx_word' id='word_1_664' title='bbox 1666 5233 1964 5304; x_wconf 85' lang='lat' dir='ltr'>peregrina</span> <span class='ocrx_word' id='word_1_665' title='bbox 1987 5234 2068 5288; x_wconf 87' lang='lat' dir='ltr'>eis</span> 
     </span>
    </p>
   </div>
   <div class='ocr_carea' id='block_1_87' title="bbox 467 5314 2067 5386">
    <p class='ocr_par' dir='ltr' id='par_1_87' title="bbox 467 5314 2067 5386">
     <span class='ocr_line' id='line_1_87' title="bbox 467 5314 2067 5386; baseline 0.006 -20"><span class='ocrx_word' id='word_1_666' title='bbox 467 5314 659 5367; x_wconf 88' lang='lat' dir='ltr'>omnia</span> <span class='ocrx_word' id='word_1_667' title='bbox 686 5321 882 5370; x_wconf 86' lang='lat' dir='ltr'>erant:</span> <span class='ocrx_word' id='word_1_668' title='bbox 926 5317 1143 5371; x_wconf 89' lang='lat' dir='ltr'>nullum</span> <span class='ocrx_word' id='word_1_669' title='bbox 1176 5319 1436 5386; x_wconf 84' lang='lat' dir='ltr'>amicum,</span> <span class='ocrx_word' id='word_1_670' title='bbox 1470 5321 1687 5375; x_wconf 91' lang='lat' dir='ltr'>nullum</span> <span class='ocrx_word' id='word_1_671' title='bbox 1733 5321 2067 5376; x_wconf 86' lang='lat' dir='ltr'>familiarem</span> 
     </span>
    </p>
   </div>
   <div class='ocr_carea' id='block_1_88' title="bbox 471 5401 2067 5480">
    <p class='ocr_par' dir='ltr' id='par_1_88' title="bbox 471 5401 2067 5480">
     <span class='ocr_line' id='line_1_88' title="bbox 471 5401 2067 5480; baseline 0.006 -24"><span class='ocrx_word' id='word_1_672' title='bbox 471 5401 754 5456; x_wconf 86' lang='lat' dir='ltr'>habebant</span> <span class='ocrx_word' id='word_1_673' title='bbox 780 5411 985 5473; x_wconf 60' lang='lat' dir='ltr'>praeter</span> <span class='ocrx_word' id='word_1_674' title='bbox 1015 5421 1241 5477; x_wconf 86' lang='lat' dir='ltr'>paucos.</span> <span class='ocrx_word' id='word_1_675' title='bbox 1259 5409 1382 5462; x_wconf 90' lang='lat' dir='ltr'>Non</span> <span class='ocrx_word' id='word_1_676' title='bbox 1407 5415 1528 5462; x_wconf 89' lang='lat' dir='ltr'>erat</span> <span class='ocrx_word' id='word_1_677' title='bbox 1555 5409 1847 5480; x_wconf 85' lang='lat' dir='ltr'>diligentia</span> <span class='ocrx_word' id='word_1_678' title='bbox 1873 5425 2067 5464; x_wconf 89' lang='lat' dir='ltr'>eorum</span> 
     </span>
    </p>
   </div>
   <div class='ocr_carea' id='block_1_89' title="bbox 471 5490 2070 5565">
    <p class='ocr_par' dir='ltr' id='par_1_89' title="bbox 471 5490 2070 5565">
     <span class='ocr_line' id='line_1_89' title="bbox 471 5490 2070 5565; baseline 0.006 -21"><span class='ocrx_word' id='word_1_679' title='bbox 471 5490 620 5544; x_wconf 85' lang='lat' dir='ltr'>circa</span> <span class='ocrx_word' id='word_1_680' title='bbox 638 5503 708 5542; x_wconf 90' lang='lat' dir='ltr'>ea</span> <span class='ocrx_word' id='word_1_681' title='bbox 735 5505 857 5560; x_wconf 79' lang='lat' dir='ltr'>quae</span> <span class='ocrx_word' id='word_1_682' title='bbox 905 5495 1074 5565; x_wconf 88' lang='lat' dir='ltr'>hujus</span> <span class='ocrx_word' id='word_1_683' title='bbox 1105 5497 1300 5551; x_wconf 84' lang='lat' dir='ltr'>mundi</span> <span class='ocrx_word' id='word_1_684' title='bbox 1328 5504 1461 5552; x_wconf 86' lang='lat' dir='ltr'>sunt</span> <span class='ocrx_word' id='word_1_685' title='bbox 1495 5516 1505 5550; x_wconf 94' lang='lat'>:</span> <span class='ocrx_word' id='word_1_686' title='bbox 1539 5503 1596 5552; x_wconf 88' lang='lat' dir='ltr'>et</span> <span class='ocrx_word' id='word_1_687' title='bbox 1621 5499 1726 5552; x_wconf 88' lang='lat' dir='ltr'>hoc</span> <span class='ocrx_word' id='word_1_688' title='bbox 1745 5514 1858 5554; x_wconf 91' lang='lat' dir='ltr'>non</span> <span class='ocrx_word' id='word_1_689' title='bbox 1889 5497 2070 5554; x_wconf 86' lang='lat' dir='ltr'>verbis</span> 
     </span>
    </p>
   </div>
   <div class='ocr_carea' id='block_1_90' title="bbox 476 5578 2071 5656">
    <p class='ocr_par' dir='ltr' id='par_1_90' title="bbox 476 5578 2071 5656">
     <span class='ocr_line' id='line_1_90' title="bbox 476 5578 2071 5656; baseline 0.004 -21"><span class='ocrx_word' id='word_1_690' title='bbox 476 5578 682 5645; x_wconf 85' lang='lat' dir='ltr'>solum,</span> <span class='ocrx_word' id='word_1_691' title='bbox 709 5579 807 5633; x_wconf 86' lang='lat' dir='ltr'>sed</span> <span class='ocrx_word' id='word_1_692' title='bbox 820 5580 992 5636; x_wconf 87' lang='lat' dir='ltr'>etiam</span> <span class='ocrx_word' id='word_1_693' title='bbox 1010 5583 1178 5638; x_wconf 86' lang='lat' dir='ltr'>rebus</span> <span class='ocrx_word' id='word_1_694' title='bbox 1197 5583 1336 5656; x_wconf 81' lang='lat' dir='ltr'>ipsis</span> <span class='ocrx_word' id='word_1_695' title='bbox 1354 5591 1412 5640; x_wconf 89' lang='lat' dir='ltr'>et</span> <span class='ocrx_word' id='word_1_696' title='bbox 1442 5586 1704 5656; x_wconf 83' lang='lat' dir='ltr'>operibus</span> <span class='ocrx_word' id='word_1_697' title='bbox 1719 5585 2071 5645; x_wconf 83' lang='lat' dir='ltr'>demonstra-</span> 
     </span>
    </p>
   </div>
   <div class='ocr_carea' id='block_1_91' title="bbox 2155 3193 3692 3274">
    <p class='ocr_par' dir='ltr' id='par_1_91' title="bbox 2155 3193 3692 3274">
     <span class='ocr_line' id='line_1_91' title="bbox 2155 3193 3692 3274; baseline -0.004 -17"><span class='ocrx_word' id='word_1_698' title='bbox 2155 3217 2340 3257; x_wconf 91' lang='lat' dir='ltr'>nonne</span> <span class='ocrx_word' id='word_1_699' title='bbox 2366 3203 2810 3274; x_wconf 85' lang='lat' dir='ltr'>persecutionem</span> <span class='ocrx_word' id='word_1_700' title='bbox 2833 3203 3052 3273; x_wconf 88' lang='lat' dir='ltr'>patiens</span> <span class='ocrx_word' id='word_1_701' title='bbox 3063 3203 3321 3258; x_wconf 88' lang='lat' dir='ltr'>discessit</span> <span class='ocrx_word' id='word_1_702' title='bbox 3336 3201 3472 3255; x_wconf 90' lang='lat' dir='ltr'>sicut</span> <span class='ocrx_word' id='word_1_703' title='bbox 3489 3193 3692 3270; x_wconf 50' lang='lat' dir='ltr'>peregrih</span> 
     </span>
    </p>
   </div>
   <div class='ocr_carea' id='block_1_92' title="bbox 2151 3283 3694 3347">
    <p class='ocr_par' dir='ltr' id='par_1_92' title="bbox 2151 3283 3694 3347">
     <span class='ocr_line' id='line_1_92' title="bbox 2151 3283 3694 3347; baseline -0.006 -1"><span class='ocrx_word' id='word_1_704' title='bbox 2151 3305 2260 3346; x_wconf 89' lang='lat' dir='ltr'>nus</span> <span class='ocrx_word' id='word_1_705' title='bbox 2279 3292 2500 3347; x_wconf 78' lang='lat' dir='ltr'>7nonne</span> <span class='ocrx_word' id='word_1_706' title='bbox 2530 3291 2909 3345; x_wconf 88' lang='lat' dir='ltr'>mercenarius</span> <span class='ocrx_word' id='word_1_707' title='bbox 2941 3298 3064 3346; x_wconf 87' lang='lat' dir='ltr'>erat</span> <span class='ocrx_word' id='word_1_708' title='bbox 3081 3293 3108 3344; x_wconf 70' lang='grc' dir='ltr'><em>Ἰ</em></span> <span class='ocrx_word' id='word_1_709' title='bbox 3131 3305 3318 3346; x_wconf 92' lang='lat' dir='ltr'>nonne</span> <span class='ocrx_word' id='word_1_710' title='bbox 3345 3289 3524 3343; x_wconf 87' lang='lat' dir='ltr'>decem</span> <span class='ocrx_word' id='word_1_711' title='bbox 3549 3283 3694 3339; x_wconf 74' lang='lat' dir='ltr'>millia</span> 
     </span>
    </p>
   </div>
   <div class='ocr_carea' id='block_1_93' title="bbox 2153 3377 3462 3452">
    <p class='ocr_par' dir='ltr' id='par_1_93' title="bbox 2153 3377 3462 3452">
     <span class='ocr_line' id='line_1_93' title="bbox 2153 3377 3462 3452; baseline -0.002 -17"><span class='ocrx_word' id='word_1_712' title='bbox 2153 3379 2360 3452; x_wconf 90' lang='lat' dir='ltr'>ubique</span> <span class='ocrx_word' id='word_1_713' title='bbox 2391 3381 2543 3436; x_wconf 88' lang='lat' dir='ltr'>mala</span> <span class='ocrx_word' id='word_1_714' title='bbox 2567 3381 2886 3452; x_wconf 85' lang='lat' dir='ltr'>patiebatur</span> <span class='ocrx_word' id='word_1_715' title='bbox 2914 3381 3059 3435; x_wconf 87' lang='lat' dir='ltr'>sicut</span> <span class='ocrx_word' id='word_1_716' title='bbox 3087 3377 3462 3452; x_wconf 87' lang='lat' dir='ltr'>peregrinus?</span> 
     </span>
    </p>
   </div>
   <div class='ocr_carea' id='block_1_94' title="bbox 2230 3460 3694 3540">
    <p class='ocr_par' dir='ltr' id='par_1_94' title="bbox 2230 3460 3694 3540">
     <span class='ocr_line' id='line_1_94' title="bbox 2230 3460 3694 3540; baseline -0.005 -19"><span class='ocrx_word' id='word_1_717' title='bbox 2230 3489 2252 3521; x_wconf 72' lang='grc' dir='ltr'>ι</span> <span class='ocrx_word' id='word_1_718' title='bbox 2297 3470 2402 3534; x_wconf 88' lang='lat' dir='ltr'>Qui</span> <span class='ocrx_word' id='word_1_719' title='bbox 2434 3470 2583 3524; x_wconf 87' lang='lat' dir='ltr'>enim</span> <span class='ocrx_word' id='word_1_720' title='bbox 2617 3470 2734 3524; x_wconf 64' lang='lat' dir='ltr'>hinc</span> <span class='ocrx_word' id='word_1_721' title='bbox 2759 3469 2950 3524; x_wconf 88' lang='lat' dir='ltr'>dicunt</span> <span class='ocrx_word' id='word_1_722' title='bbox 2971 3470 3296 3540; x_wconf 82' lang='lat' dir='ltr'>signiﬁcant</span> <span class='ocrx_word' id='word_1_723' title='bbox 3323 3484 3380 3522; x_wconf 90' lang='lat' dir='ltr'>se</span> <span class='ocrx_word' id='word_1_724' title='bbox 3405 3460 3694 3538; x_wconf 77' lang='lat' dir='ltr'>patrimin-</span> 
     </span>
    </p>
   </div>
   <div class='ocr_carea' id='block_1_95' title="bbox 2161 3546 3696 3630">
    <p class='ocr_par' dir='ltr' id='par_1_95' title="bbox 2161 3546 3696 3630">
     <span class='ocr_line' id='line_1_95' title="bbox 2161 3546 3696 3630; baseline -0.002 -20"><span class='ocrx_word' id='word_1_725' title='bbox 2161 3573 2185 3609; x_wconf 71' lang='grc' dir='ltr'><strong>σ</strong></span> <span class='ocrx_word' id='word_1_726' title='bbox 2228 3557 2468 3630; x_wconf 89' lang='lat' dir='ltr'>quirere.</span> <span class='ocrx_word' id='word_1_727' title='bbox 2503 3558 2572 3612; x_wconf 91' lang='lat' dir='ltr'>Et</span> <span class='ocrx_word' id='word_1_728' title='bbox 2597 3558 2645 3612; x_wconf 89' lang='lat' dir='ltr'>si</span> <span class='ocrx_word' id='word_1_729' title='bbox 2677 3558 2902 3629; x_wconf 76' lang='lat' dir='ltr'>quidem</span> <span class='ocrx_word' id='word_1_730' title='bbox 2931 3558 3080 3612; x_wconf 90' lang='lat' dir='ltr'>illius</span> <span class='ocrx_word' id='word_1_731' title='bbox 3121 3546 3498 3613; x_wconf 76' lang='lat' dir='ltr'>meminissent</span> <span class='ocrx_word' id='word_1_732' title='bbox 3519 3553 3579 3606; x_wconf 89' lang='lat' dir='ltr'>de</span> <span class='ocrx_word' id='word_1_733' title='bbox 3611 3563 3696 3620; x_wconf 74' lang='lat' dir='ltr'>qua</span> 
     </span>
    </p>
   </div>
   <div class='ocr_carea' id='block_1_96' title="bbox 2161 3637 3692 3718">
    <p class='ocr_par' dir='ltr' id='par_1_96' title="bbox 2161 3637 3692 3718">
     <span class='ocr_line' id='line_1_96' title="bbox 2161 3637 3692 3718; baseline -0.008 -18"><span class='ocrx_word' id='word_1_734' title='bbox 2161 3663 2183 3699; x_wconf 67' lang='grc' dir='ltr'><strong>α</strong></span> <span class='ocrx_word' id='word_1_735' title='bbox 2227 3646 2502 3712; x_wconf 84' lang='lat' dir='ltr'>exierunt,</span> <span class='ocrx_word' id='word_1_736' title='bbox 2554 3646 2834 3700; x_wconf 84' lang='lat' dir='ltr'>habebant</span> <span class='ocrx_word' id='word_1_737' title='bbox 2880 3647 3076 3717; x_wconf 89' lang='lat' dir='ltr'>utique</span> <span class='ocrx_word' id='word_1_738' title='bbox 3115 3651 3344 3718; x_wconf 88' lang='lat' dir='ltr'>tempus</span> <span class='ocrx_word' id='word_1_739' title='bbox 3387 3637 3692 3698; x_wconf 88' lang='lat' dir='ltr'>revertendi:</span> 
     </span>
    </p>
   </div>
   <div class='ocr_carea' id='block_1_97' title="bbox 2161 3729 3694 3806">
    <p class='ocr_par' dir='ltr' id='par_1_97' title="bbox 2161 3729 3694 3806">
     <span class='ocr_line' id='line_1_97' title="bbox 2161 3729 3694 3806; baseline -0.007 -19"><span class='ocrx_word' id='word_1_740' title='bbox 2161 3755 2182 3787; x_wconf 76' lang='grc' dir='ltr'>ι</span> <span class='ocrx_word' id='word_1_741' title='bbox 2225 3751 2376 3790; x_wconf 89' lang='lat' dir='ltr'>nunc</span> <span class='ocrx_word' id='word_1_742' title='bbox 2387 3742 2578 3790; x_wconf 88' lang='lat' dir='ltr'>autem</span> <span class='ocrx_word' id='word_1_743' title='bbox 2598 3734 2887 3789; x_wconf 87' lang='lat' dir='ltr'>meliorem</span> <span class='ocrx_word' id='word_1_744' title='bbox 2908 3739 3203 3806; x_wconf 86' lang='lat' dir='ltr'>appetunt,</span> <span class='ocrx_word' id='word_1_745' title='bbox 3217 3733 3275 3789; x_wconf 87' lang='lat' dir='ltr'>id</span> <span class='ocrx_word' id='word_1_746' title='bbox 3295 3738 3397 3800; x_wconf 90' lang='lat' dir='ltr'>est,</span> <span class='ocrx_word' id='word_1_747' title='bbox 3411 3729 3694 3787; x_wconf 62' lang='lat' dir='ltr'>caelestem:</span> 
     </span>
    </p>
   </div>
   <div class='ocr_carea' id='block_1_98' title="bbox 2158 3814 3698 3896">
    <p class='ocr_par' dir='ltr' id='par_1_98' title="bbox 2158 3814 3698 3896">
     <span class='ocr_line' id='line_1_98' title="bbox 2158 3814 3698 3896; baseline -0.006 -19"><span class='ocrx_word' id='word_1_748' title='bbox 2158 3824 2365 3890; x_wconf 84' lang='lat' dir='ltr'>(Joan.)</span> <span class='ocrx_word' id='word_1_749' title='bbox 2385 3823 2430 3878; x_wconf 92' lang='grc' dir='ltr'><strong>Ο</strong></span> <span class='ocrx_word' id='word_1_750' title='bbox 2452 3828 2665 3894; x_wconf 88' lang='lat' dir='ltr'>quanta</span> <span class='ocrx_word' id='word_1_751' title='bbox 2683 3823 2999 3878; x_wconf 71' lang='lat' dir='ltr'>differentia</span> <span class='ocrx_word' id='word_1_752' title='bbox 3039 3819 3050 3877; x_wconf 88' lang='lat'>!</span> <span class='ocrx_word' id='word_1_753' title='bbox 3084 3823 3168 3878; x_wconf 91' lang='lat' dir='ltr'>illi</span> <span class='ocrx_word' id='word_1_754' title='bbox 3199 3822 3426 3896; x_wconf 88' lang='lat' dir='ltr'>quidem</span> <span class='ocrx_word' id='word_1_755' title='bbox 3467 3814 3698 3892; x_wconf 75' lang='lat' dir='ltr'>parturie-</span> 
     </span>
    </p>
   </div>
   <div class='ocr_carea' id='block_1_99' title="bbox 2153 3901 3698 3983">
    <p class='ocr_par' dir='ltr' id='par_1_99' title="bbox 2153 3901 3698 3983">
     <span class='ocr_line' id='line_1_99' title="bbox 2153 3901 3698 3983; baseline -0.006 -18"><span class='ocrx_word' id='word_1_756' title='bbox 2153 3911 2290 3966; x_wconf 89' lang='lat' dir='ltr'>bant</span> <span class='ocrx_word' id='word_1_757' title='bbox 2317 3928 2419 3983; x_wconf 90' lang='lat' dir='ltr'>per</span> <span class='ocrx_word' id='word_1_758' title='bbox 2442 3911 2693 3982; x_wconf 84' lang='lat' dir='ltr'>singulos</span> <span class='ocrx_word' id='word_1_759' title='bbox 2722 3912 2860 3976; x_wconf 88' lang='lat' dir='ltr'>dies,</span> <span class='ocrx_word' id='word_1_760' title='bbox 2894 3909 3123 3966; x_wconf 87' lang='lat' dir='ltr'>liberari</span> <span class='ocrx_word' id='word_1_761' title='bbox 3167 3911 3417 3967; x_wconf 83' lang='lat' dir='ltr'>volentes</span> <span class='ocrx_word' id='word_1_762' title='bbox 3442 3908 3507 3964; x_wconf 90' lang='lat' dir='ltr'>de</span> <span class='ocrx_word' id='word_1_763' title='bbox 3533 3907 3620 3960; x_wconf 85' lang='lat' dir='ltr'>hac</span> <span class='ocrx_word' id='word_1_764' title='bbox 3641 3901 3698 3955; x_wconf 70' lang='lat' dir='ltr'>fi-</span> 
     </span>
    </p>
   </div>
   <div class='ocr_carea' id='block_1_100' title="bbox 2154 4000 3700 4072">
    <p class='ocr_par' dir='ltr' id='par_1_100' title="bbox 2154 4000 3700 4072">
     <span class='ocr_line' id='line_1_100' title="bbox 2154 4000 3700 4072; baseline -0.006 -18"><span class='ocrx_word' id='word_1_765' title='bbox 2154 4005 2220 4054; x_wconf 90' lang='lat' dir='ltr'>ta</span> <span class='ocrx_word' id='word_1_766' title='bbox 2247 4006 2306 4055; x_wconf 90' lang='lat' dir='ltr'>et</span> <span class='ocrx_word' id='word_1_767' title='bbox 2328 4001 2398 4054; x_wconf 88' lang='lat' dir='ltr'>ad</span> <span class='ocrx_word' id='word_1_768' title='bbox 2441 4013 2600 4055; x_wconf 89' lang='lat' dir='ltr'>suam</span> <span class='ocrx_word' id='word_1_769' title='bbox 2631 4000 2874 4072; x_wconf 88' lang='lat' dir='ltr'>patriam</span> <span class='ocrx_word' id='word_1_770' title='bbox 2905 4015 3161 4055; x_wconf 87' lang='lat' dir='ltr'>remeare</span> <span class='ocrx_word' id='word_1_771' title='bbox 3187 4021 3200 4054; x_wconf 88' lang='lat'><strong>:</strong></span> <span class='ocrx_word' id='word_1_772' title='bbox 3235 4015 3340 4055; x_wconf 89' lang='lat' dir='ltr'>nos</span> <span class='ocrx_word' id='word_1_773' title='bbox 3371 4001 3548 4053; x_wconf 85' lang='lat' dir='ltr'>autem</span> <span class='ocrx_word' id='word_1_774' title='bbox 3569 4003 3700 4048; x_wconf 87' lang='lat' dir='ltr'>econ-</span> 
     </span>
    </p>
   </div>
   <div class='ocr_carea' id='block_1_101' title="bbox 2153 4084 3696 4156">
    <p class='ocr_par' dir='ltr' id='par_1_101' title="bbox 2153 4084 3696 4156">
     <span class='ocr_line' id='line_1_101' title="bbox 2153 4084 3696 4156; baseline -0.007 -12"><span class='ocrx_word' id='word_1_775' title='bbox 2153 4095 2244 4144; x_wconf 89' lang='lat' dir='ltr'>tra</span> <span class='ocrx_word' id='word_1_776' title='bbox 2272 4089 2504 4144; x_wconf 84' lang='lat' dir='ltr'>facimus</span> <span class='ocrx_word' id='word_1_777' title='bbox 2529 4111 2540 4144; x_wconf 89' lang='lat'>:</span> <span class='ocrx_word' id='word_1_778' title='bbox 2586 4089 2633 4143; x_wconf 91' lang='lat' dir='ltr'>si</span> <span class='ocrx_word' id='word_1_779' title='bbox 2656 4089 2824 4143; x_wconf 84' lang='lat' dir='ltr'>febris</span> <span class='ocrx_word' id='word_1_780' title='bbox 2861 4091 3106 4155; x_wconf 88' lang='lat' dir='ltr'>accedat,</span> <span class='ocrx_word' id='word_1_781' title='bbox 3133 4090 3328 4144; x_wconf 88' lang='lat' dir='ltr'>omnia</span> <span class='ocrx_word' id='word_1_782' title='bbox 3357 4084 3696 4156; x_wconf 78' lang='lat' dir='ltr'>relinquimus,</span> 
     </span>
    </p>
   </div>
   <div class='ocr_carea' id='block_1_102' title="bbox 2151 4176 3697 4248">
    <p class='ocr_par' dir='ltr' id='par_1_102' title="bbox 2151 4176 3697 4248">
     <span class='ocr_line' id='line_1_102' title="bbox 2151 4176 3697 4248; baseline -0.006 -17"><span class='ocrx_word' id='word_1_783' title='bbox 2151 4178 2296 4232; x_wconf 88' lang='lat' dir='ltr'>sicut</span> <span class='ocrx_word' id='word_1_784' title='bbox 2325 4178 2543 4248; x_wconf 90' lang='lat' dir='ltr'>pueruli</span> <span class='ocrx_word' id='word_1_785' title='bbox 2573 4177 2789 4248; x_wconf 88' lang='lat' dir='ltr'>parvuli</span> <span class='ocrx_word' id='word_1_786' title='bbox 2819 4177 3133 4248; x_wconf 88' lang='lat' dir='ltr'>planctuosi</span> <span class='ocrx_word' id='word_1_787' title='bbox 3168 4185 3411 4232; x_wconf 88' lang='lat' dir='ltr'>mortem</span> <span class='ocrx_word' id='word_1_788' title='bbox 3457 4176 3697 4230; x_wconf 85' lang='lat' dir='ltr'>timemus.</span> 
     </span>
    </p>
   </div>
   <div class='ocr_carea' id='block_1_103' title="bbox 2151 4265 3704 4338">
    <p class='ocr_par' dir='ltr' id='par_1_103' title="bbox 2151 4265 3704 4338">
     <span class='ocr_line' id='line_1_103' title="bbox 2151 4265 3704 4338; baseline -0.007 -18"><span class='ocrx_word' id='word_1_789' title='bbox 2151 4266 2220 4320; x_wconf 90' lang='lat' dir='ltr'>Et</span> <span class='ocrx_word' id='word_1_790' title='bbox 2246 4266 2447 4321; x_wconf 87' lang='lat' dir='ltr'>merito</span> <span class='ocrx_word' id='word_1_791' title='bbox 2484 4266 2590 4320; x_wconf 89' lang='lat' dir='ltr'>hoc</span> <span class='ocrx_word' id='word_1_792' title='bbox 2631 4266 2904 4338; x_wconf 88' lang='lat' dir='ltr'>patimur:</span> <span class='ocrx_word' id='word_1_793' title='bbox 2939 4267 3100 4337; x_wconf 88' lang='lat' dir='ltr'>quasi</span> <span class='ocrx_word' id='word_1_794' title='bbox 3147 4265 3430 4338; x_wconf 70' lang='lat' dir='ltr'>peregrini</span> <span class='ocrx_word' id='word_1_795' title='bbox 3458 4271 3704 4316; x_wconf 79' lang='lat' dir='ltr'>conversa-</span> 
     </span>
    </p>
   </div>
   <div class='ocr_carea' id='block_1_104' title="bbox 2150 4345 3705 4426">
    <p class='ocr_par' dir='ltr' id='par_1_104' title="bbox 2150 4345 3705 4426">
     <span class='ocr_line' id='line_1_104' title="bbox 2150 4345 3705 4426; baseline -0.004 -18"><span class='ocrx_word' id='word_1_796' title='bbox 2150 4369 2279 4408; x_wconf 86' lang='lat' dir='ltr'>mur</span> <span class='ocrx_word' id='word_1_797' title='bbox 2305 4355 2364 4408; x_wconf 93' lang='lat' dir='ltr'>in</span> <span class='ocrx_word' id='word_1_798' title='bbox 2395 4355 2499 4410; x_wconf 87' lang='lat' dir='ltr'>hac</span> <span class='ocrx_word' id='word_1_799' title='bbox 2526 4355 2637 4408; x_wconf 88' lang='lat' dir='ltr'>vita</span> <span class='ocrx_word' id='word_1_800' title='bbox 2671 4359 2726 4408; x_wconf 85' lang='lat' dir='ltr'>et</span> <span class='ocrx_word' id='word_1_801' title='bbox 2752 4371 2864 4409; x_wconf 92' lang='lat' dir='ltr'>non</span> <span class='ocrx_word' id='word_1_802' title='bbox 2897 4355 3065 4410; x_wconf 85' lang='lat' dir='ltr'>veluti</span> <span class='ocrx_word' id='word_1_803' title='bbox 3095 4356 3193 4426; x_wconf 89' lang='lat' dir='ltr'>qui</span> <span class='ocrx_word' id='word_1_804' title='bbox 3241 4354 3502 4409; x_wconf 84' lang='lat' dir='ltr'>festinant</span> <span class='ocrx_word' id='word_1_805' title='bbox 3542 4345 3603 4404; x_wconf 86' lang='lat' dir='ltr'>ad</span> <span class='ocrx_word' id='word_1_806' title='bbox 3633 4359 3705 4418; x_wconf 84' lang='lat' dir='ltr'>pa-</span> 
     </span>
    </p>
   </div>
   <div class='ocr_carea' id='block_1_105' title="bbox 2145 4437 3702 4515">
    <p class='ocr_par' dir='ltr' id='par_1_105' title="bbox 2145 4437 3702 4515">
     <span class='ocr_line' id='line_1_105' title="bbox 2145 4437 3702 4515; baseline -0.006 -19"><span class='ocrx_word' id='word_1_807' title='bbox 2145 4443 2334 4508; x_wconf 88' lang='lat' dir='ltr'>triam,</span> <span class='ocrx_word' id='word_1_808' title='bbox 2367 4442 2465 4496; x_wconf 90' lang='lat' dir='ltr'>sed</span> <span class='ocrx_word' id='word_1_809' title='bbox 2487 4443 2654 4498; x_wconf 89' lang='lat' dir='ltr'>veluti</span> <span class='ocrx_word' id='word_1_810' title='bbox 2677 4443 2746 4497; x_wconf 90' lang='lat' dir='ltr'>ad</span> <span class='ocrx_word' id='word_1_811' title='bbox 2768 4459 2960 4514; x_wconf 76' lang='lat' dir='ltr'>pcenas</span> <span class='ocrx_word' id='word_1_812' title='bbox 2981 4443 3135 4498; x_wconf 87' lang='lat' dir='ltr'>ituri.</span> <span class='ocrx_word' id='word_1_813' title='bbox 3163 4443 3470 4515; x_wconf 88' lang='lat' dir='ltr'>Propterea</span> <span class='ocrx_word' id='word_1_814' title='bbox 3491 4437 3702 4494; x_wconf 82' lang='lat' dir='ltr'>dolemus</span> 
     </span>
    </p>
   </div>
   <div class='ocr_carea' id='block_1_106' title="bbox 2147 4521 3705 4604">
    <p class='ocr_par' dir='ltr' id='par_1_106' title="bbox 2147 4521 3705 4604">
     <span class='ocr_line' id='line_1_106' title="bbox 2147 4521 3705 4604; baseline -0.006 -20"><span class='ocrx_word' id='word_1_815' title='bbox 2147 4537 2205 4585; x_wconf 92' lang='lat' dir='ltr'>et</span> <span class='ocrx_word' id='word_1_816' title='bbox 2223 4531 2510 4597; x_wconf 89' lang='lat' dir='ltr'>timemus,</span> <span class='ocrx_word' id='word_1_817' title='bbox 2539 4532 2806 4604; x_wconf 88' lang='lat' dir='ltr'>quoniam</span> <span class='ocrx_word' id='word_1_818' title='bbox 2820 4533 2942 4587; x_wconf 88' lang='lat' dir='ltr'>istis</span> <span class='ocrx_word' id='word_1_819' title='bbox 2959 4532 3127 4586; x_wconf 88' lang='lat' dir='ltr'>rebus</span> <span class='ocrx_word' id='word_1_820' title='bbox 3149 4549 3264 4588; x_wconf 92' lang='lat' dir='ltr'>non</span> <span class='ocrx_word' id='word_1_821' title='bbox 3287 4533 3375 4588; x_wconf 89' lang='lat' dir='ltr'>usi</span> <span class='ocrx_word' id='word_1_822' title='bbox 3389 4543 3572 4586; x_wconf 88' lang='lat' dir='ltr'>sumus</span> <span class='ocrx_word' id='word_1_823' title='bbox 3591 4521 3705 4579; x_wconf 80' lang='lat' dir='ltr'>sicut</span> 
     </span>
    </p>
   </div>
   <div class='ocr_carea' id='block_1_107' title="bbox 2147 4618 3704 4693">
    <p class='ocr_par' dir='ltr' id='par_1_107' title="bbox 2147 4618 3704 4693">
     <span class='ocr_line' id='line_1_107' title="bbox 2147 4618 3704 4693; baseline -0.006 -20"><span class='ocrx_word' id='word_1_824' title='bbox 2147 4621 2488 4690; x_wconf 87' lang='lat' dir='ltr'>oportet,sed</span> <span class='ocrx_word' id='word_1_825' title='bbox 2506 4621 2874 4690; x_wconf 88' lang='lat' dir='ltr'>pervertimus</span> <span class='ocrx_word' id='word_1_826' title='bbox 2895 4621 3147 4675; x_wconf 88' lang='lat' dir='ltr'>ordinem</span> <span class='ocrx_word' id='word_1_827' title='bbox 3167 4640 3186 4676; x_wconf 84' lang='lat'><strong>:</strong></span> <span class='ocrx_word' id='word_1_828' title='bbox 3213 4623 3509 4693; x_wconf 87' lang='lat' dir='ltr'>propterea</span> <span class='ocrx_word' id='word_1_829' title='bbox 3527 4618 3704 4670; x_wconf 85' lang='lat' dir='ltr'>lamen-</span> 
     </span>
    </p>
   </div>
   <div class='ocr_carea' id='block_1_108' title="bbox 2147 4699 3706 4780">
    <p class='ocr_par' dir='ltr' id='par_1_108' title="bbox 2147 4699 3706 4780">
     <span class='ocr_line' id='line_1_108' title="bbox 2147 4699 3706 4780; baseline -0.006 -19"><span class='ocrx_word' id='word_1_830' title='bbox 2147 4712 2355 4774; x_wconf 89' lang='lat' dir='ltr'>tamur,</span> <span class='ocrx_word' id='word_1_831' title='bbox 2379 4709 2602 4779; x_wconf 86' lang='lat' dir='ltr'>quando</span> <span class='ocrx_word' id='word_1_832' title='bbox 2620 4709 2800 4779; x_wconf 88' lang='lat' dir='ltr'>magis</span> <span class='ocrx_word' id='word_1_833' title='bbox 2808 4710 3055 4780; x_wconf 86' lang='lat' dir='ltr'>gaudere</span> <span class='ocrx_word' id='word_1_834' title='bbox 3075 4726 3178 4764; x_wconf 88' lang='lat' dir='ltr'>nos</span> <span class='ocrx_word' id='word_1_835' title='bbox 3198 4707 3508 4780; x_wconf 78' lang='lat' dir='ltr'>Oportebat.</span> <span class='ocrx_word' id='word_1_836' title='bbox 3534 4699 3706 4759; x_wconf 75' lang='lat' dir='ltr'>Idcirco</span> 
     </span>
    </p>
   </div>
   <div class='ocr_carea' id='block_1_109' title="bbox 2149 4786 3706 4869">
    <p class='ocr_par' dir='ltr' id='par_1_109' title="bbox 2149 4786 3706 4869">
     <span class='ocr_line' id='line_1_109' title="bbox 2149 4786 3706 4869; baseline -0.004 -19"><span class='ocrx_word' id='word_1_837' title='bbox 2149 4788 2618 4868; x_wconf 83' lang='lat' dir='ltr'>pertimescimus,</span> <span class='ocrx_word' id='word_1_838' title='bbox 2636 4799 2808 4852; x_wconf 84' lang='lat' dir='ltr'>veluti</span> <span class='ocrx_word' id='word_1_839' title='bbox 2837 4798 3128 4852; x_wconf 70' lang='lat' dir='ltr'>homicidae</span> <span class='ocrx_word' id='word_1_840' title='bbox 3149 4799 3382 4869; x_wconf 88' lang='lat' dir='ltr'>quidam</span> <span class='ocrx_word' id='word_1_841' title='bbox 3398 4801 3454 4850; x_wconf 87' lang='lat' dir='ltr'>et</span> <span class='ocrx_word' id='word_1_842' title='bbox 3479 4793 3628 4848; x_wconf 81' lang='lat' dir='ltr'>duces</span> <span class='ocrx_word' id='word_1_843' title='bbox 3645 4786 3706 4840; x_wconf 62' lang='lat' dir='ltr'>lt-</span> 
     </span>
    </p>
   </div>
   <div class='ocr_carea' id='block_1_110' title="bbox 2147 4872 3708 4956">
    <p class='ocr_par' dir='ltr' id='par_1_110' title="bbox 2147 4872 3708 4956">
     <span class='ocr_line' id='line_1_110' title="bbox 2147 4872 3708 4956; baseline -0.006 -18"><span class='ocrx_word' id='word_1_844' title='bbox 2147 4890 2396 4947; x_wconf 89' lang='lat' dir='ltr'>tronum,</span> <span class='ocrx_word' id='word_1_845' title='bbox 2421 4899 2548 4939; x_wconf 90' lang='lat' dir='ltr'>cum</span> <span class='ocrx_word' id='word_1_846' title='bbox 2578 4885 2916 4956; x_wconf 89' lang='lat' dir='ltr'>perducendi</span> <span class='ocrx_word' id='word_1_847' title='bbox 2937 4891 3071 4941; x_wconf 89' lang='lat' dir='ltr'>sunt</span> <span class='ocrx_word' id='word_1_848' title='bbox 3097 4887 3168 4940; x_wconf 88' lang='lat' dir='ltr'>ad</span> <span class='ocrx_word' id='word_1_849' title='bbox 3197 4885 3534 4942; x_wconf 77' lang='lat' dir='ltr'>tribunal,et</span> <span class='ocrx_word' id='word_1_850' title='bbox 3550 4872 3708 4934; x_wconf 68' lang='lat' dir='ltr'>omni!</span> 
     </span>
    </p>
   </div>
   <div class='ocr_carea' id='block_1_111' title="bbox 2149 4971 3706 5046">
    <p class='ocr_par' dir='ltr' id='par_1_111' title="bbox 2149 4971 3706 5046">
     <span class='ocr_line' id='line_1_111' title="bbox 2149 4971 3706 5046; baseline 0.003 -20"><span class='ocrx_word' id='word_1_851' title='bbox 2149 4975 2300 5027; x_wconf 86' lang='lat' dir='ltr'>mala</span> <span class='ocrx_word' id='word_1_852' title='bbox 2339 4974 2757 5028; x_wconf 76' lang='lat' dir='ltr'>considerantes</span> <span class='ocrx_word' id='word_1_853' title='bbox 2795 4989 2918 5046; x_wconf 68' lang='lat' dir='ltr'>quae</span> <span class='ocrx_word' id='word_1_854' title='bbox 2964 4981 3285 5045; x_wconf 86' lang='lat' dir='ltr'>gesserunt,</span> <span class='ocrx_word' id='word_1_855' title='bbox 3337 4981 3392 5028; x_wconf 89' lang='lat' dir='ltr'>et</span> <span class='ocrx_word' id='word_1_856' title='bbox 3449 4971 3706 5043; x_wconf 61' lang='lat' dir='ltr'>propter”</span> 
     </span>
    </p>
   </div>
   <div class='ocr_carea' id='block_1_112' title="bbox 2147 5052 3702 5135">
    <p class='ocr_par' dir='ltr' id='par_1_112' title="bbox 2147 5052 3702 5135">
     <span class='ocr_line' id='line_1_112' title="bbox 2147 5052 3702 5135; baseline -0.005 -19"><span class='ocrx_word' id='word_1_857' title='bbox 2147 5063 2351 5116; x_wconf 89' lang='lat' dir='ltr'>timent</span> <span class='ocrx_word' id='word_1_858' title='bbox 2378 5067 2435 5116; x_wconf 91' lang='lat' dir='ltr'>et</span> <span class='ocrx_word' id='word_1_859' title='bbox 2463 5068 2730 5118; x_wconf 88' lang='lat' dir='ltr'>tremunt.</span> <span class='ocrx_word' id='word_1_860' title='bbox 2770 5064 2856 5118; x_wconf 89' lang='lat' dir='ltr'>Illi</span> <span class='ocrx_word' id='word_1_861' title='bbox 2883 5079 3014 5117; x_wconf 84' lang='lat' dir='ltr'>vero</span> <span class='ocrx_word' id='word_1_862' title='bbox 3043 5071 3232 5135; x_wconf 87' lang='lat' dir='ltr'>patres</span> <span class='ocrx_word' id='word_1_863' title='bbox 3252 5077 3366 5117; x_wconf 89' lang='lat' dir='ltr'>non</span> <span class='ocrx_word' id='word_1_864' title='bbox 3393 5065 3548 5116; x_wconf 86' lang='lat' dir='ltr'>erant</span> <span class='ocrx_word' id='word_1_865' title='bbox 3571 5052 3702 5110; x_wconf 74' lang='lat' dir='ltr'>tales.</span> 
     </span>
    </p>
   </div>
   <div class='ocr_carea' id='block_1_113' title="bbox 2148 5149 3708 5223">
    <p class='ocr_par' dir='ltr' id='par_1_113' title="bbox 2148 5149 3708 5223">
     <span class='ocr_line' id='line_1_113' title="bbox 2148 5149 3708 5223; baseline -0.004 -18"><span class='ocrx_word' id='word_1_866' title='bbox 2148 5152 2247 5205; x_wconf 89' lang='lat' dir='ltr'>sed</span> <span class='ocrx_word' id='word_1_867' title='bbox 2273 5149 2614 5205; x_wconf 87' lang='lat' dir='ltr'>festinabant</span> <span class='ocrx_word' id='word_1_868' title='bbox 2641 5153 2712 5205; x_wconf 87' lang='lat' dir='ltr'>ad</span> <span class='ocrx_word' id='word_1_869' title='bbox 2734 5152 3004 5223; x_wconf 88' lang='lat' dir='ltr'>requiem.</span> <span class='ocrx_word' id='word_1_870' title='bbox 3021 5153 3230 5206; x_wconf 87' lang='lat' dir='ltr'>Paulus</span> <span class='ocrx_word' id='word_1_871' title='bbox 3258 5156 3450 5206; x_wconf 87' lang='lat' dir='ltr'>autem</span> <span class='ocrx_word' id='word_1_872' title='bbox 3471 5151 3525 5202; x_wconf 85' lang='lat' dir='ltr'>et</span> <span class='ocrx_word' id='word_1_873' title='bbox 3545 5153 3708 5211; x_wconf 72' lang='lat' dir='ltr'>conge-</span> 
     </span>
    </p>
   </div>
   <div class='ocr_carea' id='block_1_114' title="bbox 2148 5237 3704 5312">
    <p class='ocr_par' dir='ltr' id='par_1_114' title="bbox 2148 5237 3704 5312">
     <span class='ocr_line' id='line_1_114' title="bbox 2148 5237 3704 5312; baseline -0.003 -20"><span class='ocrx_word' id='word_1_874' title='bbox 2148 5239 2420 5293; x_wconf 88' lang='lat' dir='ltr'>miscebat</span> <span class='ocrx_word' id='word_1_875' title='bbox 2451 5253 2464 5294; x_wconf 90' lang='lat'><strong>:</strong></span> <span class='ocrx_word' id='word_1_876' title='bbox 2493 5258 2518 5292; x_wconf 73' lang='grc' dir='ltr'>α</span> <span class='ocrx_word' id='word_1_877' title='bbox 2550 5241 2665 5294; x_wconf 88' lang='lat' dir='ltr'>Nos</span> <span class='ocrx_word' id='word_1_878' title='bbox 2693 5241 2818 5312; x_wconf 89' lang='lat' dir='ltr'>ipsi,</span> <span class='ocrx_word' id='word_1_879' title='bbox 2848 5241 3048 5312; x_wconf 89' lang='lat' dir='ltr'>inquit,</span> <span class='ocrx_word' id='word_1_880' title='bbox 3082 5241 3138 5295; x_wconf 91' lang='lat' dir='ltr'>in</span> <span class='ocrx_word' id='word_1_881' title='bbox 3165 5242 3274 5296; x_wconf 93' lang='lat' dir='ltr'>hoc</span> <span class='ocrx_word' id='word_1_882' title='bbox 3301 5237 3509 5294; x_wconf 89' lang='lat' dir='ltr'>mundo</span> <span class='ocrx_word' id='word_1_883' title='bbox 3535 5241 3704 5300; x_wconf 75' lang='lat' dir='ltr'>conge-</span> 
     </span>
    </p>
   </div>
   <div class='ocr_carea' id='block_1_115' title="bbox 2149 5317 3709 5395">
    <p class='ocr_par' dir='ltr' id='par_1_115' title="bbox 2149 5317 3709 5395">
     <span class='ocr_line' id='line_1_115' title="bbox 2149 5317 3709 5395; baseline -0.006 -17"><span class='ocrx_word' id='word_1_884' title='bbox 2149 5325 2438 5378; x_wconf 87' lang='lat' dir='ltr'>miscimus</span> <span class='ocrx_word' id='word_1_885' title='bbox 2465 5327 2683 5395; x_wconf 86' lang='lat' dir='ltr'>gravati</span> <span class='ocrx_word' id='word_1_886' title='bbox 2707 5328 2788 5393; x_wconf 91' lang='lat' dir='ltr'>(ll</span> <span class='ocrx_word' id='word_1_887' title='bbox 2807 5327 2927 5380; x_wconf 71' lang='grc' dir='ltr'>θον.</span> <span class='ocrx_word' id='word_1_888' title='bbox 2958 5343 3029 5378; x_wconf 68' lang='grc' dir='ltr'>γι.</span> <span class='ocrx_word' id='word_1_889' title='bbox 3060 5346 3086 5379; x_wconf 85' lang='grc'>))</span> <span class='ocrx_word' id='word_1_890' title='bbox 3116 5326 3280 5380; x_wconf 84' lang='lat' dir='ltr'>Tales</span> <span class='ocrx_word' id='word_1_891' title='bbox 3309 5328 3472 5379; x_wconf 87' lang='lat' dir='ltr'>erant</span> <span class='ocrx_word' id='word_1_892' title='bbox 3498 5325 3551 5376; x_wconf 88' lang='lat' dir='ltr'>et</span> <span class='ocrx_word' id='word_1_893' title='bbox 3567 5317 3709 5372; x_wconf 75' lang='lat' dir='ltr'>Abra-</span> 
     </span>
    </p>
   </div>
   <div class='ocr_carea' id='block_1_116' title="bbox 2151 5404 3706 5484">
    <p class='ocr_par' dir='ltr' id='par_1_116' title="bbox 2151 5404 3706 5484">
     <span class='ocr_line' id='line_1_116' title="bbox 2151 5404 3706 5484; baseline -0.002 -20"><span class='ocrx_word' id='word_1_894' title='bbox 2151 5409 2282 5465; x_wconf 87' lang='lat' dir='ltr'>ham</span> <span class='ocrx_word' id='word_1_895' title='bbox 2319 5419 2378 5466; x_wconf 88' lang='lat' dir='ltr'>et</span> <span class='ocrx_word' id='word_1_896' title='bbox 2434 5411 2515 5466; x_wconf 88' lang='lat' dir='ltr'>illi</span> <span class='ocrx_word' id='word_1_897' title='bbox 2572 5413 2686 5467; x_wconf 85' lang='lat' dir='ltr'>alii.</span> <span class='ocrx_word' id='word_1_898' title='bbox 2730 5413 3019 5483; x_wconf 82' lang='lat' dir='ltr'>Peregrini</span> <span class='ocrx_word' id='word_1_899' title='bbox 3074 5414 3280 5484; x_wconf 86' lang='lat' dir='ltr'>quippe</span> <span class='ocrx_word' id='word_1_900' title='bbox 3310 5415 3472 5467; x_wconf 82' lang='lat' dir='ltr'>erant</span> <span class='ocrx_word' id='word_1_901' title='bbox 3521 5406 3576 5462; x_wconf 91' lang='lat' dir='ltr'>in</span> <span class='ocrx_word' id='word_1_902' title='bbox 3623 5404 3706 5456; x_wconf 76' lang='grc' dir='ltr'>ιιοο</span> 
     </span>
    </p>
   </div>
   <div class='ocr_carea' id='block_1_117' title="bbox 2153 5489 3704 5574">
    <p class='ocr_par' dir='ltr' id='par_1_117' title="bbox 2153 5489 3704 5574">
     <span class='ocr_line' id='line_1_117' title="bbox 2153 5489 3704 5574; baseline -0.003 -19"><span class='ocrx_word' id='word_1_903' title='bbox 2153 5502 2364 5556; x_wconf 89' lang='lat' dir='ltr'>mundo</span> <span class='ocrx_word' id='word_1_904' title='bbox 2380 5502 2637 5557; x_wconf 77' lang='lat' dir='ltr'>universo</span> <span class='ocrx_word' id='word_1_905' title='bbox 2665 5509 2723 5557; x_wconf 91' lang='lat' dir='ltr'>et</span> <span class='ocrx_word' id='word_1_906' title='bbox 2749 5504 2991 5574; x_wconf 74' lang='lat' dir='ltr'>patriam</span> <span class='ocrx_word' id='word_1_907' title='bbox 3020 5502 3365 5574; x_wconf 65' lang='lat' dir='ltr'>quaerebant.</span> <span class='ocrx_word' id='word_1_908' title='bbox 3387 5502 3530 5556; x_wconf 83' lang='lat' dir='ltr'>Num</span> <span class='ocrx_word' id='word_1_909' title='bbox 3559 5489 3704 5550; x_wconf 67' lang='lat' dir='ltr'>illam.</span> 
     </span>
    </p>
   </div>
   <div class='ocr_carea' id='block_1_118' title="bbox 2157 5586 3708 5663">
    <p class='ocr_par' dir='ltr' id='par_1_118' title="bbox 2157 5586 3708 5663">
     <span class='ocr_line' id='line_1_118' title="bbox 2157 5586 3708 5663; baseline -0.003 -19"><span class='ocrx_word' id='word_1_910' title='bbox 2157 5602 2327 5660; x_wconf 84' lang='lat' dir='ltr'>quam</span> <span class='ocrx_word' id='word_1_911' title='bbox 2347 5591 2694 5661; x_wconf 76' lang='lat' dir='ltr'>reliquerant</span> <span class='ocrx_word' id='word_1_912' title='bbox 2707 5591 3136 5663; x_wconf 71' lang='lat' dir='ltr'>iNequaquam:</span> <span class='ocrx_word' id='word_1_913' title='bbox 3161 5591 3298 5661; x_wconf 82' lang='lat' dir='ltr'>quid</span> <span class='ocrx_word' id='word_1_914' title='bbox 3318 5590 3470 5644; x_wconf 80' lang='lat' dir='ltr'>enim</span> <span class='ocrx_word' id='word_1_915' title='bbox 3485 5586 3598 5640; x_wconf 81' lang='lat' dir='ltr'>illos</span> <span class='ocrx_word' id='word_1_916' title='bbox 3607 5591 3708 5651; x_wconf 76' lang='lat' dir='ltr'>pro-</span> 
     </span>
    </p>
   </div>
  </div>
