3848 6164
144 359 222 419 τθτ
311 329 314 334 ’
486 347 1062 412 mxumam
1097 347 1178 412 IN
1214 347 1366 410 EPP.
1409 345 1624 412 mum
1662 349 1801 413 LIB.
1839 347 2036 411 XXIX.
2072 387 2136 398 —
2174 347 2254 412 IN
2290 351 2513 414 EPIS'P.
2553 353 2650 413 ,ω
2689 353 2900 414 anan.
3235 353 3338 414 τρε

140 483 331 549 bibebat,
358 480 400 535 si
425 477 622 534 vellent
641 478 848 534 iterum
879 479 1083 534 reverti
1102 485 1158 534 et
1176 479 1318 534 effici
1339 479 1485 534 cives
1503 477 1528 534 ?
1545 475 1720 541 SedA
1739 497 1908 552 quam
1938 481 2243 552 perdurare
2271 479 2328 536 in
2357 477 2672 549 animabus,
2708 499 2820 538 non
2855 479 3039 538 solum
3069 481 3334 556 pristinos

136 575 254 631 illam
273 567 567 644 quaerebant
596 586 717 640 qua:
749 569 805 623 in
825 569 977 623 ccelis
1009 575 1112 635 est,
1131 575 1186 623 et
1198 567 1276 624 sic
1293 567 1652 637 festinabant,
1739 569 2182 636 intellectus,sed
2213 571 2382 625 etiam
2411 572 2794 626 vicissitudine
2818 589 2912 627 eas
2941 583 3189 642 congrua
3205 584 3337 644 pro-

137 671 184 720 ut
225 661 330 716 hinc
371 657 729 724 discederent,
771 658 849 711 sic
889 657 1221 728 placuerunt
1275 653 1410 713 Deo.
1457 675 1484 710 «
1524 659 1656 713 Ideo
1737 659 2042 730 prietatum
2070 667 2408 731 actuumque
2438 678 2667 715 suorum
2686 660 2896 733 perfrui
2916 660 3338 732 qualitate.Hoc

136 774 156 805 ι
179 769 266 806 non
289 745 623 804 confunditur
635 745 784 801 Deus
798 743 980 800 vocari
1001 743 1151 801 Deus
1165 763 1360 801 eorum
1388 765 1400 800 :
1439 747 1659 819 paravit
1738 747 1888 801 enim
1918 747 1998 802 illi
2028 765 2384 821 nequaquam
2430 747 2703 805 Dominus
2732 750 3098 822 promisisset,
3132 745 3180 804 si
3209 752 3332 822 ejus

137 863 154 892 ι
179 839 294 894 enim
309 837 407 892 illis
423 836 720 890 civitatem.
750 855 772 886 ι
799 833 844 890 O
866 839 1078 906 quanta
1095 831 1358 906 dignitas,
1374 837 1438 890 ut
1456 837 1656 907 digna-
1738 837 1985 890 animam
2011 842 2201 891 nosset
2228 843 2354 909 post
2382 837 2796 910 separationem
2817 837 3001 893 carnis
3011 837 3096 892 vel
3116 838 3333 909 privan-

132 925 415 983 mturvocari
433 921 580 978 Deus
602 923 835 978 eorum?
857 921 1122 995 Magnum
1146 921 1252 977 hoc
1271 927 1358 978 est
1387 931 1444 978 et
1463 941 1658 978 revera
1737 922 1868 979 dam
1896 942 2083 992 sensu,
2117 927 2203 980 vel
2229 926 2286 980 in
2319 923 2557 983 nihilum
2592 928 2995 982 resolvendam.
3028 927 3154 982 Non
3181 927 3330 981 enim

133 1032 338 1087 magnum
363 1019 418 1068 et
433 1007 622 1068 multae
637 1009 1003 1067 beatitudinis
1026 1007 1314 1080 indicium,
1339 1013 1472 1085 quia
1489 1017 1653 1068 terrae
1737 1031 1867 1069 caro
1896 1015 2018 1085 ejus
2048 1017 2105 1069 in
2145 1015 2424 1088 paradiso,
2457 1015 2556 1071 sed
2605 1017 2794 1072 anima
2834 1020 2958 1070 erat
3009 1015 3334 1087 ingressura

1737 1121 1860 1159 cum
1895 1103 2138 1158 Christo.

1812 1213 1836 1242 ε
1863 1189 1998 1246 Fide
2027 1191 2232 1247 obtulit
2257 1191 2541 1247 Abraham
2568 1187 2721 1248 Isaac
2752 1209 2878 1248 cum
2905 1197 3240 1259 tentaretur,
3275 1200 3331 1248 et

1738 1300 1765 1334 ι
1794 1282 2145 1352 unigenitum
2175 1279 2460 1348 oﬁerebat,
2509 1283 2604 1353 qui
2660 1289 2983 1354 susceperat
3025 1283 3330 1356 repromis-

1740 1391 1761 1422 ι
1797 1369 1982 1426 siones
2005 1391 2018 1434 ;
2050 1371 2120 1425 ad
2141 1388 2307 1442 quem
2321 1371 2531 1424 dictum
2547 1377 2664 1425 est:
2689 1369 2832 1435 Quia
2851 1371 2906 1426 in
2929 1371 3084 1426 Isaac
3114 1369 3329 1426 vocabi-

1741 1480 1764 1511 ‹
1800 1463 1894 1515 tur
1913 1459 2014 1514 tibi
2047 1475 2268 1514 semen:
2298 1459 2578 1514 arbitrans
2595 1457 2727 1530 quia
2745 1465 2802 1513 et
2832 1475 2866 1513 a
2896 1459 3130 1514 mortuis
3160 1461 3329 1514 susei-

1739 1567 1765 1601 ¢
1799 1554 1920 1603 tare
1950 1554 2146 1620 potens
2169 1553 2255 1603 est
2282 1547 2432 1604 Deus
2464 1567 2474 1601 :
2507 1549 2652 1602 unde
2694 1565 2822 1603 eum
2873 1553 2928 1603 et
2975 1547 3033 1602 in
3064 1548 3326 1620 parabole

124 1637 202 1690 ista
229 1635 460 1707 dignitas,
502 1634 641 1707 quia
679 1652 860 1706 neque
899 1633 1265 1706 adipiscimur
1295 1634 1468 1688 illam.
1500 1631 1679 1690 Sicut-
1741 1657 1762 1689 ι
1797 1637 2026 1708 accepit.
2059 1657 2081 1688 ι
2109 1639 2318 1708 (Ιοαη.)
2350 1637 2496 1692 Vere
2521 1653 2727 1708 magna
2755 1645 2878 1692 erat
2907 1635 3044 1692 ﬁdes
3067 1635 3325 1692 Abrahae.

123 1726 229 1779 enim
247 1738 372 1778 nunc
399 1724 672 1778 Dominus
702 1723 850 1778 Deus
879 1719 1329 1778 Christianorum
1350 1723 1574 1790 dicitur,
1597 1729 1656 1778 et
1678 1793 1691 1798 Α
1735 1723 2019 1798 Praecepta
2045 1725 2146 1781 Dei
2168 1743 2292 1780 cum
2310 1726 2601 1798 praeCeptis
2622 1725 2721 1780 Dei
2739 1725 2960 1798 litigare
2979 1724 3328 1794 videbantur,

121 1811 1142 1883 tamenexcedithocnomendignitatem
1165 1793 1791 1885 nostram,quantoBet
1817 1793 1954 1869 ﬁdes
1999 1813 2127 1868 ﬁdei
2175 1793 2542 1886 repugnabat,
2575 1819 2632 1868 et
2681 1793 3008 1870 mandatum
3059 1815 3160 1870 Dei
3207 1821 3330 1872 erat

120 1903 249 1972 magis
262 1903 298 1956 si
313 1903 467 1956 unius
487 1909 725 1956 vocatur
736 1895 884 1956 Deus
904 1897 926 1954 ?
948 1899 1202 1972 Intellige
1214 1908 1424 1974 quanta
1435 1910 1651 1958 estma-
1733 1903 2152 1976 repromissioni
2174 1899 2540 1970 contrarium,
2563 1921 2692 1958 cum
2713 1904 2982 1975 scriptum
3003 1905 3078 1958 sit
3101 1925 3112 1958 :
3137 1926 3158 1954 ι
3180 1902 3333 1961 Dixit

119 1988 1650 2062 gnitudo,qui[cumqui]mundivocaturDeus,nonerube-
1733 1983 1883 2048 Deus
1919 2013 1929 2046 :
1960 1989 2057 2046 Exi
2105 1993 2176 2046 de
2220 1995 2372 2046 terra
2418 1998 2519 2046 tua
2563 1996 2620 2046 et
2647 1993 2717 2046 de
2759 1993 3090 2063 cognatione
3121 1999 3240 2059 tua,
3273 1999 3329 2048 et

117 2079 188 2132 scit
201 2079 341 2133 trium
355 2077 535 2134 vocari
561 2077 731 2134 Deus.
757 2076 866 2133 Sed
888 2085 1026 2144 esto,
1048 2077 1139 2132 isti
1165 2073 1400 2134 fortasse
1422 2087 1650 2152 propter
1733 2080 1876 2136 dabo
1904 2077 2005 2135 tibi
2027 2085 2237 2135 terram
2271 2081 2414 2134 hanc
2441 2100 2453 2147 ;
2478 2101 2507 2132 ν
2541 2087 2596 2135 et
2624 2098 2737 2135 non
2767 2081 2817 2136 ei
2846 2079 3001 2136 dedit
3026 2082 3182 2136 illam
3209 2085 3326 2136 ter-

116 2168 555 2238 peregrinationem
588 2159 851 2222 dicebant
876 2163 1090 2239 seipsos
1118 2167 1463 2240 peregrinos.
1501 2165 1646 2232 Quid
1730 2188 1850 2225 ram
1878 2169 2280 2235 hereditatem,
2313 2187 2415 2224 nec
2432 2186 2689 2240 gressum
2712 2169 2886 2241 pedis.
2912 2167 3156 2225 Intueris
3187 2187 3326 2242 qua-

113 2265 252 2310 autem
277 2254 473 2311 David?
498 2273 705 2311 nonne
731 2273 828 2310 rex
860 2257 1018 2311 erat?
1074 2274 1257 2312 nonne
1322 2257 1598 2329 prapheta
1623 2257 1648 2310 Τ
1729 2260 1860 2315 liter
1891 2276 2014 2330 quae
2044 2255 2512 2330 praecipiebantur
2541 2257 3068 2330 repromissionibus
3095 2259 3326 2312 videan-

113 2361 248 2398 nonne
265 2342 314 2399 in
331 2363 429 2400 sua
445 2341 638 2417 patria
652 2343 916 2416 degebat?
927 2347 1111 2410 Quare
1121 2341 1405 2416 ergodixit
1419 2365 1429 2399 :
1442 2365 1467 2400 ι
1483 2343 1646 2401 Pere-
1725 2353 1822 2404 tur
1849 2365 1968 2402 esse
1998 2347 2277 2402 contraria
2297 2347 2322 2400 'I
2341 2349 2551 2402 lterum
2573 2347 2728 2413 dixit,
2759 2369 2778 2395 ι
2807 2343 3082 2410 Quoniam
3095 2347 3152 2399 in
3169 2343 3325 2400 Isaac

109 2434 256 2503 grinus
272 2433 1040 2507 ethospessum?Dic,sancte
1062 2433 1254 2502 David,
1277 2433 1555 2507 quomodo
1585 2454 1644 2491 es
1723 2437 2014 2492 vocabitur
2039 2433 2139 2490 tibi
2161 2453 2370 2500 semen,
2403 2457 2422 2486 1
2443 2441 2498 2490 et
2527 2433 2764 2489 credidit
2802 2453 2814 2488 :
2855 2441 2912 2489 et
2934 2435 3139 2488 iterum
3168 2431 3321 2500 dicit,

109 2523 414 2593 peregrinus?
446 2542 474 2578 ε
507 2523 674 2580 Sicut
710 2523 920 2594 patres,
960 2521 1158 2594 inquit,
1193 2517 1325 2592 mei,
1362 2546 1383 2574 ι
1419 2519 1551 2596 quia
1589 2532 1647 2580 et
1731 2543 1754 2578 ς
1787 2523 2049 2581 Sacriﬁca
2078 2523 2217 2578 mihi
2245 2523 2426 2590 illum,
2467 2545 2487 2574 ι
2517 2542 2582 2578 ex
2612 2525 2773 2594 cujus
2823 2524 3034 2578 semine
3083 2523 3326 2578 mundus

132 1104 300 1178 quidem
323 1099 499 1157 etcaeli
523 1109 757 1156 vocatur
786 1099 954 1168 Deus,
975 1101 1119 1156 sicut
1147 1107 1378 1156 vocatur
1396 1108 1451 1156 et
1481 1119 1654 1173 paga-

131 1211 279 1248 norum
304 1187 457 1257 Deus,
490 1191 626 1262 quia
642 1190 759 1262 ipse
771 1187 1020 1245 condidit
1040 1195 1096 1245 et
1114 1189 1426 1245 construxit
1444 1191 1650 1246 omnia.

130 1284 391 1337 Sanctorum
427 1297 556 1334 vero
597 1277 820 1334 illorum
860 1297 973 1334 non
1011 1277 1091 1334 sic
1127 1275 1336 1334 dicitur
1357 1275 1524 1346 Deus,
1555 1273 1654 1334 sed

129 1371 230 1424 sicut
249 1370 438 1424 amicus
463 1365 670 1439 aliquis
695 1381 1019 1438 germanus.
1047 1365 1204 1422 Sicut
1223 1368 1373 1422 enim
1414 1363 1522 1422 dici
1553 1386 1653 1440 po-

128 1466 204 1514 test
226 1457 349 1513 Deus
366 1474 472 1512 non
493 1451 754 1528 gentium
787 1455 988 1522 solum,
1024 1453 1118 1510 sed
1143 1455 1316 1511 totius
1337 1457 1550 1523 mundi,
1575 1455 1654 1511 ita

126 1555 264 1619 posset
285 1543 380 1600 dici
405 1547 555 1601 Deus
585 1541 888 1600 Abraham.
925 1541 1033 1600 Sed
1073 1545 1300 1600 nescitis
1329 1552 1541 1617 quanta
1570 1551 1655 1601 est

109 2610 164 2663 llll
199 2607 447 2683 peregrini
475 2617 664 2666 erant.
699 2612 983 2667 Habemus
1013 2612 1273 2683 patriam,
1307 2607 1510 2683 inquit,
1563 2631 1646 2669 re-
1725 2615 1879 2668 totus
1905 2619 2027 2668 erat
2054 2611 2374 2685 replendus.
2412 2611 2822 2684 Contemplaris
2839 2613 2996 2667 litem
3030 2615 3328 2684 praecepto-

108 2716 201 2752 vera
223 2702 464 2770 patriam.
500 2697 798 2766 Quomodo
828 2717 960 2771 ergo
986 2707 1049 2755 tu
1093 2701 1424 2771 peregrinus
1451 2696 1551 2756 es?
1581 2700 1645 2757 In
1727 2721 1855 2758 rum
1867 2707 1924 2757 et
1943 2701 2466 2775 repromissionum!
2491 2702 2786 2758 Contraria
2807 2702 3012 2774 quippe
3027 2701 3327 2772 repromis-

106 2796 232 2850 ten'a,
252 2789 438 2860 inquit.
464 2785 714 2844 Proinde
734 2789 904 2844 etiam
936 2785 1018 2842 illi
1046 2787 1102 2843 in
1152 2795 1324 2844 terra.
1359 2789 1516 2844 Sicut
1541 2789 1642 2858 illi,
1727 2789 1976 2846 sionibus
2025 2785 2340 2863 imperabat
2363 2811 2376 2859 ;
2425 2797 2482 2846 et
2509 2808 2690 2862 neque
2716 2791 2797 2845 sic
2824 2787 3114 2862 obstupuit
3136 2791 3326 2862 justus

101 2877 254 2947 inquit,
275 2879 345 2933 sic
363 2879 539 2933 etiam
555 2895 682 2948 ego.
706 2874 861 2933 Sicut
889 2875 996 2932 iste
1025 2894 1178 2948 ergo,
1212 2878 1291 2932 sic
1322 2877 1495 2933 etiam
1540 2873 1640 2947 illi,
1725 2879 1839 2947 ille,
1869 2883 1927 2934 et
1953 2895 2134 2953 neque
2163 2898 2222 2936 se
2251 2881 2546 2952 deceptum
2577 2880 2814 2934 dicebat.
2833 2875 3327 2950 Contrariarepro—

104 2964 366 3021 Eﬂiciamur
391 2965 592 3039 itaque
613 2961 783 3022 etiam
800 2981 902 3021 nos
918 2966 1218 3038 peregrini,
1245 2984 1316 3022 ne
1336 2963 1646 3022 confunda-
1727 2969 2057 3024 missionum
2087 2967 2354 3024 audiebat
2381 2969 2450 3023 ab
2481 2967 2677 3023 eodem
2713 2969 2833 3040 ipso
2862 2969 2956 3039 qui
2986 2965 3083 3022 illa
3112 2963 3322 3040 promi-

101 3060 168 3106 tur
187 3053 314 3110 Deus
338 3052 526 3110 vocari
577 3047 728 3110 Deus
774 3061 983 3110 noster.
1018 3051 1282 3110 Coniusio
1322 3056 1527 3128 quippe
1566 3049 1647 3112 illi
1670 3108 1709 3128 Α
1729 3065 1882 3118 serat
1910 3063 1964 3114 et
1998 3076 2111 3113 non
2138 3055 2490 3124 turbabatur,
2527 3059 2624 3112 sed
2655 3055 2824 3111 veluti
2854 3055 3208 3111 concinentia
3232 3071 3326 3126 ge-

579 3108 608 3110 —
637 3108 720 3110 κη
1033 3108 1048 3110 ε
1259 3108 1268 3110 τ
1331 3108 1522 3128 ιπη-
1729 3108 1881 3118 sum
1915 3108 1960 3114 ν-
1998 3108 2111 3113 -η-
2144 3108 2490 3124 η---η-ηη
2528 3108 2624 3112 --π

103 3147 177 3210 est,
203 3145 400 3214 quando
431 3145 819 3214 malignorum
849 3143 1140 3199 hominum
1169 3150 1418 3211 vocatur,
1441 3151 1498 3199 et
1514 3108 1710 3200 con-0
1731 3145 1890 3202 rebat
1922 3167 1932 3200 :
1967 3152 2025 3202 et
2052 3163 2244 3202 revera
2270 3143 2620 3201 concinentia
2649 3152 2838 3212 erant;
2874 3146 3159 3200 contraria
3201 3143 3326 3217 qui-

97 3228 236 3287 fundit
251 3233 364 3288 illos
383 3235 563 3289 etiam
597 3228 751 3305 ipse:
787 3228 926 3296 sicut
957 3240 1014 3288 et
1037 3233 1402 3305 gloriﬁcatur,
1424 3230 1648 3306 quando
1729 3236 1857 3290 dem
1896 3235 2161 3291 humanis
2201 3233 2721 3290 ratiocinationibus
2757 3231 3107 3300 videbantur,
3141 3230 3324 3288 conci-

99 3318 410 3390 benignorum
441 3329 501 3378 et
531 3322 877 3394 optimorum
915 3321 1209 3377 hominum
1237 3329 1465 3378 vocatur
1483 3329 1541 3377 et
1560 3341 1648 3378 co-
1730 3321 1923 3380 nentia
1939 3343 2070 3378 vero
2093 3329 2254 3380 erant
2272 3323 2422 3380 ﬁdei.
2443 3325 2584 3380 Cum
2605 3325 2754 3378 enim
2770 3323 3000 3378 dixisset
3026 3319 3327 3394 Apostolus

94 3405 282 3464 lentium
308 3411 598 3467 virtutem.
625 3411 684 3466 Si
713 3411 863 3466 enim
892 3428 994 3466 nos
1032 3411 1306 3466 evitamus
1333 3405 1516 3466 vocari
1545 3411 1646 3466 do-
1735 3434 1757 3466 ι
1787 3411 2122 3468 Existimans
2142 3411 2276 3485 quid
2299 3417 2356 3468 et
2373 3411 2655 3468 amortuis
2679 3411 3012 3466 resuscitare
3031 3413 3230 3483 potens
3241 3413 3328 3464 est

95 3498 196 3552 mini
219 3501 485 3556 malorum
517 3517 830 3567 servorum,
864 3507 920 3555 et
949 3500 1322 3572 relinquimus
1349 3519 1444 3556 eos
1467 3521 1480 3568 ;
1513 3508 1572 3556 et
1599 3501 1647 3556 si
1729 3502 1898 3568 Deus,
1918 3523 1940 3554 ι
1967 3507 2032 3556 ut
2051 3501 2372 3558 ostenderet
2390 3519 2456 3556 ex
2469 3501 2663 3556 eadem
2687 3501 2810 3573 ipsa
2825 3501 2952 3566 ﬁde,
2987 3518 3050 3554 ex
3073 3517 3184 3570 qua
3202 3512 3323 3553 cre-

93 3601 166 3640 nos
187 3591 462 3661 appellans
501 3589 713 3660 aliquis
754 3590 923 3655 dicat,
958 3589 1090 3660 quia
1119 3589 1213 3644 ille
1263 3591 1441 3644 multa
1497 3586 1648 3644 mala
1728 3589 1949 3644 didera:
1977 3590 2242 3661 quoniam
2274 3607 2386 3644 non
2416 3595 2726 3643 exstantem
2757 3587 2808 3643 ei
2839 3589 3092 3654 donaret,
3126 3604 3191 3641 ex
3219 3585 3324 3641 hac

91 3684 321 3744 operatur,
353 3696 496 3734 num
529 3685 668 3733 tuus
698 3694 892 3732 servus
931 3677 1061 3732 est?
1099 3695 1305 3732 nonne
1352 3676 1645 3733 confestim
1728 3675 1898 3734 etiam
1929 3679 2156 3733 credere
2185 3677 2332 3749 quod
2365 3683 2420 3731 et
2459 3685 2744 3732 mortuum
2798 3681 2986 3748 posset
3030 3677 3320 3742 suscitare,

90 3762 280 3820 dicimus
306 3768 440 3838 quia
471 3783 856 3838 nequaquam,
885 3762 1221 3838 repellentes
1249 3763 1646 3839 opprobrium?
1727 3765 1949 3839 adjecit.
1975 3765 2119 3832 Quia
2146 3765 2344 3821 eadem
2373 3767 2496 3838 ipsa
2525 3767 2632 3820 ﬁde
2661 3764 2833 3820 etiam
2863 3765 3106 3819 occisum
3133 3779 3322 3818 resus-

87 3851 306 3910 habitudo
335 3857 494 3911 enim
530 3862 622 3910 est
647 3857 903 3927 quaedam
929 3873 1087 3910 servo
1131 3855 1200 3911 ad
1247 3855 1557 3923 dominum,
1591 3863 1649 3912 et
1729 3855 1891 3912 citari
1911 3853 2163 3910 credidit.
2182 3855 2454 3911 Similiter
2468 3851 2672 3927 quippe
2694 3851 2925 3909 dubium
2937 3851 3327 3910 erathumanaa

86 3944 246 3998 transit
269 3944 593 4016 ignominia
613 3945 683 4000 ab
703 3945 798 4000 illo
817 3945 887 3999 ad
901 3947 1147 4000 illum....
1175 3946 1375 4000 Sedilli
1387 3941 1467 4000 ita
1486 3954 1649 4001 erant
1731 3945 2165 4012 ratiocinationi,
2193 3951 2258 4000 ut
2279 3962 2345 4000 ex
2374 3941 2537 4022 vulva
2564 3950 2788 3998 mortua
2808 3949 2867 3998 et
2885 3939 3046 3998 senili
3068 3943 3125 3997 et
3138 3939 3328 4014 inepta

82 4030 202 4096 clari,
223 4034 297 4088 ita
316 4034 672 4090 conﬁdentia
691 4035 862 4106 pleni,
887 4039 949 4088 ut
970 4051 1082 4089 non
1103 4035 1284 4088 solum
1298 4051 1409 4089 non
1422 4035 1651 4090 confun-
1725 4032 1847 4106 jam
1872 4033 2016 4089 facta
2032 4033 2102 4088 ad
2122 4033 2505 4105 generandum
2521 4035 2758 4088 donaret
2769 4033 2967 4099 ﬁlium,
2989 4035 3047 4087 et
3066 4033 3330 4087 interem-

83 4117 284 4183 daretur,
303 4140 434 4178 cum
455 4123 532 4178 ab
557 4123 670 4177 illis
687 4119 988 4178 vocabatur
1015 4123 1183 4189 Deus,
1211 4124 1309 4177 sed
1331 4125 1501 4178 etiam
1530 4126 1650 4196 ipse
1732 4130 1892 4196 ptum
1918 4123 2122 4178 iterum
2144 4123 2458 4176 suscitaret.
2479 4123 2588 4177 Sed
2607 4123 2717 4178 dux
2751 4123 2808 4176 et
2833 4120 3034 4176 viatrix
3053 4127 3141 4176 est
3167 4116 3326 4188 ﬁdes,

80 4209 128 4261 ad
151 4210 285 4281 ipsos
305 4213 543 4267 dicebat
585 4230 597 4265 :
655 4233 676 4262 ι
731 4213 845 4282 Ego
875 4229 998 4266 sum
1028 4210 1179 4267 Deus
1207 4211 1509 4279 Abraham,
1542 4220 1646 4267 etc.
1733 4213 2052 4285 praecedens
2077 4207 2146 4266 ad
2177 4207 2388 4266 futura.
2424 4233 2444 4263 ι
2483 4207 2638 4278 Fide,
2672 4209 2873 4283 inquit,
2907 4207 3112 4264 obtulit
3150 4206 3327 4277 Isaac,

83 4297 262 4364 [Moyses
285 4305 349 4354 in
383 4300 622 4368 σοιιαι.)
648 4301 710 4355 In
739 4301 1040 4372 Evangelio
1069 4318 1292 4373 quoque
1341 4303 1650 4357 evidentius
1733 4319 1862 4356 cum
1889 4303 2222 4356 tentaretur.
2259 4320 2284 4353 ι
2318 4299 2486 4355 Nulla
2525 4296 2731 4372 quippe
2777 4300 2958 4354 altera
3002 4316 3171 4354 causa
3226 4298 3334 4352 fuit

78 4383 310 4443 Dominus
332 4390 406 4443 ad
431 4389 780 4444 Sadducaeos
805 4407 816 4442 :
841 4413 866 4443 ι
890 4391 1260 4461 Nonlegistis,
1287 4391 1488 4462 inquit,
1504 4392 1709 4462 quod“
1733 4386 2030 4445 oblationis
2059 4389 2232 4456 illius,
2256 4387 2364 4444 nisi
2381 4387 2513 4444 haec.
2539 4385 2751 4443 Deinde
2768 4387 3092 4459 exsequitur
3105 4403 3330 4441 omnem

79 4472 249 4550 dictum
265 4485 349 4533 est
364 4496 400 4533 a
423 4479 551 4533 Deo
567 4478 785 4532 dicente
799 4479 952 4533 vobis
973 4497 983 4530 :
1022 4447 1136 4549 Εξο
1156 4447 1281 4534 sum
1302 4447 1449 4534 Deus
1470 4447 1712 4534 :Abra-D
1733 4495 1980 4534 sensum.
2031 4479 2114 4534 Ne
2159 4447 2311 4534 enim
2369 4481 2560 4549 posset
2619 4447 2934 4550 quisquam‘
2963 4477 3146 4529 dicere
3195 4475 3328 4545 quia

77 4547 196 4630 bam,
217 4573 271 4620 et
287 4567 445 4622 Deus
461 4569 648 4632 Isaac,
673 4573 730 4621 et
743 4567 890 4622 Deus
909 4547 1098 4634 Jacob,
1123 4585 1235 4622 non
1251 4569 1494 4624 estDeus
1507 4586 1652 4639 mqr—
1731 4565 1931 4624 habuit
1957 4564 2132 4623 alium
2163 4547 2452 4634 ﬁlium,_et
2479 4583 2546 4620 ex
2571 4547 2667 4619 illo
2713 4547 2976 4636 sperabat
3003 4558 3328 4635 promissio-

78 4651 282 4720 tuorum,
300 4658 399 4710 sed
412 4652 730 4710 viventium
749 4656 774 4708 ?
805 4655 1191 4726 (Matth.xxn.)
1213 4681 1234 4705 ιο
1265 4658 1472 4712 Omnes
1504 4658 1653 4713 enim
1734 4675 1864 4712 nem
1892 4651 2134 4728 impleri,
2168 4661 2224 4710 et
2252 4661 2552 4726 propterea
2580 4653 2863 4708 conﬁdens
2883 4649 3056 4707 istum
3089 4649 3326 4706 obtulit:

78 4731 138 4793 illi
165 4741 364 4812 vivunt,
396 4745 473 4800 de
500 4743 710 4816 quibus
733 4750 789 4798 et
811 4745 1131 4816 Apostolus,
1173 4767 1194 4797 σ
1222 4754 1452 4818 propter
1481 4747 1649 4818 quod,

79 4826 242 4900 inquit,
265 4850 378 4888 non
395 4834 784 4888 confundetur
803 4830 951 4888 Deus
972 4833 1153 4888 vocari
1166 4835 1316 4890 Deus
1331 4851 1653 4906 eorum,pa-

80 4919 190 4974 favit
215 4922 363 4976 enim
393 4923 518 4977 illis
548 4922 848 4976 civitatem.
876 4943 902 4975 »
927 4923 1073 4977 Nam
1093 4923 1226 4994 quia
1245 4941 1346 4978 nec
1362 4924 1526 4978 otiosi
1543 4924 1657 4978 sint

81 5015 175 5084 post
197 5011 625 5082 separationem
655 5011 824 5081 hujus
853 5013 1122 5083 corporis,
1151 5029 1332 5084 neque
1363 5013 1503 5068 nihil
1535 5030 1658 5068 sen-

82 5077 209 5160 liant,
226 5077 396 5154 etiam
411 5099 707 5170 Evangelii
721 5077 988 5171 parabole
1001 5077 1146 5168 (Luc.
1163 5077 1296 5172 xvi),
1323 5119 1444 5172 quin
1465 5102 1534 5156 de
1563 5101 1657 5156 illo

83 5197 286 5255 paupere
310 5189 539 5243 Lazaro
569 5195 626 5242 et
653 5189 820 5242 divite
851 5195 1160 5260 purpurato
1177 5189 1460 5261 profertur
1478 5197 1661 5245 osten-

84 5268 159 5336 ἀίῖν
187 5292 425 5346 quorum
459 5294 616 5331 unus
651 5277 1028 5332 beatissimam
1058 5279 1267 5344 sedem,
1304 5280 1359 5334 id
1389 5287 1474 5334 est
1503 5281 1659 5334 sinus

86 5358 281 5420 Abrahae
292 5367 561 5439 requiem
578 5365 1098 5436 promeretur,alius
1111 5367 1446 5423 intolerabili
1459 5369 1659 5423 ardore

1738 4765 1764 4800 σ
1785 4743 1966 4800 Etiam
1983 4745 2355 4815 unigenitum,
2378 4741 2580 4815 inquit,
2603 4739 2890 4807 offerebat,
2917 4742 3014 4814 qui
3035 4737 3334 4814 repromis-

1735 4833 1920 4888 siones
1931 4840 2238 4904 acceperat.
2250 4831 2427 4898 nQuid
2441 4832 2579 4887 dicis
2591 4827 3334 4901 unigenitum?quid?lsmael

1737 4939 1804 4977 ex
1815 4939 1924 4994 quo
1936 4919 2084 4975 erat?
2096 4919 2836 4993 Unigenitum,inquit,dieo,
2845 4925 3120 4991 quantum
3131 4915 3334 4974 attinet

1739 5012 1810 5066 ad
1833 5009 2106 5065 rationem
2130 5010 2598 5084 repromissionis.
2623 5007 2929 5081 Propterea
2947 5025 3074 5063 cum
3100 5003 3334 5062 dixisset

1745 5119 1770 5154 α
1789 5099 2160 5170 unigenitum,
2175 5097 2408 5166 addidit,
2429 5122 2451 5150 ι
2468 5097 2643 5166 Isaac,
2666 5097 2884 5153 nvolens
2895 5093 3188 5152 ostendere
3201 5109 3331 5167 pro-

1743 5197 1938 5262 pterea
1957 5187 2309 5261 unigenitum
2325 5207 2464 5254 esse,
2482 5207 2508 5241 α
2531 5189 2602 5242 ad
2623 5203 2790 5260 quem
2805 5187 3012 5241 dictum
3029 5191 3132 5250 est,
3159 5201 3180 5235 ι
3207 5185 3339 5255 quia

1741 5279 1800 5332 in
1830 5277 1987 5334 Isaac
2016 5278 2303 5333 vocabitur
2328 5277 2428 5332 tibi
2458 5295 2667 5332 semen.
2709 5298 2730 5327 ι
2767 5273 3011 5332 Intueris
3055 5273 3334 5345 quomodo

1742 5368 1981 5422 miratur
2011 5365 2146 5422 illud
2181 5367 2326 5438 quod
2358 5385 2393 5421 a
2442 5363 2760 5439 patriarcha
2790 5365 2998 5419 factum
3029 5363 3152 5418 est?
3187 5382 3210 5414 ι
3271 5359 3336 5416 In

89 5454 241 5505 sterni
270 5453 420 5525 ignis
453 5455 732 5508 exuritur.
757 5455 812 5509 Si
833 5461 1022 5510 autem
1046 5463 1102 5510 et
1116 5457 1436 5529 illud,quod
1455 5457 1662 5512 dicitur
1743 5455 1917 5523 Isaac,
1948 5453 2149 5528 inquit,
2164 5455 2452 5510 vocabitur
2479 5453 2579 5510 tibi
2611 5471 2820 5518 semen,
2854 5476 2875 5505 ι
2909 5457 2966 5508 et
2987 5450 3338 5508 oﬁerebatad

89 5538 138 5618 td
158 5541 448 5610 latronem,
476 5563 506 5596 α
545 5539 718 5598 Hodie
743 5559 962 5599 mecum
991 5543 1103 5599 eris
1130 5545 1186 5600 in
1217 5543 1495 5618 paradiso,
1528 5567 1555 5599 ››
1574 5563 1662 5600 vo-
1743 5543 2105 5600 occidendum
2137 5545 2334 5601 ﬁlium.
2357 5543 2567 5600 Deinde
2598 5563 2666 5600 ne
2687 5539 2812 5616 quis
2833 5543 3058 5615 putaret
3074 5538 3337 5614 quoniam

95 5614 324 5688 luerimus
341 5627 669 5700 intendere,
695 5631 830 5704 quid
861 5627 1014 5690 aliud
1042 5614 1339 5692 manifesto
1360 5631 1655 5708 signiﬁcat,

1743 5631 2049 5706 desperans
2087 5635 2192 5691 hoc
2219 5631 2370 5704 fecit,
2404 5641 2461 5693 et
2488 5653 2589 5708 per
2629 5631 2734 5690 hoc
2778 5635 3121 5706 praeceptum
3167 5625 3335 5687 fidem
