3854 6164
535 286 638 343 799

1118 289 1181 343 B.
1224 289 1497 346 RABANI
1536 289 1769 346 MAURI
1804 288 2142 381 ARCHIEP.
2185 286 2510 344 MOGUNT.
2553 286 2852 343 OPERUM
2887 286 3071 349 PARS
3114 289 3204 344 III.

3611 303 3684 361 800

531 411 690 466 illius
721 412 1170 484 repromissionis
1223 414 1498 482 amiserit,
1530 420 1832 486 cognoscat
1861 413 2126 485 quoniam
2144 416 2191 474 Α
2211 411 2598 466 adorationem
2627 411 2966 481 signiﬁcans,
3001 429 3120 483 quae
3146 414 3220 468 illi
3235 417 3534 478 cratfutura.
3551 423 3685 482 Ethoc

532 517 726 554 revera
755 505 813 554 et
833 501 957 567 hoc,
979 501 1181 572 inquit,
1207 503 1336 556 fidei
1358 503 1492 568 fuit;
1526 504 1624 558 sed
1654 504 1823 557 etiam
1845 503 2003 556 illam
2032 504 2128 556 ha-

529 587 654 643 buit
682 589 868 654 ﬁdem,
893 589 1024 644 licet
1053 591 1334 646 videretur
1361 593 1491 646 huic
1519 609 1833 664 repugnare
1859 611 1872 659 ;
1895 593 1993 646 sed
2014 609 2127 645 non

529 677 904 748 repugnabat.
945 680 1068 733 Non
1099 680 1248 734 enim
1294 681 1558 735 humanis
1603 681 2126 736 ratiocinationibus

527 765 792 820 virtutem
848 767 950 821 Dei
997 769 1286 838 pensabat,
1315 770 1412 823 sed
1463 770 1572 824 ﬁde
1627 776 1827 824 cuncta
1869 769 2124 840 gerebat.

529 854 836 926 Propterea
846 872 958 910 non
970 863 1196 910 veretur
1205 857 1409 924 dicere,
1430 879 1451 909 ι
1473 859 1604 930 quia
1616 864 1674 912 et
1685 875 1748 912 ex
1761 859 1999 913 mortuis
2022 875 2124 930 po-

528 949 652 997 tens
681 950 768 998 est
795 945 1064 1000 suscitare
1092 947 1262 1000 Deus.
1299 964 1326 1000 ι
1360 947 1519 1002 Unde
1549 964 1679 1001 eum
1696 954 1753 1001 et
1768 947 1825 1001 in
1847 947 2125 1018 parabolis

526 1032 754 1103 recepit,
788 1033 894 1088 hoc
927 1039 1030 1101 est,
1059 1035 1119 1088 in
1147 1036 1421 1106 exemplo.
1445 1036 1637 1090 Ariete
1669 1036 1875 1107 quippe
1922 1036 2120 1102 occiso,

529 1120 634 1175 iste
663 1121 908 1176 salvatus
929 1129 1032 1178 est.
1064 1124 1306 1179 Proinde
1335 1141 1437 1196 per
1462 1125 1698 1178 arietem
1727 1141 1858 1178 eum
1888 1125 2118 1196 accepit,

524 1209 684 1264 illum
713 1227 814 1281 pro
843 1211 950 1266 isto
979 1212 1252 1266 occidens.
1285 1213 1415 1267 Haec
1446 1218 1635 1268 autem
1655 1213 1846 1268 formae
1867 1214 2122 1284 quaedam

529 1303 724 1353 erant:
751 1300 842 1354 hic
870 1301 1020 1354 enim
1051 1301 1224 1356 Filius
1247 1301 1348 1356 Dei
1369 1306 1454 1356 est
1482 1303 1577 1373 qui
1599 1301 1886 1356 occiditur.
1908 1303 1976 1356 Et
1994 1319 2124 1356 con-

524 1388 798 1458 templare
831 1389 1184 1444 clementiam
1203 1390 1304 1444 Dei
1326 1396 1537 1461 quanta
1548 1397 1652 1445 est.
1676 1390 1953 1455 Quoniam
1972 1391 2123 1446 enim

525 1492 730 1546 magna
747 1477 1000 1548 quaedam
1016 1477 1203 1532 danda
1224 1485 1347 1532 erat
1366 1479 1685 1534 hominibus
1703 1480 1914 1550 gratia:
1932 1481 2122 1535 volens

525 1564 630 1618 hoc
658 1581 770 1619 non
795 1567 991 1635 gratiae
1018 1566 1286 1633 tribuere,
1317 1569 1413 1621 sed
1441 1569 1611 1622 veluti
1639 1568 1892 1622 debitum
1913 1569 2116 1635 facere,

525 1653 806 1723 persuasit
832 1655 1015 1725 primo
1046 1655 1278 1720 homini,
1302 1662 1366 1710 ut
1386 1656 1563 1710 ﬁlium
1576 1673 1741 1710 suum
1757 1658 2009 1712 traderet
2019 1675 2120 1729 pro

2203 501 2323 570 jam
2353 500 2594 572 sumpsit
2622 501 2900 566 effectum,
2921 502 3139 572 quando
3155 520 3271 558 eum
3289 505 3689 567 adoravemntfra.

2207 593 2324 642 tres
2345 590 2482 659 ejus.
2518 589 2794 643 Futurum
2823 597 3014 643 autem
3061 597 3178 644 erat
3204 591 3387 647 iterum
3422 605 3579 666 postea
3619 617 3689 671 per

2209 678 2400 732 decem
2431 677 2631 732 tribus.
2663 678 2916 732 Intendis
2958 680 3226 749 quomodo
3268 681 3435 736 futura
3458 687 3690 755 praedixit?

2207 767 2377 820 Vides
2395 773 2664 838 quantam
2677 767 2885 822 habent
2897 767 3091 821 ﬁdem?
3101 771 3360 839 quomodo
3369 772 3429 824 de
3439 773 3602 829 futuris
3611 794 3693 830 crc-

2207 854 2424 909 debat?
2463 856 2730 920 Quaedam
2763 857 2916 910 enim
2960 857 3020 910 in
3052 857 3152 910 hac
3198 857 3304 911 vita
3344 861 3582 930 patientia:
3604 873 3696 918 sunt

2205 945 2380 998 solius
2410 945 2681 1014 exempla,
2713 949 2770 998 et
2798 945 3042 1016 qualiter
3065 946 3316 1016 patienda
3341 955 3458 1002 sunt
3505 951 3634 1008 mala.
3659 962 3696 1005 ct

2208 1032 2341 1103 quia
2361 1049 2473 1087 non
2495 1033 2585 1086 hic
2603 1033 2952 1104 recipiuntur
2969 1033 3134 1101 bona,
3152 1034 3286 1088 sicut
3299 1037 3564 1106 contigitin
3575 1038 3700 1092 Abin-

2206 1121 2358 1188 ham,
2385 1122 2529 1176 sicut
2548 1121 2606 1176 in
2627 1121 2786 1177 Abel.
2809 1123 3075 1186 Quaedam
3095 1129 3278 1178 autem
3304 1124 3420 1177 ﬁdei
3436 1132 3547 1179 sunt
3565 1143 3702 1196 excin-

2203 1210 2314 1282 pla,
2349 1209 2494 1264 sicut
2519 1210 2755 1281 contigit
2780 1211 2840 1264 in
2878 1212 3017 1278 Noe,
3053 1212 3307 1282 quoniam
3335 1219 3412 1266 est
3436 1213 3576 1280 Deus,
3608 1232 3704 1285 quo-

2203 1298 2358 1352 niam
2386 1303 2470 1352 est
2496 1299 2812 1353 retributio.
2837 1299 3000 1354 Fides
3031 1301 3231 1371 quippe
3261 1301 3558 1356 multimoda
3577 1311 3642 1356 est
3663 1304 3702 1356 in

2203 1386 2308 1441 hac
2333 1387 2465 1452 vita,
2499 1388 2764 1458 quoniam
2794 1395 2880 1442 est
2907 1387 3220 1450 retributio,
3242 1395 3296 1442 et
3314 1389 3434 1460 quia
3451 1406 3543 1443 non
3562 1391 3707 1444 eodem

2202 1476 2368 1530 modo
2389 1477 2715 1536 sustinenda
2738 1482 2841 1541 est,
2857 1483 3053 1532 etante
3066 1479 3385 1531 muneravel
3397 1495 3595 1531 coronas
3616 1497 3702 1532 cer-

2201 1565 2438 1620 tandum
2461 1570 2565 1620 est.
2599 1565 2740 1619 Illud
2772 1571 2982 1632 autem,
3004 1567 3152 1636 quod
3166 1565 3700 1636 circaJacobcontingit,

2202 1653 2374 1707 solius
2397 1660 2482 1707 est
2502 1654 2632 1707 ﬁdei
2655 1674 2671 1708 :
2695 1654 2960 1725 quoniam
2983 1655 3512 1726 promisitAbrahze,¢
3526 1654 3705 1725 quiatibi

526 1747 802 1812 praecepto
839 1743 960 1809 Dei,
979 1749 1044 1798 ut
1061 1744 1200 1798 nihil
1221 1744 1476 1798 videatur
1503 1761 1772 1816 magnum
1794 1745 1912 1816 ipse
1937 1746 2119 1800 facere
2137 1733 2186 1792 B
2203 1741 2346 1796 dabo
2367 1747 2424 1795 et
2439 1741 2643 1796 semini
2657 1749 2754 1796 tuo
2773 1747 2983 1796 terram
3005 1745 3165 1797 hanc.
3193 1763 3214 1793 ι
3243 1761 3269 1795 α
3301 1743 3424 1796 Fide
3442 1744 3612 1812 Ioseph
3627 1759 3708 1794 mo-

526 1829 730 1884 Filium
771 1847 937 1885 suum
987 1833 1278 1899 tradendo,
1311 1833 1588 1904 siquidem
1619 1851 1746 1888 cum
1774 1835 1941 1888 homo
1987 1842 2120 1890 ante

527 1917 711 1989 ipsum
736 1919 840 1974 hoc
851 1921 1046 1975 fecerit
1072 1941 1084 1976 :
1108 1928 1172 1976 ut
1191 1923 1294 1976 hoc
1315 1939 1426 1976 non
1455 1923 1641 1993 gratia
1657 1923 1882 1990 faceret,
1901 1924 1999 1978 sed
2027 1925 2123 1978 de-

523 2006 641 2062 bito
665 2013 999 2064 mutaretur.
1035 2030 1057 2062 ι
1092 2010 1251 2065 Unde
1281 2011 1484 2065 eumin
1503 2011 1792 2082 parabola,
1815 2013 2018 2084 inquit,
2035 2030 2120 2067 re-

524 2096 691 2168 cepit,
718 2115 744 2151 ι
761 2097 866 2152 hoc
890 2104 994 2165 est,
1009 2099 1160 2153 velut
1178 2099 1236 2153 in
1257 2099 1644 2155 similitudine.
1683 2101 1852 2155 Velut
1879 2101 2029 2154 enim
2059 2101 2118 2156 in

523 2185 792 2256 parabola
819 2192 942 2241 erat
969 2187 1116 2242 aries
1145 2189 1302 2242 Isaac
1331 2193 1388 2242 et
1418 2195 1606 2260 typus.
1639 2189 1785 2254 Quia
1811 2190 2119 2260 perfectum

525 2279 610 2328 est
636 2275 994 2344 sacrificium,
1026 2282 1085 2330 et
1120 2277 1336 2332 occisus
1389 2283 1475 2332 est
1520 2279 1695 2344 Isaac,
1729 2283 2003 2350 quantum
2047 2279 2119 2333 ad

522 2363 869 2419 voluntatem
893 2365 1042 2420 illius
1071 2365 1292 2430 attinet,
1325 2371 1624 2438 propterea
1647 2367 1809 2421 illum
1829 2368 2122 2422 redonavit

523 2452 872 2521 patriarchae.
911 2474 934 2505 ι
967 2454 1102 2508 Fide
1149 2460 1207 2509 et
1247 2455 1316 2508 de
1355 2455 1560 2509 futuris
1603 2454 1888 2510 benedixit
1943 2457 2116 2522 Isaac,

521 2540 691 2595 Jacob
721 2547 780 2596 et
808 2543 975 2596 Esau.
1014 2562 1036 2594 ι
1073 2561 1100 2595 α
1128 2544 1310 2609 Multi,
1341 2543 1545 2614 inquit,
1581 2545 1869 2615 prophetis
1902 2551 1960 2599 et
1982 2545 2123 2615 justi

524 2628 986 2684 desideraverunt
1011 2631 1198 2685 videre
1227 2648 1351 2703 quae
1377 2632 1595 2698 videtis,
1624 2639 1683 2687 et
1713 2649 1826 2687 non
1865 2633 2124 2688 viderunt

525 2717 672 2784 (Luc.
705 2721 784 2786 x.)
818 2737 842 2770 ι
874 2719 1140 2790 Nunquid
1171 2721 1361 2774 omnia
1385 2720 1577 2775 futura
1605 2721 1854 2776 sciebant
1862 2722 2002 2792 justi
2022 2722 2121 2778 ’ISi

522 2805 671 2858 enim
700 2813 998 2877 propterea
1025 2824 1139 2862 non
1165 2809 1518 2864 revelabatur
1555 2810 1730 2864 Filius
1761 2810 2114 2881 quibusdam,

522 2900 753 2964 propter
782 2895 1170 2950 inﬁrmitatem
1200 2913 1415 2963 eorum,
1450 2898 1584 2969 quia
1603 2915 1732 2952 eum
1750 2916 1861 2954 non
1894 2905 2122 2970 possent

521 2983 804 3054 excipere;
840 2984 938 3038 sed
962 2985 1094 3052 illis,
1127 2986 1222 3057 qui
1260 2985 1482 3040 virtutis
1527 2987 1785 3042 claritate
1831 2987 2121 3059 fulgebant

2203 1849 2230 1884 α
2257 1830 2408 1884 riens
2427 1831 2496 1884 de
2514 1831 2855 1901 profectione
2877 1832 3122 1885 ﬁliorum
3136 1832 3304 1886 Israel
3323 1841 3619 1884 memoratus
3634 1838 3707 1883 est.

2206 1939 2229 1970 α
2262 1925 2320 1973 et
2345 1919 2414 1972 de
2436 1918 2653 1973 ossibus
2681 1919 2798 1973 suis
2818 1921 3122 1974 mandavit.
3142 1920 3575 1989 nAudivitJoseph
3586 1920 3710 1972 etiam

2200 2007 2258 2062 in
2278 2007 2464 2061 aliena
2476 2008 2660 2078 patria
2672 2008 3009 2062 constitutus
3021 2015 3076 2062 et
3088 2009 3323 2062 necdum
3334 2008 3509 2061 videns
3517 2009 3614 2078 jam
3622 2025 3712 2077 pro-

2201 2095 2433 2150 cessisse
2465 2096 2976 2168 repromissionem,
3009 2104 3068 2152 et
3103 2114 3284 2168 neque
3313 2097 3388 2150 sic
3409 2096 3613 2150 concidit.
3634 2097 3716 2148 ani-

2202 2201 2328 2238 mus
2357 2185 2626 2254 ejus;sed
2657 2185 2737 2239 sic
2757 2185 3016 2251 credidit,
3053 2191 3117 2240 ut
3146 2186 3314 2240 etiam
3346 2185 3411 2238 de
3427 2185 3559 2238 exitu
3573 2199 3718 2236 eorum

2201 2273 2548 2344 loqueretur,
2569 2280 2627 2328 et
2653 2274 2722 2328 de
2753 2273 2972 2328 ossibus
3003 2275 3121 2328 suis
3164 2271 3479 2328 mandatum
3505 2273 3650 2326 daret.
3675 2272 3721 2323 Et

2202 2378 2316 2416 non
2341 2367 2563 2416 tantum
2585 2363 2738 2416 solus
2757 2363 3011 2430 credidit,
3063 2364 3162 2417 sed
3187 2364 3355 2417 etiam
3383 2362 3508 2416 alios
3533 2360 3723 2414 introdu-

2203 2450 2363 2505 cebat
2389 2451 2461 2505 ad
2491 2451 2680 2516 ﬁdem,
2706 2457 2770 2505 ut
2797 2468 3020 2522 semper
3041 2469 3324 2506 memores
3339 2456 3526 2513 essent,
3543 2450 3651 2520 quia
3662 2464 3727 2500 ne-

2205 2555 2485 2610 quaquam
2513 2539 2584 2593 de
2615 2540 2833 2594 ossibus
2875 2541 2992 2594 suis
3021 2541 3328 2612 delegaret,
3360 2540 3460 2594 nisi
3484 2539 3621 2610 plena
3650 2537 3726 2589 fide

2203 2634 2458 2699 speraret
2487 2628 2728 2682 reditum
2757 2645 2972 2682 eorum.
3001 2649 3023 2680 ι
3049 2630 3187 2685 Fide
3199 2631 3414 2701 Moyses
3430 2635 3578 2682 natus
3601 2625 3731 2678 occul-

2209 2734 2234 2768 α
2262 2722 2416 2770 tatus
2457 2723 2542 2771 est
2571 2717 2858 2772 mensibus
2897 2717 3080 2771 tribus
3120 2735 3156 2772 a
3181 2717 3512 2790 parentibus,
3544 2731 3598 2768 eo
3622 2712 3728 2784 quoi

2204 2821 2232 2858 α
2263 2805 2530 2859 vidissent
2549 2805 2866 2875 elegantem
2904 2805 3202 2874 infantem,
3237 2814 3294 2860 et
3335 2823 3443 2860 non
3484 2804 3732 2858 timuerunt

2205 2911 2231 2945 ι
2260 2893 2409 2964 regis
2455 2893 2724 2948 edictum.
2760 2914 2782 2945 ι
2834 2895 2915 2949 De
2963 2896 3296 2966 parentibus
3334 2895 3500 2966 Moysi
3541 2905 3732 2946 necessa-

2201 2981 2346 3036 rium
2377 2987 2463 3036 est
2485 2983 2690 3038 dicere.
2715 2983 2922 3038 Omnes
2945 2985 3153 3056 quippe
3192 2984 3489 3038 infantulos
3515 2979 3734 3035 masculos

519 3071 722 3126 merito
753 3073 1124 3128 revelabatur.
1150 3075 1220 3129 Et
1243 3075 1349 3128 hoc
1377 3075 1547 3128 etiam
1579 3076 1786 3130 Paulus
1806 3076 1960 3142 dicit,
1989 3078 2123 3148 quia
2140 3074 2184 3134 Ο
2201 3070 2452 3124 interimi
2477 3071 2977 3142 Pharaojussemt.
3005 3079 3064 3128 et
3091 3075 3283 3128 nullus
3314 3073 3499 3142 effugit
3517 3071 3604 3124 hoc
3628 3067 3732 3138 Ρονί·

517 3161 710 3214 futura
748 3160 1014 3228 sciebant,
1065 3163 1169 3216 hoc
1224 3169 1327 3229 est,
1369 3164 1836 3218 resurrectionem
1884 3166 2110 3220 Christi.
2195 3159 3733 3243 culum.Undeigituristisperaverunt,utsalvarentpue-

522 3248 631 3303 Sed
653 3251 755 3316 ﬁde
782 3249 851 3304 de
879 3249 1084 3305 futuris
1111 3251 1265 3316 dicit,
1299 3268 1410 3306 non
1439 3252 1690 3306 futurum
1719 3254 1984 3308 saeculum
2035 3255 2112 3308 si-
2195 3264 2321 3301 rum
2341 3249 2594 3314 ?Exﬁde,
2619 3249 2820 3320 inquit.
2839 3250 3002 3314 Quali
3015 3251 3125 3305 ﬁde
3143 3253 3168 3304 ?
3197 3249 3733 3317 Videruntelcgantcm

518 3336 808 3407 gniﬁcans,
840 3339 939 3392 sed
963 3338 1154 3394 futura
1173 3340 1341 3410 hujus
1353 3340 1558 3395 saeculi.
1585 3341 1828 3396 Intueris
1848 3343 2112 3413 quoniam
2193 3335 2743 3408 infantulum,etipse
2754 3338 2940 3392 vultus
2951 3339 3020 3392 ad
3035 3339 3209 3394 ﬁdem
3225 3357 3321 3393 eos
3331 3335 3736 3403 attraxit.Sicjam

521 3426 669 3496 quod
699 3427 838 3482 dixit
865 3428 934 3481 de
959 3427 1262 3496 Abraham,
1291 3434 1349 3483 et
1393 3429 1463 3483 de
1510 3429 1680 3484 Jacob
1724 3431 1832 3484 dici
1881 3434 2113 3502 potest?
2194 3425 2405 3480 indeab
2417 3425 2576 3480 initio
2593 3427 2804 3497 exipsis
2828 3427 3184 3482 incunabulis
3207 3429 3388 3483 multa
3414 3433 3527 3481 erat
3542 3425 3612 3478 illi
3622 3426 3737 3492 justo

521 3515 785 3586 quoniam
815 3533 926 3570 non
953 3523 1285 3588 receperunt
1313 3518 1729 3572 benedictiones
1763 3537 1774 3572 :
1811 3521 1910 3574 sed
1935 3537 2112 3592 nepo-
2193 3513 2720 3584 infusagratiamon
2737 3516 3054 3588 naturahoc
3065 3516 3470 3588 operante,sed
3497 3512 3657 3584 gratia
3679 3509 3738 3560 die

514 3603 668 3658 tibus
703 3621 899 3658 eorum
927 3605 1158 3660 reddita:
1187 3612 1321 3660 sunt
1367 3606 1474 3661 illa:
1518 3607 1955 3675 benedictiones,
1989 3609 2112 3681 ipse
2192 3603 2340 3665 Vina.
2355 3620 2478 3673 quae
2494 3603 2666 3658 etiam
2683 3604 2980 3658 barbaram
2995 3605 3153 3659 illam
3169 3607 3464 3660 mulierem
3478 3601 3738 3673 :Egyptiam

518 3699 707 3746 autem
729 3692 920 3748 futura
944 3694 1181 3766 adeptus
1212 3701 1316 3749 est.
1349 3695 1670 3750 Invenimus
1700 3697 1852 3750 enim
1878 3697 2112 3754 fratrem
2193 3691 2470 3758 excitaVit,
2501 3697 2567 3746 ut
2584 3699 2819 3758 amaret,
2856 3698 2918 3746 ut
2947 3700 3222 3761 sumeret,
3239 3701 3304 3748 ut
3329 3694 3602 3764 arriperet.
3621 3694 3666 3740 οἱ
3685 3695 3740 3738 ω’

520 3782 642 3852 ejus
671 3783 850 3854 magis
869 3783 1112 3855 potitum
1127 3800 1249 3838 esse
1269 3784 1489 3840 saeculo.
1513 3785 1612 3840 Ille
1634 3791 1825 3840 autem
1853 3785 1912 3840 in
1938 3788 2111 3842 servi-
2195 3796 2325 3834 men
2355 3781 2492 3834 ﬁdes
2521 3780 2579 3835 in
2603 3781 2726 3835 istis
2755 3798 2868 3835 non
2883 3781 3082 3836 habuit
3097 3783 3371 3838 idoneum
3385 3783 3737 3852 argumentum.

516 3875 638 3924 tute
667 3872 1034 3938 mercenaria,
1069 3879 1128 3926 et
1167 3873 1446 3944 periculis,
1482 3879 1540 3926 et
1585 3873 1822 3940 insidiis,
1854 3880 1912 3928 et
1956 3875 2113 3930 dece-
2195 3869 2341 3932 Qnid
2363 3885 2495 3940 ergo
2517 3874 2576 3923 et
2593 3875 2868 3940 quantum
2893 3877 3033 3934 erat.
3059 3877 3125 3926 ut
3153 3889 3224 3926 ex
3263 3873 3386 3943 ipso
3423 3871 3567 3924 νυιῐιι
3591 3863 3738 3918 (πάθ’

516 3959 822 4030 ptionibus,
882 3966 940 4014 et
985 3960 1283 4014 timoribus
1335 3977 1502 4015 omne
1545 3962 1823 4032 transegit
1866 3968 2108 4034 tempus,
2194 3958 2608 4024 rent?Sedvos,
2628 3959 2830 4030 inquit,
2856 3976 2922 4013 ex
2941 3959 3110 4014 rebus
3133 3961 3276 4031 ipsis
3301 3959 3525 4023 credite,
3543 3963 3592 4010 et
3609 3952 3737 4007 mulir

519 4047 906 4117 Interrogatus
947 4048 1120 4102 etiam
1153 4065 1188 4102 a
1235 4049 1544 4114 Pharaone,
1585 4073 1609 4098 α
1642 4051 1862 4116 Modici,
1905 4052 2108 4123 inquit,
2193 4045 2470 4100 habebitis
2501 4047 2632 4100 ﬁdei
2663 4047 2916 4118 pignora.
2951 4049 3026 4103 Ut
3077 4050 3233 4103 enim
3291 4067 3417 4102 cum
3453 4045 3637 4118 gaudio
3675 4056 3728 4092 m-

516 4133 647 4188 facti
675 4141 808 4188 sunt
827 4136 947 4190 dies
965 4135 1076 4190 mei
1097 4153 1110 4190 :
1131 4156 1154 4186 »
1179 4136 1272 4190 ille
1299 4143 1490 4191 autem
1519 4138 1579 4191 in
1609 4137 1856 4208 primatu
1885 4146 1942 4194 et
1974 4141 2112 4194 fidu-
2192 4134 2383 4205 pinam
2415 4152 2604 4189 rerum
2635 4143 2946 4190 vestrarum
2986 4138 3331 4209 suscipiatis,
3373 4144 3429 4191 et
3457 4145 3730 4208 quiscunqlh

515 4221 602 4276 cia
629 4223 735 4277 fuit
761 4224 956 4278 multa.
981 4224 1086 4279 Ubi
1127 4241 1260 4294 ergo
1309 4225 1361 4278 ei
1391 4231 1767 4296 provenerunt
1804 4227 1969 4294 bona,
2003 4229 2110 4283 nisi
2191 4223 2329 4276 talia
2356 4224 2504 4295 passi
2537 4224 2690 4291 estiS,
2715 4225 2824 4278 ﬁde
2843 4231 3032 4280 actum
3055 4234 3140 4280 est
3162 4233 3222 4280 et
3235 4226 3521 4298 patientia-
3544 4222 3727 4289 Ξεάίίυο

519 4311 577 4365 in
599 4311 826 4366 futuro?
861 4333 884 4364 ‹
913 4313 993 4366 De
1022 4313 1245 4379 futuris,
1278 4313 1482 4384 inquit,
1514 4313 1796 4368 benedixit
1823 4316 1997 4382 Isaac,
2021 4311 2344 4413 Ja-Dniam
2397 4319 2455 4366 et
2506 4313 2599 4366 isti
2653 4314 3029 4380 crediderunt,
3101 4316 3312 4370 deinde
3369 4308 3729 4413 pusillanimite'

515 4401 618 4455 cob
646 4406 705 4456 et
731 4401 896 4456 Esau.
925 4421 948 4452 ι
968 4401 1126 4456 Licet
1144 4403 1326 4472 major
1339 4402 1414 4456 sit
1443 4402 1606 4468 Esau,
1630 4409 1820 4456 tamen
1837 4407 2112 4476 praeponit
2129 4397 2172 4413 "
2191 4400 2596 4468 afficiebantur,
2621 4403 2867 4457 ostendit
2886 4403 3085 4474 quiaet
3098 4404 3241 4459 ﬁdes
3257 4405 3485 4459 illorum
3505 4419 3596 4474 per
3606 4397 3713 4452 mult

513 4490 684 4546 Jacob
717 4497 948 4562 prapter
981 4491 1267 4544 virtutem.
1300 4491 1544 4546 Intueris
1575 4498 1785 4562 quanta
1811 4500 1932 4550 erat
1951 4494 2107 4562 ﬁdes,
2193 4494 2450 4560 tempora
2496 4490 2853 4558 tendebatur,
2910 4492 3057 4546 sicut
3094 4494 3340 4564 contigit
3389 4495 3448 4546 in
3494 4488 3727 4546 Abraham

514 4585 573 4633 et
598 4579 747 4634 unde
778 4579 1251 4651 promittebantur
1274 4580 1406 4633 ﬁliis
1449 4597 1644 4634 eorum
1693 4586 1855 4635 tanta
1915 4581 2060 4636 bona
2088 4583 2112 4636 ?
2195 4577 2450 4648 quamvis
2475 4579 2802 4634 viderentur
2829 4580 2935 4634 sibi
2957 4598 3046 4635 res
3064 4581 3199 4652 ipsa;
3219 4598 3536 4654 repugnare
3561 4599 3572 4631 :
3605 4596 3626 4628 ι
3653 4575 3717 4628 Χῡ

513 4667 719 4739 Utique
747 4685 813 4721 ex
843 4669 972 4734 ﬁde,
997 4668 1101 4722 hoc
1119 4673 1222 4734 est,
1248 4669 1525 4722 credendo
1553 4669 1686 4723 Deo.
1729 4689 1752 4720 α
1775 4669 1910 4724 Fide
1941 4670 2110 4726 Jacob
2189 4665 3086 4741 timuerunt,inquit,praeceptum
3102 4664 3719 4742 regis,»quanquamillu

513 4755 760 4810 moriens
775 4755 1024 4826 singulos
1045 4757 1290 4811 ﬁliorum
1324 4757 1532 4828 Joseph
1563 4757 1864 4823 benedixit,
1895 4764 1952 4812 et
1981 4761 2112 4814 ado-
2195 4753 2420 4824 quidem
2451 4773 2618 4827 opere
2647 4757 3026 4826 exercebatur,
3057 4760 3164 4813 hoc
3196 4767 3396 4815 autem
3442 4755 3659 4828 suspicio
3689 4768 3712 4803 ρ

513 4844 658 4899 ravit
675 4843 962 4914 fastigium
984 4845 1152 4915 virga
1173 4847 1314 4916 ejus.
1344 4865 1366 4896 ι
1393 4846 1456 4900 In
1476 4846 1719 4900 hocloco
1734 4848 2112 4904 necessarium
2195 4849 2252 4897 et
2301 4843 2474 4897 timor
2510 4845 2713 4912 nudHS,
2769 4852 2827 4900 et
2874 4847 2980 4901 hoc
3035 4849 3269 4918 quidem
3321 4855 3605 4920 parentum
3642 4857 3716 4894 Cl“

515 4939 603 4988 est
627 4948 834 5008 ponere
863 4931 1278 4988 benedictiones
1305 4950 1520 5000 omnes,
1553 4940 1619 4988 ut
1658 4935 1828 4988 etiam
1877 4936 2016 4991 ﬁdes
2057 4943 2114 4992 et
2193 4931 2408 4986 Deinde
2437 4932 2714 4988 familiare
2743 4935 2854 4990 illis
2888 4942 2945 4990 et
2977 4936 3358 4992 domesticum
3389 4937 3590 5008 profert
3613 4947 3714 4985 cxcr

511 5003 809 5095 prophetia
828 5022 950 5092 ejus
969 5021 1266 5077 manifesta
1303 5023 1418 5077 ﬁat.
1448 5039 1474 5074 α
1499 5023 1568 5077 Et
1597 5023 1870 5090 adoravit,
1906 5024 2106 5095 inquit,
2192 5022 2370 5092 plum,
2392 5023 2572 5093 magis
2603 5031 2796 5078 autem
2820 5023 2890 5077 ab
2910 5025 3026 5089 illo,
3042 5027 3230 5095 majus
3255 5033 3314 5080 et
3337 5003 3588 5096 amplius.
3613 5019 3716 5073 «Fit

509 5111 796 5182 fastigium
826 5109 996 5180 virgae
1025 5111 1166 5181 ejus.
1200 5130 1220 5161 ι
1253 5111 1356 5164 Hic
1381 5128 1494 5166 non
1525 5111 1726 5177 solum,
1761 5112 1964 5183 inquit,
1988 5131 2112 5184 pro-
2197 5129 2222 5163 ι
2254 5111 2474 5182 Moyses
2502 5112 2734 5181 grandis
2756 5113 2936 5167 factus
2956 5114 3180 5183 negavit
3219 5132 3284 5168 se
3314 5132 3440 5170 esse
3469 5114 3633 5168 ﬁlium
3657 5106 3716 5162 ﬁli

510 5200 808 5265 nuntiavit,
839 5199 938 5252 sed
968 5198 1138 5252 etiam
1167 5199 1248 5253 ita
1273 5199 1588 5254 conﬁdebat
1625 5200 1695 5254 de
1723 5200 1946 5267 futuris,
1981 5208 2109 5257 ωτι-
2195 5215 2223 5250 ε
2255 5200 2582 5254 Pharaonis.
2616 5221 2638 5251 ι
2671 5202 2961 5272 Tanquam
2990 5203 3038 5256 si
3063 5203 3284 5257 diceret
3321 5205 3394 5257 ad
3422 5221 3516 5257 cos
3548 5221 3559 5253 :
3590 5197 3713 5254 Nulli

512 5306 679 5360 quam
708 5290 756 5342 si
775 5305 843 5343 ea
871 5304 1038 5359 opere
1059 5288 1489 5345 demonstraret.
1515 5290 1791 5354 Quoniam
1815 5290 1965 5344 enim
1981 5309 2109 5346 sur-
2191 5295 2439 5343 vestrum
2469 5289 2683 5342 dimisit
2713 5291 2900 5344 aulam
2930 5293 3174 5360 regalem
3207 5293 3466 5364 amplam
3497 5299 3550 5346 et
3564 5290 3706 5344 clara:

511 5383 768 5430 recturus
795 5381 918 5430 erat
945 5393 1011 5429 ex
1032 5376 1296 5448 Ephraim
1320 5394 1414 5432 rex
1433 5377 1596 5443 alius,
1613 5385 1908 5449 propterea
1927 5379 2101 5434 dixit:
2189 5392 2371 5448 neque
2409 5377 2550 5432 tales
2563 5379 2873 5442 thesauros,
2901 5396 3080 5450 neque
3107 5396 3238 5433 cum
3262 5389 3461 5452 posset
3481 5382 3619 5433 ﬁlius
3637 5391 3716 5439 reg

517 5485 540 5516 ε
577 5465 646 5520 Et
673 5465 927 5518 adoravit
945 5463 1230 5536 fastigium
1256 5466 1426 5538 virgae
1453 5469 1598 5538 ejus.
1633 5488 1658 5519 ρ
1691 5468 1829 5522 Ecce
1875 5473 1933 5522 et
1978 5485 2107 5524 cum
2189 5471 2697 5542 esse,contempsit,
2721 5471 3092 5543 sicutMoyses
3105 5470 3257 5524 fecit.
3281 5472 3353 5526 Et
3365 5471 3498 5543 quia
3512 5484 3616 5525 non
3645 5464 3716 5518 sin
3751 5537 3758 5547 .

506 5555 628 5625 jam
658 5559 809 5608 esset
825 5569 1012 5614 senex,
1042 5554 1352 5609 adorabant
1378 5556 1586 5626 Ioseph
1612 5555 1856 5612 universi
1881 5557 2098 5628 populi:
2188 5557 2408 5628 pliciter
2430 5558 2662 5626 dimisit,
2681 5559 3214 5630 signiﬁcavitdicens
3244 5579 3256 5612 :
3307 5558 3633 5631 Abnegavit.
3661 5553 3714 5606 lli

2481 5719 2510 5730 ἡ
