3854 6164
175 274 255 328 301
562 261 1133 318 ENARRATIONUM
1170 263 1247 318 IN
1286 263 1440 318 EPP.
1483 263 1697 318 PAULI
1737 263 1854 318 LIB
1891 264 2089 318 XXIX.
2125 295 2188 306 —
2230 266 2310 321 IN
2345 266 2569 356 EPIST.
2609 268 2708 322 AD
2744 269 2956 325 HEBR.
3287 278 3392 334 802

169 403 250 462 est,
278 391 491 454 horruit,
517 394 800 443 aversatus
829 393 930 441 est.
969 387 1121 441 Coelo
1155 386 1360 457 quippe
1398 386 1705 458 proposito,
1727 389 1775 448 A
1793 385 1996 442 liberet
2007 388 2484 444 Deus.Hocetiam
2499 391 2724 446 Christo
2741 393 3172 452 dixitdiabolus:
3197 401 3390 457 (Mitte

170 483 469 554 superﬂuum
507 484 626 531 erat
665 477 854 530 aulam
896 475 1164 530 admirari
1187 475 1500 546 zEgyptiaci
1530 476 1709 546 regni.
1795 480 1852 529 te
1872 476 2152 531 deorsum.
2192 497 2215 528 ι
2247 478 2490 533 Intueris
2521 480 2654 550 quia
2681 481 2786 535 hoc
2824 481 3158 540 diabolicum
3189 495 3292 556 est,
3326 495 3392 545 ut

174 573 227 626 Et
248 570 352 622 vide
370 584 530 638 quam
569 565 902 618 mirabiliter
931 565 1070 618 illud
1111 564 1300 636 posuit
1329 565 1556 618 Paulus.
1589 566 1715 619 Non
1796 581 2138 636 supervacue
2181 583 2245 620 ac
2277 569 2561 638 superﬂue
2609 585 2668 623 se
2719 570 3015 640 quisquam
3063 573 3121 627 in
3176 577 3392 646 pericu-

175 660 286 713 divit
306 657 558 726 :majores
579 653 800 708 divitias
833 653 1168 707 existimavit
1186 653 1468 708 thesauris
1488 653 1715 725 [Egypti
1796 652 1915 706 lum
1940 654 2134 723 jactet,
2150 660 2370 710 tentare
2390 657 2568 711 Deum
2589 657 2636 711 si
2661 658 2872 711 salvet?
2899 660 3119 716 Etenim
3149 682 3388 735 praeesse

176 748 355 808 ccelum,
385 750 438 797 et
465 761 531 797 ea
544 760 664 813 quae
695 743 754 796 in
774 742 926 796 caelis
946 747 1108 809 sunt;
1135 742 1231 796 sed
1264 742 1405 796 dixit
1438 761 1462 793 «
1502 743 1714 812 impro-
1791 743 1914 812 jam
1944 741 2056 796 illis
2084 743 2154 797 ad
2175 744 2425 814 regimen
2447 762 2641 800 eorum
2657 762 2770 800 non
2799 753 3038 818 poterat,
3071 750 3151 804 ita
3167 752 3388 824 ingrate

175 835 350 908 perium
370 832 587 886 Christi.
607 850 632 882 »
649 831 755 884 Pro
775 830 997 884 Christo
1014 830 1164 884 enim
1177 830 1580 902 improperium
1596 848 1715 885 sus-
1797 830 2008 884 aﬂ‘ectis
2023 831 2132 885 illis
2162 832 2364 902 quibus
2379 839 2541 888 tanta
2558 835 2913 905 praestiterat.
2941 838 3186 894 Stultum
3199 841 3389 914 itaque

176 925 318 977 tinere
335 921 523 974 melius
545 919 834 990 judicavit,
870 935 1037 989 quam
1055 919 1112 972 in
1137 919 1350 974 deliciis
1371 937 1510 974 esse.
1548 938 1574 971 «
1593 921 1712 974 Ma-
1795 923 1919 973 erat
1939 919 2360 985 etinsensatum
2373 923 2982 992 permanereillicﬂaec
2993 932 3182 983 autem
3201 933 3390 986 omnia

180 1032 196 1063 ς
219 1013 290 1082 gis
301 1003 494 1080 eligens
512 1007 686 1078 aﬂligi
706 1025 832 1062 cum
846 1008 1050 1079 populo
1062 1007 1182 1071 Dei,
1201 1025 1370 1078 quam
1387 1009 1714 1079 temporalis
1795 1007 1942 1062 facta
1961 1013 2109 1075 sunt,
2125 1009 2258 1080 quia
2270 1010 2444 1064 veluti
2473 1011 2666 1066 videns
2683 1011 3020 1068 invisibilem
3043 1016 3122 1071 sic
3142 1019 3386 1075 sustine-

179 1124 198 1152 ει
219 1090 398 1170 peccati
411 1097 612 1152 habere
620 1096 1050 1166 jucunditatem.
1077 1116 1103 1150 ))
1129 1097 1242 1150 Vos
1269 1097 1418 1151 enim
1438 1114 1540 1170 pro
1560 1097 1715 1151 vobis
1793 1095 1909 1150 bat.
1943 1097 2009 1152 In
2044 1097 2356 1152 actionibus
2397 1099 2601 1170 quippe
2631 1100 2748 1155 suis
2790 1109 3056 1158 verentur
3112 1106 3385 1178 homines,

177 1188 280 1260 ipsis
296 1185 556 1258 patimini,
571 1186 665 1239 ille
685 1191 874 1239 autem
888 1202 986 1256 pro
1001 1185 1127 1240 aliis
1137 1185 1243 1240 hoc
1265 1185 1452 1256 elegit,
1485 1191 1543 1240 et
1563 1187 1713 1240 ultro
1796 1201 1934 1256 quos
1945 1186 2310 1256 corporaliter
2319 1187 2524 1242 vident:
2544 1194 2601 1242 et
2619 1189 2796 1244 Deum
2813 1189 2916 1244 sibi
2929 1200 3258 1262 praesentem
3275 1214 3388 1252 non

174 1279 370 1348 seipsum
399 1275 633 1346 projecit
659 1275 716 1328 in
737 1280 896 1328 tanta
921 1273 1187 1346 pericula,
1221 1291 1348 1349 cum
1367 1275 1418 1328 ei
1446 1275 1641 1329 liceret
1657 1281 1714 1329 et
1795 1273 2077 1328 aestimant
2095 1291 2236 1342 esse,
2259 1291 2425 1346 quem
2442 1293 2554 1330 non
2582 1277 2792 1331 vident.
2813 1279 2933 1342 Quo
2945 1283 3207 1338 contrain
3222 1285 3388 1341 laude

173 1367 240 1438 pie
262 1381 440 1425 vivere,
473 1369 528 1417 et
564 1363 926 1418 saecularibus
982 1363 1144 1417 bonis
1194 1363 1426 1435 perfrui.
1457 1383 1482 1415 «
1543 1381 1712 1434 quam
1793 1363 1972 1434 Moysi
2003 1363 2226 1429 dicitur,
2263 1364 2398 1418 dum
2442 1365 2669 1437 [Egypti
2699 1384 2890 1437 regem
2919 1375 3304 1428 contemneret
3331 1381 3389 1430 et

173 1455 498 1525 temporalem,
533 1453 740 1522 inquit,
764 1451 972 1506 habere
1003 1453 1213 1523 peccati
1221 1453 1656 1523 jucunditatem.
1681 1473 1708 1506 »
1793 1451 1896 1505 Dei
1923 1453 2203 1506 mandatis
2247 1452 2517 1520 obediret,
2574 1455 2706 1525 quia
2745 1455 3076 1512 invisibilem
3112 1466 3386 1533 tanquam

169 1544 414 1596 Peccatum
433 1541 574 1595 dixit
591 1541 739 1595 nolle
767 1541 940 1610 affligi
963 1558 1089 1595 cum
1107 1541 1230 1594 aliis
1257 1560 1268 1594 :
1287 1541 1393 1595 hoc
1421 1548 1712 1612 peccatum
1796 1540 1988 1594 videns
2011 1541 2307 1609 sustinuit;
2333 1559 2657 1614 perversum
2678 1544 2882 1616 quippe
2903 1551 3065 1602 terrae
3077 1549 3386 1623 principem

169 1649 264 1685 esse
295 1630 503 1702 putavit.
547 1630 611 1684 Si
642 1630 814 1700 igitur
843 1630 935 1684 ille
959 1646 1072 1683 non
1096 1630 1358 1684 alacriter
1387 1631 1559 1701 affligi
1585 1648 1763 1708 cum_
1795 1628 1954 1698 quasi
1983 1646 2096 1682 non
2121 1630 2291 1696 videt,
2326 1647 2494 1701 quem
2520 1631 2590 1685 ab
2616 1632 2790 1687 oculis
2819 1633 2905 1687 sui
2931 1635 3114 1690 cordis
3145 1638 3381 1708 abjecit:

169 1719 339 1774 ueteris
362 1725 650 1790 peccatum
685 1736 806 1773 esse
831 1718 1123 1788 judicavit,
1156 1735 1424 1788 magnum
1446 1736 1580 1790 ergo
1609 1704 1773 1774 bo-B
1793 1734 1983 1788 regem
2017 1735 2148 1772 vero
2185 1718 2520 1773 invisibilem
2558 1725 2829 1792 tanquam
2871 1723 3064 1778 videns
3093 1726 3380 1796 sustinuit,

170 1826 272 1862 num
286 1813 357 1862 est
369 1808 618 1874 afﬂictio,
653 1807 724 1862 ad
757 1824 926 1878 quam
941 1824 1006 1860 ex
1032 1807 1256 1877 fastigio
1276 1808 1451 1878 regali
1463 1809 1710 1879 seipsum
1794 1805 1927 1876 quia
1955 1805 2025 1860 ab
2055 1807 2178 1876 ejus
2205 1807 2409 1862 timore
2437 1807 2645 1862 intuitu
2670 1811 2876 1865 mentis
2901 1813 3124 1867 oculum
3157 1831 3271 1870 non
3294 1817 3388 1872 de-

169 1897 373 1967 projecit.
403 1898 529 1952 Haec
542 1897 699 1951 enim
718 1895 973 1961 faciebat,
1007 1913 1214 1967 magna
1233 1897 1489 1968 quaedam
1520 1897 1712 1968 praevi-
1792 1893 1966 1948 ﬂexit.
2001 1893 2058 1948 Si
2106 1894 2280 1964 igitur
2333 1895 2585 1950 videmus
2619 1903 2807 1952 mente
2855 1916 3077 1971 semper
3105 1903 3306 1972 Deum,
3337 1905 3384 1960 si

167 1987 285 2040 dens.
294 2006 314 2038 (ι
341 1987 579 2056 Majores
601 1985 823 2040 divitias
835 1985 1118 2039 aestimans
1145 1986 1412 2040 thesauro
1423 1985 1711 2058 Egyptio-
1791 1999 2014 2053 semper
2039 1983 2097 2036 in
2109 1983 2492 2038 recordatione
2505 1985 2628 2055 ejus
2639 1986 3014 2042 convertimus
3026 1996 3271 2046 mentem
3289 2009 3386 2046 no-

169 2097 186 2123 ε
213 2093 314 2129 rum
339 2075 738 2146 improperium
773 2075 983 2128 Christi
1005 2092 1016 2128 :
1036 2073 1340 2146 aspiciebat
1367 2075 1517 2128 enim
1537 2075 1597 2128 in
1617 2092 1708 2129 re-
1790 2075 1986 2135 stram,
2019 2071 2210 2125 omnia
2238 2071 2398 2126 nobis
2419 2071 2580 2126 facile
2608 2074 2978 2145 apparebunt,
2993 2077 3182 2132 omnia
3198 2085 3385 2152 porta-

167 2183 184 2214 ιῑ
203 2165 639 2218 munerationem.
676 2183 700 2216 ›)
726 2163 871 2228 Quid
920 2169 1005 2216 est
1032 2162 1436 2234 improperium
1457 2163 1708 2218 Christi?
1789 2158 2146 2226 bilia,omnia
2165 2159 2362 2214 leviter
2381 2159 2741 2227 sustinemus,
2777 2163 3037 2218 omnibus
3065 2167 3382 2237 superiores

165 2253 251 2306 Hoc
280 2252 732 2324 est,improperia
757 2251 896 2306 talia
913 2252 1192 2306 sustinere
1214 2252 1401 2322 qualia
1421 2269 1571 2306 nunc
1588 2269 1703 2319 vos,
1789 2247 2082 2302 efficimur.
2117 2248 2176 2302 Si
2206 2249 2358 2302 enim
2387 2249 2686 2320 quisquam
2713 2250 2978 2306 dilectum
3006 2253 3175 2320 videt,
3203 2256 3383 2327 magis

165 2342 292 2410 quale
301 2341 543 2395 Christus
563 2341 734 2394 etiam
747 2340 1454 2412 sustinuitimproperium.
1490 2341 1560 2395 Et
1575 2357 1708 2411 quo-
1789 2340 1979 2390 autem
2000 2337 2325 2391 recordatus
2355 2337 2524 2403 illius,
2542 2337 2710 2408 erigit
2722 2339 2969 2394 animam
2989 2347 3048 2396 et
3066 2347 3254 2398 mente
3283 2361 3378 2400 su-

163 2429 388 2500 modopro
399 2430 625 2484 Christo
637 2429 904 2482 sustinuit
920 2428 1176 2500 Moyses?
1199 2449 1218 2479 ι
1237 2430 1404 2483 Petra
1421 2429 1571 2483 enim
1588 2435 1711 2484 erat
1788 2423 1977 2478 blimis
2007 2424 2264 2492 efficitur,
2287 2431 2353 2480 ut
2376 2426 2564 2480 omnia
2580 2427 2739 2481 facile
2769 2429 2988 2496 toleret,
3019 2431 3288 2488 delicians
3317 2449 3383 2488 ex

163 2516 389 2572 Christus.
412 2538 434 2569 ι)
485 2519 584 2572 Sic
635 2517 784 2571 enim
815 2523 870 2570 et
897 2518 992 2570 ille
1028 2517 1433 2592 improperium
1465 2518 1707 2572 sustine-
1789 2513 2366 2578 memoriaillius.Qui
2391 2515 2539 2569 enim
2566 2515 2627 2569 in
2653 2520 2842 2571 mente
2860 2517 3383 2592 habueriteum,qui

160 2604 245 2671 hat,
273 2607 401 2661 sicut
443 2607 856 2678 improperium
903 2591 1266 2674 sustinemus,
1299 2607 1432 2679 quia
1459 2608 1709 2680 patimur
1787 2619 1890 2659 nos
1919 2601 2152 2672 diligere
2181 2619 2309 2657 vere
2339 2603 2602 2674 dignatus
2624 2610 2727 2670 est,
2777 2611 2834 2659 et
2860 2607 3186 2662 recordatus
3213 2591 3384 2664 fuerit

158 2694 275 2747 mala
316 2701 706 2749 concurrentes
746 2695 816 2748 ad
865 2695 1064 2748 Deum.
1125 2695 1214 2749 Sic
1265 2695 1436 2748 etiam
1473 2695 1568 2748 ille
1595 2695 1704 2750 im-
1787 2691 1928 2760 ejus,
1953 2706 2067 2744 non
2087 2691 2550 2762 poteritaliquam
2564 2693 2772 2748 sentire
2789 2693 3204 2762 tristitiam,aut
3221 2699 3383 2752 terri-

157 2785 426 2854 properium
459 2783 796 2848 sustinebat,
821 2783 1044 2854 quando
1071 2783 1336 2838 audiebat
1360 2802 1372 2836 :
1402 2803 1428 2835 (‹
1452 2785 1615 2839 Nunc
1641 2790 1704 2839 tu
1785 2777 1896 2833 bile
1907 2779 2119 2850 aliquid
2133 2781 2618 2850 autpericulosum
2629 2782 2850 2836 timere.
2885 2803 2908 2835 ι
2929 2784 3064 2838 Fide
3075 2786 3378 2842 celebravit

156 2870 426 2926 interimere
451 2891 539 2927 me
565 2873 670 2937 vis,
689 2872 834 2927 sicut
845 2871 1171 2926 interfecisti
1181 2873 1304 2927 heri
1315 2873 1700 2945 Egyptium?»
1793 2887 1814 2914 σι
1839 2867 2048 2938 paSCha
2069 2872 2126 2921 et
2139 2869 2429 2939 sangUiniS
2447 2869 2872 2937 effusionemme
2885 2872 2982 2944 qui
2992 2873 3247 2928 vastabat
3259 2875 3376 2946 pri-

156 2959 245 3013 Hoc
262 2967 336 3016 est
351 2961 754 3034 improperium
771 2961 1182 3032 Christimsque
1199 2961 1256 3015 in
1273 2962 1442 3016 ﬁnem
1457 2966 1514 3016 et
1525 2961 1705 3016 novis-
1721 3018 1762 3036 Π
1789 2973 1815 3007 (ι
1831 2954 2310 3028 mitiva,tangeret
2319 2975 2430 3012 eos.
2442 2978 2467 3011 ))
2482 2958 2735 3013 Plurima
2746 2960 2954 3015 Paulus
2963 2960 3244 3034 interipsa
3255 2981 3378 3036 quas

156 3047 318 3102 simum
334 3018 595 3120 spirituin
623 3049 741 3120 pati
763 3049 930 3114 mala,
964 3018 1110 3103 sicut
1140 3049 1311 3103 etiam
1339 3048 1459 3120 ipse
1489 3049 1701 3120 impro-
1719 3018 1762 3079 Ο
1785 3018 2038 3116 loquitur
2051 3018 2671 3116 soletargumentari,et
2683 3049 2892 3104 densus
2903 3018 3374 3108 estinseritentiis.

154 3137 276 3204 paria
299 3139 609 3192 sustinebat
622 3143 680 3192 et
702 3137 993 3191 audiebat:
1029 3155 1054 3190 α
1079 3136 1136 3191 Si
1155 3137 1331 3190 Filius
1355 3137 1458 3191 Dei
1471 3155 1548 3202 es,
1588 3157 1612 3188 ι
1648 3143 1706 3192 et
1784 3133 1936 3187 Talis
1949 3133 2154 3205 quippe
2183 3140 2270 3188 est
2293 3135 2535 3206 Spiritus
2555 3136 2734 3190 sancti
2754 3137 2957 3207 gratia,
2981 3155 3094 3194 non
3118 3140 3178 3194 in
3195 3140 3376 3196 abun-

155 3224 206 3276 ab
227 3227 295 3280 eis
313 3227 591 3292 audiebat,
633 3243 733 3297 pro
761 3225 963 3296 quibus
993 3224 1445 3295 cruciﬁgebatur,
1471 3225 1529 3279 id
1555 3230 1640 3280 est
1670 3243 1706 3280 a
1786 3221 1980 3276 dantia
2008 3222 2300 3278 verborum
2321 3241 2529 3295 paucas
2549 3225 2799 3280 continet
2827 3227 3154 3295 sententias,
3189 3229 3286 3284 sed
3317 3229 3376 3284 in

152 3313 515 3368 contribulibus.
539 3314 662 3368 Hoc
675 3319 759 3367 est
786 3312 1188 3384 improperium
1216 3311 1443 3378 Christi,
1479 3313 1702 3383 quando
1785 3309 2362 3366 brevitateverborum
2374 3329 2642 3384 magnum
2654 3313 3382 3386 habetetplurimumintel-

153 3401 399 3472 quisquam
427 3421 460 3457 a
497 3401 844 3467 domesticis,
895 3401 1120 3472 quando
1153 3401 1448 3472 quisquam
1491 3401 1560 3456 ab
1593 3401 1699 3468 his,
1786 3399 2255 3454 lectum.Intuere
2282 3401 2455 3471 igitur
2479 3403 2758 3472 quomodo
2785 3403 2889 3457 sub
2917 3405 3210 3460 occasione
3248 3407 3376 3462 hor-

155 3489 317 3558 quibus
331 3491 663 3546 beneﬁcium
693 3491 972 3563 praestitit,
1000 3489 1241 3544 sustinet
1261 3490 1660 3561 improperium
1687 3509 1702 3542 ξ
1784 3487 2015 3542 tationis
2036 3493 2094 3542 et
2119 3489 2188 3543 de
2218 3489 2328 3542 fide
2365 3489 2678 3560 disputans,
2713 3492 2873 3561 cujus
2885 3509 2980 3546 eos
2999 3493 3118 3564 typi
3135 3510 3376 3550 comme-

151 3579 316 3633 etenim
339 3581 427 3634 ille
459 3597 687 3652 quoque
718 3597 820 3652 pro
853 3579 1122 3633 beneﬂcio
1155 3595 1256 3633 suo
1299 3579 1416 3634 haec
1448 3579 1703 3649 patieba-
1783 3581 1986 3643 morat,
2005 3577 2266 3648 etquanti
2283 3577 2554 3648 mysterii,
2577 3579 3023 3649 cujushabemus
3055 3581 3366 3638 veritatem.

152 3670 238 3719 tur.
264 3669 354 3723 llic
382 3687 475 3724 eos
504 3669 788 3733 excitavit,
841 3669 1142 3722 ostendens
1171 3667 1304 3738 quia
1351 3674 1406 3722 et
1445 3669 1702 3722 Christus
1787 3665 2717 3736 «Fide,inquit,celebravitpascha
2738 3668 3374 3741 eteﬂ'usionemsangui-

152 3756 307 3810 eadem
331 3776 525 3829 passus
567 3763 655 3812 est
683 3763 739 3811 et
758 3759 998 3829 Moyses,
1030 3757 1153 3810 dua:
1183 3773 1434 3828 persona
1457 3757 1620 3810 clarae
1647 3761 1706 3811 et
1784 3753 1977 3820 nis,ne
1992 3753 2353 3824 quivastabat
2371 3755 2674 3826 primitiva,
2695 3760 2954 3826 tangeret
2976 3775 3088 3812 eos.
3110 3777 3136 3810 »
3168 3759 3376 3814 Eﬂ'usio

151 3843 680 3915 divulgatzeProinde
711 3847 919 3900 Christi
940 3845 1120 3916 magis
1145 3851 1231 3899 est
1250 3845 1400 3900 istud
1427 3845 1704 3916 imprope-
1785 3843 2076 3912 sanguinis
2107 3843 2238 3914 agni
2281 3843 2702 3898 sacriﬁcabatur
2743 3844 2802 3899 in
2853 3845 3037 3912 domo,
3071 3851 3129 3900 et
3155 3847 3216 3901 in
3243 3864 3376 3902 san-

148 3931 281 4000 rium,
298 3953 458 4006 quam
499 3935 704 4006 Moysi.
751 3935 1017 4006 quoniam
1046 3951 1082 3988 a
1108 3933 1349 4006 propriis
1376 3933 1488 3988 ista
1505 3951 1703 4005 passus
1782 3931 1952 4001 guine
1971 3930 2429 4002 perungebantur
2448 3937 2654 4004 postes,
2692 3938 2750 3987 et
2784 3933 2890 3988 hoc
2917 3939 3040 3989 erat
3057 3939 3314 3990 tutamen
3342 3953 3378 3992 a

149 4027 214 4072 est
240 4023 631 4096 :improprium
659 4023 974 4080 sustinebat
1000 4030 1057 4077 et
1087 4023 1366 4095 patienter
1393 4028 1597 4077 cuncta
1619 4023 1703 4078 fe-
1784 4019 2096 4090 perditione
2109 4020 2388 4092 Egyptia.
2405 4021 2463 4074 Si
2484 4020 2658 4092 igitur
2671 4021 3148 4092 sanguisagninus
3167 4023 3225 4078 in
3255 4041 3376 4080 me-

150 4109 275 4164 rebat
299 4112 402 4167 illis
419 4114 775 4168 moventibus
799 4114 987 4184 capita
1006 4129 1127 4168 sua.
1145 4112 1289 4178 Quia
1299 4128 1430 4182 ergo
1443 4116 1705 4184 poterant
1785 4107 1878 4162 dio
1899 4108 2289 4180 Egyptiorum
2317 4114 2376 4164 et
2403 4109 2462 4163 in
2480 4109 3032 4165 tantadevastatione
3051 4111 3254 4168 illaesos
3265 4130 3378 4168 ser-

149 4195 344 4254 fortasse
358 4201 442 4255 his
461 4201 674 4256 auditis
707 4201 1028 4263 desiderare
1059 4201 1228 4256 etiam
1258 4201 1364 4272 ipsi
1386 4199 1704 4256 retributio-
1783 4195 1952 4251 vabat
1972 4197 2397 4265 Judaeos,multo
2409 4198 2650 4270 amplius
2660 4199 2895 4254 salvabit
2915 4217 3156 4266 nos,non
3167 4207 3375 4272 postes,

148 4300 265 4352 nem,
281 4288 548 4360 dicitquia
563 4296 620 4344 et
640 4291 964 4344 Christuset
991 4289 1361 4361 Moysestalia
1378 4287 1528 4360 passi
1548 4294 1698 4344 sunt.
1787 4286 1883 4340 sed
1912 4285 2132 4341 animas
2167 4292 2392 4342 nostras
2435 4287 2644 4342 Christi
2671 4288 2946 4358 sanguine
2975 4296 3372 4360 perungentes.

148 4372 350 4432 Proinde
371 4379 600 4444 deliciae,
619 4378 821 4449 inquit,
845 4383 904 4432 et
930 4378 1186 4432 remissio
1217 4379 1286 4432 ad
1306 4383 1522 4448 partem
1535 4373 1766 4450 perti-D
1784 4374 2006 4429 Etenim
2029 4376 2150 4446 jam
2182 4393 2330 4430 nunc
2359 4376 2454 4446 qui
2483 4377 2738 4430 devastat
2762 4376 2820 4430 in
2845 4377 3123 4447 profunda
3139 4395 3202 4432 ac
3215 4385 3376 4434 nocte

149 4468 840 4539 nentpeccati,improperia
865 4485 994 4522 vero
1005 4467 1282 4522 sustinere
1296 4467 1366 4520 ad
1391 4467 1698 4522 Christum.
1785 4463 2114 4530 circuit,sed
2134 4463 2440 4520 induaniur
2451 4481 2612 4519 arma
2625 4465 2880 4536 justiti-ae,
2904 4465 3009 4519 hoc
3053 4471 3138 4520 est
3157 4466 3252 4520 illo
3291 4483 3378 4520 sa-

205 4570 226 4602 ε
251 4555 370 4610 Fide
399 4557 630 4628 reliquit
659 4557 981 4628 zEgyptum,
1005 4572 1116 4609 non
1135 4555 1344 4609 veritus
1380 4555 1705 4610 animosita-
1785 4552 2358 4608 criﬁcio.Eﬂ'usionem
2370 4553 2659 4624 sanguinis
2670 4553 3095 4625 perunctionem
3107 4555 3370 4626 appellat.

153 4656 172 4684 ε
189 4643 283 4694 tem
303 4645 463 4715 regis,
479 4645 820 4699 invisibilem
848 4644 998 4698 enim
1027 4649 1301 4714 tanquam
1327 4643 1521 4698 videns
1537 4643 1704 4698 susti-
1785 4642 1863 4696 Ex
1902 4641 2140 4712 [Egypto
2169 4641 2319 4696 enim
2341 4643 2534 4697 eduxit
2564 4659 2666 4697 nos
2687 4643 2856 4708 Deus,
2876 4643 2980 4696 hoc
2999 4647 3102 4708 est,
3139 4660 3205 4696 ex
3223 4649 3377 4698 tene-

153 4746 172 4772 εί
195 4731 346 4784 nuit.»
371 4733 517 4796 Quid
561 4733 698 4787 dicis
719 4733 852 4805 quia
870 4749 984 4787 non
1005 4733 1230 4787 timuit?
1251 4738 1309 4787 et
1336 4738 1530 4788 tamen
1551 4733 1701 4788 Scri-
1782 4728 1900 4783 bris
1929 4735 1986 4784 et
2005 4729 2339 4784 idololatria.
2357 4730 2621 4794 Quamvis
2650 4731 2799 4802 quod
2829 4729 3001 4784 ﬁebat
3030 4731 3172 4784 nihil
3201 4738 3368 4800 esset,

153 4821 278 4882 ptum
297 4819 396 4874 hoc
423 4821 578 4888 dicit,
594 4823 728 4893 quia
755 4822 988 4876 audiens
1016 4821 1226 4876 veritus
1257 4827 1360 4888 est,
1377 4827 1434 4875 et
1452 4827 1704 4893 propter-
1783 4818 1881 4872 sed
1899 4817 2047 4889 quod
2059 4818 2306 4888 perillud
2321 4819 2716 4889 perficiebatur
2747 4836 3014 4889 magnum
3035 4825 3177 4873 erat.
3211 4820 3371 4884 Quod

153 4916 202 4954 ea
223 4905 340 4976 fuga
364 4910 606 4964 salutem
635 4909 930 4981 acquisivit
975 4916 1033 4964 et
1057 4927 1093 4964 a
1128 4910 1263 4980 fuga
1291 4926 1546 4964 reversus
1576 4915 1696 4976 est;
1783 4906 1934 4960 enim
1963 4905 2150 4970 fiebat,
2169 4906 2594 4977 sanguiniserat
2608 4907 2834 4962 effusio:
2861 4907 3010 4978 quod
3025 4913 3216 4962 autem
3245 4926 3374 4980 per-

153 4992 415 5051 sedtamen
445 4998 593 5068 quod
617 5015 871 5052 reversus
895 5001 982 5052 est
1009 4997 1423 5062 iterum,animi
1444 5003 1567 5052 erat
1587 4999 1702 5052 Deo
1782 4994 2092 5060 ﬁciebatur,
2125 4995 2278 5049 salus
2307 5001 2366 5050 et
2413 4995 2692 5050 conclusio
2743 5000 2799 5050 et
2843 4996 3144 5067 prohibitio
3193 4997 3374 5068 perdi-

153 5094 198 5132 δε
216 5086 744 5142 αιωωὶῐῐθηῐίεΝοη
768 5087 916 5140 enim
936 5087 1094 5153 dixit,
1115 5087 1260 5152 Quia
1274 5093 1534 5158 quaerunt
1547 5091 1705 5142 meet
1783 5083 1972 5140 tionis.
2013 5081 2228 5136 Timuit
2256 5083 2414 5137 illum
2457 5083 2790 5154 sanguinem
2831 5085 3064 5155 angelus
3093 5103 3105 5138 :
3139 5085 3368 5152 sciebat,

153 5177 447 5239 scrutantur,
478 5192 590 5230 non
618 5193 706 5230 me
735 5175 910 5246 igitur
939 5175 1148 5230 eisdem
1163 5175 1298 5247 ipsis
1325 5176 1695 5230 committam.
1783 5173 1953 5238 enim,
1977 5171 2140 5242 cujus
2169 5175 2291 5226 erat
2315 5176 2503 5243 typus,
2557 5171 2808 5244 diriguit,
2850 5173 3199 5228 Dominicam
3228 5189 3373 5228 mor-

153 5249 349 5314 Proinde
369 5263 542 5317 etiam
563 5265 710 5336 quod
739 5280 774 5318 a
801 5263 935 5334 fuga
969 5281 1226 5319 reversus
1267 5270 1370 5329 est,
1403 5263 1534 5318 ﬁdei
1571 5263 1697 5318 fuit.
1781 5268 1898 5316 tem
1923 5260 2242 5332 intelligens
2273 5277 2284 5312 :
2313 5266 2610 5332 propterea
2625 5277 2736 5316 non
2764 5262 2955 5333 tetigit
2981 5267 3188 5333 postes.
3221 5262 3374 5318 Dixit

152 5339 232 5404 Qui
257 5351 412 5418 ergo?
447 5353 572 5406 Non
609 5353 936 5424 permansit,
961 5353 1165 5424 inquit,
1189 5370 1260 5408 ne
1276 5353 1416 5408 sein
1438 5357 1697 5424 apertum
1780 5351 2002 5424 Moyses
2037 5368 2048 5402 :
2087 5348 2312 5420 Ungite,
2354 5354 2411 5402 et
2452 5355 2752 5417 unxerunt,
2818 5355 2876 5404 et
2930 5351 3168 5406 confessi
3215 5357 3369 5406 sunt.

151 5436 483 5506 Pm‘ipitaret
501 5442 807 5511 periculum
823 5461 834 5496 :
853 5442 987 5513 quia
999 5443 1101 5497 hoc
1115 5443 1236 5514 jam
1249 5443 1519 5496 tentantis
1531 5447 1694 5507 esset,
1777 5437 1894 5497 Vos
1907 5437 2282 5509 autemipsius
2293 5437 2423 5508 agni
2447 5437 2717 5492 habentes
2740 5437 3072 5508 sanguinem
3102 5456 3214 5494 non
3243 5455 3374 5494 con-

155 5516 331 5578 insilire
359 5526 415 5581 in
431 5529 615 5584 media
639 5531 888 5601 pericula
901 5536 959 5586 et
975 5531 1190 5586 dicere:
1215 5531 1520 5586 Videamus
1549 5531 1596 5584 si
1610 5546 1701 5584 me
1784 5528 1996 5583 fiditis?
2030 5546 2056 5581 α
2093 5527 2229 5582 Fide
2249 5526 2598 5582 transierunt
2616 5542 2771 5582 mare
2791 5525 3073 5595 Rubrum,
3099 5534 3371 5600 tanquam
