3848 6164
515 238 619 304 803

1111 247 1172 306 Β.
1217 245 1486 308 MBAN!
1525 239 1757 307 MAURI
1793 244 2130 308 ARCHIEP.
2172 243 2496 302 MOGUNT.
2537 243 2836 305 OPERUM
2872 243 3058 308 PARS
3094 241 3191 308 ΙΙΙ.

3631 247 3708 308 804

517 383 545 422 ι
577 383 679 440 per
693 367 913 424 aridam
931 373 1171 424 terram:
1197 369 1346 442 quod
1363 369 1577 442 experti
1588 369 1834 442 [Egyptii
1853 369 2104 424 devorati
2125 367 2182 428 A
2198 384 2361 424 suum
2391 369 2689 440 protelare.
2720 369 2933 424 Tamen
2979 382 3091 424 non
3129 383 3197 422 ea
3223 366 3483 437 explanat,
3511 369 3597 422 sed
3621 387 3714 440 per-

521 474 546 508 α
580 463 730 512 sunt.
758 476 783 510 »
807 457 1017 514 Iterum
1030 459 1299 530 populum
1317 459 1624 532 perfectum
1654 463 1944 530 comparat
1964 457 2112 530 plebi

516 545 685 602 unius
713 544 838 612 loci,
875 563 944 602 ne
973 546 1165 602 dicant
1188 547 1320 618 quia
1341 564 1450 602 non
1477 563 1775 620 possumus
1804 547 2112 604 secundum

513 633 661 704 quod
683 634 824 703 justi
851 639 1175 706 potuerunt.
1237 655 1263 688 α
1301 635 1454 700 Fide,
1513 636 1716 708 inquit,
1769 635 2115 693 transierunt

511 738 668 778 mare
693 721 966 788 Rubrum,
995 728 1268 794 tanquam
1299 741 1400 796 per
1427 723 1646 778 aridam
1677 731 1922 778 terram:
1961 723 2110 794 quod

513 811 724 882 experti
781 811 1006 884 1Egypti
1037 811 1286 886 absorpti
1313 819 1462 868 sunt.
1520 837 1543 860 υ
1596 814 1660 868 In
1709 813 1813 868 hoc
1867 813 1988 868 loco
2038 811 2110 868 ad

515 899 960 960 recordationem
987 916 1083 956 eos
1113 901 1341 956 adducit
1361 901 1706 972 passionum,
1727 901 1934 972 quasin
1946 901 2112 974 ngy-

514 993 610 1058 pto
633 988 783 1060 passi
801 989 1400 1053 sunt.Quomodohoc?
1429 989 1691 1056 Quiaiide
1702 988 2003 1062 sperabant
2011 1005 2115 1062 per

518 1093 674 1134 mare
705 1076 958 1136 Rubrum
981 1079 1240 1148 transire,
1267 1084 1495 1150 propter
1522 1078 1627 1136 hoc
1641 1077 1907 1134 orabant:
1934 1077 2114 1150 magis

516 1171 706 1222 autem
735 1167 953 1240 Moyses
974 1173 1097 1222 erat
1143 1165 1240 1240 qui
1277 1165 1492 1224 orabat.
1527 1166 1956 1240 Contemplaris,
1983 1166 2113 1238 quia

513 1253 720 1330 ubique
741 1255 881 1312 ﬁdes
893 1254 1350 1311 ratiocinationes
1371 1256 1657 1310 humanas
1676 1254 1911 1322 excedit,
1939 1260 1997 1309 et
2025 1255 2111 1312 in-

516 1343 845 1398 ﬁrmitatem
855 1350 1025 1416 atque
1039 1343 1418 1400 humilitatem
1433 1343 1722 1400 hominum
1739 1343 2004 1416 superat?
2025 1343 2113 1400 In-

516 1431 696 1488 tueris
721 1432 854 1504 quia
863 1433 981 1502 jam
1007 1432 1175 1488 simul
1199 1438 1263 1486 ut
1294 1431 1614 1498 credebant,
1650 1432 1820 1486 etiam
1841 1431 2114 1504 supplicia

517 1519 891 1584 declinabant,
915 1537 1063 1576 nunc
1075 1520 1299 1592 quidem
1327 1521 1385 1574 in
1405 1521 1681 1592 sanguine
1693 1520 2114 1592 postium,nunc

517 1615 708 1665 autem
735 1608 794 1664 in
808 1609 998 1663 Rubro
1013 1609 1192 1664 mari?
1204 1609 1274 1664 Et
1287 1610 1392 1668 hoc
1405 1608 1802 1664 manifestabat
1817 1625 2020 1680 aquam
2034 1625 2116 1663 es-

2194 457 2388 521 currit,
2411 461 2696 532 sapienter
2713 457 2871 512 valde
2891 461 3193 526 utrumque
3221 453 3438 520 faciens,
3459 461 3512 510 et
3535 461 3714 530 tempus

2193 545 2429 616 fugiens,
2455 553 2512 602 et
2535 547 2874 602 densitatem
2903 543 3306 600 sententiarum
3337 561 3440 598 non
3460 545 3680 602 auferens
3704 567 3712 598 :

2193 651 2376 708 neque
2399 636 2548 692 enim
2569 635 2800 690 omnino
2811 633 3006 698 tacuit,
3014 649 3194 704 neque
3209 631 3394 686 dicens
3410 633 3644 687 molestus
3655 641 3717 688 est

2195 723 2425 777 elfectus
2441 741 2452 776 :
2472 729 2776 794 utrumque
2789 728 2978 778 autem
2993 721 3138 776 fecit.
3160 721 3299 774 Cum
3323 719 3463 774 enim
3474 721 3717 795 quisquam

2195 811 2416 870 fortiter
2425 811 2694 876 decertat,
2709 811 2757 868 si
2777 811 2836 868 in
2848 810 3153 866 certamine
3168 814 3488 882 perseveret,
3502 809 3719 880 defatigat

2195 901 2510 958 auditorem
2518 900 2644 968 .Qui
2655 900 2806 958 enim
2817 901 2936 972 jam
2952 897 3201 954 credenti
3211 897 3541 966 longitudine
3551 915 3720 953 sermo-

2193 989 2560 1046 nismolestus
2585 1006 2707 1047 esse
2735 988 2993 1053 voluerit,
3009 987 3329 1058 opinionem
3355 984 3640 1043 ambitionis
3656 987 3720 1040 in-

2195 1078 2373 1135 currit
2395 1097 2405 1132 :
2433 1084 2656 1149 oportet
2674 1078 2825 1136 enim
2845 1076 3080 1133 utilitati
3101 1075 3719 1148 prospicere,etcoaptari.

2199 1183 2226 1221 ι
2257 1167 2338 1224 De
2368 1167 2614 1231 Gedeon,
2672 1165 2908 1232 Baracb,
2963 1165 3220 1228 Samson,
3252 1164 3463 1236 Jephte,
3494 1163 3642 1216 David
3681 1171 3722 1217 et

2197 1273 2222 1308 ι
2260 1255 2486 1310 Samuel
2507 1260 2564 1312 et
2591 1253 2896 1328 prophetis,
2922 1253 3018 1326 qui
3039 1269 3142 1324 per
3169 1252 3336 1306 fidem
3366 1251 3726 1305 deviceruntre—

2197 1361 2224 1398 ‹‹
2251 1360 2384 1416 gna.
2415 1364 2436 1394 ι
2464 1345 2528 1400 In
2559 1344 2664 1398 hoc
2691 1344 2814 1397 loco
2839 1343 3072 1412 culpant
3099 1341 3340 1400 Paulum
3369 1340 3593 1412 quidam,
3619 1357 3726 1410 quo-

2195 1431 2348 1486 niam
2381 1432 2594 1490 Barach
2615 1436 2673 1486 et
2691 1431 2930 1486 Samson
2953 1435 3011 1484 et
3035 1429 3322 1503 Jephthen
3350 1428 3725 1484 interistoscon-

2197 1520 2398 1580 stituit.
2433 1519 2575 1586 Quid
2595 1519 2772 1576 dicis?
2801 1518 3153 1574 meretricem
3179 1517 3356 1590 ponit,
3391 1516 3517 1570 istos
3545 1533 3637 1571 non
3659 1534 3728 1588 po-

2196 1609 2336 1664 nat?
2363 1610 2479 1666 Nec
2499 1608 2639 1666 mihi
2669 1625 2818 1664 nunc
2843 1609 2997 1662 dicas
3017 1606 3189 1663 aliam
3203 1606 3372 1660 vitam
3403 1605 3726 1674 eorum,sedsi

519 1714 598 1763 se,
632 1714 744 1772 qua
762 1698 844 1754 illi
873 1697 1159 1754 venientes
1180 1697 1428 1768 absorpti
1449 1703 1615 1754 sunt:
1642 1715 1707 1752 ex
1728 1699 1832 1752 hoc
1854 1693 2116 1768 apparuit
2137 1684 2180 1742 Β
2200 1715 2311 1754 non
2347 1697 2724 1754 crediderunt.
2759 1703 2816 1750 et
2843 1697 2890 1755 si
2919 1713 3032 1752 non
3060 1696 3388 1750 claruerunt
3405 1694 3462 1748 in
3487 1693 3598 1747 fide.
3634 1681 3662 1745 ἆ
3679 1695 3728 1746 Et

521 1803 634 1842 non
661 1803 780 1842 esse
809 1786 1185 1858 phantasiam,
1215 1786 1313 1841 sed
1334 1786 1480 1842 sicut
1507 1787 1564 1842 in
1594 1786 1852 1842 leonibus
1879 1786 1990 1842 illis
2020 1786 2114 1860 qui
2195 1786 2505 1861 prophetis,
2527 1785 2731 1858 inquit,
2752 1785 2847 1856 qui
2883 1802 2984 1856 per
3005 1785 3177 1838 fidem
3221 1787 3642 1855 expugnaverunt
3663 1798 3729 1834 re-

519 1873 590 1933 ab
620 1875 701 1930 eis
729 1875 976 1930 devorati
991 1880 1142 1940 sunt,
1171 1874 1532 1932 ostentabant
1561 1875 1855 1930 veritatem
1873 1892 2066 1932 rerum
2097 1893 2110 1942 ;
2193 1891 2308 1946 gna
2334 1895 2362 1927 n
2392 1874 2654 1946 «Operati
2673 1880 2806 1930 sunt
2819 1873 3121 1944 justitiam,
3147 1872 3336 1944 adepti
3355 1877 3480 1926 sunt
3491 1869 3727 1943 repromiso

517 1968 575 2018 et
599 1963 748 2018 sicut
789 1963 848 2018 in
891 1963 1112 2018 camino
1149 1964 1246 2036 qui
1299 1963 1514 2020 incensi
1542 1969 1676 2020 sunt
1708 1965 1872 2030 (Dan.
1910 1981 1982 2030 γι,
2007 1967 2108 2034 ω),
2203 1983 2226 2016 ι
2260 1963 2466 2020 siones.
2511 1988 2531 2011 ιι
2567 1962 2675 2030 Qui
2698 1968 2830 2018 sunt
2851 1961 2942 2020 isti
2974 1979 3118 2036 quos
3155 1961 3330 2018 dicit?
3357 1959 3730 2014 Misericordiam

516 2051 594 2108 sic
627 2051 800 2108 etiam
827 2067 977 2107 nunc
1005 2052 1233 2126 inspicis
1253 2052 1478 2108 easdem
1501 2069 1611 2116 res,
1629 2052 1756 2107 aliis
1783 2053 2012 2126 quidem
2043 2052 2113 2110 ad
2196 2052 2346 2108 enim
2365 2051 2502 2108 dicit
2539 2051 2595 2106 in
2635 2051 2739 2106 hoc
2779 2052 2922 2117 loco,
2949 2067 3120 2123 quam
3149 2049 3347 2104 habuit
3383 2047 3562 2103 David.
3593 2048 3656 2102 De
3681 2063 3728 2100 eo

516 2141 758 2198 salutem
788 2145 845 2194 et
865 2141 1130 2212 gratiam,
1153 2141 1279 2197 aliis
1303 2146 1493 2199 autem
1520 2141 1591 2196 ad
1629 2141 2002 2214 perditionem
2025 2157 2116 2196 va-

515 2229 708 2287 luisse.
726 2231 792 2284 In
803 2234 1028 2286 tantum
1049 2235 1136 2285 est
1151 2229 1292 2286 ﬁdes
1311 2246 1581 2300 magnum
1591 2229 1820 2296 bonum,
1845 2229 2114 2304 quoniam

518 2318 708 2385 etiam,
750 2318 976 2390 quando
1021 2318 1093 2372 ad
1139 2317 1590 2392 desperationem
1627 2317 1874 2392 aliquam
1901 2317 2114 2373 veneri-

519 2424 666 2473 mus,
701 2412 834 2462 tunc
864 2423 1085 2479 quoque
1111 2406 1437 2472 liberamur,
1471 2424 1536 2461 ac
1566 2407 1614 2462 si
1644 2423 1823 2480 usque
1847 2407 1918 2462 ad
1932 2407 2113 2480 ipsam

521 2499 762 2550 mortem
777 2493 1086 2560 veniamus,
1104 2511 1169 2550 ac
1195 2495 1242 2550 si
1266 2494 1334 2548 de
1355 2493 1512 2550 nobis
1533 2495 1604 2550 ab
1636 2493 1895 2550 ommbus
1915 2494 2115 2564 despe-

519 2588 695 2640 retur.
731 2583 866 2645 Quae
897 2599 1140 2654 namque
1164 2585 1283 2654 jam
1313 2600 1440 2657 spes
1473 2583 1630 2638 erat?
1663 2579 1805 2640 Hinc
1843 2582 2110 2654 Egyptii,

522 2670 653 2726 inde
682 2687 856 2736 mare,
916 2671 1024 2746 ipsi
1071 2671 1316 2728 inermes
1349 2689 1361 2725 :
1394 2677 1494 2728 aut
1521 2671 1671 2726 enim
1697 2671 1758 2728 in
1786 2671 1928 2727 mari
1953 2675 2116 2726 erant

522 2757 782 2835 perituri,
805 2758 854 2812 si
869 2758 1074 2816 vellent
1090 2759 1302 2832 fugere,
1320 2766 1420 2814 aut
1440 2759 1498 2815 in
1517 2776 1720 2816 manus
1759 2760 2115 2832 Egyptiacas

521 2846 787 2902 incidere.
816 2847 1220 2902 Verumtamen
1249 2865 1314 2902 ex
1355 2849 1570 2917 majore
1599 2847 1988 2920 desperatione
2022 2865 2116 2902 eos

459 2945 468 2953 '
519 2934 804 2992 liberavit:
835 2935 1078 3008 idipsum
1107 2952 1264 2990 mare
1293 2935 1431 3006 ipsis
1461 2939 1547 2990 est
1575 2936 1942 3001 substratum,
1969 2942 2118 2990 Sicut

2193 2140 2347 2196 enim
2387 2139 2492 2196 hoc
2535 2155 2665 2196 eum
2710 2139 2894 2192 dicere
2941 2137 3188 2192 arbitror
3218 2179 3228 2190 .
3269 2157 3294 2189 «
3321 2136 3513 2208 Adepti
3537 2140 3649 2188 sunt
3669 2150 3730 2187 re-

2193 2228 2613 2308 promissiones.
2649 2246 2676 2284 ι
2709 2227 2946 2291 Quales?
2977 2228 3120 2284 Istas
3151 2227 3222 2280 de
3253 2225 3450 2299 quibus
3476 2223 3724 2288 dicebatur,

2195 2317 2328 2392 quia
2349 2333 2543 2372 semen
2582 2317 2706 2387 ejus
2759 2314 2980 2373 sedebit
3009 2332 3186 2392 super
3214 2315 3412 2368 solium
3442 2315 3571 2386 ejus.
3603 2333 3621 2362 ι
3650 2311 3729 2364 01)-

2199 2425 2222 2456 (
2258 2411 2590 2462 turaverunt
2655 2421 2756 2458 ora
2809 2405 3058 2470 leonum,
3092 2403 3474 2458 exstinxerunt
3512 2401 3728 2472 impetum

2199 2513 2224 2545 ί
2249 2493 2414 2565 ignis,
2430 2494 2818 2564 effugaverunt
2827 2493 3002 2550 aciem
3013 2492 3212 2564 gladii.
3223 2513 3247 2542 n
3256 2491 3618 2560 Contemplare
3631 2505 3730 2560 quo-

2196 2582 2362 2640 modo
2389 2581 2447 2636 in
2477 2582 2601 2654 ipsa
2629 2587 2811 2638 morte
2838 2587 3001 2636 erant
3027 2599 3038 2633 :
3072 2581 3276 2634 Daniel
3305 2597 3340 2633 a
3375 2578 3620 2642 leonibus,
3645 2583 3729 2630 tres

2193 2671 2354 2742 pueri
2385 2671 2444 2727 in
2473 2671 2693 2728 camino
2711 2669 3160 2735 deambulantes,
3179 2669 3460 2736 Israelita,
3481 2666 3726 2727 Abraham,

2197 2760 2354 2816 Isaac
2378 2765 2436 2814 et
2454 2759 2622 2816 Jacob
2650 2759 2710 2816 in
2741 2757 2909 2815 variis
2941 2757 3354 2814 tentationibus
3379 2777 3389 2810 :
3423 2762 3476 2810 et
3495 2770 3648 2828 neque
3670 2753 3727 2805 sic

2199 2849 2656 2920 desperaverunt.
2689 2848 2806 2905 Hoc
2826 2846 2975 2902 enim
2997 2852 3084 2904 est
3103 2847 3266 2910 ﬁdes,
3287 2854 3360 2900 .ut
3381 2863 3500 2900 cum
3519 2861 3596 2898 res
3609 2842 3728 2896 nobis

2198 2937 2257 2992 in
2285 2937 2630 2994 contrarium
2660 2943 2885 3000 exeunt,
2936 2941 3070 2990 tunc
3113 2935 3409 2990 credamus
3439 2952 3450 2987 :
3483 2933 3598 3004 quia
3623 2931 3725 2985 nihil

518 3029 692 3088 terra,
724 3024 826 3078 hos
838 2999 1026 3080 autem
1043 2999 1482 3081 demersit-sicut
1509 3041 1665 3080 mare
1690 3043 1700 3077 :
1734 3025 1847 3080 illic
1875 2999 2112 3080 oblitum
2133 2999 2540 3083 Clcontrarium
2567 3025 2777 3080 factum
2807 2999 2910 3088 est,
2940 3024 3037 3080 sed
3074 3029 3281 3080 cuncta
3311 2999 3664 3092 consequentia
3687 3027 3728 3071 et

520 3117 736 3167 naturae
746 3128 878 3176 suae,
906 3111 999 3166 hic
1008 3117 1198 3167 autem
1217 3112 1388 3168 etiam
1397 3118 1678 3168 armatum
1698 3113 1965 3170 adversus
1995 3129 2108 3168 eos.

527 3218 552 3256 α
569 3201 706 3254 Fide
721 3201 868 3256 muri
879 3200 1102 3255 Iericho
1127 3206 1464 3260 corruerunt
1482 3200 1718 3256 circuitu
1738 3201 1957 3256 dierum
1985 3218 2112 3274 sep-

520 3293 693 3346 tem.»
709 3289 835 3349 Non
846 3289 998 3344 enim
1011 3288 1276 3346 tubarum
1287 3289 1506 3346 sonitus
1520 3306 1810 3345 murorum
1823 3306 1958 3344 saxa
1967 3290 2056 3360 dej
2063 3308 2116 3344 e-

455 3408 464 3414 -
519 3375 614 3444 cit,
634 3392 699 3434 ac
712 3377 758 3432 si
771 3393 871 3448 per
885 3378 1076 3434 decem
1089 3377 1266 3436 millia
1275 3394 1383 3432 ann
1390 3395 1452 3433 os
1471 3378 1596 3450 quis
1614 3377 2115 3446 tubisinsonet,sed

523 3465 661 3522 ﬁdes
689 3465 880 3520 omnia
897 3466 1045 3522 valet
1067 3466 1329 3522 .Intueris
1343 3465 1548 3540 ubique
1579 3483 1762 3536 neque
1774 3467 2116 3523 conscientia

520 3553 1088 3626 [consequentia]ulla
1103 3571 1311 3621 rerum,
1332 3572 1514 3628 neque
1530 3563 1748 3614 natura
1769 3557 1892 3628 lege
1922 3555 2115 3612 omnia

517 3643 964 3713 permutari,sed
983 3648 1214 3716 propter
1233 3645 1479 3716 [praeter]
1515 3662 1672 3715 spem
1714 3651 1916 3699 cuncta
1943 3644 2065 3699 ﬁeri
2089 3645 2114 3697 ?

517 3731 762 3786 Proinde
778 3731 948 3786 etiam
960 3731 1050 3786 hic
1065 3738 1294 3804 propter
1305 3733 1552 3804 [praeter]
1567 3750 1722 3805 spem
1737 3739 1939 3790 cuncta
1947 3735 2109 3788 fiunt.

519 3819 796 3886 Quoniam
809 3821 959 3876 enim
983 3837 1206 3878 sursum
1227 3827 1397 3894 atque
1425 3823 1688 3877 deorsum
1717 3821 1954 3889 dicebat,
1981 3823 2114 3896 quia

520 3913 744 3978 oportet
753 3909 981 3990 credere
1011 3915 1068 3964 et
1082 3909 1286 3980 spebus
1311 3911 1515 3967 futuris
1534 3911 1673 3986 regi,
1693 3927 1918 3968 omnem
1937 3911 2112 3968 istum

519 4012 837 4055 sermonem
867 3997 1054 4061 movit,
1085 3998 1386 4054 ostendens
1427 3999 1561 4070 quia
1579 4015 1692 4057 non
1725 4017 1892 4061 nunc,
1918 4000 2015 4056 sed
2046 4017 2112 4054 ex

517 4083 680 4140 initio
707 4084 897 4140 omnia
925 4085 1196 4142 miracula
1241 4103 1342 4158 per
1372 4088 1544 4142 ﬁdem
1569 4087 1872 4160 impetrata
1894 4094 2028 4144 sunt
2055 4093 2113 4144 et

514 4172 780 4248 perfecta.
813 4192 836 4223 ι
873 4172 1011 4229 Fide
1052 4173 1206 4232 Raab
1243 4176 1509 4230 meretrix
1536 4192 1651 4232 non
1671 4177 1838 4248 periit
1863 4193 1990 4232 cum
2019 4177 2110 4236 in-

524 4278 547 4313 c
581 4260 841 4326 credulis,
875 4260 1154 4336 excipiens
1173 4263 1551 4334 exploratores
1579 4281 1707 4318 cum
1743 4281 1896 4336 pace.
1927 4285 1951 4314 »
1979 4266 2112 4322 Pro-

513 4349 648 4406 inde
667 4349 972 4407 admodum
994 4357 1160 4424 turpe
1181 4357 1348 4416 esset,
1381 4352 1429 4407 si
1451 4353 1745 4408 meretrice
1767 4353 2110 4410 infideliores

517 4438 887 4504 exstitissent;
918 4443 1109 4494 tamen
1129 4439 1228 4498 illa
1253 4440 1509 4496 homines
1529 4441 1744 4498 audivit
1761 4442 2104 4508 nuntiantes,

519 4532 576 4584 et
599 4527 892 4584 confestim
937 4528 1194 4584 credidit.
1255 4529 1400 4584 Nam
1433 4535 1490 4584 et
1518 4546 1643 4584 eam
1675 4531 1844 4588 ﬁdem
1879 4532 2108 4588 effectus

518 4623 848 4672 consecutus
863 4622 949 4672 est
965 4635 975 4670 :
993 4616 1254 4672 omnibus
1262 4618 1468 4693 quippe
1478 4619 1988 4693 pereuntibus,sola
2001 4621 2108 4676 sal-

517 4708 646 4762 vata
665 4708 768 4758 est.
811 4705 938 4760 Non
956 4705 1098 4762 dixit
1117 4706 1186 4762 ad
1207 4707 1470 4780 seipsam,
1501 4709 1648 4772 Quia
1686 4725 1812 4766 cum
1843 4709 2104 4782 plurimis

515 4789 659 4848 meis
688 4806 810 4844 ero:
843 4792 969 4846 Non
987 4792 1145 4859 dixit,
1176 4795 1326 4851 Num
1347 4811 1451 4866 ego
1481 4795 1605 4851 istis
1634 4797 1966 4870 prudentior
1986 4814 2108 4854 esse

511 4894 745 4949 possum
758 4879 1104 4952 sapientibus
1118 4881 1271 4950 viris,
1287 4883 1382 4956 qui
1397 4901 1510 4940 non
1520 4885 1775 4952 credunt,
1791 4891 1848 4940 et
1863 4903 1967 4958 ego
1985 4903 2106 4943 cre-

515 4965 682 5026 dam?
737 4967 891 5025 Nihil
935 4969 1046 5024 tale
1103 4969 1258 5036 dixit,
1306 4972 1404 5030 sed
1434 4973 1672 5029 credidit
1697 4974 1862 5030 dictis
1889 4991 2104 5040 eorum,

515 5055 662 5130 quod
695 5055 912 5128 possint
939 5056 1039 5114 illa
1066 5059 1410 5131 contingere.

590 5162 615 5199 «
637 5145 706 5204 Et
722 5145 856 5218 quid
885 5145 1068 5202 adhuc
1093 5147 1276 5202 dicam
1306 5149 1330 5203 ?
1368 5149 1603 5204 Deficiet
1644 5151 1797 5206 enim
1848 5167 1939 5207 me
1967 5157 2108 5208 tem-

515 5251 544 5286 α
577 5249 682 5302 pus
711 5241 1155 5292 enumerantem.
1196 5256 1216 5287 ι
1245 5239 1451 5307 (Jama)
1483 5239 1609 5294 Jam
1639 5256 1750 5297 non
1789 5241 1948 5314 ponit
2001 5258 2104 5296 no-

515 5317 790 5383 mina,sed
802 5323 972 5376 linem
987 5323 1196 5378 faciens
1221 5325 1282 5380 in
1301 5327 1615 5394 meretrice,
1648 5334 1704 5384 et
1714 5331 2104 5386 verecundiam

515 5405 598 5462 eis
621 5407 867 5466 excitans
880 5411 1149 5482 qualitate
1163 5417 1564 5486 personajam
1589 5433 1702 5472 non
1723 5418 1924 5474 dilatat
1933 5418 2106 5484 histo-

511 5494 730 5558 riarum
759 5501 1365 5572 commemorationem,
1397 5521 1470 5563 ne
1503 5505 1760 5564 videatur
1785 5523 2105 5572 sermonem

2193 3114 2754 3170 ordinata-venerunt.
2775 3113 3001 3184 «Eliuga
3009 3119 3210 3168 verunt
3227 3129 3326 3167 ora
3335 3107 3726 3183 gladiorum.»De

2195 3203 2375 3260 tribus
2393 3203 2584 3274 pueris
2611 3219 2740 3258 eum
2765 3202 2970 3258 iterum
2999 3207 3138 3274 puto
3169 3201 3372 3256 dicere.
3403 3220 3428 3253 »
3477 3195 3725 3253 Convalue-

2202 3312 2224 3344 ι
2243 3297 2382 3347 runt
2407 3291 2476 3345 de
2495 3290 2846 3357 inﬁrmitate,
2867 3291 3040 3345 fortes
3058 3290 3192 3345 facti
3215 3295 3347 3344 sunt
3363 3290 3422 3342 in
3435 3287 3725 3348 bello,castra

2203 3403 2221 3432 ι
2243 3385 2531 3436 verterunt
2575 3384 2914 3444 exterorum,
2948 3389 3290 3452 acceperunt
3317 3377 3562 3432 mulieres
3587 3373 3642 3426 de
3661 3387 3726 3424 re-

2204 3488 2230 3522 ¢
2258 3469 2604 3526 surrectione
2615 3474 2868 3524 mortuos
2889 3485 3038 3522 suos.
3081 3488 3102 3519 p
3119 3469 3364 3539 Tempus
3375 3470 3636 3538 postquam
3658 3476 3724 3512 re-

2195 3557 2340 3612 versi
2367 3564 2498 3613 sunt
2527 3575 2592 3614 ex
2615 3556 2920 3628 Babylonia
2939 3556 3242 3628 signiﬁcat.
3263 3577 3286 3608 ι
3316 3556 3390 3610 Ex
3413 3551 3721 3608 inﬁrmitate»

2197 3646 2344 3702 enim
2375 3647 2478 3700 hoc
2507 3663 2628 3701 esse
2657 3651 2811 3717 puto,
2853 3645 2908 3700 id
2949 3650 3052 3712 est,
3084 3663 3153 3700 ex
3184 3644 3515 3716 captivitate,
3545 3635 3719 3710 quando

2189 3736 2308 3813 jam
2325 3734 2385 3790 in
2397 3733 2788 3807 desperatione
2801 3741 2963 3788 erant
2971 3735 3000 3788 J
3006 3735 3220 3791 udaicae
3240 3751 3347 3800 res,
3371 3729 3572 3804 quando
3584 3728 3722 3813 jamia

2195 3823 2432 3880 mortuis
2445 3823 2590 3878 nihil
2601 3822 2899 3878 distabant.
2921 3822 3058 3886 Quis
3077 3822 3229 3878 enim
3246 3839 3354 3876 non
3372 3815 3660 3891 desperabat
3670 3812 3718 3864 de

2191 3911 2502 3986 Babylonia
2510 3928 2604 3968 eos
2617 3929 2779 3984 posse
2789 3912 3018 3966 reverti?
3035 3919 3091 3966 et
3104 3929 3219 3966 non
3229 3911 3351 3966 dico
3364 3905 3551 3966 reverti
3563 3903 3716 3961 solum,

2193 4001 2290 4056 sed
2310 4001 2482 4056 etiam
2501 4001 2759 4056 fortiores
2789 4000 2950 4055 efﬁci.
2983 4017 3010 4051 α
3036 4001 3239 4058 Castra
3257 4001 3533 4054 verterunt
3550 3999 3718 4048 extero-

2189 4107 2339 4147 rum.
2377 4110 2398 4144 ιι
2425 4090 2534 4148 Sed
2552 4089 2706 4146 vobis
2726 4089 2867 4146 nihil
2885 4089 2997 4144 tale
3009 4090 3265 4162 contigit,
3288 4087 3481 4160 inquit.
3514 4081 3606 4138 Sed
3629 4080 3718 4132 hac

2191 4177 2382 4236 formae
2410 4183 2542 4234 sunt
2584 4178 2922 4235 futurorum.
2983 4195 3010 4234 cr
3043 4179 3391 4248 Acceperunt
3421 4173 3647 4228 mulieres
3672 4180 3718 4218 ex

2195 4286 2222 4320 ι
2251 4267 2661 4325 resurrectione
2693 4273 2945 4325 mortuos
2975 4283 3126 4322 suos.
3174 4285 3200 4320 ι
3233 4267 3313 4324 Ea
3339 4281 3454 4336 qua:
3481 4263 3606 4316 circa
3627 4269 3718 4326 pro-

2187 4357 2390 4428 phetas
2410 4361 2806 4430 provenerunt,
2838 4355 2993 4418 dicit,
3009 4355 3268 4415 Elisaaum
3299 4361 3357 4410 et,
3382 4351 3542 4407 Euam
3557 4341 3719 4436 signis.

2191 4461 2343 4510 cans,
2378 4445 2473 4520 qui
2501 4448 2754 4503 mortuos
2781 4443 3148 4502 suscitabant.
3179 4443 3319 4500 «Alii
3347 4449 3519 4496 autem
3538 4435 3714 4490 distenti

2195 4552 2219 4588 ε
2251 4539 2387 4590 sunt
2413 4549 2525 4590 non
2545 4533 2910 4606 suscipientes
2937 4533 3402 4604 redemptionem,
3418 4534 3474 4582 ut
3485 4523 3714 4612 meliorer

2193 4640 2219 4674 (ί
2251 4621 2567 4680 invenirent
2590 4623 3078 4680 resurrectionem.
3115 4642 3140 4674 ι
3173 4620 3300 4686 Alii,
3329 4617 3517 4688 inquit,
3535 4610 3713 4666 distenti

2189 4717 2324 4766 sunt
2351 4727 2463 4766 non
2493 4711 2860 4782 suscipientes
2897 4709 3360 4782 redemptionem,
3390 4711 3450 4760 ιη
3481 4699 3713 4790 men???”

2191 4800 2660 4857 resurrectionem
2687 4799 3090 4872 adipiscantur.
3108 4799 3251 4856 Nam
3281 4813 3396 4860 cur,
3426 4793 3508 4847 dic
3534 4784 3712 4848 mihigin

2189 4889 2451 4964 praesenti
2470 4888 2584 4946 vita
2601 4887 2873 4945 nolebant
2899 4887 3120 4943 vivere?
3148 4902 3330 4944 nonne
3341 4883 3466 4955 quia
3479 4875 3709 4934 meliorem

2189 4977 2624 5048 exspectabant?
2654 4982 2718 5035 ut
2739 4993 2866 5032 cum
2893 4977 3034 5055 ψοδ
3063 4976 3407 5038 suscitarent,
3450 4966 3542 5040 ipsi
3560 4970 3708 5055 tamen

2185 5066 2334 5127 mori
2355 5051 3008 5122 desiderabantClarum
3023 5071 3110 5120 est
3125 5080 3256 5134 ergo
3271 5061 3398 5134 quia
3408 5065 3466 5114 ut
3480 5051 3709 5110 meliorem

2187 5155 2656 5210 resurrectionem
2677 5155 3260 5226 adipiscerentur,non
3272 5150 3414 5204 enim
3433 5137 3631 5216 [autem]
3645 5139 3704 5186 t3-

2187 5243 2318 5303 lem.
2339 5245 2560 5315 qualem
2594 5242 3063 5298 resurrectionem
3095 5232 3514 5312 acceperantﬁlii
3531 5229 3704 5282 illarum

2188 5333 2508 5388 mulierum.
2542 5333 2607 5390 In
2635 5333 2740 5390 hoc
2771 5333 2890 5390 loco
2931 5331 3152 5388 videtur
3180 5327 3316 5384 mihi
3342 5324 3467 5398 quia
3487 5321 3700 5398 Joannesl

2187 5421 2468 5493 Signiﬁcat
2481 5427 2538 5478 et
2554 5421 2846 5480 Iacobum:
2865 5421 3133 5478 distentio
3148 5417 3346 5493 quippe
3357 5395 3545 5470 dicitur
3565 5395 3701 5493 decol-

2183 5489 2342 5573 latio.
2370 5511 2521 5574 Nam
2535 5514 2766 5586 possent
2785 5509 2974 5570 videre
2989 5489 3182 5576 solem,
3211 5489 3539 5588 possentnon
3547 5489 3700 5551 redar-
