3854 6164
179 258 268 319 805
556 254 1132 316 ENARRATIONUM
1167 258 1247 315 IN
1283 257 1437 316 EPP.
1479 257 1695 318 PAULI
1731 259 1873 317 LIB.
1915 259 2112 319 XXIX.
2137 289 2201 300 —
2229 261 2309 318 IN
2347 262 2584 322 EPIST.
2623 265 2722 322 AD
2761 265 2976 322 HEBR.
3302 267 3405 324 806

175 382 686 456 guere,etclegerunt
705 383 883 456 magis
897 383 1059 448 mori,
1075 401 1200 440 cum
1216 383 1320 456 ipsi
1337 385 1477 440 alios
1497 385 1726 442 suscita-
1746 390 1788 450 A
1809 402 2005 458 passer
2059 387 2342 444 solitarius
2380 388 2437 446 in
2481 395 2630 442 tecto
2685 391 2844 456 (Psal.
2873 393 2963 454 Cl).
3027 390 3235 464 [Joan.]
3283 390 3405 446 Duo

177 479 295 535 rent,
312 476 369 525 ut
385 471 660 526 meliorem
681 473 1145 527 resurrectionem
1159 473 1594 544 adip1scentur.«
1612 475 1723 530 Alii
1805 474 2010 545 quippe
2040 483 2173 531 sunt
2202 477 2474 530 miracula
2512 477 2660 540 ﬁdei,
2697 477 2829 548 quia
2854 531 2862 540 ,
2883 484 2940 531 et
2995 478 3262 548 impetrat
3289 496 3408 534 ma-

182 574 321 612 n’ero
347 557 643 614 ludibriaet
668 559 898 616 verbera
927 549 1157 630 experti,
1176 561 1408 634 insuper
1426 569 1483 615 et
1503 561 1723 618 vincula
1800 579 1914 634 gua
1943 568 1998 618 et
2018 564 2232 634 patitur
2263 583 2484 636 magna,
2509 572 2566 618 et
2595 565 2735 618 nihil
2771 572 2996 637 reputat
3027 567 3163 638 pati.
3197 569 3266 620 Et
3293 585 3406 622 non

181 667 200 698 ε
227 655 275 702 et
296 663 554 714 cm'ceres;
585 648 815 724 lapidati
837 656 988 714 sunt,
1013 649 1149 703 secti
1179 657 1330 720 sunt,
1363 649 1421 706 in
1446 651 1720 706 occisione
1807 652 2044 722 potestis
2082 651 2285 720 dicere,
2355 653 2556 725 inquit,
2618 654 2751 724 quia
2799 661 3116 726 peccatores
3177 656 3406 727 quidam

182 755 201 789 ι
223 735 370 805 gladii
389 737 587 792 mortui
619 743 768 808 sunt.
799 757 821 788 ι)
858 739 922 792 In
949 738 1072 792 istis
1086 739 1426 805 facitﬁnem,
1448 740 1579 810 quia
1606 757 1726 794 ma-
1809 746 1972 794 erant
1991 745 2047 792 et
2076 740 2274 796 inﬁmi.
2313 742 2369 796 Si
2400 743 2551 796 enim
2582 760 2647 796 ex
2685 742 2794 796 alia
2819 750 2979 816 parte
3018 749 3200 797 totum
3247 761 3407 800 mun-

179 824 295 878 xime
318 824 401 878 isti
425 824 683 878 familiari
705 826 1074 882 similitudine
1097 827 1502 898 jungebantur,
1525 835 1582 881 et
1615 846 1728 882 ma—
1808 827 1942 881 dum
1964 845 2274 900 compares,
2324 830 2448 883 illos
2478 830 2701 884 invenio
2732 831 2954 885 virtutis
2990 833 3233 902 pondere
3285 850 3404 886 me-

177 913 293 967 xime
483 913 592 968 ista
630 914 940 970 aﬂ‘erebant
982 917 1439 972 consolationem.
1492 918 1726 981 Quando
1808 916 1996 982 liores,
2035 922 2093 970 et
2121 918 2391 971 trutinam
2445 920 2792 973 attrahentes
2851 926 2908 974 et
2965 920 3405 976 honorabiliores

177 1002 296 1058 enim
321 1002 502 1076 quisin
525 1003 723 1058 eadem
749 1021 938 1070 causa,
961 1006 1047 1058 vel
1074 1005 1132 1058 in
1166 1006 1359 1060 eadem
1383 1007 1641 1078 passione
1661 1024 1726 1060 ac
1806 1005 1964 1060 valde
1987 1011 2270 1060 exstantes
2302 1025 2312 1060 :
2350 1007 2484 1078 quid
2510 1007 2684 1078 igitur
2717 1014 2944 1079 possent
2978 1009 3068 1062 hic
3115 1010 3362 1081 recipere
3381 1011 3405 1063 '?

175 1091 676 1159 tristitiadetinemr,
690 1093 952 1148 solatium
983 1111 1049 1150 ex
1077 1094 1444 1152 similitudine
1495 1112 1722 1166 compa-
1807 1094 1987 1160 (ΗΑΒ.)
2011 1094 2072 1148 In
2104 1095 2210 1148 hoc
2256 1095 2374 1148 loco
2405 1095 2609 1150 excitat
2661 1114 2856 1150 eorum
2887 1104 3152 1164 mentem,
3181 1104 3244 1154 ut
3290 1115 3404 1152 non

175 1179 328 1236 tientis
345 1179 538 1254 accipit
569 1199 580 1232 :
614 1181 863 1252 alioquin
893 1199 956 1238 ac
985 1181 1032 1236 si
1053 1184 1302 1255 pejorem
1315 1184 1563 1254 aliquam
1592 1201 1720 1256 pas-
1805 1183 2128 1236 adhaereant
2144 1183 2529 1254 praesentibus,
2552 1186 2648 1238 sed
2666 1185 2955 1256 superiora
2969 1187 3191 1258 sapiant
3203 1193 3260 1240 et
3271 1185 3404 1240 emi-

173 1269 346 1325 sionem
372 1269 538 1332 dicas,
559 1270 738 1326 sinon
770 1287 835 1326 ex
875 1272 1070 1326 eadem
1109 1288 1278 1326 causa
1315 1278 1440 1328 orta
1468 1273 1559 1338 sit,
1583 1273 1723 1327 nihil
1806 1270 2066 1324 nentiora
2087 1271 2346 1326 omnibus
2379 1290 2502 1344 quae
2549 1280 2684 1326 sunt
2727 1274 2786 1327 in
2835 1275 2938 1328 hac
2967 1275 3097 1340 vita,
3123 1275 3401 1346 siquidem

173 1357 374 1428 prodest.
395 1358 699 1432 Propterea
719 1359 894 1414 inhoc
907 1375 1224 1416 sermonem
1237 1377 1402 1416 suum
1419 1361 1716 1427 concludit,
1805 1359 1988 1412 omnis
2019 1361 2264 1414 mundus
2295 1377 2405 1414 non
2427 1367 2511 1414 est
2539 1361 2742 1432 dignus
2773 1363 2830 1416 in
2886 1380 3078 1416 eorum
3109 1381 3399 1434 compara-

174 1446 348 1500 vincula
372 1447 667 1502 nominans
687 1453 744 1502 et
763 1455 1080 1502 carcereset
1099 1449 1330 1503 verbera
1357 1455 1415 1502 et
1433 1450 1722 1521 lapidatio-
1804 1447 1978 1501 tione.
2013 1447 2156 1511 Quid
2195 1448 2369 1520 igitur
2397 1449 2479 1502 vis
2508 1448 2567 1503 in
2597 1450 2699 1503 hac
2729 1451 2840 1504 vita
2871 1451 3116 1522 recipere
3142 1453 3153 1504 l
3187 1453 3402 1524 Injuria

172 1535 610 1605 nes,Stepbanum
626 1535 948 1606 significans
989 1543 1046 1592 et
1073 1537 1420 1594 Zachariam.
1459 1539 1720 1610 Propter-
1804 1535 2009 1608 quippe
2049 1541 2152 1601 est,
2187 1537 2231 1590 si
2283 1537 2341 1590 in
2379 1538 2482 1590 hac
2513 1537 2625 1592 vita
2651 1539 2962 1592 mercedem
2985 1539 3237 1610 recipias.
3275 1542 3400 1594 Non

167 1639 224 1677 ea
245 1622 486 1693 adjunxit,
513 1641 540 1678 α
572 1623 917 1680 inoccisione
935 1625 1498 1698 gladiimortuisunt.
1534 1647 1555 1676 υ
1573 1627 1780 1720 QuidB
1802 1623 1994 1696 itaque
2035 1626 2325 1679 saecularia
2353 1626 2658 1696 sapiamus,
2691 1644 2872 1699 neque
2895 1628 3044 1681 enim
3068 1629 3127 1681 in
3154 1628 3258 1682 bac
3289 1629 3401 1683 vita

168 1711 416 1768 dicis?an
443 1713 676 1784 quidem
713 1715 1099 1783 eﬂ‘ugaverunt
1134 1731 1234 1768 ora
1249 1715 1586 1784 gladiorum,
1623 1717 1720 1770 alii
1739 1711 1778 1720 ”
1804 1730 2120 1785 quaeramus
2151 1715 2669 1786 reciprocationem,
2703 1733 2885 1786 neque
2905 1715 2962 1770 in
2992 1721 3212 1770 tantum
3225 1719 3401 1771 simus

169 1816 268 1854 vero
293 1801 342 1854 in
361 1801 634 1856 occisione
689 1803 862 1872 gladii
901 1803 1243 1858 defecerunt.
1279 1803 1423 1868 Quid
1453 1811 1539 1858 est
1566 1805 1670 1860 hoc
1697 1806 1720 1858 ?
1802 1819 2095 1874 pauperes.
2122 1803 2180 1856 Si
2199 1820 2350 1856 enim
2363 1803 2545 1857 omnis
2561 1805 2806 1858 mundus
2829 1821 2939 1858 non
2961 1811 3045 1859 est
3061 1805 3264 1876 dignus
3297 1806 3396 1874 eis,

169 1888 270 1959 quid
293 1889 478 1944 borum
504 1890 725 1957 laudas,
757 1891 894 1962 quid
915 1891 1210 1947 admiraris
1237 1892 1262 1945 1?
1294 1893 1398 1948 hoc
1435 1909 1508 1946 an
1529 1893 1666 1950 illud
1695 1895 1720 1947 ?
1801 1907 1901 1946 cur
1919 1898 2136 1962 partem
2157 1891 2404 1964 aliquam
2429 1892 2633 1963 quaeris
2652 1893 2756 1946 ?Et
2767 1893 2966 1947 merito
2987 1895 3172 1960 ;amici
3194 1895 3400 1968 quippe

166 1977 246 2040 Ita,
270 1977 498 2050 inquit...
538 1999 552 2032 :
587 1981 692 2033 hoc
719 1980 943 2052 quidem
964 1979 1116 2036 vobis
1131 1981 1418 2051 proximus
1446 1987 1548 2048 est,
1575 1982 1712 2038 illud
1795 1986 1927 2032 sunt
1939 1980 2336 2034 Dei.Mundum
2357 1979 2414 2033 in
2427 1980 2658 2034 hocloco
2679 1982 3205 2038 autmultitudinem
3225 1983 3401 2036 homi-

165 2067 599 2124 autemlaudabile
615 2074 718 2134 est,
736 2069 934 2142 quiaet
953 2069 1098 2124 circa
1118 2069 1297 2142 ipsam
1319 2075 1560 2125 mortem
1579 2089 1716 2144 pree-
1797 2085 1933 2122 num
1963 2068 2115 2135 dicit,
2150 2075 2249 2124 aut
2300 2069 2481 2140 ipsam
2541 2076 2878 2135 creaturam,
2912 2077 3012 2124 aut
3043 2077 3343 2143 utrumque
3377 2091 3389 2125 :

166 2155 300 2208 valuit
315 2157 515 2212 ﬁdeset
541 2162 712 2229 typus
747 2158 1086 2212 futurorum.
1131 2179 1154 2210 (ι
1196 2159 1612 2214 Circumierunt
1655 2160 1716 2214 in
1802 2157 1944 2211 solet
1971 2158 2122 2212 enim
2155 2157 2462 2228 Scriptura,
2499 2163 2736 2230 utraque
2768 2159 3041 2213 mundum
3091 2159 3392 2231 appellare.

163 2243 356 2309 melotis,
379 2247 436 2300 in
463 2247 708 2317 pellibus
730 2247 990 2317 caprinis.
1019 2267 1040 2297 ι
1073 2248 1306 2319 Semper
1336 2248 1584 2318 quidem,
1604 2265 1720 2302 ma-
1803 2245 1861 2300 Si
1888 2251 2090 2300 cuncta
2115 2252 2392 2311 creatura,
2427 2246 2626 2317 inquit,
2661 2263 2788 2300 cum
2837 2247 3095 2302 omnibus
3146 2247 3392 2301 homini-

161 2331 276 2386 xime
293 2340 471 2390 autem
499 2351 634 2390 cum
663 2342 984 2392 sanctorum
1013 2335 1260 2404 recogito
1291 2336 1524 2390 virtutes
1551 2343 1608 2392 et
1635 2355 1719 2392 re-
1801 2333 1902 2388 bus
1929 2335 2321 2403 constituatur,
2353 2335 2714 2406 nunquamin
2745 2335 3164 2407 comparatione
3193 2336 3396 2392 horum

159 2419 412 2476 ctitudines
434 2440 695 2494 operum,
722 2431 855 2480 tunc
871 2424 1012 2478 mihi
1042 2424 1196 2480 subit
1218 2425 1536 2496 desperatio
1573 2425 1710 2478 mei:
1799 2424 1970 2494 digna
1999 2431 2164 2478 esset.
2219 2425 2287 2477 Et
2332 2424 2552 2478 merito.
2585 2424 2742 2478 Sicut
2789 2424 2938 2478 enim
2995 2425 3183 2478 decem
3215 2423 3396 2478 millia

159 2507 434 2580 quinneque
447 2511 534 2564 vel
549 2511 832 2568 insomnis
847 2513 1293 2583 experimentum
1310 2513 1611 2584 accipimus
1625 2513 1716 2567 bo-
1797 2513 2048 2584 pondera
2076 2513 2363 2583 palearum
2395 2513 2479 2566 vel
2515 2512 2626 2564 feni
2667 2512 3085 2584 comparatione
3125 2513 3396 2582 margari-

156 2611 333 2664 norum,
355 2601 574 2670 quaeilli
597 2618 699 2673 per
716 2607 897 2654 totum
917 2609 1138 2672 tempus
1161 2601 1285 2654 vitae
1309 2619 1422 2656 suae
1439 2602 1715 2672 gerebant
1797 2608 1982 2654 tarum
2013 2601 2185 2672 digna
2213 2618 2324 2654 non
2347 2607 2496 2667 sunt,
2529 2601 2606 2654 sic
2638 2617 2819 2672 neque
2847 2601 2946 2654 illi.
2972 2600 3166 2654 Melior
3186 2601 3387 2671 inquit,

155 2685 1714 2762 viri,quinonpropeccatisluebantsupplicia,sedsemper
1797 2706 1943 2744 unus
1989 2689 2196 2744 faciens
2255 2689 2600 2744 voluntatem
2643 2689 2762 2754 Dei,
2796 2705 2964 2760 quam
2994 2689 3186 2742 decem
3215 2689 3396 2744 millia

154 2773 589 2832 sdrectitudinem
601 2779 960 2851 proﬁcientes
973 2785 1028 2832 et
1041 2779 1706 2850 sempertribulabantur.
1795 2777 1994 2850 iniqui.
2023 2779 2224 2835 Decem
2255 2778 2432 2831 millia
2453 2778 2608 2830 enim
2657 2795 2769 2831 non
2781 2778 3054 2848 plurimos
3103 2777 3260 2843 dixit,
3296 2778 3392 2834 sed

155 2862 422 2936 Intelligere
433 2867 649 2940 quippe
675 2867 812 2922 mihi
825 2867 1016 2922 videor
1036 2868 1234 2933 Eliam,
1259 2869 1330 2922 ad
1343 2885 1508 2939 quem
1527 2885 1710 2922 sermo
1794 2867 2212 2922 multitudinem
2235 2867 2535 2920 inﬁnitam.
2555 2865 2829 2938 Intellige,
2865 2871 3138 2938 quantum
3167 2871 3253 2919 est
3273 2867 3392 2937 jus-

154 2959 305 3007 noster
327 2955 485 3010 hodie
505 2956 768 3027 pervenit
796 2957 1006 3027 :ipsum
1041 2957 1246 3028 quippe
1265 2957 1324 3011 in
1353 2957 1456 3010 hoc
1477 2958 1595 3010 loco
1613 2973 1767 3033 κιο-ί]
1793 2963 1904 3010 tus.
1935 2956 2086 3010 Dixit
2110 2957 2274 3010 Jesus
2303 2957 2456 3010 Nave
2489 2974 2498 3008 :
2543 2977 2566 3003 ιι
2595 2955 2719 3010 Stet
2746 2955 2828 3008 sol
2867 2954 3014 3008 circa
3050 2954 3280 3009 Gabaon
3337 2962 3394 3010 et

151 3039 309 3108 miunt,
329 3050 384 3098 et
409 3044 468 3100 in
500 3045 630 3118 ipso
677 3045 942 3100 desinunt
963 3046 1218 3116 exempla
1245 3064 1255 3098 :
1295 3045 1441 3118 quod
1471 3051 1593 3099 erat
1618 3047 1702 3098 fa-
1784 3045 1919 3099 luna
1959 3045 2170 3100 circum
2202 3044 2402 3098 vallem
2443 3045 2580 3098 Elon
2613 3062 2624 3096 :
2655 3049 2712 3098 et
2740 3043 2950 3098 factum
2975 3049 3062 3097 est
3089 3045 3216 3112 (λος.
3241 3047 3316 3113 x).
3356 3066 3382 3096 ιι

151 3127 328 3185 miliare
348 3133 590 3188 istorum
613 3139 670 3187 et
679 3133 988 3206 proprium.
1019 3135 1224 3190 Etcum
1239 3134 1470 3188 dixisset
1489 3151 1556 3188 ea
1579 3151 1702 3205 quae

148 3216 266 3272 circa
279 3222 556 3294 apostolos
583 3228 744 3291 gesta
771 3228 921 3288 sunt,
956 3223 1088 3294 quia
1115 3221 1174 3278 in
1229 3222 1502 3278 occisione
1529 3222 1703 3292 gladii

147 3308 317 3362 mortui
343 3316 490 3375 sunt,
523 3309 765 3381 lapidati
794 3318 944 3376 sunt,
975 3317 1102 3377 etc.,
1139 3311 1376 3366 recurrit
1404 3311 1470 3363 ad
1527 3312 1702 3366 Eliam

143 3393 221 3462 qui
243 3397 420 3453 eadem
448 3415 656 3469 passus
687 3406 790 3454 est.
819 3399 1094 3456 Fortassis
1132 3399 1281 3454 enim
1305 3399 1437 3470 quia
1463 3399 1702 3454 necdum

146 3479 198 3534 de
217 3487 461 3554 apostolis
487 3495 712 3544 tantum
739 3488 1060 3560 opinionem
1089 3487 1388 3555 habebant,
1413 3488 1613 3542 merito
1637 3505 1702 3541 ex

143 3569 234 3638 illa,
255 3575 339 3644 qui
367 3584 697 3648 assumptus
721 3585 824 3644 est,
842 3594 1166 3633 sermonem
1178 3576 1328 3642 facit,
1350 3576 1445 3648 qui
1463 3577 1704 3631 maxime

145 3670 242 3715 erat
265 3662 317 3718 in
357 3665 846 3722 admiratione.Ex
885 3667 989 3720 hoc
1012 3683 1144 3738 ergo
1176 3665 1363 3720 all‘erri
1393 3665 1703 3720 orationem

143 3749 528 3826 [hortationem]
547 3761 607 3809 et
627 3755 1062 3810 consolationem
1075 3755 1265 3810 voluit.
1294 3777 1314 3804 ι
1341 3756 1578 3824 Egentes
1607 3772 1704 3809 an-

148 3857 164 3888 ι
185 3842 646 3912 gustiati,afﬂicti,
669 3845 870 3918 quibus
893 3844 1095 3916 dignus
1120 3860 1232 3898 non
1251 3849 1374 3897 erat
1393 3845 1654 3901 mundus.
1677 3866 1697 3894 ι

146 3928 309 4004 (Grca)
352 3937 429 3990 De
465 3933 677 4009 quibus
729 3935 899 3990 etiam
923 3933 1240 4002 ﬁguraliter
1299 3931 1574 3988 Dominus
1631 3933 1702 3986 ad

142 4014 222 4070 Job
248 4037 259 4071 :
281 4041 300 4071 ι
331 4022 466 4087 Quis
485 4028 780 4079 autemest
797 4021 891 4092 qui
907 4021 1122 4076 dimisit
1143 4037 1416 4094 onagrum
1439 4019 1697 4085 liberum,

143 4111 187 4156 et
221 4107 424 4164 vincula
455 4113 582 4183 ejus
609 4109 837 4166 resolvit
873 4110 897 4162 ?
937 4109 1133 4166 Posuit
1169 4109 1550 4164 habitaculum
1579 4108 1700 4178 ejus

139 4192 387 4254 desertum
417 4207 476 4254 et
490 4198 857 4254 tabernacula
889 4200 1011 4269 ejus
1039 4198 1402 4268 salsuginem.
1453 4196 1700 4255 Irridens

1783 3132 1988 3188 Veniat
2015 3133 2190 3203 igitur
2215 3135 2397 3186 omnis
2429 3133 2689 3198 mundus,
2729 3132 2908 3203 magis
2935 3137 3128 3186 autem
3148 3132 3260 3186 duo
3291 3139 3390 3188 aut

1784 3228 1918 3286 tres,
1959 3227 2058 3276 aut
2085 3228 2328 3292 quatuor
2356 3227 2414 3274 et
2449 3221 2640 3274 decem
2673 3227 2730 3274 et
2784 3221 2981 3292 viginti
3010 3221 3199 3274 dicant
3227 3225 3284 3274 et
3312 3220 3390 3274 fa-

1786 3311 1935 3365 ciant
1965 3311 2086 3377 hoc,
2109 3310 2205 3362 sed
2227 3327 2339 3363 non
2361 3315 2628 3382 poterunt
2659 3327 2670 3361 :
2705 3309 2919 3362 amicus
2948 3325 3078 3362 vero
3098 3309 3200 3363 Dei
3229 3325 3386 3362 crea-

1785 3398 1926 3454 turis
1955 3399 2118 3452 amici
2147 3398 2231 3452 sui
2287 3397 2630 3470 imperabat;
2663 3398 2842 3468 magis
2899 3403 3087 3452 autem
3143 3398 3387 3452 amicum

1785 3503 1950 3542 suum
1997 3485 2317 3560 postulabat
2361 3491 2418 3539 et
2470 3485 2804 3540 obedierunt
2857 3485 3021 3552 servi,
3051 3491 3109 3538 et
3133 3486 3246 3551 ille,
3291 3487 3386 3558 qui

1786 3582 1909 3630 erat
1935 3575 2196 3628 deorsum
2228 3573 2606 3646 superioribus
2636 3573 2970 3644 imperabat.
3001 3595 3020 3622 ε
3047 3575 3111 3628 In
3133 3574 3387 3628 solitudi-

1791 3684 1814 3714 ι(
1846 3663 2010 3718 nibus
2039 3667 2310 3728 errantes,
2339 3668 2396 3715 et
2415 3661 2700 3715 montibus
2730 3666 2787 3714 et
2813 3661 3112 3732 speluncis,
3147 3661 3276 3716 etin
3295 3679 3385 3715 ca-

1788 3769 1814 3803 α
1846 3752 2031 3806 vernis
2053 3758 2234 3805 terrae.
2272 3771 2296 3802 υ
2332 3753 2534 3819 (λοιιη.)
2571 3751 2764 3820 Neque
2793 3749 3188 3804 vestimentum
3217 3749 3384 3804 habe-

1784 3840 1936 3906 bant,
1962 3839 2165 3912 inquit,
2180 3839 2278 3893 sed
2293 3845 2416 3892 erat
2444 3838 2523 3892 eis
2554 3838 2816 3892 nimietas
2845 3837 3244 3904 tribulationis,
3261 3856 3374 3896 non

1784 3929 2085 3995 civitatem,
2127 3945 2238 3982 non
2287 3929 2536 3994 domum,
2570 3943 2683 3980 non
2736 3927 3150 4004 receptaculum
3222 3927 3382 3991 Quod

1785 4017 1954 4070 etiam
1986 4016 2240 4070 Christus
2269 4015 2505 4079 dicebat,
2541 4035 2566 4066 «
2599 4015 2866 4086 quoniam
2925 4015 3100 4070 Filius
3137 4015 3381 4071 hominis

1783 4121 1894 4159 non
1915 4105 2100 4169 habet,
2125 4105 2218 4158 ubi
2241 4110 2410 4176 caput
2436 4103 2687 4160 reclinet.
2726 4125 2750 4156 »
2786 4104 2931 4168 Quid
2959 4103 3100 4170 dico,
3136 4111 3384 4176 recepta-

1781 4193 1966 4248 culum
1978 4211 2090 4247 non
2112 4192 2410 4258 habebant,
2419 4210 2520 4246 nec
2531 4198 2680 4247 stare
2690 4191 3237 4263 permittebantur.N
3239 4209 3380 4263 eque

145 4284 528 4344 multitudinem
559 4287 800 4344 civitatis
853 4293 910 4344 et
951 4287 1237 4358 querelam
1286 4284 1559 4340 exactoris
1592 4286 1763 4344 nonD
1783 4282 1935 4335 enim
1973 4283 2058 4336 vel
2079 4299 2212 4336 cum.
2227 4282 2297 4335 ad
2319 4281 2471 4352 ipsas
2502 4281 2830 4336 solitudines
2873 4280 3188 4346 veniebant,
3215 4281 3380 4334 otiosi

141 4374 420 4442 exaudiens,
482 4375 857 4434 consideravit
912 4383 1130 4432 montes
1183 4391 1402 4445 pascuae
1453 4389 1588 4440 suae,
1645 4377 1703 4426 et

143 4467 244 4526 post
266 4479 422 4519 omne
448 4465 625 4521 viride
655 4464 871 4536 quaerit.
901 4485 922 4514 ι
964 4467 1098 4530 (Job.
1131 4479 1324 4518 xxmx.
1336 4475 1354 4529 )
1373 4463 1438 4516 In
1461 4461 1700 4514 Psalmis

142 4562 344 4620 quoque:
381 4573 406 4604 α
433 4554 802 4610 Dicantnunc
821 4552 920 4624 qui
941 4551 1218 4622 redempti
1231 4556 1410 4606 sunta
1438 4549 1695 4616 Domino,

143 4649 254 4703 Quos
278 4640 513 4696 redemit
538 4643 607 4696 de
637 4659 808 4698 manu
829 4641 1042 4698 inimici
1069 4646 1152 4706 ;et
1161 4645 1289 4709 post
1301 4655 1484 4710 pauca
1507 4658 1518 4692 :
1540 4660 1560 4689 ι
1597 4639 1697 4692 Er-

143 4737 368 4785 merunt
389 4731 450 4786 in
475 4731 798 4797 solitudine,
814 4731 872 4786 in
895 4729 1160 4795 siccitate,
1187 4728 1331 4782 viam
1353 4727 1700 4782 civitatislia-

145 4807 392 4874 hitmionis
407 4836 527 4875 non
538 4821 896 4878 invenerunt.
922 4818 1243 4876 Esurientes
1265 4822 1321 4870 et
1338 4815 1611 4880 sitientes,
1643 4821 1701 4868 et

143 4900 296 4959 anima
321 4922 517 4965 eorum
543 4909 604 4964 in
622 4909 759 4982 ipsis
774 4908 994 4964 defecit.
1012 4909 1082 4964 Et
1099 4907 1483 4962 clamaverunt
1503 4903 1572 4959 ad
1595 4903 1700 4956 Do-

145 4989 324 5048 minum
367 5013 499 5052 cum
553 4998 977 5060 tribularentur,
1040 5001 1097 5051 et
1143 4995 1214 5050 de
1269 4991 1698 5048 necessitatibus

144 5087 302 5133 90mm
327 5083 585 5140 liberavit
602 5103 696 5140 eos
713 5088 877 5154 (Psal.
903 5095 1027 5152 cvx).
1065 5101 1087 5134 ι
1135 5082 1286 5146 Quos
1319 5081 1489 5134 etiam
1537 5081 1694 5133 Jere-

144 5165 255 5220 mlas
290 5170 368 5228 ita
385 5173 653 5230 describit
685 5193 696 5226 :
722 5195 743 5226 ι
777 5175 983 5230 Beatus
1008 5173 1102 5246 qui
1132 5173 1261 5227 tulit
1283 5173 1486 5243 jugum
1533 5188 1568 5224 a
1599 5172 1694 5241 ju-

145 5261 332 5313 ventute
357 5277 492 5316 sua:
523 5263 740 5320 sedebit
754 5263 1039 5320 solitarius
1061 5269 1120 5316 et
1146 5261 1369 5326 tacebit,
1395 5261 1527 5332 quia
1544 5261 1694 5313 leva-

143 5338 204 5393 n't
228 5360 386 5418 super
410 5367 471 5404 se
491 5353 712 5418 (Thrcn.
743 5355 848 5425 ιιι).
886 5373 908 5407 ι
944 5351 1162 5423 Quique
1191 5349 1328 5404 illud
1382 5347 1693 5402 Psalmistte

143 5427 310 5488 amictu
337 5444 392 5492 et
416 5455 581 5511 Opere
609 5443 926 5500 concinunt.
988 5459 1015 5494 α
1070 5438 1280 5496 Similis
1345 5439 1522 5491 factus
1569 5453 1695 5490 sum

1784 4377 1961 4426 erant.
1985 4371 2111 4425 Non
2147 4371 2297 4424 enim
2319 4370 2475 4437 dixit,
2535 4371 2599 4424 In
2637 4369 3035 4423 solitudinibus
3087 4368 3375 4434 sedebant,

1781 4460 1880 4514 sed
1893 4459 2063 4514 etiam
2079 4459 2152 4512 ibi
2164 4458 2473 4529 fugiebant,
2497 4458 2695 4513 etinde
2713 4456 3162 4526 exagitabantur,
3188 4473 3300 4510 non
3312 4473 3378 4508 ex

1782 4549 1992 4602 mundo
2011 4553 2250 4612 tantum,
2286 4548 2384 4600 sed
2407 4547 2576 4600 etiam
2609 4563 2674 4599 ex
2687 4544 3144 4599 inhabitabilibus
3168 4543 3370 4598 locis...

1781 4651 1903 4710 quae
1932 4636 2007 4690 ibi
2038 4636 2183 4690 facta
2209 4641 2359 4689 sunt.
2404 4634 2494 4687 Sic
2513 4640 2616 4698 est,
2640 4633 2839 4704 inquit,
2868 4649 2969 4685 nos
2988 4631 3216 4702 culpant
3245 4649 3376 4703 pro-

1780 4731 1906 4798 pter
1925 4724 2238 4778 Christum:
2271 4723 2448 4777 Eliam
2475 4721 2671 4774 veroin
2697 4737 2806 4792 quo
2827 4725 3092 4794 poterant
3109 4720 3377 4792 culpare?

1780 4813 2318 4884 Exagitabantillum
2334 4817 2392 4864 et
2407 4809 2866 4882 insequebantur,
2889 4815 2946 4862 et
2965 4825 3088 4862 cum
3114 4807 3262 4862 fame
3278 4825 3378 4882 pu-

1777 4919 1953 4975 gnare
1989 4901 2264 4972 cogebant
2295 4920 2309 4954 :
2345 4899 2493 4972 quod
2535 4898 2704 4952 etiam
2727 4898 2820 4953 isti
2843 4903 2976 4951 tunc
2996 4896 3371 4969 patiebantur.

1785 5011 1812 5041 α
1832 4992 2207 5044 Decreverunt
2226 4988 2448 5042 mittere
2467 4987 2596 5052 illis,
2611 4987 2811 5057 inquit,
2834 4986 3054 5050 fratres,
3069 4985 3149 5038 eis
3171 4985 3266 5057 qui
3279 4985 3378 5039 tri-

1777 5078 2116 5132 bulabantur
2143 5077 2449 5149 discipulis.
2505 5075 2822 5130 Secundum
2872 5075 3020 5146 quod
3052 5073 3375 5129 facultatem

1777 5167 2160 5240 unusquisque
2173 5164 2691 5232 habebat,deﬁnivit
2704 5162 3084 5234 unusquisque
3107 5178 3300 5214 eorum
3316 5161 3376 5222 in

1778 5256 2153 5312 ministerium
2175 5256 2399 5310 mittere
2417 5251 2866 5308 habitantibusin
2883 5251 3038 5304 Judze
3049 5249 3371 5306 fratribus.»

1777 5346 1936 5412 Quod
1975 5345 2146 5399 etiam
2167 5345 2239 5398 ad
2267 5345 2405 5398 istos
2435 5341 2768 5413 pertinebat.
2799 5359 2822 5390 (ι
2846 5337 3072 5402 Afﬂicti,
3111 5355 3136 5389 »
3170 5338 3371 5410 inquit,

1777 5442 1835 5489 et
1863 5434 2008 5488 male
2031 5433 2312 5507 patientes
2343 5433 2401 5486 in
2429 5429 2724 5486 itineribus
2753 5435 2809 5482 et
2849 5428 2906 5481 in
2937 5426 3216 5500 periculis.
3253 5445 3278 5478 ς(
3307 5429 3376 5483 Et

142 5519 360 5584 P91168110
391 5528 711 5588 solitudinis
743 5551 754 5585 :
791 5530 1011 5602 vigilavi
1044 5535 1101 5586 et
1141 5531 1319 5586 tactus
1372 5543 1499 5580 sum
1553 5525 1703 5582 sicut
1780 5543 1806 5576 α
1829 5524 1886 5581 bi
1907 5538 2102 5578 omnes
2131 5519 2454 5576 testimonio
2491 5519 2622 5575 ﬁdei
2646 5516 2867 5590 probati
2897 5532 3009 5572 non
3039 5523 3376 5588 acceperunt
