3854 6164
503 281 604 336 807

1094 277 1158 332 Β.
1200 276 1471 331 RABANI
1509 275 1741 330 MAURI
1777 276 2113 332 ARCHIEP.
2155 276 2482 332 MOGUNT.
2526 277 2823 332 OPERUM
2859 277 3042 332 PARS
3078 277 3170 332 III.

3579 281 3655 336 808

508 423 534 454 ι
567 401 1076 474 repromissionem,
1100 399 1215 453 Deo
1226 415 1328 470 pro
1347 397 1507 452 nobis
1518 397 1726 452 melius
1745 397 1952 469 aliquid
1973 414 2099 469 pro-
2110 398 2165 460 Α
2177 403 2318 453 erat.
2334 397 2574 453 Proinde
2595 399 2654 453 in
2667 398 2869 470 majori
2889 416 2991 453 nos
3013 399 3256 454 ﬁduciam
3273 417 3378 454 esse
3393 401 3505 456 facit
3527 401 3659 455 nubes

507 511 533 543 (ι
565 491 804 554 vidente,
829 495 893 544 ut
911 505 980 542 ne
999 488 1121 542 sine
1143 487 1300 541 nobis
1319 492 1864 540 consummarentur.
1890 504 1916 538 )›
1943 486 2098 542 Sicut

501 579 721 652 profugi
752 585 808 632 et
825 577 1089 648 perfugae,
1115 576 1316 647 inquit,
1339 576 1485 629 sicut
1503 575 1599 646 qui
1629 575 1684 628 in
1715 575 1975 646 turpibus
2004 575 2096 630 de-

502 669 832 740 prehensus,
862 665 1007 720 sicut
1034 665 1248 734 indigni
1279 665 1460 718 solent
1479 663 1675 717 videri.
1699 664 1894 734 Neque
1923 663 1982 716 in
2004 679 2095 716 so-

503 755 834 811 litudinibus
853 753 1211 808 inveniebant
1229 753 1528 822 refugium,
1561 751 1658 805 sed
1678 768 1901 822 semper
1926 751 2100 821 fugie—

503 845 659 910 bant,
693 843 1034 898 diversiones
1062 842 1281 913 aliquas
1309 841 1652 911 quaerebant,
1696 841 1847 894 vivos
1887 839 2099 910 seipsos

505 935 740 990 obruere
769 931 1046 997 volebant,
1079 947 1302 1002 semper
1318 930 1376 984 in
1396 931 1597 984 timore
1627 935 1806 984 erant.
1839 930 1973 993 Quae
2015 934 2102 982 est

505 1041 639 1094 ergo
663 1039 892 1087 merces,
925 1022 1011 1075 vel
1027 1037 1150 1091 quae
1177 1024 1336 1073 tanta
1356 1018 1651 1074 retributio
1661 1025 1718 1073 et
1731 1016 2098 1072 vicissitudo?

506 1132 532 1165 α
556 1113 826 1177 Necdum,
842 1110 1043 1181 inquit,
1061 1114 1394 1180 receperunt
1405 1109 1737 1174 mercedem,
1759 1128 1784 1160 »
1805 1107 1903 1162 sed
1917 1107 2100 1161 adhuc

504 1200 942 1274 permanent;ita
952 1199 1244 1265 mortui,et
1253 1198 1309 1251 in
1320 1203 1478 1252 tanta
1487 1197 1849 1251 tribulatione
1859 1196 2098 1250 necdum

503 1295 860 1361 receperunt:
877 1293 1100 1342 tantum
1119 1293 1341 1358 tempus
1357 1286 1566 1340 habent
1587 1303 1598 1338 :
1621 1303 1686 1339 ex
1696 1302 1806 1356 quo
1825 1285 2093 1350 vicerunt,

506 1386 564 1434 et
583 1379 822 1433 necdum
842 1380 1192 1448 receperunt.
1215 1375 1326 1428 Vos
1353 1379 1540 1428 autem
1559 1375 1614 1428 in
1631 1374 1938 1428 certamine
1965 1390 2098 1427 con-

505 1468 708 1533 stituti,
732 1483 970 1520 maerore
985 1463 1289 1518 afﬁcimini.
1315 1463 1616 1532 Intelligite
1649 1463 1840 1533 itaque
1865 1462 2030 1532 quale
2045 1466 2102 1516 et

505 1562 778 1628 quantum
794 1560 878 1608 est
891 1553 1174 1608 Abraham
1203 1552 1397 1605 sedere
1421 1557 1478 1604 ct
1501 1551 1817 1622 apostolum
1838 1551 2096 1615 Paulum,

2176 487 2404 542 testium
2435 494 2494 542 et
2521 489 2714 542 moles.
2750 488 2817 542 Et
2855 488 3055 544 merito
3081 493 3240 542 testes
3265 506 3350 543 eos
3388 490 3659 561 appellavit:

2177 593 2289 630 non
2319 594 2414 631 eos
2452 577 2547 648 qui
2569 577 2628 630 in
2686 593 2828 631 novo
2881 577 3227 631 Testamento
3253 577 3451 632 fuerunt
3472 585 3662 642 tantum,

2177 666 2276 719 sed
2329 665 2498 720 etiam
2559 665 2685 719 illos
2715 665 2810 737 qui
2865 665 2922 720 in
2985 665 3168 719 Veteri
3195 671 3342 720 erant
3384 665 3664 736 signiﬁcavit.

2180 753 2400 808 Etenim
2427 753 2561 824 quia
2587 754 2758 808 etiam
2787 753 2868 807 illi
2895 753 3172 808 testiﬁcati
3215 761 3336 808 sunt
3359 754 3592 823 majestati
3611 753 3671 806 di-

2179 841 2339 908 vinae,
2371 843 2517 897 sicut
2540 847 2658 897 tres
2685 843 2866 914 pueri,
2893 843 3038 896 sicut
3064 842 3368 907 Elias,sicut
3391 859 3552 896 omnes
3573 858 3672 912 pro-

2179 931 2380 1001 phetae.
2407 953 2428 983 ι
2453 933 2826 1003 Deponentes,
2858 930 3061 1002 inquit,
3091 930 3286 984 omnia.
3323 949 3345 982 »
3373 929 3558 995 Omnia,
3583 946 3674 1000 qua

2180 1018 2356 1074 dicit?
2401 1020 2519 1074 Hoc
2565 1024 2668 1084 est,
2701 1035 2982 1084 somnum,
3022 1018 3362 1082 anxietatem,
3383 1015 3676 1086 cogitationes

2180 1109 2621 1175 inﬁmas,omnia
2633 1108 2882 1162 humana
2896 1125 2907 1160 :
2933 1127 2955 1158 ι
2965 1107 3033 1161 Et
3045 1106 3390 1160 circumstans
3398 1121 3502 1172 nos,
3521 1104 3676 1175 inquit,

2183 1203 2492 1269 peccatum.
2520 1217 2546 1250 »
2601 1215 2628 1249 ι
2661 1197 3043 1252 Circumstans
3099 1219 3118 1243 ι
3152 1195 3301 1261 dixit,
3346 1194 3446 1248 sive
3463 1193 3584 1264 quod
3603 1209 3678 1246 nos
3699 1203 3721 1223 δ

2181 1287 2340 1341 facile
2356 1285 2774 1352 circumveniat,
2806 1285 2922 1339 sive
2963 1284 3113 1356 quod
3157 1283 3330 1354 ipsum
3368 1280 3681 1336 circumveniri

2181 1375 2343 1430 facile
2367 1374 2576 1446 possit:
2601 1374 2780 1444 magis
2808 1379 2996 1428 autem
3018 1373 3123 1426 hoc
3153 1371 3381 1426 arbitror
3406 1369 3500 1424 dici
3525 1389 3536 1424 :
3559 1369 3681 1422 facile

2183 1464 2354 1528 enim,
2379 1463 2426 1517 si
2455 1463 2706 1528 velimus,
2739 1462 3104 1533 praevalemus
3143 1465 3374 1531 peccato.
3406 1478 3426 1509 ι
3479 1457 3568 1512 Per
3609 1473 3684 1528 pa-

2181 1551 2459 1618 tientiam,
2507 1552 2708 1622 inquit,
2755 1567 3050 1605 curramus
3087 1548 3416 1620 prapositum
3441 1545 3574 1600 nobis
3596 1561 3686 1599 cer-

505 1651 890 1716 exspectantes
947 1641 1170 1712 quando
1207 1641 1549 1712 perﬁciatur,
1586 1645 1651 1693 ut
1699 1638 1916 1711 possint
1965 1645 2152 1716 tunc_
2181 1647 2393 1695 tamen.
2431 1660 2454 1692 ι
2515 1641 2640 1694 Non
2689 1639 2846 1705 dixit,
2890 1638 3136 1693 cestibus
3189 1636 3508 1701 dimicemus,
3551 1650 3687 1704 neque

507 1733 822 1788 mercedem
853 1729 1252 1802 recipere.Nisi
1267 1729 1417 1782 enim
1438 1729 1722 1782 etiamnos
1739 1712 2424 1784 illucveneri-Bathelico
2469 1747 2625 1784 more
2681 1745 3014 1801 pugnemus,
3067 1743 3249 1798 neque
3295 1725 3429 1779 bella
3466 1738 3687 1794 geramus,

507 1839 653 1886 mus,
685 1827 820 1874 tunc
848 1819 1104 1891 prmdixit
1120 1818 1199 1872 eis
1228 1817 1396 1872 Pater
1431 1835 1543 1872 non
1597 1818 1733 1871 dare
1764 1817 2097 1881 mercedem,

507 1911 651 1965 sicut
671 1916 830 1982 pater
845 1908 1040 1973 bonus,
1061 1912 1281 1961 amator
1295 1906 1557 1972 ﬁliorum,
1575 1905 1954 1978 probabilibus
1974 1905 2102 1960 ﬁliis

507 2005 566 2054 et
592 2016 731 2071 opus
761 1997 1178 2070 perticientibus
1209 1995 1346 2050 dicit
1371 2011 1484 2049 non
1514 2011 1574 2049 se
1621 1995 1886 2049 daturum
1915 2011 2102 2048 come-

505 2089 657 2154 dere,
691 2087 796 2142 nisi
825 2085 1082 2141 venerint
1109 2085 1281 2139 etiam
1319 2084 1416 2138 alii
1442 2084 1662 2138 fratres.
1685 2085 1769 2138 Tu
1790 2088 1979 2138 autem
2009 2099 2105 2137 an-

505 2177 628 2232 xius
660 2195 738 2240 es,
766 2175 898 2246 quia
927 2175 1167 2228 necdum
1195 2173 1515 2227 mercedem
1545 2172 1768 2244 accipis.
1818 2171 1964 2236 Quid
1993 2171 2103 2226 ita-

2183 1819 2300 1884 sed,
2331 1819 2479 1890 quod
2508 1817 2770 1872 omnibus
2799 1824 2885 1871 est
2911 1817 3107 1882 levius,
3141 1816 3243 1869 hoc
3269 1811 3558 1875 nominavit,
3602 1826 3692 1864 cur-

2183 1924 2307 1962 sum
2329 1907 2636 1978 appellans.
2664 1907 2858 1978 Neque
2873 1905 3028 1972 dixit,
3048 1905 3330 1959 Addamus
3349 1900 3513 1956 cursui
3529 1905 3692 1960 nostro,

2185 1996 2282 2050 sed
2312 1997 2371 2050 in
2392 1996 2587 2050 eodem
2615 1996 2736 2067 ipso
2765 2010 3215 2067 permaneamus,
3243 2009 3348 2046 non
3375 1989 3693 2044 dissolvamur.

2189 2103 2215 2138 α
2248 2087 2572 2151 Curramus,
2608 2084 2812 2156 inquit,
2841 2083 3190 2156 propositum
3222 2080 3376 2136 nobis
3397 2083 3650 2134 certamen.
3677 2093 3694 2123 n

2185 2174 2402 2228 Deinde
2475 2174 2734 2245 adjungit
2790 2189 3071 2227 summam
3125 2177 3181 2226 et
3250 2174 3411 2241 caput
3467 2164 3698 2221 orationis.

506 2283 613 2336 que
643 2265 806 2319 faciet
833 2263 990 2330 Abel,
1016 2261 1111 2333 qui
1141 2268 1273 2316 ante
1295 2278 1489 2316 omnes
1517 2261 1664 2327 vicit,
1699 2265 1758 2314 et
1775 2260 1957 2315 adhuc
1984 2261 2105 2314 sine
2187 2263 2347 2334 quod
2371 2263 2543 2316 etiam
2573 2263 2754 2334 primo
2784 2266 3065 2333 posuerat,
3111 2260 3216 2314 hoc
3254 2259 3416 2312 etiam
3461 2252 3699 2310 novissime

505 2371 711 2408 corona
723 2353 910 2406 sedet?
930 2351 1075 2416 Quid
1089 2351 1206 2405 Noe
1222 2351 1246 2404 ?
1275 2349 1408 2421 quid
1422 2349 1606 2404 caeteri
1623 2349 1849 2402 illorum
1880 2354 2099 2419 tempo-

505 2459 631 2496 rum
649 2441 815 2513 ?quia
831 2439 1241 2512 ecce[quiette]
1275 2443 1722 2509 expectaverunt,
1753 2442 1814 2492 et
1841 2438 1982 2491 alios
2011 2454 2100 2491 ex-

504 2536 775 2601 spectant,
785 2529 881 2600 qui
897 2533 1022 2599 post
1040 2534 1097 2581 te
1117 2527 1290 2582 futuri
1305 2527 1629 2581 sunt.Vides
1641 2527 1772 2598 quia
1792 2543 1894 2580 nos
1919 2525 1979 2580 in
1997 2526 2102 2580 hoc

505 2635 837 2690 superamus
849 2634 943 2670 eos
963 2635 974 2668 :
991 2617 1060 2670 de
1083 2616 1242 2670 nobis
1259 2616 1406 2669 enim
1420 2615 1589 2670 dixit:
1619 2635 1646 2666 α
1668 2615 1868 2670 Melius
1887 2615 2100 2686 aliquid

509 2706 831 2777 providerat
843 2705 1008 2759 Deus.
1037 2724 1061 2755 ›)
1081 2705 1164 2758 Ne
1175 2704 1387 2774 aliquid
1403 2721 1438 2758 a
1462 2703 1620 2757 nobis
1639 2704 1764 2774 plus
1800 2703 2007 2758 habere
2033 2703 2108 2756 vi-

2182 2351 2360 2423 ponit,
2394 2352 2500 2405 hoc
2539 2357 2628 2406 est
2656 2351 2962 2405 Christum.
3028 2367 3052 2400 ι
3085 2348 3423 2419 Aspicientes
3451 2344 3500 2398 in
3547 2345 3696 2395 aucto.

2185 2458 2212 2492 ‹‹
2243 2457 2363 2494 rem
2388 2439 2518 2494 fidei
2537 2445 2594 2494 et
2613 2444 3126 2495 consummatorem
3145 2439 3171 2492 J
3178 2452 3352 2501 esum,
3371 2433 3456 2506 qui
3469 2428 3699 2503 proposito

2185 2547 2211 2581 α
2243 2528 2345 2583 sibi
2372 2529 2579 2599 gaudio
2608 2528 2876 2583 sustinuit
2901 2544 3144 2593 crucem,
3177 2523 3480 2580 confusione
3501 2523 3700 2574 contem-

2187 2637 2212 2671 ί(
2231 2625 2346 2690 pta,
2369 2623 2537 2689 atque
2553 2617 2612 2672 in
2633 2619 2862 2672 dextera
2879 2617 2982 2671 Dei
3001 2616 3152 2670 sedis
3171 2614 3342 2669 sedet.
3363 2631 3386 2664 »
3400 2607 3702 2682 Aspicientes.

2188 2706 2390 2778 inquit,
2423 2707 2528 2760 hoc
2553 2712 2656 2771 est,
2695 2711 2758 2760 ut
2772 2705 3050 2760 discamus
3061 2721 3306 2759 currere.
3339 2701 3483 2757 Sicut
3498 2697 3620 2752 enim
3631 2692 3704 2748 ﬁlii

505 2793 846 2860 derentur,si
861 2792 1024 2863 primi
1045 2809 1218 2862 quam
1243 2809 1344 2846 nos
1373 2798 1979 2857 coronarentur,unum
2007 2792 2107 2846 de-
2187 2803 2466 2868 parentes,
2501 2801 2558 2849 et
2583 2795 2843 2866 discipuli
2864 2795 2922 2848 in
2944 2791 3342 2849 certaminibus
3366 2787 3629 2859 magistros
3648 2787 3708 2836 at-

509 2881 689 2935 finivit
715 2887 936 2952 tempus
959 2880 1212 2934 omnium
1232 2897 1565 2934 coronarum
1589 2899 1602 2947 ;
1623 2886 1679 2934 et
1701 2881 1796 2951 qui
1827 2887 1957 2935 ante
1985 2886 2107 2934 tan-

2185 2885 2444 2949 tendunt,
2477 2883 2844 2938 informantes
2891 2888 3140 2937 mentem
3176 2899 3242 2935 ex
3289 2879 3403 2933 arte
3451 2877 3703 2930 doctorum.

513 2975 602 3024 tos
633 2969 765 3022 vicit
791 2985 987 3030 annos,
1020 2974 1205 3022 tecum
1246 2967 1481 3039 accipiet
1525 2985 1808 3022 coronam.
1840 2970 2104 3022 Contem-
2133 3036 2168 3043 _
2186 2989 2288 3043 per
2304 2972 2484 3026 visum
2511 2972 2736 3042 regulas
2757 2971 3027 3043 quasdam
3048 2975 3349 3032 sumentes,
3379 2966 3454 3020 sic
3465 2964 3608 3018 etiam
3625 2959 3705 3021 hic,

511 3058 684 3129 plaris
705 3074 898 3111 curam
930 3063 988 3111 et
1013 3057 1370 3136 dilectionem
1397 3057 1681 3111 divinam?
1709 3057 1778 3111 Et
1804 3074 1916 3111 non
1935 3057 2094 3124 dixit,
2125 3036 2168 3096 θ
2187 3062 2233 3115 si
2266 3063 2522 3116 volumus
2553 3077 2778 3116 currere
2807 3066 2864 3115 et
2890 3061 3104 3114 discere
3135 3064 3200 3114 ut
3223 3059 3362 3112 be'ne
3383 3067 3637 3110 curramus
3659 3047 3710 3101 ad

506 3149 590 3201 Ne
616 3147 737 3200 sine
757 3145 917 3200 nobis
935 3151 1291 3211 coronentur,
1325 3146 1422 3199 sed
1464 3136 1492 3198 σέ
1522 3147 1606 3200 Ne
1634 3145 1756 3200 sine
1775 3145 1934 3200 nobis
1963 3163 2096 3200 con-

509 3241 882 3290 summentur.
917 3253 942 3286 »
977 3234 1218 3288 Proinde
1256 3233 1464 3288 etenim
1506 3234 1734 3304 perfecti
1778 3240 1914 3288 tunc
1942 3250 2100 3306 pare-

507 3323 664 3378 bunt.
719 3325 1118 3378 Praevenerunt
1136 3339 1236 3376 nos
1263 3323 1323 3376 in
1377 3322 1798 3389 certaminibus,
1831 3323 1932 3376 sed
1986 3339 2098 3377 non

506 3412 854 3484 praeveniunt
880 3412 939 3466 in
966 3428 1191 3466 corona.
1214 3413 1340 3466 Non
1360 3411 1510 3465 enim
1538 3411 1664 3466 illos
1690 3411 1850 3477 laesit,
1873 3411 1972 3466 sed
1997 3427 2101 3467 nos

505 3501 816 3556 honoravit.
856 3502 1002 3556 Nam
1052 3505 1110 3555 et
1145 3501 1252 3572 ipsi
1293 3499 1496 3554 fratres
1524 3518 1621 3555 vos
1649 3500 1890 3555 libenter
1912 3517 2101 3572 exspe-

505 3596 678 3644 ctant.
723 3589 782 3645 Si
811 3589 962 3644 enim
988 3605 1166 3644 unum
1197 3595 1397 3660 corpus
1425 3606 1620 3644 omnes
1648 3607 1861 3656 sumus,
1919 3591 2102 3660 major

505 3685 564 3734 et
593 3679 698 3733 hoc
725 3679 968 3733 efficitur
1019 3677 1237 3750 corpori
1287 3678 1634 3748 jucunditas,
1667 3695 1796 3733 cum
1835 3678 2003 3733 simul
2045 3683 2102 3732 et

503 3767 878 3822 communiter
915 3771 1218 3822 coronatur
1243 3772 1300 3820 et
1326 3783 1437 3821 non
1489 3784 1590 3839 per
1635 3773 1842 3839 patres.
1878 3767 2099 3821 Etenim

496 3856 638 3927 justi
669 3857 840 3911 etiam
858 3856 920 3910 in
945 3857 1050 3910 hoc
1070 3861 1204 3910 sunt
1231 3855 1532 3922 mirabiles,
1558 3855 1690 3927 quia
1703 3855 1849 3910 sicut
1877 3856 1946 3910 de
1974 3872 2104 3926 pro-

501 3945 640 4016 priis
685 3944 866 4009 bonis,
887 3944 968 3998 sic
995 3945 1248 4015 gaudent
1281 3945 1351 3999 de
1379 3943 1540 3999 bonis
1565 3945 1823 4000 fratrum.
1858 3944 2100 3998 Proinde

503 4033 676 4087 etiam
697 4033 806 4086 illis
833 4033 938 4086 hoc
959 4033 1125 4102 juxta
1151 4037 1340 4087 votum
1372 4033 1641 4104 procedit,
1667 4038 1733 4088 ut
1758 4049 1887 4088 cum
1907 4032 2097 4088 fratri-

501 4119 608 4175 bus
634 4126 990 4186 coronentur,
1019 4125 1085 4175 ut
1110 4121 1280 4175 simul
1306 4121 1710 4191 gloriﬁcentur.

1179 4263 1412 4317 CAPUT
1430 4264 1553 4319 XII.

503 4378 726 4434 Inducz't
759 4377 1044 4445 Apostolus
1072 4393 1196 4450 suos
1219 4379 1295 4431 ad
1324 4383 1475 4433 mala
1503 4395 1671 4450 pwna:
1693 4380 1999 4444 toleranda,
2032 4395 2098 4433 ac

577 4452 730 4503 mala
757 4452 926 4516 culpas
977 4449 1223 4513 vitanda,
1277 4449 1558 4506 ostendens
1585 4451 1923 4505 conditiones
1965 4453 2098 4518 legis

577 4522 773 4574 veteris
791 4535 856 4574 ac
875 4535 1043 4574 novas.

577 4669 603 4702 ι
641 4651 887 4722 Ideoque
915 4657 972 4706 et
992 4668 1093 4706 nos
1115 4657 1333 4708 tantam
1367 4651 1636 4709 habentes
1654 4654 1976 4726 impositam
1989 4671 2096 4710 nu-

497 4758 523 4790 (ι
552 4738 681 4793 bem
714 4739 969 4805 testium,
989 4741 1336 4811 deponentes
1367 4759 1533 4797 omne
1552 4743 1770 4815 pondus
1791 4748 1848 4796 et
1866 4743 2102 4798 circum-

508 4847 531 4878 ι
557 4832 713 4881 stans
738 4843 840 4882 nos
870 4834 1178 4898 peccatum,
1205 4847 1307 4901 per
1334 4831 1661 4902 patientiam
1709 4847 2002 4886 curramus
2029 4832 2100 4887 ad

507 4937 529 4968 ι
560 4915 912 4988 propositum
939 4917 1098 4973 nobis
1152 4925 1456 4974 certamen.
1493 4939 1518 4972 »
1570 4922 1773 4990 (Joan.)
1822 4921 1888 4976 In
1908 4921 2098 4976 multis

503 5005 794 5078 Scriptura
810 5007 1250 5061 consolationem
1278 5009 1583 5079 assumpsit
1609 5010 1887 5080 majorum
1926 5027 1993 5064 ex
2012 5027 2100 5064 ac-

502 5093 828 5149 cedentibus
854 5093 1050 5150 rebus:
1072 5095 1217 5150 sicut
1239 5097 1423 5151 solent
1433 5097 1717 5168 prophetaa
1742 5117 1768 5152 α
1796 5116 1862 5152 ex
1881 5105 2021 5154 aestu
2043 5105 2101 5154 et

503 5182 731 5251 duritia,
764 5201 830 5239 ex
857 5183 1148 5252 imbribus,
1182 5191 1334 5240 etc...
1369 5205 1396 5239 »
1427 5186 1544 5240 Hoc
1571 5185 1745 5259 igitur
1773 5187 1944 5242 etiam
1965 5188 2101 5244 dicit

505 5270 613 5336 hic,
647 5273 781 5344 quia
800 5273 1132 5329 memoriam
1164 5281 1483 5330 sanctorum
1499 5276 1742 5340 illorum,
1764 5276 1909 5332 sicut
1921 5276 2099 5333 nubes

503 5357 865 5416 inflammans
895 5379 960 5416 ex
989 5362 1148 5416 radio
1167 5362 1395 5434 igneo..,
1427 5363 1506 5418 sic
1535 5365 1783 5419 animam
1810 5365 1974 5420 malis
2003 5383 2100 5438 op-

505 5461 758 5516 pressam
785 5450 988 5505 excitat
1015 5456 1072 5505 et
1101 5459 1335 5507 recreat.
1368 5454 1438 5508 Et
1473 5471 1586 5508 non
1617 5453 1772 5521 dixit,
1798 5454 1978 5526 Super
1997 5471 2101 5511 nos

508 5541 893 5605 apparentem,
915 5539 1011 5594 sed
1043 5540 1407 5613 «impositam
1426 5541 1587 5598 nobis
1610 5562 1622 5597 :
1656 5562 1680 5596 »
1697 5543 1846 5616 quod
1856 5543 2097 5616 amplius

2181 3149 2489 3216 Christum,
2545 3150 2904 3204 attendamus
2945 3169 2969 3200 ι
3033 3153 3340 3211 auctorem,
3388 3141 3568 3214 inquit,
3615 3133 3712 3190 ﬁdei

2180 3244 2385 3293 nostra:
2417 3244 2473 3294 et
2493 3243 3010 3293 consummatorem
3037 3238 3254 3292 Jesum.
3283 3255 3305 3287 ι
3345 3232 3480 3298 Quid
3506 3227 3713 3284 esthoc?

2183 3327 2300 3381 Hoc
2328 3333 2429 3393 est,
2467 3327 2733 3399 quiaipse
2763 3325 2924 3380 nobis
2945 3325 3114 3380 ﬁdem
3140 3323 3384 3380 infundit
3412 3341 3423 3374 :
3456 3317 3631 3374 etenim
3660 3310 3711 3364 ad

2180 3415 2482 3486 discipulos
2509 3433 2640 3471 suos
2666 3414 2888 3470 dicebat
2919 3434 2931 3468 :
2976 3436 2998 3466 ι
3019 3415 3147 3468 Non
3177 3431 3273 3468 vos
3303 3428 3390 3466 me
3417 3399 3715 3478 eligistis,sed

2182 3521 2285 3575 ego
2306 3505 2437 3575 eligi
2451 3522 2548 3560 Vos
2561 3506 2745 3577 (Joan.
2765 3514 2848 3558 XVI
2861 3544 2873 3556 .
2891 3522 2918 3556 α
2933 3504 3003 3558 Et
3014 3503 3226 3558 Paulus
3244 3502 3388 3556 idem
3399 3497 3546 3553 dixit:
3567 3514 3586 3545 ι
3597 3493 3716 3546 Tunc

2181 3610 2530 3664 cognoscam,
2558 3593 2703 3648 sicut
2735 3597 2792 3646 et
2813 3592 3069 3663 cognitus
3099 3609 3228 3646 sum
3259 3592 3308 3659 (I
3344 3589 3459 3645 Cor.
3479 3582 3596 3652 xm).
3621 3581 3716 3650 Ipse

2181 3682 2407 3736 initium
2424 3682 2583 3736 nobis
2603 3681 3016 3753 imposuit,ipse
3037 3681 3213 3736 etiam
3237 3682 3402 3734 ﬁnem
3422 3677 3617 3748 ponetm
3635 3665 3716 3731 Qui

2179 3771 2387 3840 gaudio
2415 3770 2520 3824 sibi
2567 3770 2852 3842 proposito
2880 3770 3154 3824 sustinuit
3189 3783 3426 3832 crucem,
3451 3757 3716 3819 confusione

2182 3865 2520 3930 contempta.
2546 3879 2568 3910 ι
2586 3860 2704 3913 Hoc
2725 3863 2828 3924 est,
2855 3857 3326 3925 licebatilli,nihil
3345 3855 3474 3928 pati,
3489 3853 3532 3908 si
3563 3847 3712 3902 vellet:

2185 3966 2212 4001 α
2233 3965 2347 4002 non
2377 3948 2528 4002 enim
2578 3947 2709 4002 fecit
2737 3953 3048 4019 peccatum,
3083 3963 3270 4018 neque
3317 3945 3471 3999 dolus
3510 3940 3717 3995 inventus

2186 4056 2210 4088 ι
2237 4042 2322 4092 est
2343 4037 2401 4091 in
2421 4053 2518 4091 ore
2547 4036 2722 4108 ipsius
2739 4037 2792 4103 (l
2817 4039 2962 4091 Patr.
2986 4036 3046 4104 II)
3072 4054 3132 4104 a;
3168 4035 3315 4090 sicut
3342 4040 3397 4088 et
3415 4033 3523 4104 ipse
3540 4026 3654 4082 dixit
3675 4021 3717 4074 in

2187 4125 2488 4197 Evangelia
2522 4144 2533 4178 :
2564 4144 2586 4175 ι
2616 4125 2788 4180 Venit
2808 4125 2958 4178 enim
2987 4124 3250 4196 princeps
3288 4124 3453 4193 hujus
3471 4114 3652 4175 mundi.
3676 4115 3716 4162 εἰ

2183 4215 2243 4269 in
2275 4231 2366 4268 me
2387 4230 2500 4268 non
2518 4213 2690 4268 habet
2733 4213 3042 4285 quidquam
3074 4215 3260 4280 (Joan.
3294 4215 3420 4279 xrv).
3469 4199 3718 4276 Adjacebat

2180 4303 2354 4374 igitur
2380 4303 2480 4368 illi,
2501 4303 2550 4357 si
2575 4303 2758 4368 vellet,
2779 4319 2891 4357 non
2907 4302 3098 4356 venire
3115 4302 3420 4356 adcrueem
3442 4316 3454 4350 :
3481 4315 3505 4348 α
3525 4293 3720 4349 Potesta-

2178 4397 2294 4446 tem
2315 4391 2517 4463 quippe
2529 4391 2729 4457 habeo,
2747 4391 2948 4462 inquit,
2967 4391 3212 4462 ponendi
3229 4390 3474 4444 animam
3496 4381 3722 4472 meam.

2179 4486 2514 4552 potestatem
2539 4480 2719 4534 habeo
2744 4481 2949 4535 iterum
2976 4480 3238 4534 sumendi
3264 4495 3388 4533 eam
3402 4478 3570 4545 (Joan.
3598 4481 3657 4526 xl.
3675 4465 3719 4517 Si

2181 4568 2356 4640 igitur
2381 4569 2474 4640 qui
2499 4570 2714 4624 nullam
2737 4569 2939 4624 habuit
2961 4568 3378 4633 necessitatem,
3408 4569 3470 4620 ut
3493 4558 3720 4625 cruciﬁge-

2183 4663 2354 4724 retur,
2380 4658 2674 4712 cruciﬁxus
2701 4663 2788 4712 est
2816 4663 3046 4730 propter
3072 4674 3176 4712 nos
3207 4661 3448 4728 :quanto
3468 4649 3624 4719 magis
3645 4657 3720 4738 1135;

2176 4747 2393 4816 justum
2415 4753 2502 4802 est
2517 4747 2708 4801 omnia
2734 4747 3209 4802 fortitertolerare
3231 4746 3257 4800 ?
3282 4765 3306 4796 ε
3331 4743 3436 4809 Qui
3453 4730 3722 4812 gaudiosibi

2183 4836 2486 4907 proposito,
2519 4835 2721 4908 inquit,
2755 4836 3278 4901 sustinuitcrucem,
3303 4830 3603 4889 confusione
3627 4834 3722 4875 con-

2179 4929 2412 4997 tempta.
2445 4944 2470 4979 ›)
2487 4925 2634 4990 Quid
2661 4930 2747 4979 est
2787 4924 3110 4979 confusione
3138 4926 3464 4994 contempta
3488 4918 3512 4972 ?
3536 4909 3723 4970 Probro-

2180 5030 2321 5080 sam,
2345 5013 2544 5085 inquit,
2561 5013 2830 5069 sustinuit
2857 5019 3116 5068 mortem.
3149 5013 3284 5067 Esto
3304 5011 3476 5082 igitur
3501 4998 3723 5085 morieba-

2179 5107 2274 5156 tur
2305 5120 2317 5155 :
2343 5084 2478 5173 quid
2508 5103 2696 5167 etiam,
2732 5108 2797 5156 ut
2819 5102 3086 5174 probrose
3105 5097 3464 5156 moreretur?
3482 5096 3580 5150 Pro
3601 5084 3722 5144 nulla

2180 5190 2293 5244 alia
2320 5208 2506 5258 causa,
2532 5191 2640 5246 nisi
2669 5197 2734 5244 ut
2760 5207 2864 5246 nos
2893 5191 3118 5246 doceret
3143 5189 3286 5244 nihil
3317 5186 3618 5243 existimem
3633 5175 3723 5247 glo-

2181 5279 2324 5334 riam
2355 5297 2476 5352 quae
2505 5279 2574 5334 ab
2596 5279 2916 5334 hominibus
2943 5279 3208 5334 defertur.
3243 5277 3457 5333 Idcirco
3493 5287 3595 5329 non
3625 5261 3723 5320 sub-

2174 5369 2358 5440 jectus
2374 5369 2541 5424 morti
2560 5369 2806 5440 suscepit
2825 5368 3296 5433 mortem,docens
3313 5382 3416 5420 nos
3434 5366 3723 5440 praesumere

2180 5463 2376 5512 contra
2387 5464 2646 5522 mortem,
2668 5463 2726 5511 et
2744 5473 2868 5511 eam
2890 5456 3098 5511 nullius
3126 5455 3447 5510 existimare
3475 5438 3722 5505 momenti-

2181 5545 2365 5611 Quare
2380 5563 2492 5602 non
2521 5545 2918 5612 dixit,tristitia
2934 5549 3271 5616 contempta.
3280 5543 3380 5600 sed
3402 5561 3430 5596 α
3448 5533 3726 5596 confusione
