3848 6164
201 275 277 331 809

537 263 1130 320 ENARRATIONUM~
1147 265 1224 318 IN
1265 265 1416 319 ΕΡΡ.
1457 265 1672 321 PAULI

1790 267 1850 322 Β.
1886 267 2082 322 XXIX.
2126 298 2190 308 —
2233 268 2310 322 IN
2351 269 2572 324 EPIS'l‘.
2613 272 2710 326 AD
2749 271 2964 328 HEBR.

3285 273 3402 332 810

193 396 459 464 contempta,
472 378 730 459 quoniam
749 404 862 442 non
882 405 1011 444 cum
1029 389 1265 444 tristitia
1283 396 1524 445 mortem
1536 391 1704 446 susti-
1721 394 1768 452 A
1790 397 1903 446 tur.
1944 411 1965 443 ι
2004 411 2025 444 ‹
2061 392 2384 464 Propterea,
2415 393 2616 465 inquit,
2647 396 2860 466 glorior
2885 397 2946 452 in
2966 397 3390 457 inﬁrmitatibus

195 485 299 542 nuit.
312 479 576 537 Novissime
595 483 786 531 autem
809 477 942 548 quid
963 478 1174 533 factum
1195 485 1282 534 est
1296 480 1351 533 ?«
1376 481 1440 534 In
1451 480 1698 547 dextera,

192 572 341 645 inquit,
365 568 492 623 sedis
516 567 613 620 Dei
641 566 908 620 consedit.
947 587 971 620 »
997 567 1167 622 Vides
1207 569 1518 640 praemium,
1554 571 1703 640 quod

193 663 318 717 etiam
340 657 520 712 Paulus
545 655 725 709 sciens
743 655 956 722 didicit,
985 675 1010 708 «
1041 663 1271 728 propter
1299 659 1448 729 quod
1470 664 1526 713 et
1551 659 1702 714 Deus

189 752 304 805 illum
327 744 746 818 superexaltavit,
773 749 831 798 et
856 745 1086 800 donavit
1108 747 1189 801 illi
1217 763 1420 801 nomen
1449 748 1598 818 quod
1617 754 1704 802 est

189 855 312 910 super
329 851 468 890 omne
494 850 720 896 nomen,
737 839 803 888 ut
828 834 888 888 in
917 835 1143 889 nomine
1157 836 1186 890 J
1191 853 1290 891 esu
1305 836 1513 890 Christi
1535 853 1701 890 omne

184 943 292 999 genu
312 925 711 989 ﬂectatur(Phil.
731 927 845 993 11).»
867 925 1008 978 Eum
1023 925 1118 995 qui
1140 925 1446 980 secundum
1473 941 1700 979 carnem

185 1023 246 1070 est
264 1013 513 1084 signiﬁcat.
565 1012 806 1067 Maxime
849 1019 1059 1079 autem,
1091 1031 1158 1068 ac
1203 1013 1250 1068 si
1297 1015 1514 1068 nullum
1554 1019 1703 1068 esset

183 1103 425 1176 premium,
452 1100 632 1172 ipsum
661 1101 845 1155 solum
863 1103 1179 1174 exemplum
1201 1102 1465 1157 idoneum
1488 1109 1611 1158 erat
1629 1102 1699 1156 ad

184 1190 554 1264 persuadendum
584 1189 774 1244 omnia
803 1191 1062 1245 tolerare.
1095 1193 1257 1245 Nunc
1299 1197 1490 1246 autem
1529 1191 1700 1246 etiam

183 1279 353 1353 praemia
373 1285 770 1351 proponuntur,
804 1296 916 1334 non
957 1279 1236 1351 quaelibet,
1267 1280 1364 1334 sed
1387 1281 1546 1334 valde
1576 1297 1700 1335 ma-

179 1374 324 1440 gnast
345 1367 648 1422 ineﬁabilia.
695 1367 934 1423 Proinde
963 1369 1136 1423 etiam
1176 1386 1279 1424 nos
1317 1386 1444 1424 cum
1488 1367 1699 1440 aliquid

179 1459 258 1513 tale
279 1456 400 1529 passi
425 1455 712 1524 fuerimus,
745 1463 878 1512 ante
905 1459 1202 1529 Apostolos
1227 1458 1378 1530 ipsos
1410 1458 1700 1512 Christum

178 1547 431 1618 cogitemus.
448 1545 671 1610 Quare?
699 1546 844 1610 Quia
862 1552 982 1601 tota
1001 1547 1116 1601 vita
1143 1547 1266 1617 ejus
1293 1547 1580 1602 cumulata
1597 1547 1704 1602 fuit

178 1635 358 1706 injuriis.
373 1635 585 1690 Etenim
596 1652 820 1706 semper
832 1635 1114 1701 audiebat,
1122 1637 1268 1707 quod
1285 1637 1516 1691 insanus
1534 1641 1698 1703 esset,

1787 481 1927 535 meis
1961 481 2041 549 (ΙΙ
2067 481 2188 535 Cor.
2222 485 2336 550 xu),
2369 483 2427 536 in
2455 483 2929 553 tribulationibus,
2962 487 3022 541 in
3048 489 3392 546 necessitati-

1785 569 1906 632 bus,
1941 569 1999 623 in
2029 571 2324 640 angustiis,
2355 571 2414 625 in
2441 572 2641 643 plagis,
2677 573 2734 628 in
2754 575 3090 643 carceribus,
3132 584 3196 632 ut
3223 579 3388 634 inha-

1784 657 1926 712 bitet
1951 659 2009 714 in
2051 675 2139 712 me
2182 660 2358 714 virtus
2407 661 2634 715 Christi.
2667 681 2693 715 »
2729 663 2838 718 Sed
2887 664 3056 720 etiam
3103 667 3388 723 Christum

1786 746 1916 800 audi
1949 747 2228 802 dicentem
2261 767 2271 802 :
2310 769 2336 802 α
2365 750 2428 804 In
2466 751 2694 815 mundo,
2731 751 2931 823 inquit,
2966 754 3384 812 tribulationem

1785 833 2059 888 habebitis
2087 838 2267 898 (Joan.
2294 841 2428 905 xu).
2462 857 2484 888 ι

1861 942 1882 973 ι
1918 923 2242 994 Recogitate
2270 925 2420 979 enim
2451 943 2579 980 eum
2602 927 2698 998 qui
2728 929 2898 983 talem
2927 931 3388 1004 sustinuitapec-

1787 1028 1814 1064 α
1840 1011 2122 1066 catoribus
2139 1013 2436 1068 adversum
2471 1015 2834 1088 semetipsum
2865 1019 3380 1089 contradictionem,

1788 1119 1810 1150 ι
1846 1115 1917 1153 ne
1947 1099 2258 1170 fatigemini
2289 1102 2496 1157 animis
2525 1105 2725 1158 vestris
2753 1105 3094 1162 deﬁcientes.
3119 1127 3146 1162 ιο
3177 1110 3382 1179 (Ιοαη.)

1784 1187 1842 1242 Si
1868 1188 2017 1242 enim
2037 1189 2418 1260 proximorum
2447 1193 2735 1262 passiones
2776 1194 3002 1265 erigunt
3045 1213 3166 1263 nos,
3202 1215 3376 1268 quan-
3457 1241 3465 1249 .

1783 1280 1902 1330 tam
1927 1277 2086 1332 nobis
2115 1279 2463 1334 alacritatem
2503 1280 2747 1335 aﬁ‘erunt
2784 1282 3008 1338 Domini
3052 1285 3383 1356 passiones?

1784 1365 1918 1436 quid
1947 1383 2043 1421 vos
2069 1383 2181 1421 non
2232 1368 2368 1428 estis
2407 1370 2668 1440 operati?
2716 1371 3157 1428 Prmtermittens
3196 1375 3385 1429 omnia

1782 1471 1884 1525 per
1913 1455 2410 1511 contradictionem
2436 1464 2619 1513 totum
2666 1459 3017 1530 signiﬁcavit.
3048 1461 3384 1518 Addendum

1785 1543 1958 1596 etiam
1985 1545 2235 1611 tale,hoc
2255 1552 2356 1613 est,
2391 1547 2603 1617 plagas,
2621 1565 2759 1618 quas
2789 1549 3166 1621 accipiebatin
3177 1552 3380 1622 capite,

1783 1631 2091 1698 irrisiones,
2125 1633 2381 1704 injurias,
2417 1635 2776 1708 improperia,
2829 1638 3134 1693 illusiones.
3179 1640 3387 1696 Omnia

175 1695 447 1778 et'seductor
469 1729 526 1778 et,
545 1695 750 1794 magn-8
781 1743 792 1777 :
827 1729 886 1778 et,
904 1741 1053 1780 nunc
1081 1695 1310 1797 (ididem
1338 1725 1597 1780 dicebant
1609 1727 1638 1780 J
1645 1695 1703 1780 αλ
1721 1695 1764 1754 Β
1784 1720 1899 1776 haec
1926 1695 2154 1776 nomine
2181 1695 2640 1779 Contradictionfs
2679 1695 2962 1782 intimavit
2985 1747 2997 1794 ;
3048 1733 3106 1782 et
3137 1745 3252 1784 non
3287 1729 3387 1785 illa

175 1811 249 1866 dei
265 1831 303 1865 ξε
329 1813 455 1879 Non,
469 1812 676 1884 inquit,
695 1813 792 1868 sed
813 1813 1032 1868 seducit
1057 1814 1327 1886 p0pulum
1343 1815 1700 1883 ;netiterum:

175 1921 192 1951 ε
213 1901 433 1956 Seductor
456 1901 550 1956 ille
574 1901 793 1956 dixerat
818 1902 1003 1958 adhuc
1033 1903 1240 1970 vivens,
1274 1903 1407 1975 quia
1447 1909 1575 1974 post
1595 1903 1700 1957 tri-

171 1989 296 2043 duum
327 2006 607 2061 resurgam
638 1991 848 2048 tMatth.
873 1994 1062 2060 xxvn).
1082 1993 1293 2047 Iterum
1323 2009 1453 2046 eum
1481 1993 1550 2046 de
1579 1997 1702 2046 arte

168 2078 330 2148 magica
359 2079 800 2134 criminabantur
835 2080 1118 2135 dicentes:
1155 2100 1178 2132 ‹
1212 2082 1277 2136 In
1306 2081 1582 2136 Belzebud
1611 2098 1703 2135 ex~

167 2167 282 2237 pellit
300 2167 559 2222 demonia
592 2169 741 2235 (Luc.
764 2171 858 2236 x1);
884 2189 910 2223 »
947 2175 1004 2224 et
1033 2170 1166 2240 quia
1186 2169 1396 2224 insanit
1425 2175 1480 2224 et
1499 2170 1701 2225 daemo-

165 2255 278 2310 nium
302 2255 467 2311 habet.
494 2277 519 2309 α
549 2257 754 2312 Nonne
781 2257 924 2312 bene
953 2258 1212 2324 dicimus,
1252 2258 1534 2330 inquiunt,
1568 2259 1700 2330 quia

163 2343 438 2400 damonium
455 2345 634 2401 habet
642 2352 700 2401 et
718 2347 929 2402 insanit
939 2347 1148 2414 ?(Joan.
1163 2350 1240 2416 χ.)
1252 2367 1275 2398 ι
1301 2348 1371 2402 Et
1379 2348 1495 2402 haec
1511 2347 1700 2402 audie-

163 2429 293 2486 batab
301 2433 414 2500 illis,
438 2434 559 2506 ipse
576 2433 847 2490 beneﬁcia
855 2441 1150 2507 praestans,
1175 2435 1454 2490 mirabilia
1467 2437 1694 2506 faciens,

159 2536 286 2590 opera
293 2521 380 2576 Dei
392 2523 884 2579 demonstrans.Et
897 2525 1174 2596 siquidem
1186 2525 1326 2580 nihil
1335 2525 1541 2580 faceret
1553 2531 1608 2580 et
1618 2525 1697 2580 sic

158 2607 237 2663 ista
259 2611 466 2678 audiret,
500 2612 648 2666 nihil
674 2620 826 2668 esset
851 2613 1107 2670 mirabile
1130 2632 1142 2667 :
1175 2631 1304 2668 cum
1334 2631 1464 2668 vero
1493 2614 1698 2669 docens

155 2699 315 2766 quead
332 2701 622 2756 veritatem
644 2701 1019 2774 pertinebant,
1045 2702 1240 2757 audiat
1267 2704 1417 2774 quod
1438 2703 1700 2758 seductor

153 2793 286 2853 esset;
311 2795 362 2842 et
377 2790 664 2845 daemones
683 2791 1002 2858 excludens,
1025 2791 1362 2846 daemonium
1384 2791 1592 2846 habere
1609 2792 1696 2846 di-

149 2874 359 2931 cebatur:
390 2895 476 2933 res
495 2879 666 2934 valde
695 2879 1009 2950 delugenda
1030 2885 1132 2934 est.
1153 2880 1251 2934 Vis
1279 2881 1450 2934 etiam
1469 2897 1697 2935 accusa-

1782 1815 2026 1876 tantum,
2049 1811 2146 1865 sed
2167 1818 2224 1864 et
2251 1813 2363 1890 alia
2391 1829 2516 1884 quae
2544 1813 2692 1868 circa
2721 1815 2893 1869 vitam
2921 1822 3070 1882 sunt,
3096 1818 3384 1888 passiones

1783 1899 1990 1953 Christi
2021 1906 2077 1953 et
2097 1901 2385 1970 passiones
2431 1903 2834 1972 apostolorum.
2865 1904 2955 1958 Sic
2981 1905 3131 1960 enim
3173 1906 3386 1962 sciebat

1781 1987 1926 2042 hanc
1953 1988 2126 2042 vitam
2155 1990 2446 2044 meliorem
2477 2008 2598 2045 esse
2628 1991 2914 2058 virtutem,
2951 2000 3017 2048 ut
3042 1994 3216 2050 etiam
3253 1995 3374 2068 ipse

1783 2077 1879 2148 qui
1900 2093 1967 2131 ea
1988 2094 2128 2149 opus
2154 2095 2267 2133 non
2289 2077 2548 2144 habebat,
2581 2096 2684 2152 per
2701 2098 2828 2134 eam
2857 2087 3152 2153 pergeret:
3179 2084 3238 2138 in
3252 2091 3376 2140 tan-

1780 2172 1903 2220 tum
1932 2171 2096 2221 norat
2122 2167 2540 2222 tribulationem
2561 2169 2964 2224 conducibilem
2988 2171 3149 2225 nobis
3177 2178 3384 2238 esse,et

1782 2255 1962 2325 magis
1983 2273 2208 2310 causam
2233 2273 2354 2311 csse
2378 2257 2601 2328 quietis.
2632 2258 2779 2312 Audi
2808 2258 2960 2312 enim
2987 2259 3171 2329 ipsum
3197 2260 3383 2314 dicen-

1779 2348 1895 2398 tem
1917 2362 1928 2397 :
1950 2366 1970 2393 ο
1987 2344 2110 2398 Nisi
2137 2346 2287 2399 enim
2312 2346 2437 2416 quis
2463 2345 2659 2400 tulerit
2679 2363 2895 2401 crucem
2926 2364 3087 2402 suam
3099 2353 3156 2402 et
3167 2349 3382 2404 venerit

1780 2439 1906 2503 post
1935 2449 2043 2499 me,
2077 2451 2188 2488 non
2219 2440 2303 2488 est
2326 2451 2416 2489 me
2445 2434 2814 2506 dignus(Luc.
2838 2439 2950 2505 x.)n
2973 2436 3031 2491 Si
3051 2436 3376 2508 discipulus,

1778 2521 1981 2591 inquit,
2010 2539 2089 2587 es,
2123 2523 2459 2592 magistrum
2486 2524 2745 2578 imitare:
2781 2524 2884 2578 hoc
2931 2525 3137 2596 quippe
3178 2532 3264 2580 est
3292 2526 3378 2580 di-

1779 2609 2072 2680 scipuli.Si
2097 2627 2228 2666 vero
2248 2611 2366 2682 ipse
2397 2611 2624 2683 quidem
2653 2629 2755 2683 per
2773 2612 3162 2668 tribulationes
3193 2631 3380 2686 perre-

1779 2698 1876 2764 xit,
1908 2704 1971 2753 tu
2000 2704 2191 2752 autem
2221 2700 2290 2753 ad
2320 2691 2574 2772 requiem
2603 2701 2684 2754 vis
2711 2701 2941 2763 ire.non
2961 2703 3217 2756 eamdem
3230 2703 3380 2758 viam

1777 2787 1859 2840 vis
1889 2804 2141 2858 pergere,
2157 2805 2326 2859 quam
2349 2789 2440 2844 ille
2469 2789 2734 2860 perrexit,
2747 2791 2846 2844 sed
2875 2790 3064 2846 aliam.
3087 2791 3376 2856 Quomodo

1779 2891 1912 2944 ergo
1937 2877 2188 2947 sequeris
2201 2893 2312 2931 non
2333 2879 2610 2949 sequens?
2632 2879 2912 2950 quomodo
2929 2878 3038 2933 erit
3047 2879 3374 2950 discipulus,

148 2963 288 3020 tiones
303 2967 506 3034 audire,
533 2968 654 3022 sive
675 2985 816 3040 quas
829 2974 1063 3034 secreto,
1079 2969 1194 3023 sive
1215 2985 1354 3040 quas
1373 2969 1560 3041 palam
1579 2968 1693 3023 imo
1723 3037 1754 3041 _
1775 2964 1820 3016 si
1843 2980 1954 3017 non
1975 2965 2312 3019 consectaris
2333 2967 2592 3038 magistri
2615 2967 2875 3037 vestigia?
2897 2968 3016 3022 Hoc
3035 2968 3207 3022 etiam
3228 2969 3376 3023 Pau-

145 3056 184 3105 et
204 3053 260 3108 ab
275 3055 550 3128 discipulis
573 3037 926 3138 sustinebat?
946 3057 1150 3129 quibus
1165 3037 1406 3112 et—aitza
1426 3057 1694 3128 Nunquid
1713 3037 1757 3097 ο
1775 3053 1863 3106 lus
1879 3052 2018 3107 dixit
2041 3071 2052 3106 :
2079 3073 2106 3107 α
2132 3054 2248 3108 Nos
2269 3055 2498 3121 inﬁrmi,
2513 3073 2609 3109 vos
2633 3062 2824 3110 autem
2845 3057 3016 3111 fortes
3041 3075 3052 3109 :
3080 3073 3182 3111 nos
3210 3057 3374 3128 igno-

145 3146 184 3192 et
199 3159 274 3197 vos
298 3145 453 3200 vultis
474 3145 638 3200 abire
663 3165 690 3199 1»
717 3147 896 3213 (Joan.
929 3150 1004 3216 vi)
1027 3147 1052 3198 Ἰ
1087 3145 1288 3218 inquit.
1322 3145 1431 3200 Sed
1473 3145 1644 3200 etiam
1676 3163 1688 3199 :

142 3231 493 3289 C'Dzemonium
541 3235 718 3288 habes
768 3253 794 3288 »
827 3251 862 3288 a
908 3235 1167 3290 ﬁdelibus
1217 3236 1338 3305 jam
1383 3233 1688 3289 dicebatur.

140 3316 291 3375 Nonne
316 3329 369 3376 et
393 3324 512 3396 ipse
542 3339 772 3395 semper
807 3323 1076 3393 fugiebat,
1111 3329 1169 3378 et
1195 3340 1342 3377 nunc
1371 3323 1596 3394 quidem
1633 3324 1693 3378 in

138 3406 549 3478 Galilaeammunc
575 3417 764 3466 autem
783 3411 841 3466 in
853 3413 1104 3468 Iudaeam
1119 3413 1352 3466 ’INonne
1369 3411 1440 3466 ab
1458 3412 1691 3468 incuna-

135 3492 230 3549 bilis
242 3497 364 3569 ipsis
385 3500 650 3570 plurimae
678 3499 759 3552 illi
775 3499 1118 3555 tentationes
1145 3499 1303 3554 facta;
1315 3501 1484 3554 sunt?
1507 3517 1692 3556 nonne

133 3583 276 3641 adhuc
296 3587 638 3644 infantulum
659 3593 842 3643 mater
867 3589 990 3658 ejus
1019 3589 1298 3661 accipiens
1319 3589 1609 3644 descendit
1633 3589 1692 3644 in

131 3671 423 3746 .Egyptum?
442 3679 690 3749 Propter
709 3677 828 3732 haec
846 3677 1024 3748 igitur
1042 3677 1234 3732 omnia
1255 3677 1424 3732 dixit:
1445 3698 1471 3729 «
1499 3681 1693 3734 Atten-

133 3777 152 3810 ε
171 3761 338 3818 dentes
351 3765 408 3820 in
423 3772 725 3822 auctorem
741 3767 872 3820 ﬁdei
890 3771 947 3820 et
957 3783 1127 3821 consu
1133 3784 1244 3821 mm
1251 3772 1465 3821 atorem
1476 3767 1503 3821 J
1509 3784 1666 3822 esum
1675 3809 1688 3834 ,

128 3868 143 3899 ι
169 3852 246 3922 qui
271 3872 366 3925 pro
393 3855 614 3926 gaudio
645 3854 749 3909 sibi
801 3855 1088 3927 proposito
1137 3855 1408 3910 sustinuit
1450 3873 1692 3924 crucem,

128 3955 146 3987 α
169 3943 470 3999 confusione
497 3949 848 4016 contempta,
869 3944 927 3998 in
949 3944 1180 4000 dextera
1199 3945 1348 4000 sedis
1367 3944 1470 4000 Dei
1497 3961 1692 4000 ccnse-

122 4027 240 4082 édit.
271 4052 295 4083 ν
325 4034 494 4088 Nunc
522 4033 703 4104 igitur
733 4032 1096 4088 intendamus
1117 4033 1176 4088 in
1196 4050 1264 4088 ea
1293 4051 1416 4104 quae
1435 4033 1693 4106 discipuli

120 4114 211 4183 elus
233 4122 478 4192 perpessi
498 4128 660 4188 sunt,
673 4123 926 4193 legamus
953 4121 1103 4177 dicta
1129 4123 1290 4178 Pauli
1313 4129 1371 4177 et
1396 4123 1690 4178 audiamus

115 4219 212 4260 eum
237 4208 516 4266 dicentem
545 4231 558 4266 :
591 4229 616 4263 «
651 4210 1068 4266 Insustinentia
1081 4212 1278 4278 multa,
1298 4212 1356 4266 in
1377 4211 1692 4267 tribulatio-

115 4292 262 4360 nibus,
284 4297 342 4353 in
365 4299 675 4370 angustiis,
699 4299 758 4354 in
791 4299 992 4372 plagis,
1023 4301 1082 4355 in
1111 4300 1428 4356 carceribus
1453 4301 1538 4366 (ΙΙ
1564 4301 1685 4356 Cor.

110 4381 184 4450 Il);
213 4405 237 4435 ι
267 4391 322 4440 et
341 4387 565 4443 iterum
597 4407 608 4442 :
651 4408 674 4439 ι
707 4389 898 4460 Usque
927 4389 998 4444 ad
1018 4389 1162 4443 hanc
1192 4390 1390 4444 horam
1421 4395 1479 4443 et
1507 4389 1686 4444 esuri-

111 4483 224 4536 mus,
243 4475 562 4543 etsitimus,
584 4481 644 4531 et
664 4477 800 4533 nudi
831 4494 1047 4544 sumus,
1081 4483 1138 4532 et
1163 4479 1599 4550 colaphizamur,
1631 4484 1688 4532 et

108 4554 378 4630 inquietam
385 4571 550 4632 ur,et
564 4565 845 4636 lugemus,
866 4571 1164 4638 cperantes
1174 4567 1432 4622 manibus
1447 4567 1680 4622 nostris:

108 4649 349 4706 maledicti
366 4653 794 4722 benedicimus;
818 4655 1264 4728 persecutionem
1285 4655 1454 4727 passi,
1474 4656 1687 4728 patien-

109 4736 410 4796 terferimus
433 4761 447 4810 ;
475 4743 876 4815 blasphemati,
897 4744 1273 4800 obsecramus.
1309 4765 1336 4798 »
1361 4746 1536 4816 Rogo,
1561 4745 1687 4816 quis

107 4825 170 4877 vel
194 4828 486 4886 minimam
497 4838 725 4904 partem
753 4833 959 4889 horum
975 4851 1174 4905 passus
1204 4834 1322 4889 est?
1349 4834 1508 4889 Sicut
1527 4834 1688 4888 sedu-

106 4917 268 4984 flores,
280 4917 496 4991 inquit,
511 4920 662 4976 sicut
681 4921 1022 4990 inhonorati,
1039 4923 1186 4977 sicut
1212 4923 1352 4977 nihil
1381 4923 1676 4977 habentes:

105 5004 146 5052 et
166 5002 385 5062 iterum:
427 5029 452 5060 ι
491 5009 805 5082 Quinquies
835 5011 1225 5082 quadragenas
1253 5028 1367 5066 una
1383 5011 1570 5066 minus
1597 5029 1685 5066 ac-

106 5091 196 5162 cepi
222 5109 254 5147 a
277 5096 516 5164 Judaeis,
531 5103 626 5153 ter
653 5099 825 5169 virgis
847 5116 1025 5154 caesus
1042 5117 1189 5166 sum,
1209 5101 1382 5155 semel
1402 5101 1684 5172 lapidatus

104 5192 218 5247 sum,
232 5183 319 5238 die
348 5203 418 5240 ac
447 5191 622 5242 nocte
649 5187 709 5242 in
735 5187 1010 5259 profundo
1039 5189 1212 5244 maris
1259 5189 1359 5256 fui,
1387 5190 1445 5244 in
1470 5189 1685 5244 itineri-

105 5261 183 5320 bus
205 5287 364 5345 saepe,
395 5275 889 5345 tribulationibus,
920 5278 1214 5350 angustiis,
1246 5278 1412 5346 fame,
1447 5297 1473 5331 »
1497 5279 1688 5333 etc.Et

103 5357 205 5423 illia
228 5361 345 5418 haec
371 5353 500 5420 Deo
523 5365 839 5437 placebant,
872 5367 1006 5423 audi
1029 5384 1159 5424 eum
1181 5367 1458 5423 dicentem
1483 5387 1532 5421 :«
1551 5369 1684 5422 Pro-

104 5446 168 5496 ια’
193 5447 290 5503 boc
314 5453 495 5507 tertio
529 5454 710 5510 Deum
740 5455 951 5526 rogavi,
985 5462 1044 5512 et
1073 5455 1212 5512 dixit
1251 5456 1390 5512 mihi
1421 5475 1432 5510 :
1469 5456 1686 5512 Sufﬁcit

105 5530 180 5588 tibi
195 5539 374 5605 gratia
399 5557 576 5594 mea:
609 5543 784 5598 virtus
812 5544 962 5600 enim
1001 5545 1062 5601 in
1117 5545 1444 5601 inﬁrmitate
1473 5545 1688 5616 perﬁci-

314 5639 597 5700 PATROL.
636 5640 789 5702 CXII

1775 3140 1933 3206 biles,
1956 3159 2052 3196 vos
2088 3148 2280 3198 autem
2312 3143 2526 3198 nobiles
2570 3146 2622 3211 (Ι
2641 3145 2762 3199 Cor.
2795 3147 2884 3212 1v).
2914 3165 2936 3196 ι
2975 3147 3044 3200 Et
3073 3147 3372 3216 quomodo,

1775 3229 1976 3302 inquit,
2009 3231 2114 3286 hoc
2142 3231 2312 3287 habet
2350 3233 2646 3300 rationem,
2677 3233 2725 3287 si
2753 3233 3034 3289 contraria
3072 3235 3377 3290 aemulami-

1774 3319 1873 3372 ni?
1904 3326 1962 3374 et
1989 3337 2087 3374 vos
2117 3321 2340 3392 quidem
2373 3321 2508 3375 estis
2535 3322 2931 3392 discipuli,nos
2959 3329 3150 3378 autem
3189 3324 3377 3380 docto-

1775 3409 1906 3462 res?
1934 3410 2201 3480 Magnum
2230 3409 2420 3482 itaque
2451 3411 2661 3466 bonum
2693 3416 2779 3465 est
2822 3411 3130 3478 tribulatio,
3171 3413 3376 3468 fratres

1773 3497 2121 3552 dilectissimi
2147 3515 2158 3552 :
2188 3499 2298 3553 duo
2327 3516 2571 3570 namque
2603 3517 2809 3570 magna
2827 3501 3064 3571 perﬁcit,
3099 3506 3157 3555 et
3184 3519 3218 3554 a
3242 3519 3371 3573 pec-

1774 3592 1897 3640 cato
1919 3587 2172 3652 mundat,
2191 3592 2248 3640 et
2266 3587 2526 3641 fortiores
2555 3587 2758 3642 reddit.
2777 3589 2920 3652 Quid
2951 3605 3085 3660 ergo
3114 3590 3373 3656 est,dicet

1773 3674 1996 3746 aliquis,
2021 3674 2069 3728 si
2108 3674 2394 3729 subvertat
2419 3675 2665 3746 aliquem
2696 3680 2754 3729 et
2785 3676 3025 3747 perdat?
3054 3693 3239 3731 nonne
3267 3677 3371 3731 tri-

1773 3763 1988 3818 bulatio
2019 3763 2124 3817 hoc
2152 3763 2317 3818 facit?
2342 3763 2452 3818 Sed
2477 3764 2524 3818 si
2575 3764 2680 3818 hoc
2729 3764 2982 3834 contigit,
3033 3770 3228 3819 nostra
3265 3765 3371 3820 hoc

1775 3851 1996 3922 ignavia
2021 3851 2168 3906 fecit.
2193 3853 2502 3920 Quomodo,
2539 3852 2756 3924 inquit?
2787 3853 2845 3908 Si
2871 3853 3047 3908 sobrii
3075 3871 3288 3920 sumus,
3321 3855 3369 3909 si

1772 3941 1953 3995 Deum
1981 3941 2364 4012 deprecemur,
2395 3947 2461 3996 ut
2487 3959 2590 3996 nos
2620 3959 2732 3997 non
2771 3942 3126 4014 derelinquat
3160 3944 3370 4002 tentari

1774 4046 1946 4100 supra
1973 4047 2142 4101 quam
2167 4047 2484 4102 possumus,
2520 4031 2569 4085 si
2596 4049 2820 4103 semper
2839 4032 3022 4104 ipsum
3051 4037 3365 4099 teneamus,

1771 4118 1819 4172 si
1846 4124 2059 4174 stemus
2084 4119 2320 4186 fortiter,
2333 4126 2390 4190 et
2417 4120 2596 4175 aciem
2624 4137 3044 4193 componamus,
3077 4136 3369 4194 usquequo

1770 4207 1955 4282 ipsum
1975 4207 2307 4263 habebimus
2335 4209 2726 4265 auxiliatorem
2758 4231 2768 4265 :
2802 4228 2866 4264 ac
2889 4211 2938 4265 si
2957 4211 3219 4266 omnibus
3236 4229 3368 4267 ven-

1771 4297 1842 4352 tis
1862 4298 2246 4353 vehementius
2264 4298 2486 4354 irruant
2507 4299 2868 4366 tentationes,
2885 4301 3038 4356 velut
3051 4301 3259 4372 stipula
3273 4318 3369 4356 ηο-

1768 4385 1853 4440 bis
1881 4392 2050 4441 erunt
2077 4393 2134 4442 et
2163 4387 2376 4454 folium,
2393 4389 2541 4459 quod
2561 4389 2739 4444 fertur
2779 4390 2837 4443 in
2865 4406 3014 4443 aere.
3038 4389 3186 4442 Audi
3213 4389 3362 4443 Pau-

1768 4475 1886 4530 lum
1911 4476 2206 4530 dicentem:
2221 4495 2242 4527 ¢
2259 4477 2323 4530 In
2345 4476 2432 4531 his
2448 4477 2708 4531 omnibus
2727 4477 3315 4547 vincimus(1lom.vm);
3336 4497 3359 4528 ι

1767 4569 1826 4618 et
1837 4565 2073 4619 iterum:
2099 4586 2124 4618 α
2143 4565 2410 4619 Existimo
2423 4565 2572 4619 enim
2595 4566 2742 4636 quod
2767 4581 2880 4618 non
2908 4569 3042 4619 sunt
3074 4564 3364 4636 condigna:

1767 4654 2052 4725 passiones
2082 4654 2252 4723 hujus
2271 4654 2541 4724 temporis
2569 4653 2641 4707 ad
2671 4653 2918 4707 futuram
2946 4653 3207 4724 gloriam,
3241 4672 3364 4726 quae

1767 4742 2064 4796 revelanda
2079 4747 2165 4796 est
2185 4741 2240 4795 in
2261 4741 2419 4796 nobis
2435 4741 2678 4810 (lbid.);»
2701 4747 2758 4796 et
2780 4743 2986 4796 iterum
3009 4761 3021 4796 :
3061 4763 3083 4794 ι
3117 4743 3364 4798 Momen-

1767 4835 2009 4885 taneum'
2034 4829 2184 4883 enim
2201 4836 2258 4884 et
2284 4831 2404 4884 leve
2426 4829 2824 4896 tribulationis,
2843 4831 3116 4887 excellens
3144 4833 3364 4903 pondus

1763 4925 1985 4975 aeterna:
2013 4919 2203 4990 gloriae
2234 4919 2292 4973 in
2335 4918 2494 4974 nobis
2539 4924 2806 4990 operatur
2828 4921 2908 4986 (Il
2931 4921 3051 4976 σοι’.
3077 4924 3172 4988 ιν).
3213 4943 3236 4973 ι
3267 4923 3364 4976 At-

1764 5009 1932 5063 tende
1959 5007 2136 5080 igitur
2179 5008 2368 5079 qualia
2404 5007 2669 5079 pericula,
2702 5010 2926 5078 'quanta
2966 5009 3277 5079 naufragia,
3307 5017 3364 5062 et

1767 5097 2059 5152 continuas
2086 5096 2492 5162 tribulationes,
2510 5101 2568 5150 et
2595 5096 2708 5150 alia
2735 5097 3059 5167 hujusmodi
3078 5097 3222 5150 levia
3241 5113 3361 5150 esse

1766 5187 1934 5242 dicit:
1969 5192 2026 5240 et
2055 5187 2317 5240 :emulare
2356 5185 2504 5240 hunc
2533 5185 2913 5252 adamantem,
2959 5185 3054 5256 qui
3099 5185 3272 5238 veluti
3310 5185 3359 5238 si

1762 5277 1879 5347 jam
1902 5291 2242 5347 supervacue
2261 5273 2592 5329 indueretur
2609 5292 2861 5347 corpore,
2877 5275 2957 5329 ita
2969 5273 3202 5347 gerebat
3216 5274 3361 5328 hanc

1763 5365 1954 5420 vitam.
1989 5365 2052 5420 In
2082 5366 2411 5436 paupertate
2429 5363 2537 5418 'es?
2570 5365 2668 5419 sed
2697 5381 2810 5419 non
2834 5381 2894 5417 es
2932 5363 2990 5417 in
3022 5369 3233 5434 quanta
3257 5363 3364 5420 fuit

1766 5455 1994 5520 Paulus,
2015 5453 2111 5524 qui
2139 5451 2312 5506 etiam
2339 5451 2398 5506 in
2427 5451 2575 5506 fame
2605 5452 2958 5508 examinatus
2988 5457 3076 5506 est
3103 5457 3160 5506 et
3186 5453 3278 5508 siti
3297 5471 3362 5509 ac

1769 5542 2039 5598 nuditate.
2059 5541 2166 5594 Sed
2196 5556 2377 5610 neque
2392 5557 2506 5595 uno
2536 5540 2628 5594 die
2651 5541 2768 5596 haec
2790 5559 2988 5613 passus
3009 5547 3113 5606 cst,
3131 5541 3228 5598 sed
3241 5560 3362 5614 per-

3043 5643 3122 5702 26
