3848 6164
489 213 593 282 sn
1074 225 1137 280 Β.
1180 221 1451 280 mam
1498 224 1730 282 MAURI
1766 217 2104 281 ARCHIEP.
2145 226 2471 282 MOGUNT.
2515 185 2814 282 Opimum
2853 222 3036 282 pass
3073 225 3166 284 n1.
3579 233 3656 296 an

493 356 664 423 petua
692 349 830 404 talia
855 348 1188 404 sustinebat.
1222 349 1380 405 Unde
1412 355 1629 407 certum
1677 357 1764 406 est
1791 351 1936 405 hoc?
1973 351 2150 412 Ad-A
2171 351 2396 421 cogitat,
2423 351 2691 422 quoniam
2713 350 2967 422 pervenit
2984 351 3051 403 ad
3081 351 3272 415 omnia,
3309 357 3560 423 persuadet
3580 363 3656 419 sibi

497 445 654 493 verte
683 439 866 510 ipsum
901 438 1180 492 dicentem
1211 457 1226 492 ε
1263 457 1289 492 α
1323 439 1511 511 Usque
1548 441 1607 494 in
1636 441 1782 495 hanc
1813 441 2008 495 horam
2035 447 2098 495 et
2172 457 2237 494 ex
2265 439 2724 494 antecedentibus
2736 441 2890 493 nulla
2911 455 3111 510 magna
3136 444 3660 514 operaperfecisselioc

495 527 792 592 esurimus,
817 533 875 581 et
904 527 1144 592 sitimus,
1161 534 1219 582 et
1245 528 1382 582 nudi
1397 545 1592 584 sumus
1623 532 1677 597 (Ι
1701 531 1822 584 Cor.
1856 533 1948 602 ιν).
1986 550 2008 580 ι
2043 529 2088 584 Ο
2172 535 2259 582 est
2285 529 2455 583 veluti
2489 529 2533 582 si
2565 528 2778 582 diceret
2807 547 2818 580 :
2844 528 3094 582 Necdum
3127 534 3342 582 mortem
3369 533 3659 606 sustinuistis,

492 631 612 669 rem
644 615 982 682 mirabilem,
1012 633 1139 670 cum
1183 623 1400 671 tantam
1447 617 1505 672 in
1553 619 1946 690 praedicatione
1972 619 2087 689 glo-
2171 617 2535 688 pecuniarum
2556 617 2710 670 vobis
2739 623 2962 671 tantum
2991 616 3217 686 contigit
3240 617 3475 674 damnum
3496 625 3565 678 vel
3580 628 3666 695 glo-

491 704 635 758 riam
666 704 995 775 possideret,
1010 710 1204 759 tamen
1224 711 1387 760 tanta
1407 707 1744 778 patiebatur,
1761 713 1816 761 et
1835 708 2086 762 fortassis
2169 706 2264 760 ria
2288 725 2300 760 :
2325 705 2588 776 exagitati
2617 711 2839 759 tantum
2861 705 2996 760 estis
3012 709 3068 758 et
3093 707 3491 776 persecutionem
3515 715 3631 783 passi
3655 735 3662 769 :

491 793 771 864 reliquum
801 809 1013 848 annum
1032 795 1158 848 vitae
1171 794 1392 864 agebat,
1407 797 1630 866 quando
1659 797 1740 850 ita
1769 797 2080 852 scribebat:
2169 795 2424 850 Christus
2443 801 2633 848 autem
2664 811 2762 865 pro
2787 794 2942 848 vobis
2971 793 3287 864 sanguinem
3313 795 3467 850 fudit:
3490 817 3567 854 vos
3592 818 3666 857 au-

493 898 520 934 α
553 881 682 936 Scio
712 881 862 936 enim
879 881 1164 936 hominem
1185 889 1317 937 ante
1337 900 1514 938 annos
1534 887 1954 956 quatuordecim
1973 887 2087 940 sive
2166 889 2284 939 tem
2332 901 2432 955 pro
2479 883 2890 954 vobismetipsis
2945 883 3178 937 necdum
3207 885 3310 938 tale
3360 885 3538 959 aliquid
3562 894 3669 959 passi

487 970 547 1024 in
573 985 826 1047 corpore,
858 971 972 1026 sive
1002 976 1159 1026 extra
1185 989 1407 1044 corpus,
1441 974 1626 1029 nescio
1655 976 1713 1046 (1
1738 976 1858 1030 σον.
1884 979 1976 1044 xu)
2008 994 2020 1042 ;
2059 1000 2082 1022 ιο
2168 973 2334 1040 estis;
2369 973 2463 1026 ille
2493 989 2672 1043 usque
2701 973 2770 1026 ad
2825 977 3063 1026 mortem
3111 989 3206 1042 pro
3251 973 3458 1028 veritate
3494 979 3670 1033 certavit

487 1063 548 1113 et
575 1059 782 1114 iterum
806 1079 820 1114 :
843 1083 864 1108 ι
890 1059 1024 1115 Post
1049 1067 1164 1115 tres
1191 1077 1387 1129 annos,
1413 1063 1614 1135 inquit,
1639 1063 1862 1118 ascendi
1893 1065 2086 1118 Hiero-
2168 1079 2424 1134 pugnans
2453 1077 2554 1132 pro
2583 1061 2755 1124 vobis,
2788 1077 2884 1114 vos
2911 1066 3101 1114 autem
3145 1061 3364 1114 necdum
3393 1063 3452 1116 ad
3483 1065 3672 1136 pericula

488 1149 764 1220 solymam
789 1150 930 1214 (Gal.
965 1152 1020 1218 ἥς
1055 1155 1112 1204 et
1157 1149 1361 1206 iterum
1409 1151 1542 1206 audi
1574 1169 1704 1207 eum
1755 1153 2030 1207 dicentem
2068 1172 2079 1206 :
2168 1150 2519 1222 pervenistis,
2572 1166 2694 1220 qua),
2741 1150 3034 1203 minantur
3083 1149 3374 1202 interitum.
3409 1168 3431 1198 α
3462 1151 3519 1204 Et
3555 1153 3672 1208 obliti

490 1253 518 1287 α
549 1237 767 1292 Bonum
803 1237 944 1292 mihi
989 1243 1075 1292 est
1121 1239 1281 1305 mori,
1331 1257 1497 1311 quam
1543 1246 1607 1295 ut
1635 1241 1872 1312 gloriam
1904 1258 2087 1296 meam
2170 1241 2323 1306 estis,
2348 1239 2548 1310 inquit,
2579 1237 2996 1292 consolationis.
3034 1255 3062 1290 υ
3098 1238 3209 1291 Hoc
3236 1245 3332 1300 est,
3361 1255 3535 1294 manus
3555 1241 3673 1295 dedi.

488 1326 774 1380 exinaniat
802 1327 1100 1398 quisquam
1132 1330 1182 1394 (Ι
1208 1330 1329 1385 Cor.
1365 1333 1462 1398 ix).
1492 1347 1516 1380 »
1541 1331 1666 1384 Non
1695 1330 1876 1384 solum
1897 1337 2087 1385 autem
2169 1328 2292 1392 stis,
2321 1335 2380 1381 et
2404 1327 2660 1381 dissoluti
2689 1327 2840 1381 estis.
2881 1346 2904 1378 ι
2931 1326 3208 1392 Nondum,
3238 1326 3422 1397 inquit,
3449 1344 3594 1399 usque
3623 1331 3672 1383 ad

486 1415 715 1481 hoc,sed
734 1415 902 1469 etiam
931 1415 1138 1471 iterum
1167 1417 1415 1472 scribens
1443 1418 1690 1472 dicebat:
1723 1439 1744 1470 ι
1778 1420 1934 1474 Sicut
1953 1437 2088 1492 pur-
2169 1417 2501 1488 sanguinem
2532 1415 2815 1470 restitistis
2843 1415 3110 1469 adversus
3131 1421 3398 1486 peccatum
3429 1433 3678 1487 repugnau-

484 1509 755 1575 gamenta
779 1505 972 1559 mundi
1001 1505 1133 1560 facti
1163 1522 1358 1560 sumus
1388 1509 1441 1574 (1
1465 1509 1588 1562 Cor.
1617 1510 1712 1568 tv).
1752 1527 1774 1558 ι
1806 1508 1949 1572 Quid
1979 1515 2082 1574 est,
2167 1511 2270 1560 tes.
2307 1527 2328 1556 ι
2355 1507 2417 1560 in
2429 1506 2533 1559 hoc
2562 1506 2682 1558 loco
2708 1505 3060 1558 demonstrat
3089 1504 3252 1558 etiam
3281 1511 3534 1575 peccatum
3559 1507 3678 1560 vehe-

487 1593 903 1668 inquam,fame
923 1599 982 1648 et
998 1593 1092 1648 siti
1109 1595 1392 1649 deterius?
1409 1595 1543 1667 quid
1583 1595 1790 1666 frigore
1846 1597 2086 1651 saevius?
2168 1599 2387 1649 menter
2413 1594 2678 1648 adversus
2706 1609 2800 1647 eos
2830 1593 3084 1664 aspirans
3125 1598 3181 1644 et
3207 1592 3423 1648 diversis
3451 1594 3598 1647 modis
3619 1613 3680 1648 ar-

489 1681 624 1752 quid
641 1681 884 1737 fratrum
907 1681 1124 1736 insidiis
1143 1683 1510 1754 periculosius
1530 1685 1554 1736 Τ
1579 1701 1718 1754 quos
1733 1684 1902 1738 etiam
1921 1685 2089 1739 falsos
2104 1668 2150 1727 Β
2170 1690 2404 1738 matum.
2424 1683 2584 1746 Quod
2602 1682 2750 1736 enim
2768 1681 2980 1735 dictum
2991 1688 3080 1736 est
3103 1701 3114 1734 :
3137 1705 3156 1728 ιι
3179 1683 3290 1735 Nec
3316 1681 3613 1744 restitistis,»
3631 1684 3680 1736 ad

484 1770 689 1825 fratres
719 1770 1010 1844 appellat?
1035 1773 1231 1826 Nonne
1261 1771 1488 1826 morbus
1519 1773 1714 1827 mundi
1742 1773 2090 1828 vocitabatur
2170 1773 2457 1826 adstantes
2473 1771 2695 1825 dicitur.
2716 1791 2740 1822 α
2761 1769 2830 1824 Et
2845 1768 3003 1824 obliti
3025 1769 3178 1834 estis,
3213 1769 3403 1840 inquit,
3423 1771 3684 1824 consolatio-

486 1864 657 1930 stque
671 1859 969 1930 deceptor?
993 1859 1518 1916 nonnesubversor?
1539 1877 1725 1915 nonne
1763 1861 2086 1916 verberibus
2169 1861 2275 1927 nis,
2299 1877 2401 1933 per
2431 1877 2599 1932 quam
2651 1858 2804 1912 vobis
2857 1859 3028 1913 veluti
3061 1859 3190 1912 ﬁliis
3216 1857 3490 1913 fabulatur.
3518 1859 3600 1913 Fili
3615 1860 3684 1922 mi,

485 1947 921 2003 concidebatur?
949 1950 1079 2016 Haec
1105 1949 1162 2002 in
1185 1955 1372 2004 mente
1403 1967 1711 2017 sumamus,
1728 1950 1928 2004 fratres
1949 1951 2086 2005 dile-
2169 1951 2369 2022 inquit,
2399 1967 2512 2004 non
2540 1948 2887 2004 contristeris
2915 1948 2986 2002 ad
3017 1947 3364 2018 disciplinam
3388 1947 3594 2012 Domini,
3618 1964 3684 2001 ne-

485 2036 738 2104 ctissimi,
775 2037 891 2092 haec
911 2037 1346 2105 conside-ranas,
1367 2039 1482 2092 haec
1510 2039 1568 2092 in
1598 2039 1871 2094 memoria
1896 2045 2085 2094 tenear
2168 2057 2275 2110 que
2303 2039 2556 2109 fatigeris
2583 2038 2717 2092 dum
2764 2037 2834 2091 ab
2877 2053 2944 2090 eo
2980 2037 3255 2107 argueris.
3298 2057 3319 2086 ι
3352 2037 3615 2107 Postquam
3636 2053 3682 2088 ex

485 2141 630 2192 mus,
661 2132 720 2180 et
745 2141 1034 2198 nunquam
1055 2127 1443 2194 dissolvemnr,
1477 2145 1542 2182 ac
1567 2128 1612 2182 si
1637 2128 1872 2199 injurias
1901 2129 2083 2200 patia-
2167 2129 2334 2183 rebus
2355 2129 2491 2199 ipsis
2539 2127 2796 2181 hortatus
2826 2131 2930 2192 est,
2953 2131 3090 2179 tunc
3119 2143 3184 2179 ex
3208 2124 3524 2178 abundantia
3547 2141 3621 2178 eos
3636 2141 3682 2176 ex

485 2231 631 2282 mur,
649 2231 715 2269 ac
742 2217 788 2269 si
813 2215 1058 2288 rapinas,
1076 2232 1140 2269 ac
1160 2216 1206 2269 si
1230 2217 1421 2270 decem
1452 2217 1627 2270 millia
1651 2217 1895 2288 pessima
1909 2219 2082 2289 patia-
2163 2216 2498 2271 testimoniis
2511 2215 2860 2269 adhortatur.
2881 2215 3122 2284 «Neque
3148 2213 3384 2279 deﬁcias,
3407 2212 3578 2282 inquit,
3590 2227 3684 2266 cum

484 2320 630 2358 mur.
661 2304 965 2374 Contingat
991 2321 1094 2359 nos
1121 2305 1178 2359 in
1199 2305 1352 2359 ccelis
1378 2305 1692 2377 probabiles
1719 2323 2009 2378 apparere,
2027 2313 2084 2362 et
2164 2305 2234 2360 ab
2254 2321 2320 2360 eo
2339 2304 2662 2376 argueris.»
2685 2304 2849 2358 Certe
2872 2304 2990 2356 haec
3005 2303 3109 2356 Dei
3130 2301 3298 2356 verba
3317 2307 3453 2364 sunt,
3469 2301 3592 2354 unde
3605 2315 3686 2354 non

484 2393 674 2447 omnia
699 2393 791 2448 hic
820 2393 1117 2466 portabilia
1147 2399 1281 2448 sunt
1313 2413 1324 2447 :
1355 2395 1647 2465 contingat
1669 2412 1771 2448 nos
1799 2395 1938 2450 bene
1969 2397 2083 2450 illic
2164 2412 2392 2466 parvam
2411 2392 2940 2468 eispoteritadferre
2953 2391 3692 2460 consolationem,dumcogno—

481 2498 668 2552 agere,
702 2488 760 2536 et
787 2499 878 2536 res
897 2483 1065 2553 hujus
1090 2483 1215 2537 vitae
1243 2483 1452 2537 nullius
1480 2484 1750 2538 momenti
1779 2491 1930 2539 sunt.
1953 2485 2082 2539 Um-
2164 2489 2322 2538 scant
2341 2483 2475 2554 quia
2495 2483 2595 2536 Dei
2617 2499 2758 2553 opus
2779 2486 2864 2535 est
2878 2481 3016 2535 talia
3038 2479 3336 2534 sustinere.
3360 2481 3476 2550 ipso
3501 2493 3692 2548 namque

483 2571 583 2623 bra
603 2575 738 2624 sunt
764 2569 874 2624 ista
901 2576 958 2624 et
1007 2570 1284 2625 somnium
1319 2589 1329 2624 :
1373 2573 1781 2644 qualiacunque
1821 2573 1953 2640 sint,
1985 2575 2082 2629 illa
2165 2573 2522 2643 permittente
2545 2571 2686 2642 justi
2707 2586 2996 2642 pressurae
3018 2570 3202 2623 varias
3221 2569 3510 2640 patiuntur,
3524 2567 3694 2620 sicutet

483 2675 775 2730 speremus
804 2665 863 2712 et
886 2664 1203 2732 spectemus
1236 2677 1247 2712 :
1279 2660 1389 2714 ista
1437 2661 1597 2714 nobis
1644 2662 1798 2716 nulla
1839 2679 2078 2734 appare-
2162 2662 2336 2716 Paulo
2359 2661 2610 2734 apostolo
2625 2659 2836 2713 dictum
2856 2664 2976 2712 est:
3007 2677 3028 2710 α
3050 2658 3274 2712 Sufﬁcit
3298 2657 3394 2710 tibi
3410 2657 3571 2726 gratia
3585 2671 3690 2707 mea:

482 2746 643 2810 bunt,
675 2747 762 2800 vel
791 2753 1006 2801 natura;
1031 2749 1495 2812 consideratione,
1525 2751 1607 2803 vel
1625 2751 1915 2822 temporis.
2164 2767 2293 2804 nam
2323 2751 2500 2804 virtus
2529 2749 2588 2803 in
2617 2748 2947 2802 inﬁrmitate
2985 2747 3296 2818 perﬁcitur.
3332 2771 3354 2795 ι
3382 2746 3473 2800 Ille
3506 2747 3692 2814 ergoest

555 2854 582 2888 α
615 2835 876 2890 Nondum
907 2852 1086 2908 usque
1115 2837 1186 2890 ad
1210 2837 1544 2908 sanguinem
1571 2838 1857 2892 restitistis
1884 2841 2079 2894 adver-
2163 2839 2258 2908 qui
2289 2824 2584 2909 permittit.
2613 2858 2634 2889 ι
2661 2837 2840 2900 Quem
2865 2836 3018 2890 enim
3036 2836 3228 2906 diligit
3255 2835 3508 2888 Dominus
3531 2831 3690 2901 arguit,

487 2945 508 2976 (ι
545 2941 641 2980 sus
661 2931 951 2996 peccatum
973 2930 1370 2996 repugnantes,
1388 2932 1445 2980 et
1463 2925 1636 2980 oblita
1661 2928 1794 2982 estis
1824 2930 2078 2983 consola-
2100 2975 2146 2997 η
2163 2927 2411 2997 ﬂagellat
2437 2932 2628 2981 autem
2660 2941 2885 2980 omnem
2915 2925 3099 2978 ﬁlium
3132 2940 3297 2996 quem
3326 2921 3523 2993 recipit.
3554 2939 3575 2971 ι
3601 2920 3694 2973 Non

485 3033 509 3063 «
533 2975 704 3068 tionis
735 3029 858 3084 quae
885 2975 1340 3086 vobisrtahquam
1358 2975 1508 3068 ⁷ἥιὶίε
1553 3015 1802 3086 loquitur
1829 3017 2020 3072 dicens
2064 2975 2319 3086 :Cpoijes
2348 3016 2552 3081 dicere,
2577 3015 2708 3085 quia
2729 3016 2917 3083 justus
2938 2975 3361 3084 aliquisjexpers
3384 2975 3697 3065 tribulationis

485 3120 512 3154 α
545 3101 650 3156 Fili
682 3103 778 3170 mi,
812 3103 928 3156 noli
958 3103 1243 3173 negligere
1271 3104 1621 3177 disciplinam
1645 3105 2079 3176 Domini,nequc
2161 3104 2380 3170 existat,
2402 3105 2506 3158 etsi
2546 3104 2624 3158 sic
2661 3103 2820 3157 nobis
2851 3101 3109 3156 videatur
3133 3121 3145 3168 ;
3168 3102 3266 3156 sed
3286 3101 3582 3171 ignoramus
3605 3097 3697 3165 ejus

487 3213 506 3241 ο
539 3190 953 3266 fatigeris,dum
970 3191 1040 3245 ab
1052 3207 1118 3245 eo
1134 3193 1590 3263 argueris.Quem
1613 3195 1760 3248 enim
1777 3194 1963 3265 diligit
1975 3195 2081 3250 Do-
2161 3199 2363 3247 caetera
2393 3193 2720 3246 calamitosa
2747 3209 2870 3262 quae
2899 3191 3135 3262 patitur.
3161 3190 3398 3244 Proinde
3425 3201 3621 3242 necesse
3635 3188 3698 3238 est

487 3297 510 3330 α
539 3279 1008 3350 minus,castigat;
1031 3281 1277 3351 ﬂagellat
1286 3286 1474 3335 autem
1487 3298 1710 3336 omnem
1721 3283 1898 3338 ﬁlium
1913 3300 2077 3354 quem
2162 3298 2386 3336 omnem
2393 3283 2610 3353 justum
2629 3298 2731 3352 per
2749 3296 3041 3352 pressurus
3059 3281 3137 3333 tri
3145 3279 3546 3347 bulationesque
3560 3280 3698 3327 trans-

481 3385 512 3421 ε
543 3367 759 3440 recipit.
781 3393 802 3417 ιι
817 3369 952 3424 Duae
965 3375 1098 3424 sunt
1110 3369 1428 3424 orationum
1461 3371 1692 3442 species,
1718 3389 1840 3442 qua:
1856 3372 2080 3426 sibimet
2161 3371 2262 3427 ire.
2285 3371 2579 3424 Sententia
2601 3369 2804 3441 quippe
2823 3369 3033 3423 Christi
3053 3374 3166 3434 est,
3200 3369 3333 3440 quia
3349 3389 3370 3417 ι
3405 3367 3511 3420 lata
3532 3370 3582 3418 et
3603 3376 3700 3432 spa-

477 3456 772 3512 contrm'ie
821 3475 942 3512 esse
986 3464 1277 3531 putantur,
1323 3459 1419 3513 sed
1451 3461 1688 3514 multum
1728 3460 1834 3513 sibi
1881 3467 2076 3516 mutuo
2158 3460 2305 3514 tiosa
2332 3465 2418 3514 est
2445 3459 2534 3512 via
2561 3475 2684 3530 quae
2713 3459 2867 3512 ducit
2894 3459 2966 3512 ad
2998 3457 3412 3528 perditionem:
3443 3458 3580 3508 arcta
3601 3464 3698 3502 vero

479 3545 723 3602 aferunt
747 3546 1088 3617 adjumenti:
1111 3565 1250 3618 quas
1266 3547 1356 3602 hic
1380 3554 1646 3619 utrasque
1659 3549 1870 3620 species
1892 3549 2073 3604 incul-
2157 3555 2215 3603 et
2241 3555 2483 3619 angusta
2508 3565 2630 3619 qua:
2659 3547 2812 3601 ducit
2842 3548 2913 3600 ad
2941 3547 3115 3600 vitam
3133 3548 3349 3612 (Matth.
3382 3547 3488 3614 vn).
3518 3561 3542 3596 ι
3563 3538 3698 3609 Siigi-

478 3635 640 3690 cavit.
666 3634 792 3690 Una
812 3635 1018 3708 quippe
1047 3637 1260 3708 species
1289 3644 1390 3702 est,
1426 3637 1650 3708 quando
1677 3637 1923 3709 plurima
1941 3638 2075 3692 dici-
2155 3644 2251 3692 tur
2268 3654 2370 3708 per
2405 3637 2558 3690 illam
2591 3637 2816 3690 venitur
2842 3635 2912 3689 ad
2943 3635 3140 3702 vitam,
3182 3641 3240 3689 et
3286 3651 3394 3688 non
3433 3635 3596 3703 potest
3614 3626 3698 3680 illic

479 3739 605 3778 mus
633 3723 850 3796 aliquos
878 3741 999 3778 esse
1046 3741 1372 3798 perpessos:
1405 3727 1596 3779 anima
1623 3726 1774 3779 enim
1800 3727 2070 3797 quodam-
2154 3727 2319 3782 aliter
2333 3725 2610 3798 perveniri
2623 3730 2838 3779 certum
2852 3724 2998 3795 quod
3012 3740 3294 3794 perquem
3309 3717 3698 3792 angustamhauc

478 3813 644 3866 modo
669 3813 991 3884 requiescit,
1025 3815 1248 3885 quando
1289 3831 1518 3868 suarum
1549 3814 1871 3884 passionum
1899 3815 2076 3886 pluri-
2159 3815 2305 3869 viam
2329 3832 2524 3868 omnes
2537 3813 2618 3868 illi
2641 3812 3008 3874 transi-erunt,
3033 3817 3315 3882 quotquot
3343 3811 3410 3864 ad
3443 3811 3594 3862 vitam
3609 3818 3700 3874 per-

479 3917 600 3955 mos
630 3901 833 3956 habuei
846 3902 892 3955 it
917 3907 1090 3956 testes
1121 3921 1133 3954 :
1167 3904 1638 3973 quemadmodum
1671 3903 1953 3958 orationes
1981 3921 2076 3958 su-
2159 3904 2310 3958 ducti
2339 3910 2470 3958 sunt
2487 3903 2910 3973 sempitern-am.
2940 3919 2966 3951 ‹‹
2991 3903 3056 3956 In
3075 3901 3378 3972 disciplina
3391 3899 3701 3970 perseverate.

479 4007 582 4060 pra
601 3990 788 4059 posuit
814 3989 1005 4044 dicens
1028 4009 1038 4042 :
1061 3991 1578 4045 «Rememoramini
1605 3997 1794 4045 autem
1811 3993 2076 4062 pristinos
2164 4013 2185 4045 α
2219 3999 2490 4068 tanquam
2547 3991 2678 4045 ﬁliis
2710 3990 2864 4044 vobis
2907 4007 2968 4044 se
3014 3991 3183 4044 oil'ert
3228 3990 3406 4054 Deus;
3445 3986 3558 4057 quis
3590 3980 3702 4036 enim

479 4077 617 4143 dies,
647 4077 708 4130 in
737 4077 941 4148 quibus
971 4078 1274 4134 illuminati
1303 4096 1571 4150 magnum
1603 4087 1888 4136 Certamen
1904 4082 2074 4136 sum"
2162 4100 2185 4132 ‘
2221 4081 2386 4146 “misi
2420 4096 2588 4152 quem
2612 4095 2722 4134 n0“
2763 4079 2993 4149 corripit
3033 4078 3244 4148 pater?
3283 4095 3311 4128 ’⁵
3346 4078 3408 4130 In
3445 4069 3702 4143 disciplina,

480 4165 683 4220 nuistis
709 4166 1034 4237 passionum
1067 4168 1254 4236 (Supr.
1285 4172 1364 4237 Χ).
1401 4188 1426 4220 »
1456 4169 1648 4223 Altera
1686 4186 1815 4224 vero
1863 4171 2076 4241 species
2157 4169 2357 4240 inquit,
2385 4174 2754 4240 perseverate,
2775 4183 2887 4222 non
2916 4167 2974 4220 in
3013 4167 3326 4238 suppliciis,
3361 4179 3530 4234 neque
3547 4161 3594 4214 in
3616 4167 3706 4210 tor-

476 4262 581 4322 est,
615 4253 839 4328 quando
869 4255 1124 4322 dicimus,
1157 4256 1422 4327 quoniam
1453 4257 1594 4310 nihil
1623 4263 1709 4311 est
1733 4259 1924 4328 magni
1946 4277 2075 4330 per-
2089 4295 2138 4354 D
2159 4259 2381 4312 mentis.
2415 4260 2641 4312 Intuere
2670 4257 2803 4328 quid
2831 4256 2912 4310 ait
2957 4256 3189 4310 Paulus.
3233 4255 3394 4310 Unde
3429 4245 3706 4354 reputabant

476 4361 690 4416 pessus.
728 4345 831 4400 Illa
859 4345 1064 4418 quippe
1105 4345 1317 4416 species
1363 4345 1712 4416 requiescere
1747 4347 1880 4402 facit
1907 4353 1963 4402 et
1990 4336 2136 4402 re-U
2159 4365 2218 4402 se
2247 4347 2540 4400 derelictos
2565 4363 2706 4411 esse,
2739 4361 2807 4400 ex
2847 4346 2951 4398 hoc
2997 4361 3094 4398 eos
3158 4345 3299 4398 dicit
3327 4341 3498 4412 magis
3523 4336 3704 4392 credens

477 4434 654 4489 creari
683 4435 932 4488 animam
977 4433 1311 4488 mter-oribus
1353 4434 1715 4489 subruentem
1753 4455 1764 4490 :
1800 4436 1909 4491 ista
1945 4453 2074 4492 vero
2159 4436 2379 4502 debere,
2401 4435 2665 4507 quoniam
2678 4433 3094 4488 suntderelicti.
3129 4434 3299 4488 Velut
3315 4421 3706 4487 sidicereLQlliit

478 4524 856 4594 negligentem
877 4525 1124 4578 animam
1147 4530 1206 4578 et
1232 4523 1492 4596 supinam
1522 4541 1589 4578 ex
1605 4525 1930 4595 arrogantia
1947 4543 2076 4580 con-
2157 4531 2319 4579 tanta
2345 4524 2495 4596 passi
2525 4524 2677 4589 estis,
2711 4523 2922 4596 putatis
2946 4523 3100 4594 quod
3147 4539 3246 4576 vos
3293 4521 3421 4576 odio
3445 4517 3622 4573 habeat
3642 4507 3704 4562 vel

483 4613 648 4666 vertit
677 4618 735 4666 et
763 4613 1019 4668 retrahit.
1048 4613 1132 4667 Ne
1175 4629 1306 4684 ergo
1327 4613 1436 4667 illis
1456 4629 1529 4666 ex
1556 4613 1653 4667 illa
1680 4614 2074 4669 testificatione
2157 4613 2521 4684 dereliquerit
2537 4613 2721 4667 Deus?
2743 4611 2799 4666 Si
2821 4611 2973 4665 enim
2994 4611 3112 4665 haec
3129 4627 3246 4665 non
3262 4604 3707 4681 patereminbtm

479 4699 743 4770 superbia
765 4707 1085 4770 generetur,
1119 4702 1518 4774 contemplare,
1553 4701 1648 4772 qui
1695 4702 1774 4757 ait
1819 4703 2025 4758 Paulus
2059 4721 2070 4756 :
2159 4702 2338 4772 magis
2357 4703 2461 4756 hoc
2475 4718 2570 4755 vos
2586 4700 2862 4771 conjicere
2875 4699 3260 4771 competebat;
3287 4697 3494 4752 sienim
3506 4688 3708 4760 ﬂagellat

481 4807 510 4841 α
541 4789 821 4855 Nondum,
853 4791 1055 4862 inquit,
1091 4805 1270 4862 usque
1298 4791 1368 4844 ad
1418 4792 1750 4862 sanguinem
1792 4792 2076 4847 restitistis
2159 4808 2382 4846 omnem
2411 4787 2590 4844 ﬁlium
2615 4805 2780 4861 quem
2795 4789 3013 4860 recipit,
3039 4789 3137 4860 qui
3157 4805 3276 4842 non
3289 4776 3706 4856 ﬂagellatur,sin€

479 4885 676 4933 contra
703 4884 1011 4950 peccatum.
1035 4900 1054 4930 ι
1100 4881 1169 4934 Et
1197 4896 1308 4934 non
1341 4881 1629 4934 confestim
1659 4881 1852 4936 intulit
1887 4897 2078 4936 co-nse-
2157 4880 2328 4934 dubio
2355 4895 2468 4934 non
2500 4885 2586 4932 est
2613 4879 2672 4932 in
2720 4895 2956 4932 numero
2999 4877 3272 4932 ﬁliorum.
3303 4874 3450 4940 Quid
3469 4885 3592 4940 ergo
3613 4879 3709 4918 ηιθ-

479 4967 728 5040 quentia,
744 4968 842 5022 sed
871 4969 1170 5023 ostendens
1190 4969 1270 5024 eis
1299 4969 1543 5042 primum
1572 4986 1767 5024 omnes
1781 4970 1876 5041 qui
1899 4987 2076 5042 usque
2162 4970 2298 5039 ligni
2321 4969 2476 5023 nulla
2491 4984 2696 5038 magna
2707 4967 3034 5039 patiuntur?
3059 4965 3378 5030 Quomodo,
3401 4959 3583 5032 inquit,

477 5057 549 5111 ad
599 5057 931 5129 sanguinem
985 5058 1333 5123 restiterunt,
1389 5063 1526 5112 tunc
1574 5059 1760 5124 infert,
1813 5041 2077 5129 quoniam
2162 5059 2310 5130 quod
2341 5057 2524 5112 omnis
2553 5057 2702 5111 illius
2737 5056 3098 5126 flagellatur?
3130 5055 3244 5110 Sed
3277 5069 3390 5109 non
3435 5048 3578 5106 dixit.
3605 5041 3709 5114 quia

475 5147 734 5216 gloriatio
765 5147 972 5202 Christi
1001 5146 1288 5218 passiones
1316 5153 1448 5202 sunt
1479 5166 1491 5200 :
1525 5155 1659 5202 tunc
1702 5149 1822 5218 jam
1861 5148 2076 5203 facilius
2159 5147 2342 5202 omnis
2373 5147 2467 5218 qui
2519 5146 2852 5216 ﬂagellatur,
2883 5145 3032 5199 ﬁlius
3085 5150 3191 5209 est,
3225 5144 3325 5198 sed
3377 5139 3549 5195 omnis
3589 5131 3705 5186 ﬁlius

479 5241 679 5290 caetera
704 5238 1002 5307 percurrit.
1027 5237 1146 5290 Hoc
1163 5235 1332 5290 etiam
1353 5236 1602 5290 scribens
1621 5237 1927 5292 Corinthiis
1945 5238 2078 5292 fecit
2160 5236 2496 5307 ﬂagellatur.
2523 5236 2758 5306 Semper
2783 5235 2936 5288 enim
2961 5239 3019 5289 et
3045 5232 3256 5305 ubique
3279 5230 3458 5286 ﬁlium
3496 5220 3706 5279 verbth

477 5321 702 5378 dicens:
726 5326 1028 5380 «Tentatio
1052 5342 1148 5380 vos
1177 5341 1286 5380 non
1319 5326 1720 5396 apprehendat,
1746 5326 1853 5380 nisi
1875 5327 2074 5380 huma-
2157 5331 2215 5380 et
2241 5325 2479 5395 castigat
2509 5344 2525 5378 :
2549 5325 2652 5378 hoc
2681 5339 2814 5396 ergo
2845 5321 3224 5378 demonstrari
3255 5337 3369 5374 non
3397 5318 3581 5390 potest,
3603 5322 3707 5396 (ΙΨ

479 5427 552 5464 na
578 5413 633 5479 (1
655 5414 776 5466 Cor.
802 5418 876 5484 x),
911 5433 937 5466 »
971 5415 1076 5469 hoc
1102 5420 1188 5468 est
1225 5395 1479 5468 minima.
1513 5415 1688 5468 Valde
1720 5415 1924 5486 quippe
1971 5415 2074 5469 hoc
2157 5415 2306 5468 niam
2331 5415 2428 5484 qui
2453 5413 2602 5468 illius
2621 5418 2724 5477 est,
2743 5395 2856 5466 non
2877 5411 3380 5483 ﬂagellaturﬁunt
3397 5395 3708 5486 quidempll'

475 5498 740 5554 idoneum
771 5508 892 5556 erat
918 5503 988 5556 ad
1023 5503 1266 5556 mximam
1297 5501 1710 5573 subrigendam.
1739 5484 1892 5558 Dum
1923 5504 2072 5558 enim
2157 5503 2282 5557 rimi
2313 5503 2406 5574 qui
2449 5503 2807 5572 ﬂagellantur
2833 5501 3083 5571 maligni.
3125 5500 3279 5553 sicut
3314 5492 3602 5551 homicidia.
3640 5484 3704 5536 18'
