3848 6164
201 265 284 324 813

566 257 1143 316 ENARRATIONUM
1179 257 1260 313 IN
1297 257 1448 313 EPP.
1493 257 1708 314 PAULI
1745 258 1882 314 LIB.
1924 259 2120 315 XXIX.
2161 289 2227 300 -
2261 259 2340 315 IN
2379 261 2601 317 EPIST.
2641 261 2738 317 AD
2779 263 2992 318 HEBR.

3313 249 3416 322 su

195 395 368 446 trones,
382 384 621 448 maleﬁci,
655 384 1036 456 sepulcrorum
1058 382 1494 454 depraedatores:
1527 383 1622 436 sed
1663 383 1743 436 illi
1760 385 1808 444 Α
1828 384 2023 453 Itaque
2052 383 2140 438 his
2169 383 2506 440 testimoniis
2525 386 2820 440 manifeste
2847 387 3164 458 colligimus
3193 389 3420 456 Patrem

193 494 276 550 pro
292 492 379 529 sua
401 473 681 544 iniquitate
708 472 982 543 supplicia
1011 471 1320 542 patiuntur,
1345 475 1403 524 et
1423 489 1533 525 non
1555 477 1745 526 autem

195 568 308 620 sicut
325 564 412 618 ﬁlii
442 563 810 633 flagellantur,
836 561 933 615 sed
963 561 1110 615 sicut
1139 561 1362 631 pessimi
1393 561 1740 634 puniuntur;

191 671 273 710 nos
295 659 460 706 autem
484 651 626 705 sicut
644 651 762 704 filii.
787 651 1000 705 Deinde
1039 667 1105 703 ex
1125 649 1406 703 communi
1439 655 1495 703 et
1527 650 1746 720 publica

191 739 542 796 consuetudine
559 757 725 810 agere
751 757 880 793 cum
912 740 993 793 eis
1021 739 1285 792 instituit.
1320 739 1562 793 Intueris
1603 755 1744 810 quo-

191 832 321 885 modo
363 829 599 900 undique
655 833 990 898 argumenta
1035 827 1279 892 deducit,
1337 845 1403 882 ex
1448 827 1633 893 rebus,
1678 845 1744 883 ex

189 920 446 990 Scriptura,
486 935 551 971 ex
596 917 780 971 verbis
809 917 1058 980 diversis,
1109 933 1174 971 ex
1223 917 1740 972 ratiocinationibus

187 1008 400 1080 propriis,
426 1024 488 1061 ex
505 1005 970 1061 similitudinibus
1004 1011 1061 1060 et
1100 1007 1387 1078 exemplis,
1422 1023 1486 1060 ex
1514 1023 1739 1061 conver-

1826 467 2124 542 spiﬁtuum
2146 473 2255 526 dici
2285 474 2565 528 neminem
2603 493 2782 546 posse,
2798 476 2905 530 nisi
2923 477 3099 532 Deum
3119 479 3302 532 solum
3324 480 3421 550 qui

1826 577 1921 614 eos
1951 577 2015 614 ex
2059 561 2254 626 nihilo,
2297 579 2423 616 cum
2477 565 2734 629 voluerit,
2774 565 2950 618 facit:
2993 566 3249 622 homines
3290 583 3422 630 vero

1827 649 2010 703 carnis
2035 657 2239 705 nostrae
2269 657 2456 722 patres
2485 653 2876 708 tantummodo
2907 655 3206 716 nominari.
3225 674 3252 708 ι
3290 657 3423 711 Car-

1825 740 1999 804 nales,
2033 738 2236 810 inquit,
2270 747 2492 795 nostros
2519 747 2709 813 patres
2738 742 3037 798 habuimus
3080 743 3336 800 doctores
3365 751 3425 801 et

1827 828 2154 882 educatores
2181 833 2240 882 et
2266 829 2598 884 verebamur
2611 848 2725 886 eos.
2752 833 2950 890 Nonne
2981 833 3158 888 multo
3174 833 3420 906 amplius

1825 916 2024 986 subjici
2037 916 2306 972 debemus
2333 919 2479 990 patri
2498 920 2887 991 spirituum,et
2907 921 3158 976 vivemus
3176 921 3419 993 ?(Joan.)

1822 1006 1982 1069 Quod
2011 1011 2201 1060 autem
2225 1007 2366 1061 dixit
2398 1025 2425 1058 α
2446 1009 2595 1080 patri
2616 1009 2917 1080 spirituum
2941 1027 2968 1062 ι
3001 1016 3104 1064 aut
3120 1011 3423 1066 charisma-

186 1097 361 1152 satione
377 1096 498 1150 vitae
515 1096 869 1150 communis?
902 1114 926 1146 (ι
959 1095 1119 1160 Quod
1135 1095 1181 1149 si
1201 1101 1358 1150 extra
1387 1095 1739 1167 disciplinam
1819 1101 1942 1148 tum
1972 1095 2125 1160 dicit,
2151 1101 2250 1150 aut
2274 1096 2613 1164 orationum,
2632 1104 2732 1152 aut
2759 1097 3218 1169 incorporearum
3249 1101 3422 1156 virtu~

189 1205 206 1237 ι
231 1187 358 1251 estis,
387 1186 538 1255 cujus
571 1185 871 1256 participes
908 1184 1042 1238 facti
1071 1189 1203 1238 sunt
1235 1201 1429 1238 omnes
1459 1185 1570 1250 isti,
1605 1203 1738 1254 ergo
1821 1189 1942 1238 tum
1975 1204 1986 1238 :
2020 1185 2066 1238 si
2099 1185 2250 1238 enim
2276 1185 2356 1239 sic
2387 1186 2712 1248 moriemur,
2730 1194 2864 1241 tunc
2890 1187 3157 1242 vivemus.
3178 1207 3204 1240 ιι
3237 1183 3307 1244 Et
3331 1190 3416 1244 illi

187 1294 204 1324 ε
223 1274 427 1328 adulteri
447 1279 504 1328 et
525 1291 640 1328 non
663 1273 761 1328 filii
790 1275 943 1328 estis.
971 1293 994 1324 ι)
1029 1273 1188 1338 Quod
1219 1275 1266 1327 si
1307 1280 1464 1327 extra
1490 1274 1738 1345 discipli-

183 1380 282 1417 nam
299 1363 644 1436 estis,inquit,
653 1362 1362 1433 attendis,quoniam.sicut
1365 1364 1484 1433 jam
1497 1363 1741 1426 dixi,hoc

181 1454 427 1506 conﬁrmat
453 1453 590 1523 quia
619 1469 730 1506 non
769 1457 953 1522 potest
980 1451 1128 1505 filius
1156 1468 1278 1506 esse
1323 1453 1416 1522 qui
1439 1468 1549 1506 non
1579 1453 1742 1507 casti-

179 1546 324 1612 gatur.
353 1541 501 1594 Sicut
527 1539 684 1594 enim
703 1540 762 1594 in
780 1540 1038 1594 domibus
1057 1540 1520 1612 patrumfamilias
1541 1543 1741 1598 nothos

179 1630 290 1683 ﬁlios
314 1629 600 1700 negligunt
626 1635 831 1701 patres,
861 1646 925 1682 ac
953 1629 999 1682 si
1040 1629 1181 1683 nihil
1221 1629 1547 1694 doceantur,
1590 1648 1655 1685 ac
1693 1633 1740 1686 si

1828 1289 1853 1322 «
1887 1273 2112 1344 quidem
2140 1274 2198 1327 in
2227 1280 2480 1345 tempore
2509 1291 2814 1346 paucorum
2859 1277 3080 1331 dierum
3111 1279 3419 1334 secundum

1829 1381 1853 1412 «
1886 1363 2232 1417 voluntatem
2261 1380 2421 1418 suam
2439 1364 2771 1419 erudiebant
2789 1381 2911 1431 nos,
2926 1366 3015 1420 hic
3027 1374 3220 1421 autem
3247 1366 3317 1422 ad
3337 1367 3416 1436 id,

1827 1469 1853 1503 α
1885 1451 2033 1522 quod
2071 1451 2208 1506 utile
2234 1457 2338 1516 est,
2353 1451 2672 1524 recipiendo
2688 1455 3188 1517 sanctiﬁcationem
3217 1457 3360 1526 ejus.
3387 1473 3414 1508 ι

1826 1541 1948 1593 Non
1979 1540 2126 1594 enim
2158 1541 2494 1596 discretione
2523 1559 2774 1614 personae
2803 1543 2952 1597 inter
2981 1559 3076 1598 eos
3091 1549 3314 1602 tantum
3335 1550 3422 1598 est

1823 1629 2155 1694 differentia,
2191 1631 2340 1700 quod
2369 1631 2451 1684 illi
2478 1633 2708 1697 terreni,
2723 1632 2818 1686 ille
2846 1633 3106 1699 celestis,
3129 1633 3227 1687 sed
3246 1633 3421 1688 etiam

178 1735 262 1772 non
287 1719 409 1772 ﬁant
431 1719 668 1788 gloriosi
705 1738 716 1772 :
751 1733 852 1789 pro
899 1717 1028 1772 filiis
1073 1724 1260 1772 autem
1291 1719 1531 1790 propriis
1573 1721 1736 1775 valde
1755 1705 1800 1764 Β
1820 1733 1886 1771 ex
1912 1718 2037 1788 ipsa
2064 1735 2252 1784 causa,
2286 1725 2344 1773 et
2370 1737 2436 1774 ex
2465 1719 2588 1792 ipsa
2622 1737 2682 1774 re
2713 1739 2729 1774 ς
2764 1737 2877 1778 non
2924 1722 3076 1776 enim
3105 1722 3175 1776 de
3222 1723 3419 1786 eadem

177 1815 408 1874 verentur,
455 1825 524 1862 ne
567 1825 666 1862 eos
712 1807 923 1861 malum
954 1807 1234 1880 opprimat
1271 1808 1643 1878 negligentiae.
1679 1811 1737 1864 Si

177 1896 325 1965 igitur.
347 1901 406 1950 ut
431 1914 543 1951 non
569 1896 808 1968 quisque
829 1897 1154 1966 castigetur,
1171 1897 1471 1950 nothorum
1495 1901 1580 1951 est
1601 1899 1740 1953 filio-

175 2001 285 2044 rum,
313 1991 642 2056 oportetnos
662 1985 908 2056 gaudere
925 2001 1051 2038 cum
1075 1986 1436 2056 castigamur,
1461 1986 1738 2057 siquidem

174 2075 252 2132 hoc
279 2063 396 2129 ﬁliis
415 2074 664 2146 propriis
693 2073 1016 2140 adhibetur;
1049 2075 1286 2146 proinde
1319 2081 1616 2147 propterea
1637 2093 1740 2130 no-

174 2163 344 2218 biscum
371 2165 512 2218 sicut
530 2181 668 2218 cum
697 2163 826 2218 ﬁliis
847 2164 966 2233 agit
994 2163 1162 2218 Deus.

225 2271 246 2300 cr
265 2252 460 2306 Deinde
494 2258 693 2323 patres
738 2251 966 2322 quidem
995 2251 1179 2306 carnis
1210 2255 1413 2306 nostra:
1442 2252 1740 2309 habuimus

172 2363 187 2389 (ι
215 2341 496 2396 eruditores
525 2347 593 2396 et
620 2337 1016 2395 reverebamur
1042 2357 1156 2407 eos,
1191 2357 1303 2395 non
1333 2341 1512 2396 multa
1558 2343 1737 2414 magis

169 2449 184 2478 θα
211 2429 704 2502 obtemperabimus
752 2430 898 2502 patri
942 2430 1242 2501 spirituum
1273 2436 1328 2484 et
1381 2430 1629 2486 vivemus
1649 2433 1674 2484 Ῥ
1707 2452 1733 2484 ι)

165 2518 340 2572 lterum
369 2536 431 2574 ex
462 2519 714 2591 propriis
761 2518 1114 2590 passionibus
1138 2518 1256 2590 agit
1286 2536 1410 2590 quae
1451 2519 1738 2590 patieban-

162 2612 247 2660 tur.
268 2608 410 2662 Sicut
437 2607 599 2662 enim
646 2624 817 2679 supra
847 2607 1020 2662 dicit:
1059 2625 1085 2658 «
1117 2607 1589 2662 Rememoramini
1621 2610 1737 2681 pri-

161 2693 304 2749 stinos
331 2697 475 2762 dies;
513 2717 542 2748 »
570 2696 652 2750 sic
683 2697 855 2750 etiam
875 2696 984 2760 hic,
1020 2696 1188 2760 Deus,
1206 2696 1410 2768 inquit,
1437 2697 1583 2751 sicut
1609 2715 1736 2752 cum

159 2783 264 2838 ﬁliis
278 2785 414 2855 agit;
449 2791 509 2840 et
527 2802 648 2839 non
681 2784 914 2856 potestis
943 2785 1128 2840 dicere
1153 2786 1284 2856 quia
1308 2803 1418 2840 non
1440 2804 1737 2858 possumus

161 2873 271 2926 talia
295 2875 552 2929 tolerare.
593 2875 650 2929 Si
681 2875 829 2928 enim
861 2880 1048 2946 patres
1077 2875 1331 2928 carnales
1357 2875 1456 2929 ﬁlii
1476 2893 1735 2931 reveren-

161 2965 246 3026 tur,
277 2964 550 3034 quomodo
597 2961 824 3018 Patrem
856 2965 1137 3018 cmlestem
1166 2963 1406 3035 amplius
1445 2980 1557 3019 non
1587 2983 1737 3022 reve-

160 3053 360 3106 nemini?
388 3052 630 3120 (Seram)
664 3053 809 3118 Quid
857 3053 960 3106 hac
1000 3052 1269 3107 divisione
1313 3053 1516 3108 clarius
1554 3056 1737 3126 potuit

157 3138 370 3204 deﬁnire,
401 3147 467 3196 ut
519 3141 713 3196 carnis
755 3141 980 3212 quidem
1010 3147 1214 3196 nostra;
1256 3147 1445 3212 patres
1481 3142 1736 3199 homines

153 3232 528 3298 pronuntiaret,
573 3231 894 3285 animarum
921 3247 1051 3285 vero
1079 3231 1258 3285 Deum
1288 3233 1470 3286 solum
1494 3247 1614 3286 esse
1644 3250 1738 3304 pa-

153 3323 270 3372 trem
295 3327 627 3375 constanter
654 3320 992 3391 exprimeret
1021 3339 1032 3372 :
1069 3336 1390 3391 quanquam
1431 3327 1488 3375 et
1529 3321 1585 3375 in
1616 3322 1739 3393 ipsa

149 3410 363 3478 corporis
383 3410 566 3481 hujus
581 3409 932 3463 concretione
950 3409 1324 3464 ministerium
1343 3411 1734 3465 tantummodo

150 3495 207 3547 sit
229 3497 545 3554 hominibus
580 3497 1028 3562 adscribendum,
1061 3515 1278 3552 summa
1310 3516 1440 3553 vero
1465 3499 1733 3554 conditio-

147 3584 214 3638 nis
231 3585 335 3641 Deo
351 3589 619 3642 omnium
642 3587 899 3654 creatori,
919 3587 1135 3642 dicente
1159 3588 1332 3642 David
1353 3607 1400 3640 :«
1409 3590 1606 3643 Manus
1621 3596 1733 3643 tute

147 3672 364 3730 fecerunt
385 3694 477 3732 me
507 3683 574 3731 et
601 3677 1019 3748 plasmaverunt
1063 3693 1151 3730 me
1191 3679 1351 3747 (Psal.
1385 3691 1582 3737 cxvun.
1605 3698 1630 3730 »
1664 3678 1733 3732 Et

145 3759 310 3817 beatus
335 3765 440 3820 Job
475 3791 490 3820 :
528 3786 557 3815 «
581 3766 778 3820 Nonne
805 3766 949 3820 sicut
981 3767 1084 3830 lac,
1119 3766 1319 3836 inquit,
1344 3767 1582 3820 mulsisti
1606 3783 1723 3820 me:

143 3854 418 3922 coagulasti
447 3871 548 3909 me
567 3861 632 3908 ut
653 3871 898 3916 caseum,
917 3854 1132 3908 ossibus
1151 3860 1208 3908 et
1236 3855 1420 3909 nervis
1451 3855 1728 3910 inservisti

140 3937 244 3994 me?
258 3944 365 3999 (Job
385 3949 465 4013 x.)
485 3963 510 3996 ι
540 3943 614 3998 Et
625 3941 893 3998 Dominus
906 3944 1288 3998 adJeremiam
1347 3966 1374 3996 α
1390 3943 1726 4014 Priusquam

137 4029 248 4083 tein
274 4037 435 4086 utero
465 4033 798 4096 formarem,
833 4033 960 4086 novi
993 4039 1049 4087 te
1083 4034 1214 4100 (Jer.
1244 4037 1300 4100 l).
1351 4053 1375 4084 »
1424 4033 1491 4086 Et
1535 4034 1724 4088 Eccle-

137 4116 308 4173 siastes
353 4138 490 4176 vero
535 4122 835 4192 utriusque
883 4121 1210 4176 substantia;
1251 4128 1515 4175 naturam
1557 4128 1726 4196 atque

135 4206 384 4278 originem
427 4227 498 4264 ex
530 4210 883 4264 animatione
913 4216 1069 4264 ortus
1097 4216 1266 4282 atque
1309 4210 1478 4276 initii,
1502 4227 1568 4263 ex
1616 4227 1726 4282 quo

137 4293 367 4352 videlicet
393 4315 758 4370 unaquaeque
791 4300 1076 4370 processit,
1103 4306 1159 4353 et
1186 4299 1633 4354 consideratione
1663 4301 1724 4353 fi-

133 4384 217 4446 nis,
247 4387 315 4440 ad
349 4405 528 4458 quem
563 4403 912 4458 unaquaeque
934 4388 1240 4452 contendit,
1273 4389 1408 4442 satis
1438 4389 1726 4442 evidenter

133 4487 184 4525 ac
208 4476 429 4546 proprie
472 4475 750 4546 colligens
799 4477 1118 4548 pariterque
1161 4477 1230 4530 de
1269 4477 1438 4547 hujus
1479 4477 1727 4548 corporis

130 4569 276 4632 atque
306 4566 524 4620 animae
557 4565 909 4637 separatione
938 4566 1272 4637 disceptans,
1300 4567 1379 4620 ita
1411 4567 1677 4621 disseruit
1710 4585 1721 4620 :

135 4670 150 4696 ι
169 4650 505 4725 Priusquam
529 4660 891 4709 convertatur
909 4656 1088 4727 pulvis
1110 4656 1168 4710 in
1181 4661 1412 4721 terram,
1429 4654 1574 4710 sicut
1594 4657 1720 4722 fuit,

131 4745 174 4790 et
191 4742 418 4811 spiritus
445 4749 773 4798 revertatur
792 4744 861 4798 ad
877 4745 1076 4810 Deum,
1092 4743 1188 4816 qui
1204 4745 1359 4798 dedit
1373 4761 1556 4799 eum.»
1577 4745 1723 4809 Quid

131 4831 357 4896 apertius
399 4833 600 4886 dicere
637 4833 840 4904 potuit,
885 4849 1055 4904 quam
1081 4840 1144 4888 ut
1189 4833 1484 4888 materiam
1517 4835 1717 4900 carnis,

128 4931 271 4983 quam
300 4921 606 4991 pulverem
635 4923 961 4986 nominavit,
995 4921 1128 4993 quia
1146 4922 1214 4976 de
1235 4923 1478 4978 hominis
1511 4923 1723 4978 semine

128 5007 276 5062 sumit
297 4999 613 5064 exordium
643 5012 875 5083 ejusque
905 5011 1162 5066 videmur
1204 5013 1519 5067 ministerio
1550 5013 1721 5067 semi-

125 5095 244 5159 nari,
273 5099 434 5153 velut
456 5115 490 5153 e
523 5105 678 5154 terra
706 5101 1230 5172 sumptam,iterum
1252 5101 1453 5155 reverti
1478 5119 1724 5172 pronun-

124 5181 266 5239 tiaret
293 5187 364 5241 ad
393 5194 621 5242 terram
643 5189 930 5260 ;spiritum
953 5205 1102 5255 vero,
1121 5190 1215 5261 qui
1233 5207 1342 5244 non
1365 5207 1466 5262 per
1495 5191 1719 5245 mixtio-

122 5285 229 5327 nem
257 5292 432 5330 sexus
461 5277 768 5348 utriusque
791 5283 1113 5350 generatur,
1163 5279 1260 5333 sed
1300 5279 1659 5352 peculiariter
1687 5297 1720 5334 a

122 5358 216 5413 Deo
235 5363 352 5417 solo
382 5365 684 5432 tribuitur,
717 5368 786 5421 ad
817 5373 1103 5422 auctorem
1133 5386 1300 5422 suum
1333 5369 1516 5423 redire
1537 5370 1720 5436 signa-

125 5450 230 5502 ret?
257 5454 410 5522 quod
467 5454 646 5509 etiam
676 5473 776 5528 per
813 5457 969 5510 illam
999 5456 1222 5511 Domini
1255 5457 1714 5517 insufflationem,

126 5553 217 5603 qua
245 5542 430 5596 A’dam
463 5542 734 5614 primitus
759 5545 1043 5602 animavit.
1064 5547 1351 5600 evidenter
1366 5546 1714 5616 exprimitur.

1753 3025 1796 3087 C

1739 4345 1788 4414 Ι)

1821 1823 1989 1860 causa
2018 1807 2100 1860 vel
2131 1807 2201 1861 ad
2233 1823 2322 1861 res
2342 1808 2491 1880 ipsas
2521 1809 2816 1890 erudiunt;
2845 1811 2942 1864 sed
2965 1810 3047 1864 illi
3073 1810 3410 1882 quidem,“

1822 1895 1968 1966 quod
1991 1895 2070 1950 eis
2097 1896 2321 1951 videtur
2351 1915 2362 1949 :
2397 1898 2500 1952 hoc
2531 1904 2619 1951 est
2643 1899 2988 1969 voluptatem
3012 1915 3176 1954 suam
3195 1899 3419 1955 deside-

1822 1985 2080 2056 riumque
2109 1986 2468 2055 complentes,
2503 2003 2606 2040 nec
2634 1987 2841 2058 ubique
2867 1989 3016 2058 quod
3044 1989 3181 2043 utile
3209 1994 3314 2052 est,
3332 1990 3419 2044 vel

1825 2075 2092 2128 condecet
2119 2075 2420 2128 attendunt
2452 2093 2462 2126 :
2495 2075 2584 2128 hic
2613 2082 2803 2130 autem
2823 2091 2936 2130 non
2958 2081 3143 2147 potest
3157 2077 3420 2132 similiter

1823 2163 1950 2228 dici,
1967 2179 2149 2234 neque
2178 2169 2407 2235 propter
2436 2164 2647 2234 aliquid
2675 2181 2788 2219 suae
2817 2165 3116 2236 voluptatis
3143 2166 3248 2220 hoc
3262 2166 3414 2232 ﬁuit,

1823 2253 1921 2306 sed
1944 2259 2174 2324 propter
2196 2259 2446 2307 nostram
2467 2253 2925 2308 commoditatem
2943 2271 2954 2306 :
2971 2254 3054 2308 illi
3077 2259 3265 2308 autem
3289 2255 3418 2310 ideo

1822 2359 1918 2395 vos
1955 2341 2308 2408 erudiebant,
2341 2342 2542 2412 inquit,
2577 2347 2641 2396 ut
2668 2342 2806 2414 ipsis
2853 2342 3050 2397 essetis
3091 2343 3278 2409 utiles,
3309 2343 3412 2397 ali-

1822 2431 2044 2500 quando
2070 2431 2323 2485 fortassis
2354 2425 2524 2486 etiam
2553 2431 2674 2486 sine
2694 2447 2864 2486 causa
2896 2451 2907 2486 :
2933 2431 3022 2485 hic
3049 2438 3241 2486 autem
3272 2431 3418 2488 nihil

1819 2519 1934 2571 tale
1965 2524 2068 2572 est.
2101 2519 2532 2590 Contemplaris,
2567 2519 2701 2590 quia
2722 2519 2894 2573 etiam
2914 2520 3019 2574 hoc
3047 2519 3275 2590 dignam
3303 2520 3418 2579 illis

1823 2607 2014 2661 attulit
2032 2609 2471 2662 consolationem
2504 2627 2515 2660 :
2551 2609 2793 2662 maxime
2813 2609 2965 2662 enim
2993 2609 3142 2663 circa
3167 2607 3296 2664 illos
3311 2627 3416 2664 nos

1818 2695 2148 2750 familiarius
2186 2696 2478 2764 habemus,
2515 2714 2654 2768 quos
2684 2697 3094 2768 cognoscimus,
3131 2697 3265 2768 quia
3303 2713 3416 2752 non

1819 2791 2050 2856 propter
2077 2799 2137 2840 se
2161 2786 2446 2858 imperant
2471 2787 2555 2840 vel
2583 2787 2866 2853 erudiunt,
2889 2787 2988 2841 sed
3008 2791 3192 2840 totum
3221 2787 3332 2842 illis
3361 2792 3418 2842 et

1818 2875 2045 2946 plenum
2069 2881 2296 2947 prapter
2315 2891 2417 2929 nos
2445 2875 2760 2930 celebratur
2775 2875 3058 2943 studium;
3081 2876 3188 2930 hoc
3207 2875 3415 2946 quippe

1819 2969 1906 3017 est
1935 2964 2166 3018 sincerae
2189 2971 2358 3036 atque
2375 2965 2608 3035 integrae
2628 2965 2937 3031 charitatis,
2953 2965 3179 3036 quando
3200 2963 3416 3019 amanti

1819 3053 1877 3106 in
1907 3054 2061 3107 nullo
2082 3071 2276 3108 sumus
2307 3055 2670 3120 accommodi,
2703 3061 2761 3108 et
2787 3060 2980 3108 tamen
3003 3053 3073 3108 ab
3093 3071 3159 3109 eo
3185 3053 3411 3122 dicitur,

1818 3159 1931 3196 non
1962 3147 2027 3196 ut
2043 3143 2253 3214 aliquid
2275 3143 2529 3214 accipiat,
2549 3143 2648 3198 sed
2666 3143 2844 3214 magis
2873 3149 2938 3198 ut
2956 3141 3187 3209 tribuat,
3203 3143 3414 3210 erudit,

1819 3231 2083 3296 instituit,
2108 3233 2369 3286 universa
2391 3232 2524 3286 facit
2541 3233 2690 3286 circa
2718 3239 2938 3298 cuncta,
2955 3233 3272 3298 festinat,ut
3299 3247 3414 3288 non

1821 3319 2024 3374 efficiat
2050 3337 2280 3375 suorum
2321 3321 2674 3392 receptibiles
2713 3338 3033 3376 munerum.
3053 3341 3079 3372 α
3112 3321 3200 3376 Illi
3237 3321 3412 3388 enim,

1820 3409 2094 3480 inquit,in
2122 3415 2375 3481 tempore
2403 3426 2707 3481 paucorum
2737 3411 2957 3464 dierum
2975 3410 3287 3464 secundum
3317 3425 3414 3464 vo-

1812 3498 2086 3552 luntatem
2117 3515 2278 3552 suam
2308 3498 2642 3553 erudiebant
2688 3515 2809 3560 nos,
2833 3499 2924 3552 hic
2960 3504 3170 3562 autem,
3209 3499 3281 3552 ad
3325 3499 3403 3564 id,

1819 3587 1966 3657 quod
1982 3589 2119 3642 utile
2141 3593 2243 3650 est,
2265 3593 2330 3641 ut
2349 3587 2686 3658 recipiamus
2705 3587 3202 3642 sanctificationem
3217 3589 3359 3657 ejus.
3382 3606 3410 3640 ι

1818 3675 1958 3739 Quid
1976 3683 2061 3729 est
2075 3696 2096 3727 (‹
2121 3677 2623 3758 sanctiﬁcationem
2640 3676 2799 3746 ejus?
2815 3696 2838 3726 »
2857 3677 2962 3730 hoc
2977 3682 3064 3730 est
3075 3675 3412 3730 munditiam

1815 3766 1864 3834 ej
1873 3771 2028 3828 us,ut
2045 3765 2245 3835 dignos
2265 3765 2471 3819 efﬁciat
2483 3765 2789 3819 secundum
2803 3765 2952 3836 quod
2969 3770 3152 3836 potest
3165 3764 3412 3831 ;festinat

1811 3854 2022 3924 itaque,
2047 3859 2111 3908 ut
2137 3853 2441 3925 accipiatis,
2472 3861 2529 3909 et
2548 3860 2750 3908 cuncta
2777 3853 3000 3914 facit,ut
3019 3853 3173 3908 vobis
3199 3853 3410 3924 imper-

1809 3943 2056 4008 tiat;vos
2087 3948 2276 3997 autem
2305 3943 2523 3998 nullum
2561 3943 2761 4014 geritis
2789 3943 3058 4008 studium,
3089 3949 3154 3997 ut
3179 3943 3412 3996 valeatis

1810 4032 2079 4104 accipere.
2119 4052 2143 4084 «
2179 4032 2320 4098 Dixi,
2339 4033 2543 4104 inquit,
2576 4032 2849 4087 Dominus
2881 4047 3040 4090 meus
3067 4049 3128 4087 es
3156 4037 3239 4098 tu,
3269 4047 3410 4103 quo-

1809 4121 1962 4175 niam
1992 4120 2268 4176 bonorum
2298 4136 2553 4176 meorum
2580 4138 2692 4177 non
2735 4137 2867 4193 eges
2903 4123 3071 4189 (Psal.
3104 4125 3228 4188 xv);
3264 4141 3290 4176 »
3319 4119 3406 4174 illi

1809 4210 2053 4280 quidem,
2092 4211 2293 4282 inquit,
2318 4212 2388 4265 ad
2417 4217 2641 4283 tempus
2681 4227 2987 4283 paucorum
3015 4211 3239 4270 dierum
3274 4227 3404 4264 eru-

1808 4299 2038 4353 diebant
2065 4316 2168 4353 nos
2197 4301 2505 4355 secundum
2525 4301 2870 4356 voluntatem
2899 4316 3079 4365 suam,
3114 4315 3226 4354 non
3255 4299 3408 4352 enim

1810 4387 1868 4441 in
1905 4388 2168 4442 omnibus
2196 4390 2454 4445 voluntas
2476 4390 2701 4446 illorum
2725 4389 2880 4443 utilis
2896 4395 3053 4442 erat:
3086 4387 3194 4441 iste
3214 4393 3407 4441 autem

1811 4478 1878 4530 ad
1909 4477 2072 4532 utilia
2101 4493 2202 4532 nos
2249 4478 2515 4533 instituit.
2547 4477 2854 4548 Disciplina
2881 4491 3015 4545 ergo
3043 4474 3404 4546 participando

1809 4567 2140 4631 sanctitatis,
2177 4573 2238 4641 et
2257 4567 2498 4623 maxime
2524 4566 2570 4620 si
2597 4564 2996 4636 negligentiam
3029 4564 3204 4634 pellit,
3246 4565 3406 4636 cupi-

1808 4655 2012 4709 ditates
2041 4657 2304 4721 excludit,
2333 4655 2682 4712 saecularium
2714 4669 2904 4707 rerum
2942 4668 3166 4712 amores
3201 4654 3405 4708 amoli-

1806 4748 1918 4806 tur,
1945 4743 2190 4796 animam
2222 4743 2511 4808 convertit,
2536 4743 2670 4798 facit
2697 4757 2823 4796 eam
2851 4742 3046 4796 omnia
3079 4743 3249 4814 hujus
3279 4743 3408 4799 vita

1805 4832 2049 4902 culpare,
2059 4833 2162 4886 hoc
2174 4833 2379 4904 quippe
2389 4838 2476 4887 est
2483 4831 2773 4886 tribulatio
2781 4847 2910 4886 cum
2921 4830 3403 4898 haecﬁuntmonne

1805 4927 2063 4975 sanctum
2094 4923 2381 4992 perﬁcitur
2400 4923 2425 4975 ?
2448 4937 2633 4976 nonne
2651 4921 2963 4992 spiritalem
2979 4921 3050 4976 ad
3077 4939 3139 4976 se
3153 4922 3401 4992 gratiam

1805 5010 2083 5082 pertrahit
2097 5012 2122 5063 ?
2144 5027 2168 5062 ί(
2187 5011 2382 5068 Omnis
2401 5018 2590 5066 autem
2611 5007 2977 5082 disciplinain
3000 5009 3260 5082 praesenti
3279 5009 3400 5080 qui-

1805 5100 1932 5153 dem
1944 5099 2165 5154 videtur
2180 5115 2292 5154 non
2306 5117 2427 5154 esse
2437 5100 2649 5170 gaudii,
2667 5094 2765 5154 sed
2785 5099 3062 5154 mmroris.
3081 5118 3106 5151 »
3125 5099 3400 5163 Quiama-

1803 5205 1868 5242 ra
1884 5188 2084 5243 bibunt
2115 5189 2368 5244 antidoto.
2388 5189 2668 5260 patienter
2693 5189 2884 5244 ferunt
2905 5188 3131 5260 quidem
3149 5187 3394 5258 primum

1801 5278 2138 5339 molestiam,
2173 5283 2229 5331 et
2257 5283 2392 5332 tunc
2428 5295 2654 5333 sensum
2699 5277 3014 5350 percipiunt
3059 5276 3346 5349 sospitatis
3379 5296 3390 5330 :

1801 5368 1912 5420 tale
1931 5367 2196 5437 quiddam
2227 5373 2312 5420 est
2331 5368 2502 5422 etiam
2531 5369 2728 5433 virtus,
2766 5369 2879 5420 tale
2907 5382 3129 5438 quoque
3156 5367 3390 5421 malitia.

1803 5457 1866 5509 1n
1881 5455 1989 5508 ista
2005 5455 2247 5524 primum
2275 5463 2362 5510 est
2378 5458 2630 5528 voluptas
2656 5463 2714 5510 et
2735 5455 2992 5527 sequitur
3010 5456 3282 5525 aegritudo
3305 5475 3315 5509 :
3335 5457 3392 5510 in

1803 5545 1902 5597 illa
1937 5559 2064 5595 vero
2097 5543 2340 5612 primum
2374 5553 2460 5600 est
2506 5546 2790 5602 maestitia.
2827 5552 2882 5598 et
2909 5551 3042 5600 tunc
3070 5546 3394 5616 jucunditas
