3854 6164
478 226 582 282 815

1081 229 1144 282 Β.
1187 225 1458 280 RABANI
1497 223 1728 278 MAURI
1765 195 2102 278 ARCHIEP.
2143 222 2468 279 MOGUNT.
2510 224 2806 280 OPERUM
2843 226 3028 282 PARS
3064 227 3138 282 ΙῙῙ

3563 242 3642 300 816

476 351 927 422 procreatur-med
943 349 1082 404 nihil
1099 349 1282 404 simile
1293 356 1517 404 estcum
1532 349 1714 421 primo
1727 348 1931 420 aliquis
1942 365 2069 402 con-
2088 348 2214 408 AIn
2253 347 2458 418 praeliis
2487 348 2662 418 igitur
2690 349 2872 403 omnis
2899 350 3030 404 talis
3074 357 3156 405 est
3195 351 3466 426 disciplina,
3481 367 3529 414 et
3556 363 3644 419 haec

473 440 815 506 tristatur,et
846 444 1042 511 postea
1068 439 1277 510 gaudio
1311 439 1705 510 perfruitur,et
1731 455 1858 493 cum
1886 438 2068 509 primo

470 527 972 598 gaudetur,postea
999 527 1058 580 in
1087 527 1722 581 mceroreminciditllic
1736 526 1886 580 enim
1899 526 2070 580 timor

469 615 673 671 futurae
681 615 924 672 tristitiae
941 632 1186 688 praesens
1199 615 1472 686 gaudium
1495 616 1829 671 devenustat
1840 615 1962 669 illic
1970 633 2066 670 au-

469 709 586 760 tem
605 720 733 776 spes
744 705 947 760 futurae
952 705 1324 776 jucunditatis
1344 705 1592 759 detrahit
1610 704 1872 776 praesenti
1887 705 2066 758 tristi-

467 793 588 862 tiae;
607 811 672 848 ex
682 793 788 849 hoc
797 794 1122 866 contigit,ut
1136 794 1250 848 ilhc
1266 811 1557 866 nunquam
1576 811 1807 865 prorsus
1823 794 2066 865 gaudea-

465 886 584 936 tur:
606 882 698 937 hic
711 889 900 938 autem
921 899 1212 954 nunquam
1225 883 1458 937 tristitia
1471 883 1810 937 dominetur.
1821 885 1840 947 (
1852 884 2061 952 Theod.)

465 971 582 1026 Nec
597 987 740 1042 equo
753 972 954 1039 calcar,
974 989 1078 1027 nec
1095 973 1412 1028 emendatio
1428 971 1614 1026 suavis
1633 977 1722 1026 est
1737 971 2064 1042 delinquen-

388 1119 395 1130 ,
464 1059 730 1128 ti,omnes
749 1061 920 1116 etiam
932 1061 1240 1134 disciplinae
1259 1061 1364 1127 his,
1385 1060 1481 1132 qui
1497 1061 1848 1128 erudiuntur,
1857 1077 2062 1116 amarae

463 1149 787 1204 sentiuntur
802 1150 873 1204 ad
893 1150 1311 1222 prmsens,sicut
1325 1149 1628 1220 Apostolus
1639 1149 1776 1204 dicit
1792 1167 1803 1202 :
1823 1168 1849 1201 »
1866 1149 2060 1204 Omnis

465 1256 493 1289 ‹‹
523 1244 714 1294 autem
733 1239 1030 1311 disciplina
1045 1239 1102 1293 in
1133 1238 1396 1310 praesenti
1410 1255 1522 1292 non
1549 1238 1772 1292 videtur
1792 1255 1912 1293 esse
1925 1255 2061 1308 gau-

463 1344 491 1378 «
521 1327 618 1394 dii,
640 1329 738 1383 sed
753 1328 1029 1395 maeroris,
1058 1333 1256 1400 postea
1283 1333 1474 1382 autem
1503 1327 1747 1381 fructum
1772 1327 2060 1398 pacatissi-

462 1434 488 1467 ς(
512 1433 669 1472 mum
683 1417 773 1471 his
792 1417 888 1488 qui
908 1434 1008 1488 per
1027 1433 1087 1471 se
1107 1416 1396 1472 exercitati
1421 1422 1555 1470 sunt
1573 1417 1770 1471 reddet
1785 1417 2021 1486 justitize
2041 1435 2053 1470 :

463 1523 490 1556 ι
519 1511 578 1560 et
605 1522 774 1578 quem
801 1505 988 1576 diligit
1015 1506 1288 1560 Dominus
1315 1505 1568 1577 corripit,
1590 1506 1839 1576 ﬂagellat
1866 1511 2054 1560 autem

2149 453 2412 506 praesens,
2448 442 2512 491 ut
2547 438 2679 491 talis
2717 437 2793 492 sit
2825 455 3051 493 necesse
3093 445 3190 495 est.
3221 442 3432 500 Proinde
3473 459 3650 518 oportet

2149 526 2369 596 operari
2391 527 2628 581 meliora
2656 533 2713 581 et
2737 529 2903 582 finem
2937 529 3161 599 plenum
3172 530 3498 600 jucunditatis
3517 544 3562 591 et
3579 557 3650 609 pa-

2148 613 2248 668 cis.
2291 615 2360 668 Et
2385 615 2499 669 noli
2531 615 2743 681 mirari,
2777 617 2825 670 si
2854 633 2980 670 cum
3025 617 3146 688 ipsa
3173 635 3349 674 amara
3384 623 3463 688 sit,
3484 624 3653 682 fruetus

2146 708 2338 758 tamen
2359 704 2913 776 proferatdulciores.
2931 707 3074 760 Nam
3096 713 3151 761 et
3163 707 3219 762 in
3238 708 3493 765 arboribus
3509 718 3655 768 cortex

2146 809 2290 863 pene
2313 810 2534 864 semper
2565 810 2792 849 amarus
2815 800 2872 849 et
2889 812 3054 866 asper
3073 801 3171 861 est,
3187 795 3382 851 fructus
3399 803 3559 855 tamen
3573 801 3658 873 ipsi

2147 881 2424 936 suavitate
2447 883 2684 953 jucundi
2711 888 2864 938 sunt.
2883 885 3134 954 Sumpsit
3161 889 3338 939 autem
3358 885 3451 940 hoc
3465 903 3522 940 ex
3544 905 3657 943 com-

2143 971 2302 1025 muni
2331 971 2550 1026 notitia.
2587 971 2644 1026 Si
2673 971 2849 1042 igitur
2877 972 3015 1026 talia
3043 989 3263 1044 sperare
3284 976 3531 1046 competit,
3554 978 3656 1048 quid

2144 1059 2392 1112 doletis?
2424 1059 2556 1130 quid
2597 1067 2894 1132 postquam
2932 1060 3218 1115 tristitiam
3252 1063 3520 1129 tolerastis,
3549 1066 3662 1119 circa

2143 1147 2379 1202 meliora
2397 1148 2653 1214 deﬁcitis,
2686 1165 2808 1220 quae
2829 1166 2925 1203 vos
2945 1151 3198 1204 convenit
3225 1151 3508 1206 sustinere?
3525 1151 3574 1208 Si
3587 1168 3663 1207 au-

2141 1241 2256 1290 tem
2271 1236 2755 1302 sustinuistis,non
2774 1244 2996 1309 oportet
3015 1239 3164 1293 circa
3176 1239 3564 1295 retributionem
3583 1242 3662 1296 ite.

2143 1341 2270 1378 rum
2302 1326 2643 1380 mollescere.
2668 1327 2960 1398 Tanquam
2991 1345 3087 1382 eos
3115 1328 3208 1398 qui
3237 1345 3392 1383 cursu
3416 1335 3660 1395 certavere,

2140 1415 2226 1466 vel
2255 1415 2516 1482 caedibus,
2550 1416 2635 1469 vel
2657 1416 2752 1486 qui
2782 1415 2927 1470 bello
2947 1416 3368 1483 desudaverunt,
3399 1417 3666 1488 alloquitur.

2214 1521 2238 1554 «
2264 1504 2501 1575 Propter
2529 1505 2676 1575 quod
2707 1504 2970 1560 remissas
3001 1523 3201 1560 manus
3249 1511 3300 1559 et
3338 1506 3505 1560 soluta
3525 1521 3670 1576 genua

461 1611 490 1646 α
522 1611 749 1648 omnem
769 1595 968 1661 ﬁlium,
997 1611 1165 1666 quem
1194 1594 1427 1666 recipit:
1462 1595 1589 1666 quis
1619 1594 1772 1648 enim
1796 1600 1882 1648 est
1901 1594 2048 1648 ﬁlius
2137 1611 2160 1642 ι
2193 1593 2411 1662 erigite,
2447 1599 2504 1646 et
2527 1609 2754 1664 gressus
2776 1602 2957 1648 rectos
2977 1594 3141 1648 facite
3161 1593 3386 1666 pedibus
3410 1594 3597 1658 vestris,
3616 1598 3667 1648 ut

459 1700 486 1734 «
519 1699 688 1753 quem
721 1700 835 1738 non
855 1683 1088 1755 corripit
1114 1684 1314 1754 pater?
1333 1703 1354 1734 ι
1385 1685 1582 1754 Itaque
1612 1685 1764 1737 mala
1793 1700 2049 1738 nonnun—
2073 1668 2119 1728 Β
2144 1703 2167 1733 α
2195 1697 2306 1735 non
2337 1682 2655 1736 claudicans
2677 1683 2803 1752 quis
2831 1687 3001 1748 erret,
3015 1683 3195 1754 magis
3213 1689 3395 1738 autem
3420 1689 3668 1737 sanetur.)

455 1787 624 1842 quam
637 1771 770 1843 poni
783 1787 885 1844 pro
905 1763 1305 1827 afﬂictionibus
1321 1773 1520 1839 solent,
1542 1773 1850 1827 secundum
1872 1773 2010 1829 illud
2031 1791 2042 1826 :

453 1878 478 1912 ι
502 1860 573 1915 Et
582 1861 1023 1932 pmnituitDeum
1036 1878 1208 1932 super
1224 1861 1499 1915 malitiam
1515 1877 1682 1932 quam
1705 1861 1922 1916 locutus
1937 1867 2042 1928 est,

449 1954 516 2003 ut
540 1950 746 2005 faceret
779 1951 860 2005 eis
889 1957 1079 2005 etnon
1106 1950 1238 2004 fecit
1251 1953 1590 2020 (‘Jer.xxv1):
1627 1967 1654 2003 δν
1688 1956 1745 2004 et
1786 1950 1993 2005 iterum
2028 1970 2039 2004 :

453 2039 647 2104 «Quia
673 2045 756 2105 tu,
788 2040 1044 2106 Domine,
1076 2040 1396 2094 misericors
1421 2046 1480 2094 et
1499 2039 1815 2106 miserator,
1825 2041 2044 2110 patiens

447 2133 506 2182 et
532 2128 774 2182 multum
804 2128 1141 2195 misericors,
1158 2134 1216 2184 et
1228 2129 1507 2201 paenitens
1535 2129 1596 2182 in
1625 2128 1854 2186 malitiis
1885 2131 2038 2196 (Joel.

444 2217 566 2286 11),»
597 2217 654 2272 id
684 2221 787 2284 est,
818 2235 988 2290 super
1014 2217 1474 2273 tribulationibus
1520 2223 1579 2272 et
1616 2217 1886 2272 aerumnis
1919 2235 2040 2289 quae

442 2305 604 2362 nobis
633 2323 736 2379 pro
777 2314 1136 2379 peccatorum
1183 2313 1505 2362 nostrorum
1564 2307 1783 2360 meritis
1832 2307 2040 2362 inferre

361 2455 366 2460 _
441 2396 792 2468 compelleris
809 2415 820 2450 :
839 2413 980 2469 quas
998 2397 1178 2452 sciens
1192 2396 1329 2451 utile
1345 2414 1467 2451 esse
1483 2396 1876 2460 nonnullis,ita
1894 2397 2040 2452 alius

439 2485 732 2556 propheta,
756 2485 951 2557 utique
971 2503 1084 2540 non
1104 2485 1360 2540 invidens
1380 2485 1549 2540 saluti
1571 2485 1892 2547 eorum,sed
1912 2503 2039 2539 can-

439 2573 648 2638 sulens,
667 2573 1044 2644 imprecetur:
1074 2595 1096 2626 α
1122 2575 1280 2628 Adde
1297 2574 1412 2628 illis
1435 2575 1600 2640 mala,
1621 2574 1876 2640 Domine,
1894 2574 2038 2628 adde

438 2661 856 2732 malagloriosis
866 2667 1030 2717 terra:
1045 2663 1176 2728 (Jer.
1195 2660 1264 2733 x1)
1280 2681 1292 2730 ;
1311 2681 1336 2714 »
1359 2662 1546 2732 etipse
1557 2661 1828 2717 Dominus
1847 2679 1856 2714 :
1889 2680 1914 2713 «
1931 2662 2034 2716 Ec-

2131 1771 2376 1824 Intueris
2407 1771 2686 1842 quomodo
2709 1789 2803 1826 eos
2831 1772 2965 1826 facit
2993 1773 3224 1838 armari,
3257 1771 3514 1844 quomodo
3533 1787 3612 1825 cos
3626 1770 3673 1824 in

2127 1858 2364 1914 sublime
2391 1860 2610 1914 sustolli
2629 1860 2654 1913 ?
2672 1881 2694 1912 ι
2713 1861 2884 1916 Recte
2896 1860 3241 1929 ambulante,
3266 1881 3288 1912 ι
3313 1861 3484 1933 inquit
3503 1861 3579 1914 :in
3595 1859 3674 1913 hoc

2125 1947 2248 2002 loco
2277 1950 2462 2020 tangit
2481 1949 2848 2020 cogitationes
2879 1951 3207 2017 eorum,hoc
3226 1956 3326 2015 est,
3352 1957 3413 2004 ut
3435 1949 3541 2002 sine
3566 1947 3668 2002 ullis

2124 2036 2567 2092 haesitationibus
2595 2031 2960 2109 perseverent
2989 2058 3000 2092 :
3026 2040 3074 2092 si
3095 2039 3249 2093 enim
3271 2039 3339 2094 ad
3367 2038 3671 2092 dilectionem

2124 2127 2370 2198 pertinet
2391 2127 2703 2198 disciplina,
2737 2127 2784 2181 si
2815 2128 2875 2182 in
2904 2130 3075 2182 ﬁnem
3096 2128 3319 2182 desinet
3345 2127 3617 2191 meliorem,
3632 2129 3676 2178 et

2123 2215 2228 2270 hoc
2255 2221 2370 2270 tam
2400 2233 2465 2270 ex
2486 2216 2670 2282 rebus,
2696 2233 2868 2287 quam
2895 2234 2960 2270 ex
2987 2217 3173 2271 verbis
3193 2217 3510 2281 ostenditur,
3534 2229 3676 2286 quare

2121 2305 2526 2358 dissolvimini?
2555 2306 2674 2359 Hoc
2693 2323 2937 2378 namque
2975 2307 3290 2377 patiuntur,
3326 2305 3418 2377 qui
3449 2305 3670 2375 despera-

2119 2393 2274 2448 tione
2305 2394 2592 2458 deﬁciunt,
2620 2395 2715 2465 qui
2745 2412 2844 2466 spe
2870 2395 3194 2449 futurorum
3211 2395 3367 2448 nulla
3384 2393 3671 2448 solidantur.

2125 2503 2146 2532 ι
2156 2483 2344 2548 Recte,
2354 2482 2866 2553 inquit,ambulate,
2887 2503 2912 2535 »
2931 2501 3034 2538 nec
3044 2483 3378 2538 claudicatio
3391 2483 3507 2554 plus
3521 2497 3674 2536 accre-

2119 2577 2256 2637 scat,
2287 2571 2385 2625 sed
2416 2571 2602 2643 potius
2622 2572 2692 2625 ad
2715 2578 2926 2626 statum
2954 2560 3265 2642 pristinum
3283 2576 3582 2636 revocetur;
3600 2569 3677 2640 qui

2119 2660 2271 2714 enim
2285 2677 2412 2714 cum
2429 2661 2836 2715 claudicatione
2847 2661 3041 2727 currit,
3049 2662 3108 2716 in
3123 2661 3347 2716 malitia
3361 2661 3674 2715 demoratur;

2116 2750 2379 2815 attendis,
2395 2750 2527 2820 quia
2557 2750 2616 2804 in
2645 2749 2799 2804 vobis
2839 2757 2942 2816 est,
2975 2757 3040 2805 ut
3069 2751 3337 2806 omnibus
3363 2749 3532 2804 modis
3572 2763 3681 2802 con-

436 2765 518 2816 ce,
543 2748 744 2822 inquit,
777 2749 1039 2805 inducam
1062 2767 1232 2822 super
1251 2767 1344 2805 eos
1364 2751 1530 2817 mala,
1561 2769 1584 2802 ι
1618 2751 1675 2805 id
1705 2751 2036 2816 est,dolores

437 2853 504 2892 ac
531 2838 1052 2910 vastitates,quibus
1071 2839 1128 2892 in
1147 2839 1410 2911 praesenti
1429 2839 1730 2894 salubriter
1749 2839 2027 2910 castigati,
2116 2854 2420 2910 sequamur
2434 2838 2789 2892 medicinam.
2809 2857 2836 2891 α
2854 2840 3054 2893 Pacem
3071 2839 3381 2911 sequimini
3393 2855 3515 2892 cum
3527 2835 3679 2890 omni-

435 2927 508 2980 ad
535 2943 646 2994 me,
682 2944 850 3000 quem
879 2928 937 2982 in
967 2927 1134 2982 rebus
1153 2927 1436 2999 prosperis
1455 2933 1930 3000 contempserunt,
1947 2945 2033 2982 re—
2049 2975 2092 3037 Ο
2114 2926 2219 2982 bus
2244 2933 2301 2982 et
2321 2927 2769 2993 sanctimoniam,
2785 2927 2904 2983 sine
2920 2945 3032 2999 qua
3052 2945 3228 2983 nemo
3241 2927 3449 2982 videbit
3467 2927 3642 2981 Deum.
3664 2941 3686 2976 ι

435 3015 571 3037 ---μιέ
604 3017 826 3037 A_.__l-_-
867 3033 922 3037 _-
946 3017 1207 3037 B-_,A£_-_--
1246 3022 1511 3037 -A____AA--__
1553 3018 1698 3037 111.---
1732 3017 2029 3037 \n_____-__2_
2122 3017 2196 3037 ΙΙΙ
2237 3033 2296 3037 _-_
2337 3020 2353 3037 \
2385 3017 2592 3037 ηιμ-ΑΞ---
2618 3034 2628 3037 -
2660 3017 2871 3037 ___2_‘I-_-
2910 3022 3032 3037 _____A
3091 3035 3202 3037 i_,,,
3237 3018 3281 3037 ο-
3297 3033 3466 3037 --η,-...
3518 3012 3662 3037 .1----ζ

434 3015 576 3070 verti
604 3017 833 3072 tandem
861 3033 926 3070 ac
946 3017 1214 3071 festinare
1239 3022 1529 3087 cogantur.
1550 3018 1752 3088 (Greg.)
1766 3017 2032 3082 Quamvis
2049 3012 2092 3037 υ
2119 3017 2356 3085 (Mum)
2385 3017 2637 3070 Plurima
2652 3017 2878 3088 quidem
2905 3022 3054 3084 sunt,
3081 3035 3212 3088 qua:
3235 3018 3489 3081 formam,
3513 3012 3683 3068 descri-

433 3119 567 3175 ergo
595 3105 894 3160 convenire
921 3105 1090 3160 simul
1115 3111 1400 3176 nequeant
1426 3105 1587 3160 dolor
1626 3111 1684 3159 et
1717 3105 2026 3172 beatitudo,
2115 3103 2480 3176 ptionemque
2511 3105 2950 3160 Christianitatis
2977 3108 3309 3170 ostendunt,
3327 3106 3426 3160 sed
3443 3105 3558 3176 plus
3584 3116 3684 3156 om-

432 3198 583 3247 recte
612 3199 804 3248 tamen
830 3211 980 3249 nunc
1008 3194 1231 3261 dicitur,
1253 3195 1506 3249 «Beatus
1536 3195 1704 3248 homo
1737 3194 1832 3265 qui
1863 3195 2033 3248 corri-
2113 3193 2278 3248 nibus
2307 3211 2372 3248 ac
2402 3194 2602 3248 melius
2635 3200 2846 3248 mutuae
2892 3195 3190 3250 charitatis
3217 3196 3450 3249 aﬂ‘ectus
3483 3200 3537 3246 et
3575 3207 3679 3263 pax,

430 3282 584 3354 pitur
611 3299 648 3336 a
673 3283 914 3338 Domino
938 3285 1072 3350 (Job.
1103 3287 1180 3355 v),
1215 3303 1242 3335 »
1275 3283 1408 3356 quia
1445 3301 1546 3355 per
1579 3284 1729 3354 quod
1767 3289 2025 3354 peccator
2112 3301 2234 3354 quae
2263 3283 2560 3337 hominum
2617 3283 2785 3337 corda
2827 3283 3111 3338 consociat
3145 3304 3158 3338 :
3205 3289 3503 3356 propterea
3541 3279 3685 3334 etiam

428 3371 621 3426 dolore
645 3373 1014 3444 correptionis
1038 3373 1332 3444 premitur,
1349 3373 1685 3444 quandoque
1699 3373 1770 3426 ad
1791 3371 2028 3427 beatitu-
2110 3372 2365 3426 Christus
2380 3373 2548 3427 dicit:
2564 3392 2588 3424 ε
2608 3373 2808 3426 Pacem
2829 3389 3012 3426 meam
3044 3373 3116 3426 do
3148 3373 3312 3428 vobis
3331 3374 3506 3439 (Joan.
3525 3371 3626 3436 xm)
3641 3386 3682 3432 ς»

425 3459 614 3514 dinem
626 3461 1523 3532 quaesineinterventuestdoloris
1534 3461 2021 3531 eruditur.(Joan.)
2107 3467 2164 3515 et
2181 3461 2414 3516 iterum:
2435 3481 2458 3512 )
2483 3462 2547 3516 In
2574 3461 2679 3514 hoc
2699 3466 3036 3531 cognoscent
3055 3479 3262 3517 omnes
3293 3461 3430 3533 quia
3455 3455 3680 3528 discipuli

423 3549 502 3604 Ex
522 3549 610 3604 his
627 3548 800 3621 igitur
827 3551 1176 3621 argumentis
1197 3550 1606 3606 consolationes
1627 3551 1835 3604 Paulus
1860 3566 2021 3604 assu-
2105 3550 2216 3604 mei
2245 3551 2398 3616 estis,
2424 3550 2471 3604 si
2503 3549 2808 3604 dilexeritis
2836 3550 3074 3605 invicem
3103 3553 3276 3616 (Ibid.
3291 3561 3328 3622 ).
3357 3569 3380 3602 ι
3409 3550 3685 3620 Propterea

422 3638 544 3704 mit,
561 3643 620 3693 et
638 3645 820 3694 utitur
831 3639 1038 3694 iterum
1066 3639 1350 3694 communi
1365 3639 1596 3709 judicio,
1619 3639 1710 3692 cui
1741 3655 1852 3693 non
1871 3639 2020 3692 valet
2102 3639 2274 3693 etiam
2301 3641 2511 3694 Paulus
2541 3640 2827 3712 apostolus
2849 3657 2860 3692 :
2881 3659 2904 3690 α
2939 3641 3166 3706 Pacem,
3187 3639 3397 3710 inquit,
3413 3632 3674 3692 sectamini

419 3725 623 3799 aliquis
641 3727 926 3794 reluctari,
943 3729 1078 3800 quia
1104 3729 1293 3784 nullus
1321 3734 1507 3800 potest
1531 3727 1816 3782 communi
1845 3744 2016 3799 repu-
2099 3745 2228 3782 cum
2258 3729 2516 3783 omnibus
2531 3734 2588 3782 et
2615 3728 3049 3782 sanctimoniam
3078 3746 3090 3782 :
3133 3749 3158 3780 ι
3187 3730 3300 3784 hoc
3320 3733 3427 3793 est,
3447 3728 3682 3782 honesta-

417 3831 595 3886 gnare
635 3817 877 3883 decreto,
915 3817 1138 3888 quando
1165 3817 1225 3871 in
1256 3817 1469 3888 aliquid
1507 3816 1752 3870 universi
1785 3833 2016 3872 consen-
2097 3823 2211 3871 tem
2224 3817 2339 3872 sive
2360 3817 2690 3888 pudicitiam
2708 3836 2730 3868 ι
2747 3816 2869 3870 sine
2893 3833 3005 3887 qua
3019 3833 3194 3871 nemo
3215 3817 3436 3871 videbit
3454 3817 3618 3870 Deum
3639 3829 3680 3862 τι

417 3904 587 3960 tiunt.
609 3924 636 3958 ‹‹
663 3905 1108 3972 Contristamini,
1129 3925 1151 3956 ι
1179 3905 1390 3976 inquit:
1414 3905 1544 3959 talis
1577 3922 1822 3976 namque
1856 3923 2014 3961 asso-
2096 3906 2302 3974 (Joan.)
2317 3905 2464 3961 sicut
2492 3913 2549 3960 et
2573 3923 2745 3977 supra
2773 3904 3022 3960 dicebat:
3050 3925 3071 3956 ε
3089 3906 3225 3960 Non
3243 3905 3680 3976 derelinquentes

417 3993 498 4048 let
517 4010 640 4048 esse
665 3993 1094 4064 disciplina,tale
1125 3993 1460 4066 principium
1495 3994 1760 4064 possedit,
1789 4015 1812 4045 α
1827 3995 2011 4050 omnis
2091 3996 2582 4066 congregationem
2607 4001 2858 4049 nostram
2883 4013 2896 4061 ;
2923 4014 2944 4045 ι
2961 3995 3066 4049 hoc
3079 3995 3267 4050 etiam
3279 3995 3376 4050 hic
3391 3993 3592 4064 tangit;
3611 3989 3681 4048 ni-

414 4097 658 4154 namque
686 4081 998 4154 disciplina,
1014 4083 1215 4153 inquit,
1241 4083 1299 4136 in
1329 4083 1594 4154 praesenti
1615 4082 1841 4154 quidem
1861 4084 2010 4139 vide-
2088 4083 2167 4138 hil
2186 4084 2266 4138 ita
2285 4091 2341 4138 et
2360 4083 2600 4138 maxime
2613 4083 2670 4137 in
2689 4083 3097 4138 tentationibus
3110 4083 3478 4156 superabiles
3493 4082 3619 4136 facit
3635 4083 3682 4131 et

413 4176 510 4226 tur
531 4187 643 4226 non
667 4187 791 4226 esse
803 4171 1018 4242 gaudii,
1041 4171 1140 4226 sed
1151 4172 1409 4226 maeroris
1431 4191 1442 4225 :
1463 4191 1487 4223 ι
1506 4171 1648 4225 bene
1665 4171 1804 4226 dixit
1820 4193 1844 4223 «
1860 4173 2008 4226 vide-
2088 4172 2248 4228 facile
2268 4173 2661 4244 subjiciendos,
2677 4173 2822 4226 sicut
2837 4172 3087 4244 separari
3108 4189 3180 4228 ac
3195 4175 3280 4244 sej
3290 4173 3486 4244 ungit
3503 4173 3680 4225 Pacem

410 4265 524 4327 tur,
559 4280 584 4313 »
619 4260 753 4332 quia
790 4277 903 4316 non
942 4259 1353 4332 est,inquit,res
1395 4260 1640 4316 tristitiae
1688 4260 1998 4332 disciplina,
2021 4306 2068 4332 η
2087 4263 2378 4317 sectamini
2401 4279 2529 4316 cum
2558 4260 3090 4332 omnibus,»inquit.
3103 4263 3270 4316 Num
3293 4269 3357 4316 et
3383 4277 3511 4316 cum
3531 4256 3680 4313 male-

407 4350 507 4404 sed
533 4349 758 4405 videtur
775 4367 916 4405 esse.
937 4368 961 4401 ι
998 4349 1213 4416 Omnis,
1231 4348 1432 4421 inquit,
1448 4349 1762 4421 disciplina,
1782 4367 1808 4403 ν
1829 4355 1887 4404 et
1903 4351 2006 4406 hu-
2021 4346 2068 4364 ”
2085 4351 2414 4405 facientibus
2428 4352 2453 4404 ’Ζ
2474 4368 2502 4402 α
2527 4351 2585 4405 Si
2616 4349 2877 4422 possibile
2891 4356 2995 4418 est,
3027 4350 3243 4422 inquit,
3267 4351 3428 4422 quod
3457 4367 3522 4406 ex
3548 4346 3682 4402 vobis

409 4454 580 4493 mana
597 4444 655 4494 et
667 4439 938 4512 spiritalis
956 4457 968 4492 :
984 4439 1382 4511 contemplaris
1395 4456 1518 4494 eam
1532 4455 1598 4493 ex
1609 4439 2002 4494 communibus
2085 4445 2320 4506 est,cum
2343 4439 2601 4494 omnibus
2623 4455 2817 4510 pacem
2831 4438 3034 4494 habete
3052 4441 3370 4511 (Rom.xn).
3381 4441 3680 4505 aQuantum

409 4527 627 4582 notitiis
653 4528 960 4583 decertare.
986 4547 1016 4584 ι
1037 4527 1291 4595 Videtur,
1314 4527 1515 4600 inquit,
1541 4545 1664 4582 esse
1685 4529 1960 4594 mceroris,
1974 4549 1996 4580 ι
2083 4528 2302 4595 attinet,
2328 4529 2532 4600 inquit,
2549 4544 2742 4600 pacem
2764 4527 2989 4595 habeto,
3009 4527 3150 4582 nihil
3170 4529 3400 4584 laedens
3411 4529 3679 4600 pietatem,

405 4631 520 4670 non
547 4621 634 4670 est
659 4617 1052 4688 igitur.Qua1is
1071 4633 1316 4690 namque
1343 4633 1552 4671 maeror
1582 4621 1685 4682 est,
1715 4622 1780 4672 ut
1797 4617 2002 4672 exist-at
2081 4617 2177 4672 sed
2207 4617 2265 4671 in
2282 4617 2484 4689 quibus
2513 4619 2664 4672 mala
2693 4617 2922 4688 pateris,
2963 4616 3192 4671 fortiter
3219 4619 3442 4672 tolera:
3475 4616 3680 4687 majora

406 4704 622 4760 occasio
637 4705 993 4776 gaudiorum,
1009 4707 1174 4760 sicuti
1194 4723 1377 4778 neque
1395 4708 1652 4778 voluptas
1673 4712 1776 4772 est,
1794 4723 1916 4778 quae
1934 4709 2000 4761 fit
2079 4705 2282 4778 quippe
2293 4723 2452 4761 arma
2461 4713 2592 4762 sunt
2606 4707 2664 4760 in
2675 4705 3084 4760 tentationibus
3099 4707 3416 4776 patientia;
3431 4705 3512 4761 sic
3521 4704 3677 4759 etiam

403 4809 575 4848 causa
581 4793 825 4849 tristitiae
835 4794 888 4848 ?¢
898 4795 1100 4850 Postea
1115 4800 1307 4850 autem
1317 4795 1562 4851 fructum
1575 4795 1996 4867 pacatissimum
2078 4795 2336 4850 Christus
2347 4814 2478 4850 suos
2489 4795 2788 4866 discipulos
2799 4794 3046 4849 reddidit
3059 4795 3341 4850 fortiores
3353 4797 3477 4850 hec
3487 4795 3678 4848 dicens:

400 4881 718 4938 exercitatis
745 4900 848 4954 per
874 4900 1002 4939 eam
1030 4885 1226 4940 reddet
1250 4885 1506 4956 justitiae.
1531 4905 1560 4936 ι»
1583 4885 1709 4940 Non
1723 4884 1988 4951 fructum,
2079 4885 2601 4958 «Mittovos,inquit,
2617 4885 2764 4938 sicut
2777 4901 2907 4938 oves
2922 4883 2978 4938 in
2993 4883 3185 4941 medio
3199 4883 3683 4956 luporum;estote

396 4972 496 5028 sed
518 4972 808 5028 fructuum
837 4972 1264 5029 abundantiam.
1291 4993 1318 5025 «
1353 4973 1461 5038 Qui
1489 4990 1590 5045 per
1620 4990 1764 5040 eam,
1807 4974 1994 5045 inquit
2073 4989 2206 5044 ergo
2235 4975 2541 5045 prudentes
2562 4973 2706 5028 sicut
2730 4978 3037 5044 serpentes,
3053 4977 3112 5028 et
3129 4973 3592 5045 simplicessicut
3607 4985 3685 5024 co-

397 5061 794 5118 exercitantur.
811 5081 840 5117 »
867 5063 1019 5117 Bene
1041 5062 1196 5129 dixit,
1216 5081 1244 5116 ι
1277 5063 1374 5134 qui
1402 5079 1502 5134 per
1523 5079 1652 5116 eam
1680 5063 1990 5118 exercitan-
2071 5062 2273 5117 lumbae
2291 5063 2499 5131 (Matth.
2519 5061 2606 5134 x);
2633 5081 2661 5116 ι
2685 5062 2819 5134 quid
2835 5061 3078 5116 dicis?in
3106 5062 3308 5118 medio
3325 5064 3685 5134 luporumsu—

395 5155 510 5217 tur,
537 5170 565 5204 »
581 5151 687 5207 hoc
715 5157 820 5219 est,
836 5151 934 5224 qui
963 5151 1210 5206 tolerant
1226 5151 1466 5222 plurimo
1481 5155 1738 5222 tempore
1762 5152 1984 5222 patien-
2070 5168 2193 5205 mus
2209 5155 2268 5206 et
2283 5151 2430 5206 sicut
2439 5168 2568 5206 oves
2592 5167 2695 5206 nos
2711 5168 2833 5206 esse
2841 5150 3007 5222 jubes
3021 5157 3079 5204 et
3093 5150 3250 5205 sicut
3267 5150 3605 5206 columbas?
3628 5148 3684 5202 Ε-

395 5244 502 5292 ter.
534 5239 605 5293 Et
630 5240 947 5312 quomodo?
958 5241 1110 5296 Bene
1121 5240 1412 5296 sonantius
1425 5247 1512 5294 est
1525 5240 1753 5294 nomine
1774 5239 1985 5294 exerci-
2065 5239 2224 5304 tiam,
2240 5240 2442 5311 inquit,
2458 5240 2598 5295 nihil
2607 5239 2759 5294 enim
2773 5240 2852 5295 ita
2861 5239 3253 5295 confusionem
3276 5239 3425 5296 facit
3443 5236 3684 5313 gerentis

394 5325 666 5382 tationem
695 5328 1032 5388 nominans?
1053 5329 1359 5402 Disciplina
1377 5346 1510 5400 ergo
1533 5328 1857 5386 exercitatio
1877 5335 1982 5383 est.
2065 5330 2232 5395 mala,
2241 5330 2388 5384 sicut
2405 5329 2565 5383 fortis
2582 5329 2886 5384 tolerantia
2907 5328 3272 5400 patientis,et
3289 5331 3682 5402 nequeinver—

392 5415 537 5470 Nam
568 5416 842 5473 athletam
871 5419 1092 5490 perficit
1129 5419 1419 5474 fortiorem
1456 5423 1514 5473 et
1545 5417 1984 5490 insuperabilem
2065 5417 2136 5472 bo
2165 5434 2347 5489 neque
2367 5417 2426 5472 in
2456 5435 2623 5490 opere
2651 5417 2886 5472 reddere
2907 5417 3236 5472 vindictam.
3259 5419 3338 5473 Et
3368 5417 3606 5473 attende
3624 5430 3684 5470 ex

390 5502 575 5556 reddit
594 5503 648 5556 in
671 5507 1072 5561 certaminibus
1094 5515 1152 5561 et
1179 5506 1668 5578 inexpugnabilem
1709 5507 1975 5563 declarat.
2063 5508 2166 5560 hoc
2181 5508 2652 5576 quantalucratus
2663 5507 2759 5572 sis,
2778 5507 2990 5560 malum
3005 5505 3686 5574 exstinguis.mercedem
