3848 6164
191 328 276 385 817

578 319 1151 378 ENARRATIONUM
1187 319 1266 375 IN
1303 319 1458 374 EPP.
1500 318 1714 374 PAULI
1753 319 1890 375 LIB.
1932 320 2128 380 XXIX.
2166 350 2230 360 —
2263 319 2341 374 IN
2379 318 2600 374 EPIST.
2642 319 2740 374 AD
2779 320 2990 376 HEBR.

3320 322 3425 378 818

186 452 272 508 tibi
283 464 557 522 comparas
569 447 896 520 ampliorem
905 443 1436 500 .Sanctificationem
1453 449 1643 497 autem
1661 441 1743 495 di-
1756 444 1804 503 A
1821 446 2264 513 rum;postremo
2283 457 2406 512 quae
2417 453 2642 496 summa
2655 443 2730 497 sit
2740 443 2970 514 perfecti
2984 445 3201 515 praemii
3215 461 3281 500 ac
3293 444 3424 500 bea-

187 543 252 596 cit
263 538 570 612 pudicitiam
589 543 754 608 atque
777 533 1213 606 temperantiam
1234 532 1608 602 conjugalem,
1627 531 1743 585 sive

186 629 290 703 quis
309 644 492 700 expers
519 633 607 680 est
631 625 896 696 conjugii,
926 640 1054 678 cum
1086 623 1344 676 castitate
1390 619 1585 686 nubat,
1627 620 1741 674 sive

184 719 232 773 in
255 716 494 788 conjugio
521 715 858 770 constitutus
887 717 990 778 est,
1015 728 1128 772 non
1145 711 1468 776 fornicetur,
1497 711 1592 764 sed
1621 716 1743 764 uta-

181 812 261 863 tur
277 805 486 878 propria
511 806 750 876 conjuge
775 806 1179 874 temperanter,
1204 799 1415 856 etenim
1437 799 1608 854 etiam
1636 799 1741 853 hoc

181 894 505 951 sanctiﬁcatio
519 901 625 948 est.
639 893 928 958 Quomodo
941 893 1044 945 hoc
1059 889 1426 945 sanctiﬁcatio
1437 893 1524 943 est
1536 888 1578 942 ?.
1591 929 1602 941 .
1615 929 1626 941 .
1641 887 1739 942 sed

180 984 356 1056 nuptiae
380 987 711 1038 conservant
729 981 1382 1050 sanctiﬁcationem,quae
1404 995 1470 1032 ex
1487 978 1596 1032 ﬁde
1617 966 1703 1031 est
1721 993 1732 1028 :

179 1073 437 1146 prohibent
445 1072 701 1126 animum
715 1069 1104 1125 meretricibus
1117 1067 1385 1138 applicari
1417 1086 1442 1118 «
1459 1067 1590 1121 Sine
1603 1083 1732 1136 qua,

180 1161 348 1232 inquit,
369 1177 530 1215 nemo
556 1159 770 1215 videbit
789 1161 968 1214 Deum
993 1178 1003 1212 :
1029 1178 1054 1210 »
1077 1157 1225 1229 quod
1247 1156 1418 1211 etiam
1445 1155 1516 1210 ad
1542 1155 1736 1210 Corin-

179 1251 298 1306 thios
318 1251 444 1304 dicit
473 1267 488 1304 :
514 1269 541 1302 c
573 1250 762 1304 Nolite
785 1265 991 1313 errare,
1017 1263 1198 1319 neque
1227 1246 1609 1310 fornicatores,
1642 1261 1736 1298 ne-

179 1355 263 1411 que
285 1339 530 1406 adulteri,
555 1355 742 1410 neque
761 1338 1088 1402 idololatrae,
1107 1352 1289 1408 neque
1317 1335 1533 1401 molles,
1552 1350 1734 1405 neque

177 1427 508 1483 masculorum
527 1427 940 1493 concubitores,
963 1442 1146 1497 neque
1167 1424 1529 1494 avari,neque
1558 1423 1728 1490 fures,

176 1534 322 1588 neque
346 1516 567 1584 ebriosi,
594 1533 779 1587 neque
809 1515 1153 1569 detractores
1181 1530 1418 1584 regnum
1438 1513 1540 1568 Dei
1559 1512 1733 1584 possi-

176 1605 346 1661 debunt
371 1608 419 1674 (Ι
439 1606 564 1660 σον.
591 1606 688 1676 v17.
724 1624 750 1658 »
785 1604 1074 1669 Quomodo
1102 1619 1348 1674 namque
1379 1601 1604 1674 poterit,
1635 1601 1731 1673 qui

175 1711 337 1766 corpus
348 1695 586 1749 efﬁcitur
605 1693 1074 1759 meretricis,cum
1087 1693 1310 1746 Christo
1325 1691 1599 1746 unitatem
1614 1708 1732 1746 cor-

1823 531 2083 586 titudinis
2104 530 2484 586 remuneratio
2505 549 2608 602 per
2628 531 2772 586 hanc
2785 531 3162 589 habitatorem
3178 535 3422 606 pectoris

1822 622 2001 676 nostri
2032 628 2287 676 sanctum
2313 621 2431 676 fore
2461 622 2732 694 Spiritum
2751 623 3083 694 designavit.
3109 643 3136 676 ιι
3153 624 3420 680 Contem-

1821 711 2042 782 plantes
2061 725 2132 764 ne
2158 710 2290 782 quid
2310 711 2456 765 desit
2479 711 2678 782 gratiae
2692 711 2814 767 Dei.
2833 731 2858 764 ι)
2873 711 3182 782 (Joan.)Sic
3196 729 3325 768 cum
3339 713 3422 768 eis

1821 798 2088 869 loquitur,
2105 806 2378 870 tanquam
2397 817 2524 855 cum
2546 801 2652 868 his,
2668 801 2764 872 qui
2789 817 2917 856 cum
2931 816 3233 856 numeroso
3243 801 3418 857 comi-

1820 891 1948 942 tatu
1969 887 2252 942 viatorum
2273 889 2441 959 longa
2459 889 2665 945 itinera
2691 895 3070 961 permearent,
3084 890 3256 945 veluti
3273 890 3322 945 si
3339 890 3421 945 di-

1821 982 1990 1042 ceret,
2022 977 2309 1032 Attendite
2334 976 2510 1044 vobis,
2543 994 2614 1032 ne
2647 979 2773 1050 quis
2809 983 3060 1034 vestrum
3103 983 3414 1035 remaneat.

1818 1065 1945 1120 Non
1972 1065 2077 1120 hoc
2098 1071 2321 1121 tantum
2343 1067 2589 1138 requiro,
2607 1073 2673 1122 ut
2697 1084 2794 1122 vos
2813 1068 2918 1122 soli
2940 1067 3296 1140 perveniatis,
3317 1069 3418 1125 sed

1819 1155 1989 1209 etiam
2019 1161 2084 1209 ut
2110 1155 2420 1226 inspiciatis
2440 1161 2498 1211 et
2519 1163 2766 1212 caeteros.
2783 1174 2812 1209 α
2832 1157 2916 1212 Ne
2937 1157 3082 1229 quis,
3103 1157 3307 1230 inquit,
3329 1174 3420 1212 ve-

1816 1250 1998 1298 strum
2025 1244 2171 1298 desit
2206 1245 2403 1316 gratiae
2435 1245 2536 1300 Dei
2571 1265 2582 1298 :
2619 1263 2647 1298 ι
2682 1246 2817 1316 quid
2845 1247 2982 1301 dicit
3009 1247 3252 1318 gratiam
3281 1246 3418 1304 Dei?

1815 1332 1963 1387 bona
1990 1332 2197 1400 futura,
2213 1335 2594 1405 evangelicam
2619 1335 2809 1401 ﬁdem,
2837 1335 3108 1406 Optimam
3127 1351 3420 1391 conversa-

1813 1421 2025 1476 tionem
2047 1441 2060 1475 :
2079 1423 2196 1478 haec
2215 1423 2422 1495 quippe
2441 1423 2542 1478 Dei
2559 1428 2692 1478 sunt
2709 1425 2926 1495 gratiae.
2947 1425 3062 1479 Nec
3077 1424 3220 1479 mihi
3239 1423 3410 1491 dicas,

1815 1509 1950 1582 quia
1968 1527 2114 1565 unus
2133 1516 2238 1578 est,
2261 1511 2356 1582 qui
2371 1511 2594 1582 peribit,
2614 1513 2826 1566 etenim
2848 1512 3108 1567 Christus
3120 1519 3179 1567 et
3186 1518 3418 1585 propter

1814 1615 1989 1654 unum
2019 1605 2276 1654 mortuus
2305 1607 2391 1654 est
2423 1617 2434 1652 :
2469 1607 2532 1654 tu
2560 1601 2958 1673 vero_negligis
2986 1607 3217 1674 propter
3245 1618 3414 1674 quem

1814 1687 2072 1743 Christus
2102 1688 2368 1758 dignatus
2397 1695 2484 1744 est
2509 1690 2672 1744 mori.
2706 1709 2732 1744 ι
2764 1690 3241 1762 Contemplantes,
3267 1709 3294 1744 ι)
3325 1691 3414 1746 in-

176 1762 293 1855 paris
306 1783 584 1854 possidere
603 1783 630 1836 ?
647 1781 1188 1854 (MAUR.)Evidenter
1208 1779 1358 1834 enim
1378 1780 1499 1834 sine
1520 1780 1726 1834 sancti-

1816 1777 1957 1848 quit,
1987 1778 2096 1832 hoc
2121 1784 2224 1843 est,
2259 1778 2562 1849 diligenter
2587 1785 2903 1834 scrutantes
2929 1785 2988 1834 et
3031 1779 3322 1835 visitantes
3357 1786 3417 1835 et

174 1872 340 1939 monia,
355 1888 521 1943 quam
531 1873 684 1926 solet
702 1870 1085 1942 integritatem
1101 1871 1308 1924 mentis
1325 1870 1412 1923 vel
1425 1868 1730 1940 puritatem

173 1961 378 2033 corporis
389 1961 699 2033 appellare,
715 1959 1104 2032 pronuntiavit
1113 1961 1294 2014 Deum
1309 1959 1534 2030 penitus
1553 1958 1728 2013 videri

171 2065 257 2104 non
278 2047 730 2121 posse.(Cass.)Et
739 2055 804 2104 ut
818 2053 1020 2104 cuncta
1039 2053 1370 2120 praeteream
1391 2064 1513 2118 quae
1527 2048 1586 2102 in
1605 2064 1730 2102 san-

169 2139 251 2192 ctis
265 2139 552 2211 Scripturis
579 2137 656 2194 ob
675 2138 901 2192 laudem
920 2137 1144 2192 virtutis
1170 2137 1342 2208 hujus
1366 2137 1579 2191 inserta
1597 2143 1731 2191 sunt

166 2231 272 2294 (non
281 2228 419 2282 enim
436 2227 796 2299 propositum
817 2227 960 2281 mihi
975 2226 1294 2281 estlaudem
1310 2232 1497 2280 texere
1508 2227 1732 2281 castita-

164 2315 322 2382 tis,sed
339 2317 676 2388 qualitatem
694 2315 890 2388 ipsius,
899 2317 982 2370 vel
999 2315 1474 2387 quemadmodum
1493 2315 1726 2386 acquiri,

163 2405 228 2459 vel
237 2406 482 2461 custodiri
503 2405 734 2470 debeat,
751 2405 914 2477 quive
934 2405 1009 2459 sit
1027 2405 1156 2459 ﬁnis
1176 2405 1224 2476 ej
1235 2422 1298 2458 us
1315 2405 1548 2460 Patrum
1561 2404 1732 2458 tradi-

160 2494 367 2549 tionibus
390 2495 715 2568 explicare),
738 2511 914 2548 unam
930 2494 1324 2549 tantummodo
1351 2510 1558 2565 ponam
1579 2493 1730 2547 beati

159 2583 369 2655 Apostoli
381 2585 872 2655 sententiam,qua
880 2589 1072 2656 pateat
1081 2583 1322 2654 qualiter
1330 2583 1487 2636 illam
1496 2583 1733 2638 Thessa-

162 2673 494 2728 lonicensibus
512 2673 776 2728 scribens
784 2671 1088 2728 virtutibus
1107 2671 1420 2744 praetulerit
1431 2672 1726 2739 universis,

164 2761 240 2816 tali
257 2778 369 2817 eam
394 2761 558 2817 verbi
582 2762 876 2816 nobilitate
903 2761 1322 2827 commendans,
1343 2779 1370 2813 α
1393 2761 1510 2816 haec
1525 2767 1628 2828 est,
1647 2761 1730 2815 in-

160 2851 612 2920 quiens,voluntas
623 2851 725 2906 Dei
736 2850 1104 2906 sanctiﬁcatio
1127 2851 1374 2912 vestra(l
1388 2852 1560 2905 Thess.
1584 2853 1671 2919 Iv),
1697 2869 1722 2904 ι)

159 2943 204 2993 et
225 2956 285 2994 ne
309 2939 444 2996 forte
463 2940 713 2996 dubium
733 2940 895 2995 nobis
918 2939 1282 3011 relinqueret,
1299 2940 1384 2994 vel
1403 2939 1722 3008 obscurum,

1812 1872 2196 1936 agnoscentes,
2231 1867 2379 1921 sicut
2409 1867 2532 1921 ﬁeri
2561 1867 2704 1922 solet
2739 1868 2794 1921 in
2821 1867 3092 1924 inﬁrmis.
3129 1887 3156 1920 «
3186 1869 3272 1924 Ne
3303 1884 3416 1940 qua

1811 1955 1970 2010 radix
1997 1955 2392 2010 amaritudinis
2419 1973 2646 2011 sursum
2674 1957 3000 2028 germinans
3025 1957 3316 2028 impediat,
3357 1963 3416 2012 et

1811 2061 1913 2115 per
1930 2045 2086 2100 illam
2101 2045 2468 2116 inquinentur
2492 2046 2676 2100 multi.
2707 2066 2730 2098 ι
2750 2046 2870 2100 Hoc
2897 2046 2957 2100 in
2978 2045 3414 2101 Deuteronomio

1813 2135 2084 2205 scriptum
2109 2140 2212 2189 est.
2249 2134 2501 2206 Sumpsit
2537 2140 2729 2188 autem
2776 2134 2915 2189 illud
2943 2151 3012 2188 ex
3051 2133 3412 2189 arbustorum

1813 2223 2160 2295 metaphora,
2191 2242 2213 2275 ι
2249 2240 2320 2276 ne
2350 2239 2460 2294 qua
2482 2223 2640 2277 radix
2665 2223 3075 2291 amaritudinis,
3115 2243 3140 2275 ι
3176 2221 3326 2294 quod
3353 2228 3412 2278 et

1813 2312 1939 2366 aliis
1966 2312 2215 2368 scribens
2260 2313 2402 2366 dixit
2434 2331 2445 2366 :
2484 2333 2506 2364 ι
2549 2312 2832 2367 Modicum
2860 2312 3202 2368 fermentum
3228 2317 3411 2368 totam

1813 2417 2056 2457 massam
2113 2402 2422 2472 corrumpit
2446 2403 2586 2470 (Gal.
2619 2405 2676 2472 v)
2711 2421 2724 2470 ;
2767 2421 2795 2456 ›)
2829 2419 2943 2458 non
2979 2407 3211 2474 propter
3249 2402 3410 2458 illum

1813 2493 1996 2546 solum
2033 2493 2136 2551 ha:
2165 2493 2309 2560 volo,
2340 2492 2400 2547 in
2439 2509 2548 2563 quo
2596 2492 2867 2564 iniquitas
2897 2492 3104 2564 poterit
3146 2492 3406 2560 inveniri,

1812 2581 1908 2636 sed
1930 2581 2102 2635 etiam
2128 2587 2358 2653 propter
2375 2581 2659 2636 laesionem
2678 2599 2802 2652 qua:
2821 2581 3032 2653 poterit
3049 2597 3116 2636 ex
3143 2581 3256 2636 illis
3276 2597 3410 2653 pro-

1812 2671 2016 2742 pagine
2055 2671 2351 2742 pullulare,
2396 2671 2504 2726 hoc
2541 2677 2646 2736 est,
2678 2676 2745 2725 ut
2781 2671 2829 2725 si
2857 2671 3049 2742 aliqua
3085 2670 3214 2724 talis
3239 2669 3412 2726 fuerit

1811 2759 1988 2826 radix,
2015 2761 2232 2814 nullum
2263 2777 2330 2814 ex
2353 2777 2419 2814 ea
2448 2759 2788 2832 permittatis
2818 2775 3052 2830 germen
3085 2775 3406 2831 exsurgere,

1808 2849 1906 2902 sed
1949 2849 2236 2904 recidatur
2272 2854 2577 2920 antequam
2610 2849 2750 2904 alios
2787 2849 3004 2921 polluat
3043 2853 3102 2904 et
3145 2849 3410 2904 scelestos

1809 2937 2031 2992 efﬁciat.
2051 2957 2077 2990 ί(
2095 2939 2178 2993 Ne
2197 2955 2310 3010 qua
2333 2937 2512 3005 radix,
2533 2937 2738 3008 inquit,
2761 2937 3156 2993 amaritudinis
3183 2954 3410 2994 sursum

159 3028 386 3098 quidnam
405 3029 922 3084 sanctiﬁcationem
951 3028 1191 3082 voluerit
1207 3029 1509 3100 appellare,
1535 3033 1726 3084 utrum
1742 3089 1783 3108 η
1805 3027 2128 3108 germinans
2146 3027 2500 3099 impediat,et
2513 3041 2614 3099 per
2628 3044 2754 3081 eam
2771 3026 3001 3098 plurimi
3011 3026 3356 3098 polluantur.
3377 3045 3403 3080 ι

149 3089 390 3186 justitiam
406 3137 479 3174 an
499 3119 866 3184 charitatem,
885 3135 958 3172 an
987 3089 1386 3182 humilitatem,
1411 3134 1484 3172 an
1499 3089 1725 3189 patien-
1740 3089 1784 3150 c
1806 3089 1911 3174 ilic
1937 3133 2190 3172 amarum
2221 3089 2362 3171 dixit
2387 3089 2846 3188 esse-peccatum,
2878 3089 3161 3170 enimvero
3182 3121 3408 3187 peccato

153 3205 281 3274 tiam,
309 3209 362 3262 in
391 3207 668 3263 omnibus
695 3207 845 3261 enim
874 3207 998 3261 istis
1023 3205 1322 3260 virtutibus
1358 3207 1607 3261 creditur
1631 3223 1724 3261 ac-

153 3295 270 3366 quiri
297 3297 690 3360 sanctiﬁcatio,
707 3297 878 3351 infert
896 3301 954 3350 et
983 3296 1276 3350 manifeste
1305 3296 1566 3366 designat
1591 3296 1726 3366 quid

151 3386 340 3456 proprie
373 3367 886 3441 sanctiﬁcatidnem
911 3385 1155 3439 voluerit
1179 3385 1464 3456 appellare
1495 3403 1506 3437 :
1538 3404 1563 3436 (ι
1596 3385 1726 3439 Haec

150 3477 220 3525 est
239 3473 482 3528 voluntas
509 3473 642 3539 Dei,
674 3473 1042 3527 sanctificatio
1066 3478 1269 3538 vestra,
1303 3479 1368 3527 ut
1397 3472 1725 3526 abstineatis

148 3575 243 3628 vos,
259 3562 456 3634 inquit,
489 3579 536 3617 a
563 3561 948 3628 fornicatione,
970 3568 1035 3616 ut
1058 3562 1197 3616 sciat
1223 3561 1608 3634 unusquisque
1637 3580 1725 3616 ve-

148 3653 298 3705 strum
324 3668 420 3706 vas
446 3667 627 3707 suum
662 3650 948 3723 possidere
976 3651 1036 3704 in
1065 3651 1277 3705 honore
1320 3657 1378 3705 et
1406 3650 1721 3704 sanctiﬁca-

147 3737 288 3804 tione,
302 3757 410 3796 non
435 3741 494 3796 in
517 3741 784 3812 passione
813 3739 1096 3805 desiderii,
1119 3739 1266 3794 sicut
1282 3746 1339 3794 et
1363 3745 1580 3809 gentes,
1601 3757 1724 3811 quae

147 3825 378 3896 ignorant
402 3831 614 3886 Deum.
640 3849 667 3882 ι)
693 3829 835 3883 Vide
865 3828 1068 3900 quibus
1095 3845 1220 3882 eam
1247 3827 1507 3883 laudibus
1528 3845 1724 3900 prose-

147 3924 339 3988 quatur,
370 3919 655 3975 honorem
691 3917 859 3984 vasis,
897 3917 957 3973 id
995 3923 1100 3984 est,
1151 3917 1398 3989 corporis
1439 3919 1620 3972 nostri
1668 3923 1726 3974 et

145 4009 622 4064 sanctiﬁcationem
667 4007 956 4080 appellans
985 4023 1129 4062 eam.
1162 4007 1343 4077 Igitur
1371 4023 1402 4061 e
1442 4007 1723 4062 contrario

145 4095 222 4166 qui
239 4095 294 4151 in
308 4097 574 4168 passione
595 4095 859 4151 desiderii
879 4102 984 4164 est,
998 4095 1058 4150 in
1071 4095 1383 4167 ignominia
1397 4101 1454 4150 et
1473 4096 1722 4152 immun-

145 4182 263 4239 ditia
286 4186 562 4252 consistit,
587 4191 646 4240 et
673 4185 890 4240 alienus
919 4201 955 4240 a
983 4184 1424 4240 sanctiﬁcatione
1445 4192 1718 4240 versatur.

143 4271 306 4330 Tertio
333 4291 562 4348 quoque
582 4279 710 4346 post
736 4290 916 4345 pauca
942 4274 1113 4328 infert
1140 4290 1335 4328 rursus
1363 4290 1490 4328 eam
1512 4276 1720 4330 sancti-

143 4365 363 4418 moniam
385 4364 789 4436 pronuntians:
818 4381 845 4415 α
873 4364 1002 4418 Νοη
1031 4363 1183 4417 enim
1212 4364 1429 4418 vocavit
1445 4381 1548 4419 nos
1568 4365 1719 4420 Deus

141 4449 190 4506 in
212 4451 596 4524 ignominiam,
617 4453 714 4507 sed
727 4453 785 4508 in
805 4452 1257 4508 sanctimoniam.
1276 4453 1472 4524 Itaque
1490 4453 1586 4525 qui
1603 4454 1720 4510 haec

140 4543 331 4611 spernit
347 4560 464 4598 non
482 4543 773 4597 hominem
801 4541 1034 4614 spernit,
1067 4541 1165 4596 sed
1192 4541 1394 4609 Deum,
1419 4543 1514 4614 qui
1545 4543 1716 4600 etiam

141 4627 273 4685 dedit
286 4633 561 4704 Spiritum
582 4637 842 4686 sanctum
869 4647 1035 4685 suum
1063 4630 1122 4686 in
1150 4630 1340 4698 nobis;
1365 4649 1391 4684 »
1419 4633 1721 4689 auctorita-

140 4721 235 4774 tem
260 4729 540 4794 praecepto
567 4737 670 4776 suo
705 4719 1079 4776 inviolabilem
1101 4720 1291 4791 junxit
1321 4720 1530 4788 dicens,
1567 4740 1593 4774 «
1623 4724 1719 4794 qui

141 4805 241 4861 haec
265 4811 500 4881 spernit,
527 4830 554 4863 ι
589 4810 646 4864 id
672 4815 776 4876 est,
802 4825 926 4880 qua:
955 4809 1024 4863 de
1054 4809 1425 4864 sanctimonia
1453 4811 1719 4882 praefatus

137 4911 262 4964 sum,
294 4920 316 4951 ι
344 4916 463 4954 non
487 4897 774 4954 hominem
797 4898 1031 4970 spernit,
1057 4918 1078 4949 ι
1100 4899 1204 4952 hoc
1225 4904 1327 4964 est,
1350 4916 1465 4954 non
1486 4916 1595 4967 me,
1621 4901 1718 4972 qui

137 4982 235 5040 haec
257 4987 535 5060 praecipio,
565 5009 587 5039 ι
613 4987 713 5042 sed
743 4988 942 5053 Deum,
969 5006 992 5037 ι
1015 4987 1110 5058 qui
1131 4986 1190 5041 in
1211 5003 1302 5042 me
1325 4988 1591 5059 loquitur,
1621 4989 1718 5061 qui

135 5073 285 5130 etiam
313 5077 555 5148 Spiritui
580 5093 682 5132 suo
711 5081 905 5132 sancto
923 5092 1020 5132 cor
1047 5082 1301 5132 nostrum
1335 5077 1718 5134 habitaculum

136 5161 421 5233 deputavit.
437 5165 636 5220 Cernis
651 5165 996 5238 simplicibus
1015 5165 1198 5221 verbis
1219 5181 1284 5220 ac
1311 5166 1488 5236 puris,
1514 5166 1718 5237 quibus

135 5265 240 5306 eam
253 5254 546 5324 praeconiis
559 5255 895 5326 quantisque
912 5255 1178 5310 extulerit
1187 5254 1718 5326 laudibus,primum

133 5338 307 5396 virtuti
335 5343 474 5397 huic
494 5343 993 5399 sanctiﬁcationem
1015 5345 1240 5416 proprie
1263 5344 1594 5412 tribuendo;
1619 5345 1718 5400 de-

134 5426 247 5484 inde
263 5448 366 5502 per
387 5431 534 5486 hanc
552 5449 809 5488 asserens
825 5450 923 5488 vas
937 5425 1116 5489 nostri
1132 5433 1380 5506 corporis
1397 5434 1469 5489 ab
1480 5434 1724 5490 immun-

1807 3205 1949 3260 nihil
1979 3212 2066 3260 est
2100 3206 2366 3272 amarius,
2400 3211 2458 3259 et
2501 3206 2606 3260 hoc
2651 3211 2887 3261 norumt
2914 3205 3009 3276 qui
3037 3210 3166 3277 post
3196 3205 3406 3260 admis-

1807 3309 1934 3348 sum
1984 3301 2275 3366 peccatum
2323 3293 2676 3350 conscientia:
2729 3311 2968 3348 mmrore
3024 3297 3404 3361 macerantur,

1807 3388 1864 3436 et
1891 3383 2016 3436 dira
2043 3383 2181 3437 satis
2212 3383 2588 3438 amaritudine
2617 3388 3046 3438 consumuntur.
3071 3381 3407 3438 Amaritudo

1807 3471 2012 3542 quippe
2041 3472 2228 3526 delicti
2257 3472 2442 3543 ipsum
2473 3472 2822 3526 intellectum
2853 3471 3246 3542 rationemque
3271 3471 3408 3526 sub-

1805 3560 1990 3614 vertit.
2051 3559 2348 3615 Enimvero
2387 3560 2784 3615 amaritudinis
2831 3559 2985 3614 illius
3019 3565 3226 3614 natura
3275 3557 3406 3614 talis

1806 3649 2015 3714 existit,
2046 3654 2112 3702 ut
2147 3649 2312 3702 noxia
2349 3653 2686 3720 perseveret.
2724 3648 2794 3703 Et
2821 3647 2964 3702 bene
3004 3647 3148 3702 dixit
3187 3667 3212 3700 ι
3246 3647 3407 3702 radix

1805 3737 2216 3804 amaritudinis,
2243 3755 2270 3791 ν
2293 3754 2404 3792 non
2423 3737 2567 3792 dixit
2583 3737 2741 3792 radix
2767 3753 2980 3800 amara,
3009 3735 3107 3792 sed
3137 3735 3407 3790 amaritu-

1805 3827 1970 3884 dinis.
2003 3827 2179 3884 Radix
2205 3827 2356 3882 enim
2389 3842 2584 3880 amara
2605 3832 2792 3899 potest
2819 3825 3034 3881 fructus
3060 3824 3252 3881 dulces
3279 3823 3402 3880 efﬁ-

1805 3933 1952 3984 cere,
1972 3915 2366 3972 amaritudinis
2384 3920 2576 3970 autem
2603 3915 2763 3970 radix
2779 3915 2866 3970 vel
2886 3913 3010 3970 fons
3033 3914 3118 3969 vel
3145 3913 3403 3987 proposi-

1805 4012 1927 4064 tum
1948 4022 2236 4077 nunquam
2256 4011 2442 4076 potest
2469 4005 2681 4076 aliquid
2712 4005 2874 4059 dulce
2903 4020 3241 4077 propagare,
3271 4002 3406 4075 quia

1805 4096 1997 4150 omnia
2021 4095 2099 4149 ibi
2128 4111 2340 4159 amara,
2363 4094 2556 4149 omnia
2581 4095 2838 4162 molesta,
2871 4095 3064 4150 omnia
3105 4093 3315 4149 scelere
3347 4097 3407 4148 et

1805 4184 2220 4241 abominatione
2238 4183 2568 4256 plenissima
2582 4189 2734 4251 sunt,
2748 4183 2888 4239 nihil
2907 4183 3199 4240 suavitatis
3213 4182 3302 4237 vel
3313 4183 3406 4255 ju-

1804 4275 2106 4330 cunditatis
2116 4279 2446 4346 apportant;
2467 4292 2493 4328 ι
2507 4278 2565 4329 et
2575 4291 2678 4346 per
2697 4275 2872 4341 illam,
2887 4273 3090 4346 inquit,
3107 4272 3405 4344 inquinen-

1803 4365 2091 4430 turmulti,
2105 4384 2126 4414 ι
2144 4364 2249 4418 hoc
2259 4369 2345 4418 est
2359 4363 2762 4434 intemperatos
2781 4363 3126 4432 lascivosque
3143 4361 3396 4414 recidite.

1807 4471 1832 4505 α
1861 4453 1945 4507 Ne
1977 4451 2103 4524 quis
2124 4451 2428 4506 fornicator
2443 4455 2544 4504 aut
2563 4449 2849 4520 profanus,
2871 4454 2937 4502 ut
2965 4449 3130 4513 Esau,
3151 4447 3246 4518 qui
3265 4463 3400 4518 pro-

1805 4559 1832 4594 α
1862 4547 1989 4613 pter
2018 4558 2189 4595 unam
2217 4557 2404 4594 escam
2434 4537 2683 4593 vendidit
2709 4537 2996 4609 primitiva
3030 4552 3153 4590 sua.
3193 4557 3216 4588 ι
3253 4535 3401 4601 Quid

1803 4647 1936 4702 ergo
1955 4631 1980 4684 ?
1999 4646 2134 4684 num
2153 4629 2458 4683 fornicator
2477 4631 2600 4680 erat
2628 4627 2814 4682 Esau?
2835 4640 2948 4680 non
2977 4625 3068 4680 hic
3091 4625 3244 4694 dicit,
3264 4626 3400 4698 quia

1799 4719 2104 4774 fornicator
2129 4723 2268 4786 erat,
2293 4717 2393 4770 sed
2417 4715 2566 4788 quod
2597 4715 2814 4769 dixerat
2843 4731 3034 4786 supra,
3053 4733 3082 4768 α
3105 4715 3396 4771 sectamini
3458 4719 3487 4740 "

1801 4806 2248 4872 sanctimoniam,
2270 4823 2298 4859 ι
2329 4805 2439 4860 hoe
2460 4803 2632 4858 etiam
2659 4804 2750 4858 hic
2775 4803 3073 4874 signiﬁcat,
3111 4823 3138 4858 α
3171 4821 3244 4860 ne
3271 4805 3399 4877 quis

1799 4897 2086 4971 profanus,
2113 4897 2258 4951 sicut
2286 4895 2450 4959 Esau,
2469 4911 2496 4946 ν
2519 4893 2624 4948 hoc
2653 4899 2741 4949 est
2767 4893 3178 4966 gastrimargus
3212 4899 3270 4948 et
3305 4893 3396 4948 in-

1799 4993 2122 5058 temperans
2133 4991 2192 5040 et
2199 4982 2640 5054 saecularis,quia
2647 4983 2922 5054 spiritalia
2935 4981 3260 5055 repellebat;
3268 4981 3400 5053 «qui

1800 5080 2030 5148 propter
2046 5091 2218 5130 unam
2238 5089 2444 5140 escam,
2459 5071 2918 5142 inquit,vendidit
2935 5070 3221 5144 primitiva
3234 5086 3394 5125 sua.)

1800 5165 1907 5230 Qui
1927 5166 2217 5230 honorem,
2243 5179 2408 5235 quem
2438 5177 2474 5216 a
2489 5161 2606 5217 Deo
2629 5165 2974 5234 perceperat,
2991 5176 3093 5232 per
3110 5158 3398 5231 propriam

1799 5253 2204 5326 negligentiam
2233 5259 2291 5308 et
2311 5251 2680 5324 cupiditatem
2697 5249 2966 5315 vendidit,
2989 5248 3086 5321 qui
3103 5265 3206 5320 pro
3225 5264 3398 5320 parva

1799 5343 2030 5399 libidine
2057 5358 2327 5412 magnum
2345 5342 2617 5396 honorem
2643 5345 2700 5396 et
2723 5339 2964 5411 gloriam
2981 5337 3228 5410 perdidit
3253 5354 3398 5394 sem-

1802 5433 2101 5506 piternam,
2123 5431 2231 5485 hoc
2248 5429 2472 5502 proprie
2491 5429 2561 5484 ad
2593 5445 2690 5484 eos
2716 5428 2978 5501 pertinet,
2995 5427 3092 5500 qui
3121 5427 3398 5484 immundi

134 5515 257 5573 ditia
274 5520 629 5576 liberandum
655 5543 668 5589 ;
691 5522 861 5578 tertio
891 5523 1060 5594 quod,
1085 5523 1308 5594 abjecta
1325 5524 1637 5594 ignominia
1666 5529 1724 5578 et
1803 5527 1936 5579 sunt
1963 5527 2022 5575 et
2063 5518 2300 5592 profani.
2341 5518 2582 5574 Proinde
2611 5535 2725 5574 non
2761 5518 2914 5574 solus
2951 5507 3263 5575 fornicator
3285 5517 3394 5572 im-

135 5609 481 5676 contumelia,
493 5610 551 5668 in
572 5611 786 5670 honore
802 5611 878 5668 sit
916 5617 978 5666 et
1015 5611 1458 5668 sanctiﬁcatione
1487 5628 1722 5668 mansu-
1803 5609 2046 5668 mundus
2056 5613 2160 5676 est,
2177 5608 2276 5664 sed
2296 5607 2468 5664 etiam
2479 5608 2910 5679 gastrimargus,
2924 5608 3021 5680 qui
3046 5607 3260 5664 ventris
3281 5621 3396 5660 ser-
