3854 6164
467 350 572 431 819

1053 357 1116 414 Β.
1157 357 1432 416 RABANI
1467 349 1700 417 MAURI
1737 359 2074 419 ARCHIEP.
2113 359 2438 420 MOGUNT.
2482 357 2780 420 OPERUM
2815 359 3002 422 PARS
3035 361 3134 422 In.

3563 369 3644 428 820

465 499 568 543 vas
597 486 817 542 existit:
847 493 978 540 nam
999 490 1058 540 et
1073 485 1198 550 iste,
1224 486 1320 557 qui
1351 485 1584 540 alterius
1607 485 1853 542 libidinis
1876 491 2129 550 servusA
2147 495 2260 556 tur,
2283 506 2355 544 ne
2372 490 2431 543 in
2451 491 2901 560 desperationem
2925 491 3236 546 deciderent
3249 493 3498 547 contraria
3510 487 3641 548 dicit‘

469 578 572 643 est,
607 576 824 647 cogitur
867 579 1132 646 appetere
1160 575 1422 647 plurima,
1465 575 1685 645 cogitur
1722 577 1905 631 aliena
1931 578 2064 632 diri-

466 676 620 739 pere,
659 665 842 737 turpis
870 669 928 719 et
955 665 1283 720 inhonestus
1313 669 1550 731 exstare,
1583 669 1649 720 ut
1678 671 1808 736 pote
1835 667 1940 720 sub
1969 667 2064 720 illo

467 753 758 810 mortifero
771 771 972 826 gerens
985 754 1346 808 durissimum
1360 754 1706 808 servitutem.
1728 756 2064 826 Hujusmodi

469 845 674 918 quippe
695 842 883 909 homo,
916 843 1118 916 saepius
1145 844 1314 898 etiam
1345 843 1736 914 blasphemare
1755 860 1855 914 pro
1886 844 2062 898 nihilo

467 939 648 1006 putat,
661 931 874 988 nullius
885 933 1157 988 momenti
1174 936 1376 1004 pensat
1393 933 1676 1004 primitiva
1698 948 1818 998 sua,
1833 933 2064 988 nullius:

469 1039 577 1094 que
595 1019 906 1092 dignitatis,
937 1022 1041 1076 hoc
1070 1027 1172 1086 est,
1197 1021 1293 1093 qui
1322 1035 1422 1092 pro
1453 1022 1824 1076 delectatione
1856 1027 2066 1094 tempo-

467 1110 669 1167 ralium
699 1115 887 1165 rerum
911 1126 1086 1181 usque
1105 1111 1174 1164 ad
1204 1111 1496 1164 vendenda
1513 1111 1800 1182 primitiva
1818 1128 1923 1165 sua
1941 1127 2065 1182 per-

467 1197 640 1256 venit.
664 1198 906 1256 Proinde
944 1217 1057 1254 non
1103 1202 1238 1254 sunt
1269 1200 1591 1254 Judaeorum
1630 1200 1932 1272 primitiva,
1965 1201 2063 1254 sed

467 1295 681 1346 nostra.
704 1289 834 1344 Haec
853 1289 1041 1344 autem
1059 1299 1182 1360 qua!
1204 1289 1468 1344 dicuntur
1491 1289 1660 1343 etiam
1681 1289 1750 1344 ad
1773 1289 2066 1344 levandam

469 1380 788 1452 passionem
843 1378 1100 1432 maeroris
1154 1389 1349 1432 eorum
1398 1379 1557 1432 valde
1599 1377 1918 1448 proﬁciunt,
1969 1377 2066 1449 qui

468 1469 705 1542 primus,
727 1468 1044 1539 postremas
1069 1467 1300 1522 effectus
1327 1469 1432 1531 est,
1468 1469 1526 1521 et
1548 1469 1826 1522 secundus
1855 1467 2066 1522 exstitit

468 1559 704 1630 primus,
735 1554 843 1612 iste
870 1567 972 1628 per
996 1555 1349 1628 patientiam,
1378 1557 1472 1610 ille
1498 1573 1629 1610 vero
1653 1573 1756 1628 per
1775 1557 2066 1627 negligen-

466 1643 625 1703 tiam.
654 1647 940 1716 (Cassium)
957 1665 979 1696 ι
1000 1647 1084 1700 Ne
1107 1645 1231 1717 quis
1249 1645 1570 1710 fornicator,
1589 1645 1792 1716 inquit,
1819 1650 1920 1699 aut
1944 1643 2068 1726 prq-

467 1737 649 1802 fanus,
682 1741 748 1790 ut
775 1735 940 1789 Esau.
970 1755 996 1787 »
1022 1735 1218 1805 Itaque
1249 1737 1524 1804 quantum
1555 1735 1794 1788 sublime
1819 1735 2068 1788 cmleste-

2149 597 2176 630 α
2206 578 2388 632 Filioli
2423 579 2554 643 mei,
2587 595 2746 650 quos,
2777 579 2978 650 inquit,
3010 581 3211 634 iterum
3241 582 3478 652 parturio,
3509 583 3647 638 donec

2144 667 2419 721 formetur
2448 668 2705 722 Christus
2733 669 2792 722 in
2829 668 2983 723 vobis
3017 670 3153 734 (Gal.
3184 676 3271 738 Iv),
3295 689 3318 722 ι
3349 671 3523 741 quibus
3545 673 3650 727 alibi

2145 756 2366 810 dicebat
2385 774 2396 808 :
2417 777 2439 807 ι
2457 757 2564 821 Qui
2581 757 2641 810 in
2663 758 2785 828 lege
2800 757 3186 827 justiﬂcamini
3201 775 3234 813 a
3247 759 3411 830 gratia
3428 760 3653 814 excidisti:

2148 847 2286 914 (Gal.
2322 850 2394 915 v).
2423 864 2450 899 ι
2485 847 2621 900 Ecce
2649 847 2770 918 ipse
2798 851 3058 913 testatur,
3095 848 3222 918 quia
3245 849 3538 905 ceciderant.
3573 849 3655 913 Qui

2146 950 2279 1003 ergo
2299 939 2412 989 stat
2438 939 2496 989 et
2523 935 2683 990 audit
2697 937 2962 1007 quoniam
2983 937 3080 1007 qui
3099 936 3554 1002 ceciderit,veniam
3569 953 3654 991 non

2145 1023 2294 1076 valet
2328 1021 2651 1093 impetrare,
2682 1023 2918 1077 validius
2947 1023 3120 1077 stabit
3146 1026 3202 1078 et
3234 1023 3432 1078 cautius
3458 1041 3469 1076 :
3497 1025 3538 1078 si
3558 1039 3657 1079 vero

2146 1116 2204 1165 et
2215 1111 2361 1164 circa
2381 1128 2508 1164 eum
2533 1113 2628 1182 qui
2645 1112 2862 1176 cecidit,
2883 1113 3055 1166 simili
3071 1112 3301 1168 volueris
3321 1113 3396 1166 uti
3417 1113 3658 1168 vehemens

2146 1200 2243 1264 tia,
2277 1199 2348 1252 ad
2374 1198 2429 1253 id
2459 1200 2750 1270 redigatur
2778 1217 3005 1255 necesse
3035 1205 3138 1265 est,
3164 1205 3225 1254 ut
3251 1216 3508 1272 nunquam
3525 1203 3663 1272 possit

2147 1304 2460 1358 assurgere.
2495 1289 2660 1352 Quali
2692 1291 2844 1344 enim
2886 1304 2985 1360 spe
3013 1289 3410 1344 conversionem
3443 1288 3516 1343 vel
3547 1289 3664 1360 quali

2147 1376 2331 1432 fructu
2352 1378 2658 1450 suscipiat?
2677 1395 2790 1432 non
2814 1379 3016 1444 solum,
3048 1379 3245 1449 inquit.
3277 1379 3522 1450 lacrymas
3534 1378 3660 1446 fudit,

2147 1467 2243 1522 sed
2261 1467 2430 1520 etiam
2443 1468 2759 1538 exquisivit.
2779 1468 2845 1522 Et
2856 1469 3075 1522 videtur
3086 1467 3305 1538 quidem
3318 1481 3419 1521 non
3431 1468 3666 1524 excludere

2148 1555 2553 1625 paenitentiam,
2570 1557 2667 1609 sed
2685 1556 2960 1610 cautiores
2981 1573 3076 1610 eos
3097 1561 3156 1610 et
3182 1555 3487 1610 munitiores
3504 1555 3664 1619 reddit,

2149 1661 2220 1698 ne
2240 1645 2495 1698 ferantur
2512 1645 2741 1716 pronius
2757 1646 2827 1698 ad
2841 1645 3085 1698 ruinam.
3100 1645 3520 1715 Quotiescunque
3535 1643 3670 1714 igiiut

2149 1749 2262 1786 non
2289 1735 2527 1788 credunt
2554 1751 2676 1788 esse
2701 1734 3042 1804 gehennam,
3076 1735 3192 1788 haec
3217 1734 3272 1788 in
3303 1735 3524 1787 mentem
3547 1749 3670 1786 ωνοε

471 1838 579 1896 que
599 1825 686 1878 est
704 1825 998 1896 praemium
1027 1824 1322 1888 eastitatis,
1339 1828 1498 1878 tanto
1511 1823 1862 1894 gravioribus
1887 1823 2077 1876 adver—
2095 1813 2293 1889 Bcent,
2313 1830 2370 1878 et
2388 1829 2666 1895 quotquot
2681 1823 3004 1878 existimant
3025 1823 3299 1894 impunita
3312 1836 3570 1876 remanere
3581 1837 3674 1892 peo-

469 1913 745 1969 sariorum
787 1911 1004 1968 insidiis
1041 1914 1368 1968 laccssetur.
1405 1912 1474 1967 Et
1503 1913 1710 1966 idcirco
1739 1913 2069 1984 propensius

469 2003 631 2058 nobis
672 2005 760 2057 est
796 2009 909 2056 non
952 2003 1134 2057 solum
1175 2002 1519 2057 continentia
1563 2003 1832 2073 corporis,
1873 2015 2068 2056 verum

471 2087 638 2148 etiam
661 2092 922 2147 contritio
942 2091 1126 2146 cordis
1155 2092 1396 2146 assiduis
1417 2092 1734 2146 orationum
1767 2090 2068 2161 gemitibus

469 2179 806 2253 adhibenda,
820 2187 885 2236 ut
901 2181 1152 2236 clibanus
1171 2181 1352 2234 carnis
1367 2184 1573 2236 nostra:
1593 2197 1761 2251 quem
1780 2197 1877 2234 rex
1893 2180 2070 2250 Baby-

468 2260 654 2326 iOnius
665 2256 957 2326 incentivis
968 2270 1391 2342 suggestionum
1407 2269 1716 2324 carnalium
1732 2269 2066 2323 succendere

469 2363 582 2416 non
603 2357 841 2426 desistit,
861 2358 1234 2414 descendente
1256 2361 1314 2414 in
1334 2359 1503 2414 corda
1525 2364 1718 2412 nostra
1740 2374 1867 2412 rore
1887 2358 2065 2412 sancti

472 2447 714 2520 Spiritus
734 2449 1140 2518 easting'uatur.

545 2549 571 2590 α
587 2535 796 2592 Scitote
809 2537 1076 2608 quoniam
1088 2538 1146 2590 et
1161 2539 1356 2607 postea
1377 2535 1606 2607 cupiens
1626 2535 1960 2591 hieraiitare
1974 2536 2070 2590 be-

472 2635 500 2679 ᾱ
528 2613 922 2689 nedictionem,
939 2624 1270 2696 reprobatus
1287 2629 1392 2689 est,
1409 2638 1522 2679 non
1541 2625 1694 2680 enim
1713 2625 1928 2680 invenit
1949 2639 2069 2697 pai-

473 2733 499 2766 «
532 2712 784 2768 nitentia;
809 2714 994 2768 locum
1023 2729 1346 2786 quanquam
1374 2721 1502 2767 cum
1523 2714 1786 2786 lacrymis
1810 2715 2070 2785 inquisis-

473 2821 498 2854 α
527 2803 615 2858 set
643 2809 788 2856 eam.
821 2804 1058 2870 ἐυοαη.)
1097 2802 1243 2867 Quid
1280 2802 1371 2856 hic
1396 2803 1668 2857 dicimus?
1709 2817 1846 2856 num
1887 2804 2067 2874 paeni-

469 2890 709 2946 tentiam
721 2891 930 2946 Paulus
948 2891 1225 2946 excludit?
1236 2905 1612 2962 nequaquam.
1632 2891 1924 2956 Quomodo
1934 2907 2068 2962 ergo

471 2981 627 3047 dicit,
649 2979 798 3052 quod
818 2995 930 3035 non
956 2967 1234 3036 invenerit
1248 2981 1589 3052 pmnitentiaa
1606 2981 1825 3034 locum?
1842 2981 1900 3034 Si
1917 2981 2069 3035 enim

470 3068 718 3142 Culpavit
753 3070 1142 3140 semetipsum,
1165 3069 1213 3124 si
1237 3069 1541 3139 gemitibus
1568 3069 1748 3140 magis
1768 3069 2064 3140 ingemuit,

470 3169 572 3214 cur
583 3158 927 3231 paenitentia
945 3158 1126 3212 locum
1148 3171 1260 3212 non
1281 3159 1488 3212 meruit
1499 3158 1782 3213 invenire?
1799 3159 2067 3230 quoniam

471 3253 584 3303 non
613 3247 737 3302 erat
767 3247 865 3302 illa
891 3247 1238 3320 paenitentia,
1271 3247 1416 3302 sicut
1443 3253 1498 3302 et
1526 3247 1759 3302 tristitia
1787 3247 1926 3302 Cain
1953 3259 2066 3304 non

471 3337 538 3392 ei
564 3336 896 3408 paenitentia
923 3332 1314 3400 descendebat,
1345 3337 1493 3407 quod
1523 3336 1724 3390 occisio
1755 3337 1942 3391 fratris
1974 3355 2070 3410 ap-

469 3425 678 3498 paruit,
713 3425 792 3480 sic
821 3425 992 3480 etiam
1027 3425 1117 3479 hic
1144 3441 1258 3480 non
1287 3429 1448 3479 erant
1475 3425 1576 3480 illa
1602 3425 1770 3480 verba
1798 3427 2070 3498 poeniten-

467 3516 580 3570 tiae.
605 3515 750 3570 Nam
770 3514 861 3569 hic
887 3515 1078 3569 ﬁatris
1099 3511 1372 3568 occisione
1389 3515 1698 3586 depalatur,
1720 3515 2070 3587 quandoqui-

469 3605 897 3676 dem,quantum
909 3604 978 3658 ad
997 3605 1118 3674 ejus
1133 3603 1364 3658 attinuit
1377 3605 1744 3669 voluntatem,
1766 3605 1936 3659 etiam
1949 3605 2068 3676 ipse

467 3691 628 3748 fratri
666 3709 767 3749 suo
803 3679 972 3748 Jacob
1005 3691 1199 3748 intulit
1249 3698 1507 3747 mortem.
1559 3695 1703 3748 Nam
1746 3693 1826 3748 sic
1868 3695 2008 3748 dixit
2049 3713 2061 3747 :

472 3792 500 3836 ξ(
529 3781 1016 3856 AppropinQuant,
1049 3781 1252 3854 inquit,
1277 3783 1398 3836 dies
1420 3783 1695 3854 passionis
1723 3784 1900 3854 patris
1932 3783 2060 3848 mei,

468 3860 526 3926 et
552 3858 888 3926 interﬁciam
919 3872 1088 3926 Jacob
1115 3871 1346 3925 fratrem
1380 3887 1588 3925 meum.
1630 3885 1650 3921 ἡ
1689 3873 1814 3926 Non
1846 3888 1948 3942 ego
1975 3887 2067 3925 va-

465 3960 697 4016 luerunt
723 3961 854 4016 solae
879 3963 1139 4032 lacrymaa
1167 3961 1555 4032 paenitentiam
1585 3961 1670 4014 illi
1698 3961 1963 4016 tribuere.
1997 3961 2066 4016 Et

465 4053 580 4104 non
601 4049 741 4104 dixit
757 4050 1104 4120 simpliciter,
1120 4049 1253 4120 quia
1271 4066 1372 4121 per
1381 4049 1769 4120 paenitentiam
1791 4051 2060 4121 quaesivit,

467 4139 566 4192 sed
599 4155 625 4189 α
657 4149 784 4192 cum
815 4139 1076 4210 laerymis
1104 4138 1391 4209 inquisivit
1419 4139 1761 4208 paenitentiae
1793 4139 1976 4193 locum
2009 4145 2066 4194 et

467 4237 582 4282 non
610 4226 842 4282 invenit.
871 4245 897 4280 »
921 4223 1066 4291 Quid
1099 4242 1233 4298 ergo
1261 4227 1352 4280 hic
1372 4227 1646 4280 dicimus?
1669 4227 1776 4280 nisi
1799 4229 1932 4299 quia
1951 4244 2063 4282 non

468 4315 732 4389 panittﬁt
779 4316 842 4371 ut
890 4315 1166 4370 convenit.
1224 4315 1342 4369 Hoc
1387 4315 1536 4369 enim
1577 4320 1666 4369 est
1709 4317 2056 4386 pmnitentia,

467 4406 534 4460 ut
547 4406 920 4476 congruenter
931 4405 1438 4476 geraturgalioquin
1453 4404 1499 4458 si
1513 4405 1900 4476 paenitentiam
1911 4406 2065 4460 dam-

466 4494 582 4562 nat,
617 4495 896 4566 quomodo
916 4493 1124 4550 iterum
1154 4493 1306 4548 velut
1331 4507 1530 4564 segnes
1557 4493 1824 4548 admonet
1851 4501 1908 4548 et
1935 4495 2062 4549 hor-

465 4583 662 4638 tatur?
693 4582 972 4655 quomodo
1002 4583 1230 4638 claudos
1258 4581 1482 4638 effectos
1513 4587 1571 4637 et
1600 4583 1863 4638 remissos
1891 4589 2062 4654 atque

463 4669 692 4737 solutos,
713 4672 863 4742 quod
891 4675 978 4726 est
1004 4672 1182 4726 ruinae
1208 4669 1562 4742 principium,
1580 4675 1647 4725 ut
1672 4671 1960 4741 erigantur
1978 4671 2063 4726 ina

465 4755 642 4813 vitat?
675 4774 703 4812 ι
731 4759 1098 4826 Pmnitentiae,
1133 4761 1336 4832 inquit,
1380 4761 1564 4816 locum
1602 4767 1715 4814 non
1761 4759 1992 4814 invenit.
2033 4779 2054 4810 ι

464 4835 658 4902 Potest
685 4853 743 4903 et
769 4847 935 4904 aliter
977 4848 1214 4921 intelligi
1249 4849 1382 4922 quia
1409 4855 1698 4920 peccatum
1728 4849 2060 4920 paenitentia

465 4938 650 5008 majus
669 4936 916 4992 admisit.
934 4939 1080 4994 Sunt
1087 4939 1239 4994 enim
1251 4945 1480 5010 peccata
1497 4937 1887 5010 paenitentiam
1899 4949 2062 5010 supe-

462 5027 666 5093 rantia,
685 5025 857 5082 veluti
871 5027 920 5082 si
939 5027 1168 5094 diceret,
1189 5042 1262 5082 ne
1275 5028 1540 5082 cedamus”
1559 5025 1854 5081 insanabili
1871 5027 2053 5083 ruina.

463 5115 610 5170 Dum
637 5116 787 5170 enim
815 5112 1092 5171 claudicat
1108 5116 1364 5188 quisque,
1385 5116 1546 5171 facile
1565 5121 1752 5186 potest
1769 5121 1954 5170 rectus
1975 5117 2060 5171 vel

463 5205 634 5259 sanus
663 5204 839 5260 uilici:
875 5205 923 5260 si
946 5221 1076 5260 vero
1116 5206 1359 5276 pmnitus
1389 5205 1765 5271 subvertatur,
1804 5199 1940 5275 quid
1967 5219 2058 5259 re-

463 5292 716 5348 manebit
742 5281 1014 5350 ulterius?
1037 5295 1276 5350 Proinde
1297 5295 1535 5350 necdum
1551 5294 1723 5365 lapsis
1742 5295 1860 5348 haec
1884 5294 2058 5364 loqui-

463 5385 576 5445 tur,
607 5373 673 5436 ut
701 5389 796 5437 eos
823 5384 1028 5440 timore
1057 5385 1352 5456 deprimat.
1382 5384 1554 5438 veluti
1583 5383 1631 5438 si
1660 5383 1889 5449 diceret,
1923 5383 2059 5454 quia

463 5468 559 5540 qui
573 5469 792 5534 cecidit,
807 5473 1022 5527 nullam
1032 5473 1466 5528 consolationem
1480 5471 1682 5526 mereri
1690 5473 1810 5541 jam
1827 5471 2052 5542 poterit,

461 5563 520 5613 et
545 5556 637 5612 hic
665 5559 892 5630 quidem
919 5561 1072 5625 istos,
1095 5577 1166 5616 ne
1193 5563 1476 5628 caderent,
1504 5561 1670 5616 aliter
1693 5559 2048 5615 admonebat.

461 5648 526 5704 In
553 5647 664 5704 alio
692 5645 814 5706 loco
839 5654 990 5716 vero,
1007 5650 1104 5707 tibi
1117 5652 1239 5720 jam
1253 5651 1354 5719 eis,
1381 5650 1478 5722 qui
1504 5649 1839 5716 ceciderant,
1867 5649 2052 5721 loqui-

2150 1918 2294 1976 cata,
2317 1913 2433 1966 haec
2461 1913 2878 1966 considerantes
2905 1912 3202 1966 attendant
3219 1928 3317 1965 cur
3345 1912 3478 1964 Esau
3500 1910 3674 1963 venia

2151 2017 2262 2056 non
2292 2002 2476 2073 potuit
2501 2001 2752 2072 adipisci,
2787 2001 2921 2072 quia
2958 2001 3217 2055 videlicet
3243 2016 3352 2054 non
3377 1997 3604 2071 paenituit
3629 2002 3678 2050 ut

2151 2091 2362 2146 debuit.
2389 2091 2674 2162 Lacrymae
2694 2091 2900 2161 quippe
2920 2091 3029 2144 illm
3058 2104 3173 2144 non
3203 2095 3358 2158 erant
3378 2087 3678 2160 poenitentia,

2151 2181 2249 2235 sed
2278 2180 2452 2234 animi
2481 2179 2707 2234 violenti
2735 2185 2792 2234 et
2819 2178 3226 2249 indignationis
3255 2183 3466 2244 exortae,
3486 2175 3608 2246 quod
3631 2188 3681 2227 ει

2149 2272 2270 2341 ejus
2299 2269 2559 2340 Oper-ibus
2585 2269 2855 2340 aperitur.

2223 2377 2248 2410 «
2270 2361 2396 2413 Non
2423 2358 2574 2413 enim
2605 2357 2916 2412 accessistis
2943 2357 3015 2411 ad
3049 2355 3395 2412 tractabilem
3423 2361 3475 2408 et
3494 2351 3681 2408 accessi-

2153 2467 2176 2500 ι
2205 2447 2378 2502 bilem
2401 2447 2610 2518 ignem,
2633 2453 2692 2502 et
2714 2446 3017 2512 turbinem,
3041 2451 3099 2500 et
3126 2445 3438 2516 caliginem,
3454 2451 3505 2497 et
3519 2442 3686 2513 procel-

2153 2555 2180 2590 «
2211 2537 2344 2600 lam,
2369 2542 2428 2590 et
2443 2536 2590 2590 tubae
2601 2548 2820 2598 sonum,
2836 2542 2894 2590 et
2916 2549 3106 2590 vocem
3129 2535 3438 2596 verborum,
3452 2547 3595 2602 quam
3607 2529 3686 2599 qui

2153 2643 2181 2679 α
2213 2627 2514 2680 audierunt
2539 2631 2944 2680 excusaverunt
2975 2641 3036 2680 se
3064 2640 3137 2680 ne
3169 2624 3250 2678 eis
3279 2624 3432 2678 fieret
3459 2619 3651 2675 verbum
3676 2636 3686 2670 ε

2156 2735 2178 2767 ι
2212 2731 2326 2768 non
2355 2715 2504 2768 enim
2529 2714 2847 2785 portabant,
2867 2714 3016 2786 quod
3047 2713 3354 2776 dicebatur,
3387 2712 3450 2766 Et
3472 2709 3514 2764 si
3543 2707 3688 2762 bestia

2153 2823 2180 2857 ‹(
2206 2803 2459 2874 tetigerit
2486 2810 2754 2870 montem,
2777 2802 3135 2874 lapidabitur,
3158 2810 3217 2858 et
3235 2803 3314 2856 ita
3330 2799 3558 2856 terribile
3579 2802 3699 2852 erat-

2153 2911 2180 2944 (ς
2211 2894 2360 2964 quod
2381 2891 2693 2957 videbatur,
2727 2893 2947 2964 Moyses
2976 2892 3118 2946 dixit
3151 2912 3163 2946 :
3201 2891 3496 2947 Exterritus
3521 2903 3625 2942 sum
3648 2893 3690 2938 et

2155 3001 2179 3033 α
2214 2982 2637 3036 tremebundus.
2658 2982 2866 3036 »Erant
2881 2981 3107 3054 quidem
3129 2977 3514 3050 omniatempli
3533 2975 3694 3030 veteris

2153 3071 2504 3124 admiranda.
2529 3072 2673 3126 Nam
2702 3073 2866 3124 erant
2888 3071 2964 3124 ibi
2986 3075 3188 3125 sancta
3218 3075 3542 3131 sanctorum,
3569 3069 3694 3119 erant

2153 3160 2325 3214 etiam
2353 3160 2689 3224 veneranda,
2721 3165 2780 3214 et
2804 3161 2922 3214 haec
2961 3174 3085 3231 quae
3115 3160 3176 3215 in
3223 3159 3358 3214 Sina
3387 3161 3559 3212 monte
3583 3154 3695 3208 facta

2150 3249 2488 3312 referuntur,
2530 3250 2695 3320 ignis,
2732 3249 2997 3312 tenebrae,
3039 3249 3242 3320 caligo,
3292 3246 3539 3320 procella.
3567 3242 3695 3295 Visus

2151 3345 2255 3405 est,
2287 3339 2489 3410 inquit,
2523 3339 2673 3392 Deus
2694 3338 2753 3392 in
2774 3344 2966 3392 monte
2997 3338 3151 3398 Sina.
3179 3344 3239 3392 et
3269 3336 3452 3392 omnia
3477 3335 3581 3387 haec
3597 3343 3694 3384 eum
3813 3349 3815 3442 Α

2151 3428 2524 3482 admiratione
2542 3426 3019 3482 memorabantur.
3042 3428 3266 3482 Novum
3281 3443 3406 3480 vero
3419 3425 3695 3479 Testamen-

2148 3521 2271 3570 tum
2325 3533 2440 3570 non
2491 3524 2576 3570 est
2629 3531 2757 3570 cum
2810 3515 2998 3586 aliquo
3038 3515 3142 3569 tali
3201 3515 3360 3570 nobis
3413 3509 3693 3570 exhibitum,

2148 3606 2245 3659 sed
2273 3611 2495 3660 tantum
2527 3604 2764 3676 simplici
2803 3605 3011 3659 Christi
3054 3618 3318 3659 sermone
3347 3600 3694 3658 contributuln.

2148 3695 2374 3749 Intuere
2411 3694 2586 3764 igitur
2625 3693 2868 3764 qualiter
2898 3695 3350 3764 comparationes
3375 3691 3579 3752 efﬁciat,
3605 3693 3694 3738 tam

2147 3783 2403 3850 istorum,
2437 3797 2608 3854 quam
2659 3783 2904 3844 illorum,
2945 3790 3003 3836 et
3041 3783 3292 3854 qualiter
3343 3783 3399 3837 in
3449 3773 3699 3852 postremis

2149 3883 2215 3924 ea
2242 3871 2510 3942 posuerit.
2555 3871 2858 3941 Postquam
2903 3871 3056 3925 enim
3105 3887 3204 3935 eos
3245 3868 3497 3942 plurimis
3531 3861 3696 3936 proba-

2146 3959 2390 4014 tionibus
2419 3960 2740 4024 cumulavit,
2765 3963 2822 4014 et
2843 3966 3140 4031 postquam
3169 3959 3534 4015 differentiam
3559 3958 3695 4007 testar-

2147 4049 2322 4104 menti
2352 4050 2644 4121 utriusque
2673 4051 3024 4116 monstravit,
3057 4055 3115 4104 et
3152 4057 3316 4104 vetus
3364 4040 3694 4118 reprehendit,

2145 4144 2268 4193 tum
2296 4139 2523 4193 demum
2551 4140 2704 4192 velut
2728 4137 2980 4192 faciliore
3008 4137 3098 4192 via
3126 4139 3304 4193 etiam
3331 4137 3390 4192 in
3418 4135 3528 4190 haec
3549 4127 3699 4204 pel‘git

2145 4234 2496 4298 argumenta.
2527 4227 2672 4290 Quid
2702 4242 2836 4296 ergo
2858 4227 2994 4280 dicit
3011 4228 3036 4280 7
3061 4245 3088 4279 (ι
3111 4244 3227 4282 non
3259 4227 3412 4282 enim
3436 4216 3698 4279 accessistis

2149 4337 2172 4368 ι
2205 4317 2275 4370 ad
2315 4315 2604 4370 tractabile
2659 4321 2718 4369 et
2772 4316 3152 4370 accessibilem
3201 4317 3413 4387 ignem,
3459 4319 3513 4368 et
3552 4305 3698 4364 turbi-

2147 4389 2353 4470 e'nem,
2386 4411 2444 4459 et
2471 4405 2789 4475 caliginem,
2823 4411 2880 4458 et
2916 4405 3240 4476 procellam,
3275 4411 3336 4460 et
3360 4417 3550 4458 sonum
3581 4394 3700 4452 tuba!

2148 4509 2171 4546 ι
2199 4500 2256 4548 et
2277 4508 2466 4548 vocem
2483 4491 2798 4559 verborum,
2825 4508 2995 4565 quam
3017 4494 3113 4564 qui
3134 4494 3698 4548 audieruntrccusave-

2146 4597 2175 4637 ι
2197 4588 2347 4648 runt,
2381 4597 2452 4636 ne
2484 4582 2824 4652 adﬁceretur
2853 4581 2934 4636 eis
2961 4581 3197 4636 verbum
3218 4603 3234 4636 :
3273 4603 3295 4632 ι
3329 4581 3495 4636 veluti
3523 4577 3566 4631 si
3587 4573 3702 4628 dice-

2141 4677 2230 4726 ret
2262 4688 2273 4723 :
2303 4670 2576 4726 terribilia
2593 4677 2725 4724 sunt
2751 4670 2977 4742 quidem
2996 4671 3122 4738 ista,
3144 4677 3204 4725 et
3231 4671 3314 4724 ita
3342 4661 3695 4729 tremenda,ui

2142 4777 2210 4815 ea
2239 4777 2307 4814 ne
2337 4761 2564 4816 auditus
2599 4757 2746 4813 ferre
2796 4765 3001 4830 posset,
3041 4765 3100 4814 et
3146 4775 3334 4831 neque
3381 4759 3506 4812 illuc
3547 4749 3692 4808 bestia

2141 4847 2402 4922 quaelibet
2424 4849 2660 4903 auderet
2683 4848 2963 4902 accedere.
2992 4849 3403 4904 Verumtamen
3429 4862 3533 4902 non
3558 4842 3696 4898 eruat

2141 4939 2293 5004 talia,
2326 4938 2517 5010 qualia
2544 4937 2678 5002 haec,
2711 4949 2834 5008 quae
2864 4942 3059 5008 postea
3083 4944 3249 5008 gesta
3292 4944 3445 4994 sunt.
3471 4933 3601 5000 Quid
3631 4932 3699 4982 est

2143 5028 2293 5083 enim
2320 5039 2482 5082 mons
2511 5027 2646 5081 Sina
2685 5026 2744 5080 in
2770 5027 3189 5098 comparatione
3227 5028 3397 5082 caeli?
3424 5024 3550 5098 quid
3581 5018 3699 5090 ignis

2141 5112 2453 5170 tractabilis
2473 5115 2542 5168 ad
2564 5116 2745 5169 Deum
2765 5115 3214 5170 intractabilem?
3236 5135 3260 5167 ι
3284 5117 3437 5171 Deus
3456 5111 3612 5175 enim,
3631 5108 3700 5161 in-

2142 5205 2280 5276 quit,
2298 5205 2460 5275 'ignis
2504 5218 2840 5258 consumens
2891 5205 2998 5259 est.
3029 5202 3154 5260 Non
3201 5207 3484 5276 loquatur,
3529 5195 3696 5269 inquit.

3813 2387 3815 2454 ι

3813 2653 3815 2762 l

3813 2867 3815 2960 l

3813 2317 3815 2372 ῃ

3813 2387 3815 2454 4

3813 2867 3815 2960 l

3813 3075 3815 3144 ἵ

2138 5293 2298 5348 nobis
2329 5294 2496 5357 Deus,
2533 5311 2557 5343 »
2587 5290 2686 5344 sed
2717 5290 2980 5363 loquatur
2999 5293 3160 5349 nobis
3187 5295 3431 5366 Moyses.
3455 5291 3542 5346 Sic
3576 5286 3702 5343 enim

2137 5383 2388 5436 terribile
2415 5384 2554 5446 erat,
2589 5381 2739 5451 quod
2777 5382 2847 5436 ad
2895 5399 2989 5437 eos
3025 5383 3435 5454 proferebatur,
3469 5383 3529 5434 ut
3557 5377 3698 5432 etiam

2137 5473 2357 5544 Moyses
2383 5471 2612 5534 diceret,
2646 5470 2794 5540 quod
2821 5473 3118 5528 exterritus
3146 5478 3293 5527 esset
3322 5479 3381 5526 et
3408 5465 3700 5525 tremebun—

2134 5560 2240 5615 dus
2262 5562 2511 5615 eii'ectus.
2535 5558 2681 5622 Quid
2701 5559 2944 5626 miraris,
2967 5562 3166 5633 inquit,
3185 5562 3255 5615 de
3276 5560 3478 5633 plebe?
3494 5560 3603 5628 ipse
3621 5549 3702 5622 qui

2133 5649 2429 5719 caliginem
2446 5649 2732 5718 ingressus
2759 5655 2864 5717 est,
2896 5650 2954 5704 in
2974 5659 3088 5723 qua
3102 5655 3222 5706 erat
3248 5651 3424 5718 Deus,
3445 5645 3561 5721 ipse
3584 5653 3698 5711 013°
