  <div class='ocr_page' id='page_1' title='image "/cluster/home/n/w/nwhite01/storage/ocr_20150623/112/hvd.32044054759774/416.png"; bbox 0 0 3848 6164; ppageno 0'>
   <div class='ocr_carea' id='block_1_1' title="bbox 211 291 3436 398">
    <p class='ocr_par' dir='ltr' id='par_1_1' title="bbox 211 291 3436 398">
     <span class='ocr_line' id='line_1_1' title="bbox 211 291 3436 398; baseline 0.002 -7"><span class='ocrx_word' id='word_1_1' title='bbox 211 335 292 392; x_wconf 67' lang='grc'><strong>821</strong></span> <span class='ocrx_word' id='word_1_2' title='bbox 582 333 1153 391; x_wconf 79' lang='lat' dir='ltr'><strong>ENARRATIONUM</strong></span> <span class='ocrx_word' id='word_1_3' title='bbox 1187 335 1267 390; x_wconf 83' lang='lat' dir='ltr'><strong>IN</strong></span> <span class='ocrx_word' id='word_1_4' title='bbox 1303 335 1458 390; x_wconf 75' lang='lat' dir='ltr'><strong>EPP.</strong></span> <span class='ocrx_word' id='word_1_5' title='bbox 1499 291 1714 391; x_wconf 71' lang='lat' dir='ltr'><strong>PADLI</strong></span> <span class='ocrx_word' id='word_1_6' title='bbox 1751 335 1888 391; x_wconf 79' lang='lat' dir='ltr'><strong>LIB.</strong></span> <span class='ocrx_word' id='word_1_7' title='bbox 1927 335 2127 390; x_wconf 76' lang='lat' dir='ltr'><strong>XXIX.</strong></span> <span class='ocrx_word' id='word_1_8' title='bbox 2173 355 2236 380; x_wconf 68' lang='grc' dir='ltr'><strong>-ω</strong></span> <span class='ocrx_word' id='word_1_9' title='bbox 2278 337 2356 392; x_wconf 82' lang='lat' dir='ltr'><strong>IN</strong></span> <span class='ocrx_word' id='word_1_10' title='bbox 2394 336 2616 394; x_wconf 62' lang='lat' dir='ltr'><strong>EPISI&#39;.</strong></span> <span class='ocrx_word' id='word_1_11' title='bbox 2658 337 2754 394; x_wconf 87' lang='lat' dir='ltr'><strong>AD</strong></span> <span class='ocrx_word' id='word_1_12' title='bbox 2798 337 3008 394; x_wconf 82' lang='lat' dir='ltr'><strong>HEBR.</strong></span> <span class='ocrx_word' id='word_1_13' title='bbox 3117 297 3121 300; x_wconf 28' lang='lat'><em>-</em></span> <span class='ocrx_word' id='word_1_14' title='bbox 3332 339 3436 398; x_wconf 69' lang='grc' dir='ltr'><strong>ειη</strong></span> 
     </span>
    </p>
   </div>
   <div class='ocr_carea' id='block_1_2' title="bbox 209 459 3438 537">
    <p class='ocr_par' dir='ltr' id='par_1_2' title="bbox 209 459 3438 537">
     <span class='ocr_line' id='line_1_2' title="bbox 209 459 3438 537; baseline 0.002 -21"><span class='ocrx_word' id='word_1_15' title='bbox 209 461 337 527; x_wconf 86' lang='lat' dir='ltr'><strong>dicit,</strong></span> <span class='ocrx_word' id='word_1_16' title='bbox 361 479 388 512; x_wconf 80' lang='grc' dir='ltr'>ι</span> <span class='ocrx_word' id='word_1_17' title='bbox 407 459 707 514; x_wconf 75' lang='lat' dir='ltr'><strong>Exterritus</strong></span> <span class='ocrx_word' id='word_1_18' title='bbox 729 475 856 513; x_wconf 87' lang='lat' dir='ltr'><strong>sum</strong></span> <span class='ocrx_word' id='word_1_19' title='bbox 875 463 934 514; x_wconf 86' lang='lat' dir='ltr'><strong>et</strong></span> <span class='ocrx_word' id='word_1_20' title='bbox 950 459 1356 514; x_wconf 86' lang='lat' dir='ltr'><strong>tremebundus</strong></span> <span class='ocrx_word' id='word_1_21' title='bbox 1379 461 1624 514; x_wconf 66' lang='lat' dir='ltr'><strong>effectus.</strong></span> <span class='ocrx_word' id='word_1_22' title='bbox 1651 480 1674 512; x_wconf 74' lang='grc' dir='ltr'><strong>ι»</strong></span> <span class='ocrx_word' id='word_1_23' title='bbox 1688 489 1758 502; x_wconf 89' lang='grc'><strong><em>--</em></strong></span> <span class='ocrx_word' id='word_1_24' title='bbox 1773 463 1825 522; x_wconf 78' lang='grc' dir='ltr'>Α</span> <span class='ocrx_word' id='word_1_25' title='bbox 1841 459 2048 514; x_wconf 79' lang='lat' dir='ltr'><strong>audisti</strong></span> <span class='ocrx_word' id='word_1_26' title='bbox 2077 473 2267 514; x_wconf 87' lang='lat' dir='ltr'><strong>vocem</strong></span> <span class='ocrx_word' id='word_1_27' title='bbox 2299 476 2410 515; x_wconf 89' lang='lat' dir='ltr'><strong>non</strong></span> <span class='ocrx_word' id='word_1_28' title='bbox 2443 472 2542 532; x_wconf 87' lang='lat' dir='ltr'><strong>per</strong></span> <span class='ocrx_word' id='word_1_29' title='bbox 2569 461 2830 516; x_wconf 77' lang='lat' dir='ltr'><strong>nebulam</strong></span> <span class='ocrx_word' id='word_1_30' title='bbox 2860 463 3308 532; x_wconf 81' lang='lat' dir='ltr'><strong>venientem,sed</strong></span> <span class='ocrx_word' id='word_1_31' title='bbox 3337 483 3438 537; x_wconf 80' lang='lat' dir='ltr'><strong>per</strong></span> 
     </span>
    </p>
   </div>
   <div class='ocr_carea' id='block_1_3' title="bbox 212 547 3438 625">
    <p class='ocr_par' dir='ltr' id='par_1_3' title="bbox 212 547 3438 625">
     <span class='ocr_line' id='line_1_3' title="bbox 212 547 3438 625; baseline 0.002 -22"><span class='ocrx_word' id='word_1_32' title='bbox 212 569 232 602; x_wconf 71' lang='grc' dir='ltr'>ε</span> <span class='ocrx_word' id='word_1_33' title='bbox 259 549 350 603; x_wconf 85' lang='lat' dir='ltr'><strong>Sed</strong></span> <span class='ocrx_word' id='word_1_34' title='bbox 366 548 666 603; x_wconf 85' lang='lat' dir='ltr'><strong>accessistis</strong></span> <span class='ocrx_word' id='word_1_35' title='bbox 685 547 756 601; x_wconf 88' lang='lat' dir='ltr'><strong>ad</strong></span> <span class='ocrx_word' id='word_1_36' title='bbox 775 554 1024 602; x_wconf 84' lang='lat' dir='ltr'><strong>montem</strong></span> <span class='ocrx_word' id='word_1_37' title='bbox 1039 549 1174 602; x_wconf 84' lang='lat' dir='ltr'><strong>Sion</strong></span> <span class='ocrx_word' id='word_1_38' title='bbox 1188 555 1246 602; x_wconf 89' lang='lat' dir='ltr'><strong>et</strong></span> <span class='ocrx_word' id='word_1_39' title='bbox 1262 549 1542 602; x_wconf 85' lang='lat' dir='ltr'><strong>civitatem</strong></span> <span class='ocrx_word' id='word_1_40' title='bbox 1566 550 1667 604; x_wconf 87' lang='lat' dir='ltr'><strong>Dei</strong></span> <span class='ocrx_word' id='word_1_41' title='bbox 1683 550 1758 604; x_wconf 86' lang='lat' dir='ltr'><strong>vi-</strong></span> <span class='ocrx_word' id='word_1_42' title='bbox 1839 565 2065 602; x_wconf 86' lang='lat' dir='ltr'><strong>carnem</strong></span> <span class='ocrx_word' id='word_1_43' title='bbox 2095 549 2321 603; x_wconf 82' lang='lat' dir='ltr'><strong>Christi.</strong></span> <span class='ocrx_word' id='word_1_44' title='bbox 2361 551 2485 604; x_wconf 80' lang='lat' dir='ltr'><strong>Non</strong></span> <span class='ocrx_word' id='word_1_45' title='bbox 2514 567 2574 604; x_wconf 88' lang='lat' dir='ltr'><strong>es</strong></span> <span class='ocrx_word' id='word_1_46' title='bbox 2603 551 2982 606; x_wconf 85' lang='lat' dir='ltr'><strong>tumultuatus</strong></span> <span class='ocrx_word' id='word_1_47' title='bbox 3009 567 3193 623; x_wconf 83' lang='lat' dir='ltr'><strong>neque</strong></span> <span class='ocrx_word' id='word_1_48' title='bbox 3221 560 3438 625; x_wconf 77' lang='lat' dir='ltr'><strong>pertur-</strong></span> 
     </span>
    </p>
   </div>
   <div class='ocr_carea' id='block_1_4' title="bbox 210 637 3436 714">
    <p class='ocr_par' dir='ltr' id='par_1_4' title="bbox 210 637 3436 714">
     <span class='ocr_line' id='line_1_4' title="bbox 210 637 3436 714; baseline 0.002 -23"><span class='ocrx_word' id='word_1_49' title='bbox 210 660 233 691; x_wconf 80' lang='grc' dir='ltr'>ι</span> <span class='ocrx_word' id='word_1_50' title='bbox 258 637 429 702; x_wconf 85' lang='lat' dir='ltr'><strong>ventis,</strong></span> <span class='ocrx_word' id='word_1_51' title='bbox 451 638 757 691; x_wconf 75' lang='lat' dir='ltr'><strong>Jerusalem</strong></span> <span class='ocrx_word' id='word_1_52' title='bbox 786 638 1071 691; x_wconf 64' lang='lat' dir='ltr'><strong>celestem</strong></span> <span class='ocrx_word' id='word_1_53' title='bbox 1091 644 1150 691; x_wconf 85' lang='lat' dir='ltr'><strong>et</strong></span> <span class='ocrx_word' id='word_1_54' title='bbox 1179 637 1486 692; x_wconf 86' lang='lat' dir='ltr'><strong>multorum</strong></span> <span class='ocrx_word' id='word_1_55' title='bbox 1517 638 1756 693; x_wconf 82' lang='lat' dir='ltr'><strong>millium</strong></span> <span class='ocrx_word' id='word_1_56' title='bbox 1836 637 2020 704; x_wconf 78' lang='lat' dir='ltr'><strong>batus,</strong></span> <span class='ocrx_word' id='word_1_57' title='bbox 2047 639 2142 692; x_wconf 89' lang='lat' dir='ltr'><strong>sed</strong></span> <span class='ocrx_word' id='word_1_58' title='bbox 2169 638 2375 694; x_wconf 74' lang='lat' dir='ltr'><strong>stetisti</strong></span> <span class='ocrx_word' id='word_1_59' title='bbox 2396 645 2454 693; x_wconf 88' lang='lat' dir='ltr'><strong>et</strong></span> <span class='ocrx_word' id='word_1_60' title='bbox 2486 641 2796 696; x_wconf 86' lang='lat' dir='ltr'><strong>collocutus</strong></span> <span class='ocrx_word' id='word_1_61' title='bbox 2821 657 2882 696; x_wconf 87' lang='lat' dir='ltr'><strong>es</strong></span> <span class='ocrx_word' id='word_1_62' title='bbox 2901 641 3216 698; x_wconf 85' lang='lat' dir='ltr'><strong>mediatori.</strong></span> <span class='ocrx_word' id='word_1_63' title='bbox 3247 643 3436 714; x_wconf 84' lang='lat' dir='ltr'><strong>Signi-</strong></span> 
     </span>
    </p>
   </div>
   <div class='ocr_carea' id='block_1_5' title="bbox 211 726 3436 802">
    <p class='ocr_par' dir='ltr' id='par_1_5' title="bbox 211 726 3436 802">
     <span class='ocr_line' id='line_1_5' title="bbox 211 726 3436 802; baseline 0.003 -23"><span class='ocrx_word' id='word_1_64' title='bbox 211 747 230 778; x_wconf 78' lang='grc' dir='ltr'>ι</span> <span class='ocrx_word' id='word_1_65' title='bbox 255 727 554 796; x_wconf 74' lang='lat' dir='ltr'><strong>angelorum</strong></span> <span class='ocrx_word' id='word_1_66' title='bbox 591 726 986 797; x_wconf 87' lang='lat' dir='ltr'><strong>frequentiam,</strong></span> <span class='ocrx_word' id='word_1_67' title='bbox 1018 733 1078 780; x_wconf 86' lang='lat' dir='ltr'><strong>et</strong></span> <span class='ocrx_word' id='word_1_68' title='bbox 1103 726 1404 786; x_wconf 78' lang='lat' dir='ltr'><strong>Ecclesium</strong></span> <span class='ocrx_word' id='word_1_69' title='bbox 1442 727 1754 797; x_wconf 80' lang='lat' dir='ltr'><strong>primitivo-</strong></span> <span class='ocrx_word' id='word_1_70' title='bbox 1839 729 2010 781; x_wconf 79' lang='lat' dir='ltr'><strong>licent</strong></span> <span class='ocrx_word' id='word_1_71' title='bbox 2027 727 2199 782; x_wconf 87' lang='lat' dir='ltr'><strong>etiam</strong></span> <span class='ocrx_word' id='word_1_72' title='bbox 2223 727 2466 783; x_wconf 77' lang='lat' dir='ltr'><strong>tenebrae</strong></span> <span class='ocrx_word' id='word_1_73' title='bbox 2484 728 2926 785; x_wconf 73' lang='lat' dir='ltr'><strong>invisibilitatem</strong></span> <span class='ocrx_word' id='word_1_74' title='bbox 2947 730 3071 797; x_wconf 89' lang='lat' dir='ltr'><strong>Dei,</strong></span> <span class='ocrx_word' id='word_1_75' title='bbox 3087 751 3112 782; x_wconf 74' lang='grc' dir='ltr'><em>α</em></span> <span class='ocrx_word' id='word_1_76' title='bbox 3136 737 3196 787; x_wconf 87' lang='lat' dir='ltr'><strong>et</strong></span> <span class='ocrx_word' id='word_1_77' title='bbox 3207 731 3436 802; x_wconf 74' lang='lat' dir='ltr'><strong>nebula,</strong></span> 
     </span>
    </p>
   </div>
   <div class='ocr_carea' id='block_1_6' title="bbox 208 815 3436 892">
    <p class='ocr_par' dir='ltr' id='par_1_6' title="bbox 208 815 3436 892">
     <span class='ocr_line' id='line_1_6' title="bbox 208 815 3436 892; baseline 0.002 -22"><span class='ocrx_word' id='word_1_78' title='bbox 208 831 376 879; x_wconf 72' lang='lat' dir='ltr'><strong>«rum,</strong></span> <span class='ocrx_word' id='word_1_79' title='bbox 403 815 496 886; x_wconf 85' lang='lat' dir='ltr'><strong>qui</strong></span> <span class='ocrx_word' id='word_1_80' title='bbox 546 816 843 886; x_wconf 85' lang='lat' dir='ltr'><strong>conscripti</strong></span> <span class='ocrx_word' id='word_1_81' title='bbox 891 821 1023 870; x_wconf 87' lang='lat' dir='ltr'><strong>sunt</strong></span> <span class='ocrx_word' id='word_1_82' title='bbox 1072 815 1132 869; x_wconf 91' lang='lat' dir='ltr'><strong>in</strong></span> <span class='ocrx_word' id='word_1_83' title='bbox 1189 815 1361 880; x_wconf 71' lang='lat' dir='ltr'><strong>cadis,</strong></span> <span class='ocrx_word' id='word_1_84' title='bbox 1408 821 1466 870; x_wconf 91' lang='lat' dir='ltr'><strong>et</strong></span> <span class='ocrx_word' id='word_1_85' title='bbox 1507 816 1756 886; x_wconf 68' lang='lat' dir='ltr'><strong>iudicem</strong></span> <span class='ocrx_word' id='word_1_86' title='bbox 1837 815 2040 886; x_wconf 78' lang='lat' dir='ltr'><strong>inquit,</strong></span> <span class='ocrx_word' id='word_1_87' title='bbox 2073 816 2178 870; x_wconf 89' lang='lat' dir='ltr'><strong>sub</strong></span> <span class='ocrx_word' id='word_1_88' title='bbox 2221 816 2460 887; x_wconf 84' lang='lat' dir='ltr'><strong>pedibus</strong></span> <span class='ocrx_word' id='word_1_89' title='bbox 2489 819 2616 887; x_wconf 77' lang='lat' dir='ltr'><strong>ejus</strong></span> <span class='ocrx_word' id='word_1_90' title='bbox 2647 821 2808 886; x_wconf 78' lang='lat' dir='ltr'><strong>(Psal.</strong></span> <span class='ocrx_word' id='word_1_91' title='bbox 2858 822 3017 888; x_wconf 77' lang='lat' dir='ltr'><strong>xvn).</strong></span> <span class='ocrx_word' id='word_1_92' title='bbox 3043 837 3074 872; x_wconf 71' lang='grc' dir='ltr'><strong><em>ι</em></strong></span> <span class='ocrx_word' id='word_1_93' title='bbox 3099 821 3255 877; x_wconf 85' lang='lat' dir='ltr'><strong>Tunc</strong></span> <span class='ocrx_word' id='word_1_94' title='bbox 3299 836 3436 892; x_wconf 71' lang='lat' dir='ltr'><strong>ergo</strong></span> 
     </span>
    </p>
   </div>
   <div class='ocr_carea' id='block_1_7' title="bbox 207 904 3436 976">
    <p class='ocr_par' dir='ltr' id='par_1_7' title="bbox 207 904 3436 976">
     <span class='ocr_line' id='line_1_7' title="bbox 207 904 3436 976; baseline 0.004 -20"><span class='ocrx_word' id='word_1_95' title='bbox 207 925 226 954; x_wconf 75' lang='grc' dir='ltr'>ι</span> <span class='ocrx_word' id='word_1_96' title='bbox 253 904 477 958; x_wconf 78' lang='lat' dir='ltr'><strong>omnium</strong></span> <span class='ocrx_word' id='word_1_97' title='bbox 493 905 1038 976; x_wconf 86' lang='lat' dir='ltr'><strong>Deum,etSpiritum</strong></span> <span class='ocrx_word' id='word_1_98' title='bbox 1049 906 1334 974; x_wconf 80' lang='lat' dir='ltr'><strong>justorum</strong></span> <span class='ocrx_word' id='word_1_99' title='bbox 1361 905 1753 975; x_wconf 89' lang='lat' dir='ltr'><strong>perfectorum,</strong></span> <span class='ocrx_word' id='word_1_100' title='bbox 1838 905 2060 974; x_wconf 76' lang='lat' dir='ltr'><strong>Moyses</strong></span> <span class='ocrx_word' id='word_1_101' title='bbox 2085 904 2296 970; x_wconf 81' lang='lat' dir='ltr'><strong>timuit,</strong></span> <span class='ocrx_word' id='word_1_102' title='bbox 2331 919 2481 960; x_wconf 89' lang='lat' dir='ltr'><strong>nunc</strong></span> <span class='ocrx_word' id='word_1_103' title='bbox 2509 911 2700 962; x_wconf 84' lang='lat' dir='ltr'><strong>autem</strong></span> <span class='ocrx_word' id='word_1_104' title='bbox 2733 908 2940 964; x_wconf 82' lang='lat' dir='ltr'><strong>metuit</strong></span> <span class='ocrx_word' id='word_1_105' title='bbox 2965 909 3176 974; x_wconf 67' lang='lat' dir='ltr'><strong>nullis,</strong></span> <span class='ocrx_word' id='word_1_106' title='bbox 3215 916 3273 966; x_wconf 86' lang='lat' dir='ltr'><strong>et</strong></span> <span class='ocrx_word' id='word_1_107' title='bbox 3300 917 3436 968; x_wconf 80' lang='lat' dir='ltr'><strong>tunc</strong></span> 
     </span>
    </p>
   </div>
   <div class='ocr_carea' id='block_1_8' title="bbox 207 993 3436 1064">
    <p class='ocr_par' dir='ltr' id='par_1_8' title="bbox 207 993 3436 1064">
     <span class='ocr_line' id='line_1_8' title="bbox 207 993 3436 1064; baseline 0.004 -21"><span class='ocrx_word' id='word_1_108' title='bbox 207 1017 224 1042; x_wconf 75' lang='grc' dir='ltr'><strong>ει</strong></span> <span class='ocrx_word' id='word_1_109' title='bbox 252 999 298 1046; x_wconf 86' lang='lat' dir='ltr'><strong>et</strong></span> <span class='ocrx_word' id='word_1_110' title='bbox 314 993 644 1048; x_wconf 87' lang='lat' dir='ltr'><strong>Testamenti</strong></span> <span class='ocrx_word' id='word_1_111' title='bbox 665 995 805 1048; x_wconf 90' lang='lat' dir='ltr'><strong>Novi</strong></span> <span class='ocrx_word' id='word_1_112' title='bbox 827 993 1196 1048; x_wconf 87' lang='lat' dir='ltr'><strong>mediatorem</strong></span> <span class='ocrx_word' id='word_1_113' title='bbox 1217 995 1430 1056; x_wconf 89' lang='lat' dir='ltr'><strong>Jesum,</strong></span> <span class='ocrx_word' id='word_1_114' title='bbox 1454 999 1512 1047; x_wconf 88' lang='lat' dir='ltr'><strong>et</strong></span> <span class='ocrx_word' id='word_1_115' title='bbox 1531 994 1755 1064; x_wconf 84' lang='lat' dir='ltr'><strong>sangui-</strong></span> <span class='ocrx_word' id='word_1_116' title='bbox 1838 993 1994 1063; x_wconf 82' lang='lat' dir='ltr'><strong>plebs</strong></span> <span class='ocrx_word' id='word_1_117' title='bbox 2023 994 2182 1048; x_wconf 78' lang='lat' dir='ltr'><strong>stetit</strong></span> <span class='ocrx_word' id='word_1_118' title='bbox 2211 998 2332 1048; x_wconf 82' lang='lat' dir='ltr'><strong>tota</strong></span> <span class='ocrx_word' id='word_1_119' title='bbox 2357 994 2640 1060; x_wconf 86' lang='lat' dir='ltr'><strong>deorsum,</strong></span> <span class='ocrx_word' id='word_1_120' title='bbox 2672 1012 2776 1050; x_wconf 88' lang='lat' dir='ltr'><strong>nos</strong></span> <span class='ocrx_word' id='word_1_121' title='bbox 2821 1002 3014 1052; x_wconf 80' lang='lat' dir='ltr'><strong>autem</strong></span> <span class='ocrx_word' id='word_1_122' title='bbox 3059 999 3164 1053; x_wconf 87' lang='lat' dir='ltr'><strong>etsi</strong></span> <span class='ocrx_word' id='word_1_123' title='bbox 3216 1015 3253 1054; x_wconf 85' lang='lat' dir='ltr'><strong>a</strong></span> <span class='ocrx_word' id='word_1_124' title='bbox 3294 1000 3436 1056; x_wconf 62' lang='lat' dir='ltr'><strong>calo</strong></span> 
     </span>
    </p>
   </div>
   <div class='ocr_carea' id='block_1_9' title="bbox 207 1081 3438 1158">
    <p class='ocr_par' dir='ltr' id='par_1_9' title="bbox 207 1081 3438 1158">
     <span class='ocr_line' id='line_1_9' title="bbox 207 1081 3438 1158; baseline 0.004 -25"><span class='ocrx_word' id='word_1_125' title='bbox 207 1103 222 1133; x_wconf 80' lang='grc' dir='ltr'>ι</span> <span class='ocrx_word' id='word_1_126' title='bbox 251 1083 326 1136; x_wconf 89' lang='lat' dir='ltr'><strong>nis</strong></span> <span class='ocrx_word' id='word_1_127' title='bbox 349 1083 722 1153; x_wconf 71' lang='lat' dir='ltr'><strong>aspersionem</strong></span> <span class='ocrx_word' id='word_1_128' title='bbox 755 1083 956 1136; x_wconf 85' lang='lat' dir='ltr'><strong>melius</strong></span> <span class='ocrx_word' id='word_1_129' title='bbox 985 1083 1308 1152; x_wconf 85' lang='lat' dir='ltr'><strong>loquentem</strong></span> <span class='ocrx_word' id='word_1_130' title='bbox 1342 1099 1512 1152; x_wconf 86' lang='lat' dir='ltr'><strong>quam</strong></span> <span class='ocrx_word' id='word_1_131' title='bbox 1539 1082 1698 1136; x_wconf 82' lang='lat' dir='ltr'><strong>Abel.</strong></span> <span class='ocrx_word' id='word_1_132' title='bbox 1723 1100 1752 1136; x_wconf 67' lang='grc' dir='ltr'><strong><em>ι</em></strong></span> <span class='ocrx_word' id='word_1_133' title='bbox 1836 1081 2098 1136; x_wconf 75' lang='lat' dir='ltr'><strong>deorsum</strong></span> <span class='ocrx_word' id='word_1_134' title='bbox 2131 1098 2348 1148; x_wconf 89' lang='lat' dir='ltr'><strong>sumus,</strong></span> <span class='ocrx_word' id='word_1_135' title='bbox 2378 1089 2765 1140; x_wconf 71' lang='lat' dir='ltr'><strong>verumtamen</strong></span> <span class='ocrx_word' id='word_1_136' title='bbox 2815 1086 3256 1158; x_wconf 80' lang='lat' dir='ltr'><strong>propinquamus</strong></span> <span class='ocrx_word' id='word_1_137' title='bbox 3292 1089 3438 1145; x_wconf 83' lang='lat' dir='ltr'><strong>Filio</strong></span> 
     </span>
    </p>
   </div>
   <div class='ocr_carea' id='block_1_10' title="bbox 202 1170 3436 1244">
    <p class='ocr_par' dir='ltr' id='par_1_10' title="bbox 202 1170 3436 1244">
     <span class='ocr_line' id='line_1_10' title="bbox 202 1170 3436 1244; baseline 0.003 -20"><span class='ocrx_word' id='word_1_138' title='bbox 202 1171 472 1224; x_wconf 83' lang='lat' dir='ltr'><strong>Tremenda</strong></span> <span class='ocrx_word' id='word_1_139' title='bbox 485 1171 714 1242; x_wconf 86' lang='lat' dir='ltr'><strong>quidem</strong></span> <span class='ocrx_word' id='word_1_140' title='bbox 730 1176 890 1224; x_wconf 87' lang='lat' dir='ltr'><strong>erant</strong></span> <span class='ocrx_word' id='word_1_141' title='bbox 918 1176 976 1225; x_wconf 89' lang='lat' dir='ltr'><strong>et</strong></span> <span class='ocrx_word' id='word_1_142' title='bbox 995 1171 1088 1224; x_wconf 86' lang='lat' dir='ltr'><strong>illa</strong></span> <span class='ocrx_word' id='word_1_143' title='bbox 1117 1171 1248 1224; x_wconf 90' lang='lat' dir='ltr'><strong>:sed</strong></span> <span class='ocrx_word' id='word_1_144' title='bbox 1281 1171 1396 1225; x_wconf 68' lang='lat' dir='ltr'><strong>haec</strong></span> <span class='ocrx_word' id='word_1_145' title='bbox 1425 1172 1602 1225; x_wconf 88' lang='lat' dir='ltr'><strong>multo</strong></span> <span class='ocrx_word' id='word_1_146' title='bbox 1631 1187 1754 1225; x_wconf 89' lang='lat' dir='ltr'><strong>am-</strong></span> <span class='ocrx_word' id='word_1_147' title='bbox 1837 1170 1958 1236; x_wconf 83' lang='lat' dir='ltr'><strong>Dei,</strong></span> <span class='ocrx_word' id='word_1_148' title='bbox 1989 1179 2048 1226; x_wconf 87' lang='lat' dir='ltr'><strong>et</strong></span> <span class='ocrx_word' id='word_1_149' title='bbox 2076 1181 2188 1228; x_wconf 84' lang='lat' dir='ltr'><strong>non</strong></span> <span class='ocrx_word' id='word_1_150' title='bbox 2215 1171 2363 1226; x_wconf 85' lang='lat' dir='ltr'><strong>sicut</strong></span> <span class='ocrx_word' id='word_1_151' title='bbox 2389 1173 2758 1243; x_wconf 79' lang='lat' dir='ltr'><strong>Moyses,illic</strong></span> <span class='ocrx_word' id='word_1_152' title='bbox 2786 1174 2938 1230; x_wconf 80' lang='lat' dir='ltr'><strong>enim</strong></span> <span class='ocrx_word' id='word_1_153' title='bbox 2965 1191 3190 1232; x_wconf 70' lang='lat' dir='ltr'><strong>erm</strong></span> <span class='ocrx_word' id='word_1_154' title='bbox 3215 1183 3436 1244; x_wconf 56' lang='lat' dir='ltr'><strong>erat,“</strong></span> 
     </span>
    </p>
   </div>
   <div class='ocr_carea' id='block_1_11' title="bbox 203 1257 3434 1331">
    <p class='ocr_par' dir='ltr' id='par_1_11' title="bbox 203 1257 3434 1331">
     <span class='ocr_line' id='line_1_11' title="bbox 203 1257 3434 1331; baseline 0.003 -19"><span class='ocrx_word' id='word_1_155' title='bbox 203 1259 318 1330; x_wconf 88' lang='lat' dir='ltr'><strong>plius</strong></span> <span class='ocrx_word' id='word_1_156' title='bbox 341 1257 666 1313; x_wconf 87' lang='lat' dir='ltr'><strong>admiranda</strong></span> <span class='ocrx_word' id='word_1_157' title='bbox 694 1259 963 1330; x_wconf 82' lang='lat' dir='ltr'><strong>valdeque</strong></span> <span class='ocrx_word' id='word_1_158' title='bbox 992 1261 1249 1314; x_wconf 87' lang='lat' dir='ltr'><strong>clariora.</strong></span> <span class='ocrx_word' id='word_1_159' title='bbox 1275 1261 1471 1331; x_wconf 85' lang='lat' dir='ltr'><strong>Neque</strong></span> <span class='ocrx_word' id='word_1_160' title='bbox 1493 1260 1644 1315; x_wconf 89' lang='lat' dir='ltr'><strong>enim</strong></span> <span class='ocrx_word' id='word_1_161' title='bbox 1665 1259 1756 1315; x_wconf 90' lang='lat' dir='ltr'><strong>hic</strong></span> <span class='ocrx_word' id='word_1_162' title='bbox 1835 1259 2196 1314; x_wconf 78' lang='lat' dir='ltr'><strong>circumcirca</strong></span> <span class='ocrx_word' id='word_1_163' title='bbox 2222 1261 2488 1326; x_wconf 85' lang='lat' dir='ltr'><strong>desertio,</strong></span> <span class='ocrx_word' id='word_1_164' title='bbox 2519 1261 2610 1316; x_wconf 91' lang='lat' dir='ltr'><strong>hic</strong></span> <span class='ocrx_word' id='word_1_165' title='bbox 2636 1268 2826 1317; x_wconf 83' lang='lat' dir='ltr'><strong>autem</strong></span> <span class='ocrx_word' id='word_1_166' title='bbox 2857 1263 3052 1318; x_wconf 77' lang='lat' dir='ltr'><strong>civitas</strong></span> <span class='ocrx_word' id='word_1_167' title='bbox 3092 1270 3152 1319; x_wconf 88' lang='lat' dir='ltr'><strong>et</strong></span> <span class='ocrx_word' id='word_1_168' title='bbox 3189 1266 3434 1323; x_wconf 76' lang='lat' dir='ltr'><strong>millium</strong></span> 
     </span>
    </p>
   </div>
   <div class='ocr_carea' id='block_1_12' title="bbox 203 1346 3434 1426">
    <p class='ocr_par' dir='ltr' id='par_1_12' title="bbox 203 1346 3434 1426">
     <span class='ocr_line' id='line_1_12' title="bbox 203 1346 3434 1426; baseline 0.003 -25"><span class='ocrx_word' id='word_1_169' title='bbox 203 1346 406 1402; x_wconf 76' lang='lat' dir='ltr'><strong>tenebrae</strong></span> <span class='ocrx_word' id='word_1_170' title='bbox 434 1355 584 1414; x_wconf 84' lang='lat' dir='ltr'><strong>sunt,</strong></span> <span class='ocrx_word' id='word_1_171' title='bbox 616 1365 800 1420; x_wconf 88' lang='lat' dir='ltr'><strong>neque</strong></span> <span class='ocrx_word' id='word_1_172' title='bbox 823 1349 1024 1419; x_wconf 87' lang='lat' dir='ltr'><strong>caligo,</strong></span> <span class='ocrx_word' id='word_1_173' title='bbox 1048 1366 1230 1420; x_wconf 88' lang='lat' dir='ltr'><strong>neque</strong></span> <span class='ocrx_word' id='word_1_174' title='bbox 1249 1351 1521 1421; x_wconf 73' lang='lat' dir='ltr'><strong>procellae,</strong></span> <span class='ocrx_word' id='word_1_175' title='bbox 1541 1357 1599 1403; x_wconf 87' lang='lat' dir='ltr'><strong>et</strong></span> <span class='ocrx_word' id='word_1_176' title='bbox 1619 1350 1755 1404; x_wconf 90' lang='lat' dir='ltr'><strong>mihi</strong></span> <span class='ocrx_word' id='word_1_177' title='bbox 1835 1347 2131 1402; x_wconf 84' lang='lat' dir='ltr'><strong>celebritas</strong></span> <span class='ocrx_word' id='word_1_178' title='bbox 2151 1350 2502 1419; x_wconf 78' lang='lat' dir='ltr'><strong>angelorum.</strong></span> <span class='ocrx_word' id='word_1_179' title='bbox 2529 1350 2594 1405; x_wconf 90' lang='lat' dir='ltr'><strong>In</strong></span> <span class='ocrx_word' id='word_1_180' title='bbox 2613 1351 2720 1406; x_wconf 86' lang='lat' dir='ltr'><strong>hoc</strong></span> <span class='ocrx_word' id='word_1_181' title='bbox 2739 1351 2907 1406; x_wconf 86' lang='lat' dir='ltr'><strong>verbo</strong></span> <span class='ocrx_word' id='word_1_182' title='bbox 2923 1353 3194 1423; x_wconf 80' lang='lat' dir='ltr'><strong>gaudium</strong></span> <span class='ocrx_word' id='word_1_183' title='bbox 3221 1355 3434 1426; x_wconf 58' lang='lat' dir='ltr'><strong>igniti-</strong></span> 
     </span>
    </p>
   </div>
   <div class='ocr_carea' id='block_1_13' title="bbox 201 1433 3434 1516">
    <p class='ocr_par' dir='ltr' id='par_1_13' title="bbox 201 1433 3434 1516">
     <span class='ocr_line' id='line_1_13' title="bbox 201 1433 3434 1516; baseline 0.003 -26"><span class='ocrx_word' id='word_1_184' title='bbox 201 1433 380 1492; x_wconf 81' lang='lat' dir='ltr'><strong>videtur</strong></span> <span class='ocrx_word' id='word_1_185' title='bbox 407 1454 504 1508; x_wconf 89' lang='lat' dir='ltr'><strong>per</strong></span> <span class='ocrx_word' id='word_1_186' title='bbox 530 1437 651 1492; x_wconf 66' lang='lat' dir='ltr'><strong>haec</strong></span> <span class='ocrx_word' id='word_1_187' title='bbox 670 1439 975 1508; x_wconf 83' lang='lat' dir='ltr'><strong>signiﬁcari</strong></span> <span class='ocrx_word' id='word_1_188' title='bbox 995 1437 1306 1493; x_wconf 79' lang='lat' dir='ltr'><strong>obscuritas</strong></span> <span class='ocrx_word' id='word_1_189' title='bbox 1327 1439 1546 1493; x_wconf 84' lang='lat' dir='ltr'><strong>Veteris</strong></span> <span class='ocrx_word' id='word_1_190' title='bbox 1564 1438 1754 1494; x_wconf 80' lang='lat' dir='ltr'><strong>Testa-</strong></span> <span class='ocrx_word' id='word_1_191' title='bbox 1835 1442 1927 1490; x_wconf 84' lang='lat' dir='ltr'><strong>cat</strong></span> <span class='ocrx_word' id='word_1_192' title='bbox 1953 1442 2010 1490; x_wconf 87' lang='lat' dir='ltr'><strong>et</strong></span> <span class='ocrx_word' id='word_1_193' title='bbox 2032 1438 2466 1507; x_wconf 70' lang='lat' dir='ltr'><strong>iucunditatem,</strong></span> <span class='ocrx_word' id='word_1_194' title='bbox 2501 1455 2602 1510; x_wconf 90' lang='lat' dir='ltr'><strong>pro</strong></span> <span class='ocrx_word' id='word_1_195' title='bbox 2633 1440 2891 1511; x_wconf 82' lang='lat' dir='ltr'><strong>caligine,</strong></span> <span class='ocrx_word' id='word_1_196' title='bbox 2917 1453 3020 1512; x_wconf 88' lang='lat' dir='ltr'><strong>pro</strong></span> <span class='ocrx_word' id='word_1_197' title='bbox 3045 1443 3311 1510; x_wconf 69' lang='lat' dir='ltr'><strong>tenebris,</strong></span> <span class='ocrx_word' id='word_1_198' title='bbox 3332 1457 3434 1516; x_wconf 81' lang='lat' dir='ltr'><strong>pro</strong></span> 
     </span>
    </p>
   </div>
   <div class='ocr_carea' id='block_1_14' title="bbox 200 1524 3436 1604">
    <p class='ocr_par' dir='ltr' id='par_1_14' title="bbox 200 1524 3436 1604">
     <span class='ocr_line' id='line_1_14' title="bbox 200 1524 3436 1604; baseline 0.003 -25"><span class='ocrx_word' id='word_1_199' title='bbox 200 1525 596 1592; x_wconf 81' lang='lat' dir='ltr'><strong>menti;hocest,</strong></span> <span class='ocrx_word' id='word_1_200' title='bbox 613 1527 766 1598; x_wconf 87' lang='lat' dir='ltr'><strong>quod</strong></span> <span class='ocrx_word' id='word_1_201' title='bbox 781 1527 1006 1581; x_wconf 83' lang='lat' dir='ltr'><strong>difﬁcile</strong></span> <span class='ocrx_word' id='word_1_202' title='bbox 1020 1526 1506 1598; x_wconf 85' lang='lat' dir='ltr'><strong>valebatintelligi,</strong></span> <span class='ocrx_word' id='word_1_203' title='bbox 1540 1534 1598 1582; x_wconf 90' lang='lat' dir='ltr'><strong>et</strong></span> <span class='ocrx_word' id='word_1_204' title='bbox 1627 1545 1753 1582; x_wconf 89' lang='lat' dir='ltr'><strong>um-</strong></span> <span class='ocrx_word' id='word_1_205' title='bbox 1835 1524 2061 1580; x_wconf 83' lang='lat' dir='ltr'><strong>turbine</strong></span> <span class='ocrx_word' id='word_1_206' title='bbox 2090 1527 2415 1597; x_wconf 82' lang='lat' dir='ltr'><strong>procelloso.</strong></span> <span class='ocrx_word' id='word_1_207' title='bbox 2452 1546 2476 1580; x_wconf 74' lang='grc' dir='ltr'>ι</span> <span class='ocrx_word' id='word_1_208' title='bbox 2512 1528 2582 1583; x_wconf 85' lang='lat' dir='ltr'><strong>Et</strong></span> <span class='ocrx_word' id='word_1_209' title='bbox 2602 1529 2926 1596; x_wconf 70' lang='lat' dir='ltr'><strong>Ecclesium,</strong></span> <span class='ocrx_word' id='word_1_210' title='bbox 2959 1531 3164 1602; x_wconf 86' lang='lat' dir='ltr'><strong>inquit,</strong></span> <span class='ocrx_word' id='word_1_211' title='bbox 3197 1532 3436 1604; x_wconf 56' lang='lat' dir='ltr'><strong>primiti&#39;</strong></span> 
     </span>
    </p>
   </div>
   <div class='ocr_carea' id='block_1_15' title="bbox 201 1613 3433 1693">
    <p class='ocr_par' dir='ltr' id='par_1_15' title="bbox 201 1613 3433 1693">
     <span class='ocr_line' id='line_1_15' title="bbox 201 1613 3433 1693; baseline 0.003 -27"><span class='ocrx_word' id='word_1_212' title='bbox 201 1613 346 1669; x_wconf 82' lang='lat' dir='ltr'><strong>brstio</strong></span> <span class='ocrx_word' id='word_1_213' title='bbox 375 1615 508 1686; x_wconf 88' lang='lat' dir='ltr'><strong>legis</strong></span> <span class='ocrx_word' id='word_1_214' title='bbox 539 1622 600 1670; x_wconf 88' lang='lat' dir='ltr'><strong>et</strong></span> <span class='ocrx_word' id='word_1_215' title='bbox 625 1617 903 1683; x_wconf 79' lang='lat' dir='ltr'><strong>velamen,</strong></span> <span class='ocrx_word' id='word_1_216' title='bbox 935 1617 1085 1687; x_wconf 89' lang='lat' dir='ltr'><strong>quod</strong></span> <span class='ocrx_word' id='word_1_217' title='bbox 1114 1621 1238 1670; x_wconf 87' lang='lat' dir='ltr'><strong>erat</strong></span> <span class='ocrx_word' id='word_1_218' title='bbox 1263 1613 1373 1670; x_wconf 88' lang='lat' dir='ltr'><strong>illis</strong></span> <span class='ocrx_word' id='word_1_219' title='bbox 1419 1617 1621 1671; x_wconf 76' lang='lat' dir='ltr'><strong>litteris</strong></span> <span class='ocrx_word' id='word_1_220' title='bbox 1667 1635 1757 1674; x_wconf 80' lang='lat' dir='ltr'><strong>su—</strong></span> <span class='ocrx_word' id='word_1_221' title='bbox 1837 1629 2053 1680; x_wconf 68' lang='lat' dir='ltr'><strong>votum,</strong></span> <span class='ocrx_word' id='word_1_222' title='bbox 2105 1630 2228 1685; x_wconf 57' lang='lat' dir='ltr'><strong>qua</strong></span> <span class='ocrx_word' id='word_1_223' title='bbox 2271 1615 2329 1670; x_wconf 85' lang='lat' dir='ltr'><strong>in</strong></span> <span class='ocrx_word' id='word_1_224' title='bbox 2377 1616 2533 1671; x_wconf 63' lang='lat' dir='ltr'><strong>calin</strong></span> <span class='ocrx_word' id='word_1_225' title='bbox 2579 1618 2789 1690; x_wconf 83' lang='lat' dir='ltr'><strong>scripta</strong></span> <span class='ocrx_word' id='word_1_226' title='bbox 2826 1623 2930 1685; x_wconf 83' lang='lat' dir='ltr'><strong>est,</strong></span> <span class='ocrx_word' id='word_1_227' title='bbox 2975 1625 3034 1675; x_wconf 89' lang='lat' dir='ltr'><strong>et</strong></span> <span class='ocrx_word' id='word_1_228' title='bbox 3071 1621 3143 1693; x_wconf 84' lang='lat' dir='ltr'><strong>ad</strong></span> <span class='ocrx_word' id='word_1_229' title='bbox 3183 1621 3433 1690; x_wconf 74' lang='lat' dir='ltr'><strong>judicent</strong></span> 
     </span>
    </p>
   </div>
   <div class='ocr_carea' id='block_1_16' title="bbox 200 1701 3434 1782">
    <p class='ocr_par' dir='ltr' id='par_1_16' title="bbox 200 1701 3434 1782">
     <span class='ocr_line' id='line_1_16' title="bbox 200 1701 3434 1782; baseline 0.004 -25"><span class='ocrx_word' id='word_1_230' title='bbox 200 1704 520 1774; x_wconf 83' lang='lat' dir='ltr'><strong>perpositum.</strong></span> <span class='ocrx_word' id='word_1_231' title='bbox 558 1705 718 1775; x_wconf 81' lang='lat' dir='ltr'><strong>Ignis</strong></span> <span class='ocrx_word' id='word_1_232' title='bbox 747 1712 936 1760; x_wconf 84' lang='lat' dir='ltr'><strong>autem</strong></span> <span class='ocrx_word' id='word_1_233' title='bbox 963 1703 1247 1776; x_wconf 84' lang='lat' dir='ltr'><strong>signiﬁcat</strong></span> <span class='ocrx_word' id='word_1_234' title='bbox 1289 1705 1665 1775; x_wconf 79' lang='lat' dir='ltr'><strong>legislaturem</strong></span> <span class='ocrx_word' id='word_1_235' title='bbox 1697 1707 1755 1764; x_wconf 85' lang='lat' dir='ltr'><strong>in</strong></span> <span class='ocrx_word' id='word_1_236' title='bbox 1775 1767 1820 1782; x_wconf 53' lang='lat' dir='ltr'><strong>n</strong></span> <span class='ocrx_word' id='word_1_237' title='bbox 1839 1701 2021 1758; x_wconf 72' lang='lat' dir='ltr'><strong>Deum</strong></span> <span class='ocrx_word' id='word_1_238' title='bbox 2049 1704 2322 1762; x_wconf 70' lang='lat' dir='ltr'><strong>omnium.</strong></span> <span class='ocrx_word' id='word_1_239' title='bbox 2360 1724 2382 1755; x_wconf 77' lang='grc' dir='ltr'><strong>ι</strong></span> <span class='ocrx_word' id='word_1_240' title='bbox 2418 1705 2503 1760; x_wconf 79' lang='grc' dir='ltr'><strong>ΙΙΙὶ</strong></span> <span class='ocrx_word' id='word_1_241' title='bbox 2531 1721 2644 1761; x_wconf 81' lang='lat' dir='ltr'><strong>non</strong></span> <span class='ocrx_word' id='word_1_242' title='bbox 2690 1715 3065 1776; x_wconf 64' lang='lat' dir='ltr'><strong>maximni,</strong></span> <span class='ocrx_word' id='word_1_243' title='bbox 3095 1710 3196 1765; x_wconf 74' lang='lat' dir='ltr'><strong>sed</strong></span> <span class='ocrx_word' id='word_1_244' title='bbox 3239 1711 3434 1782; x_wconf 73' lang='lat' dir='ltr'><strong>procul</strong></span> 
     </span>
    </p>
   </div>
   <div class='ocr_carea' id='block_1_17' title="bbox 198 1767 3434 1868">
    <p class='ocr_par' dir='ltr' id='par_1_17' title="bbox 198 1767 3434 1868">
     <span class='ocr_line' id='line_1_17' title="bbox 198 1767 3434 1868; baseline 0.003 -22"><span class='ocrx_word' id='word_1_245' title='bbox 198 1767 299 1863; x_wconf 62' lang='lat' dir='ltr'><strong>ign;</strong></span> <span class='ocrx_word' id='word_1_246' title='bbox 311 1809 554 1848; x_wconf 83' lang='lat' dir='ltr'><strong>severum</strong></span> <span class='ocrx_word' id='word_1_247' title='bbox 570 1767 1571 1866; x_wconf 42' lang='lat' dir='ltr'><strong>aitqueteiribilemmubsrum&#39;autem</strong></span> <span class='ocrx_word' id='word_1_248' title='bbox 1585 1811 1756 1852; x_wconf 80' lang='lat' dir='ltr'><strong>sonus</strong></span> <span class='ocrx_word' id='word_1_249' title='bbox 1775 1767 2084 1856; x_wconf 70' lang='lat' dir='ltr'><strong>Btitubant,</strong></span> <span class='ocrx_word' id='word_1_250' title='bbox 2133 1810 2229 1846; x_wconf 80' lang='lat' dir='ltr'><strong>vos</strong></span> <span class='ocrx_word' id='word_1_251' title='bbox 2267 1799 2458 1848; x_wconf 78' lang='lat' dir='ltr'><strong>autem</strong></span> <span class='ocrx_word' id='word_1_252' title='bbox 2499 1796 2828 1862; x_wconf 74' lang='lat' dir='ltr'><strong>accessistis,</strong></span> <span class='ocrx_word' id='word_1_253' title='bbox 2859 1767 3064 1868; x_wconf 56' lang='lat' dir='ltr'><strong>inquit:</strong></span> <span class='ocrx_word' id='word_1_254' title='bbox 3096 1799 3204 1854; x_wconf 78' lang='lat' dir='ltr'><strong>llic</strong></span> 
     </span>
    </p>
   </div>
   <div class='ocr_carea' id='block_1_18' title="bbox 198 1881 3431 1956">
    <p class='ocr_par' dir='ltr' id='par_1_18' title="bbox 198 1881 3431 1956">
     <span class='ocr_line' id='line_1_18' title="bbox 198 1881 3431 1956; baseline 0.002 -20"><span class='ocrx_word' id='word_1_255' title='bbox 198 1882 362 1936; x_wconf 83' lang='lat' dir='ltr'><strong>merito</strong></span> <span class='ocrx_word' id='word_1_256' title='bbox 379 1890 506 1938; x_wconf 87' lang='lat' dir='ltr'><strong>sunt</strong></span> <span class='ocrx_word' id='word_1_257' title='bbox 520 1883 944 1947; x_wconf 86' lang='lat' dir='ltr'><strong>adhibitiibi,ut</strong></span> <span class='ocrx_word' id='word_1_258' title='bbox 955 1884 1442 1954; x_wconf 80' lang='lat' dir='ltr'><strong>putaimperatore</strong></span> <span class='ocrx_word' id='word_1_259' title='bbox 1461 1891 1751 1955; x_wconf 73' lang='lat' dir='ltr'><strong>praesente.</strong></span> <span class='ocrx_word' id='word_1_260' title='bbox 1836 1885 2016 1936; x_wconf 85' lang='lat' dir='ltr'><strong>terret</strong></span> <span class='ocrx_word' id='word_1_261' title='bbox 2047 1897 2142 1935; x_wconf 89' lang='lat' dir='ltr'><strong>eos</strong></span> <span class='ocrx_word' id='word_1_262' title='bbox 2170 1881 2423 1948; x_wconf 87' lang='lat' dir='ltr'><strong>dicendo,</strong></span> <span class='ocrx_word' id='word_1_263' title='bbox 2460 1902 2482 1934; x_wconf 74' lang='grc' dir='ltr'>ι</span> <span class='ocrx_word' id='word_1_264' title='bbox 2518 1890 2575 1938; x_wconf 91' lang='lat' dir='ltr'><strong>et</strong></span> <span class='ocrx_word' id='word_1_265' title='bbox 2605 1885 2860 1955; x_wconf 70' lang='lat' dir='ltr'><strong>judicent</strong></span> <span class='ocrx_word' id='word_1_266' title='bbox 2885 1886 3064 1942; x_wconf 86' lang='lat' dir='ltr'><strong>Deum</strong></span> <span class='ocrx_word' id='word_1_267' title='bbox 3095 1889 3369 1956; x_wconf 83' lang='lat' dir='ltr'><strong>omnium,</strong></span> <span class='ocrx_word' id='word_1_268' title='bbox 3401 1905 3431 1943; x_wconf 68' lang='grc' dir='ltr'><strong>ι</strong></span> 
     </span>
    </p>
   </div>
   <div class='ocr_carea' id='block_1_19' title="bbox 195 1971 3433 2045">
    <p class='ocr_par' dir='ltr' id='par_1_19' title="bbox 195 1971 3433 2045">
     <span class='ocr_line' id='line_1_19' title="bbox 195 1971 3433 2045; baseline 0.003 -20"><span class='ocrx_word' id='word_1_269' title='bbox 195 1971 309 2025; x_wconf 80' lang='lat' dir='ltr'><strong>Nam</strong></span> <span class='ocrx_word' id='word_1_270' title='bbox 323 1971 419 2026; x_wconf 89' lang='lat' dir='ltr'><strong>hoc</strong></span> <span class='ocrx_word' id='word_1_271' title='bbox 435 1979 494 2026; x_wconf 85' lang='lat' dir='ltr'><strong>et</strong></span> <span class='ocrx_word' id='word_1_272' title='bbox 511 1973 570 2026; x_wconf 89' lang='lat' dir='ltr'><strong>in</strong></span> <span class='ocrx_word' id='word_1_273' title='bbox 597 1973 844 2027; x_wconf 90' lang='lat' dir='ltr'><strong>secundo</strong></span> <span class='ocrx_word' id='word_1_274' title='bbox 861 1973 1102 2027; x_wconf 85' lang='lat' dir='ltr'><strong>adventu</strong></span> <span class='ocrx_word' id='word_1_275' title='bbox 1123 1973 1379 2027; x_wconf 85' lang='lat' dir='ltr'><strong>futurum</strong></span> <span class='ocrx_word' id='word_1_276' title='bbox 1401 1979 1486 2027; x_wconf 86' lang='lat' dir='ltr'><strong>est</strong></span> <span class='ocrx_word' id='word_1_277' title='bbox 1503 1991 1550 2026; x_wconf 76' lang='grc' dir='ltr'><strong>ει</strong></span> <span class='ocrx_word' id='word_1_278' title='bbox 1577 1975 1640 2028; x_wconf 91' lang='lat' dir='ltr'><strong>In</strong></span> <span class='ocrx_word' id='word_1_279' title='bbox 1659 1991 1754 2029; x_wconf 84' lang='lat' dir='ltr'><strong>no-</strong></span> <span class='ocrx_word' id='word_1_280' title='bbox 1835 1983 1949 2024; x_wconf 91' lang='lat' dir='ltr'><strong>non</strong></span> <span class='ocrx_word' id='word_1_281' title='bbox 1977 1975 2200 2025; x_wconf 90' lang='lat' dir='ltr'><strong>tantum</strong></span> <span class='ocrx_word' id='word_1_282' title='bbox 2229 1972 2552 2027; x_wconf 68' lang='lat' dir='ltr'><strong>Judaorum</strong></span> <span class='ocrx_word' id='word_1_283' title='bbox 2583 1989 2766 2045; x_wconf 87' lang='lat' dir='ltr'><strong>neque</strong></span> <span class='ocrx_word' id='word_1_284' title='bbox 2813 1975 3084 2043; x_wconf 81' lang='lat' dir='ltr'><strong>ﬁdelium,</strong></span> <span class='ocrx_word' id='word_1_285' title='bbox 3111 1977 3214 2034; x_wconf 81' lang='lat' dir='ltr'><strong>sed</strong></span> <span class='ocrx_word' id='word_1_286' title='bbox 3258 1979 3433 2034; x_wconf 78' lang='lat' dir='ltr'><strong>totius</strong></span> 
     </span>
    </p>
   </div>
   <div class='ocr_carea' id='block_1_20' title="bbox 195 2057 3432 2136">
    <p class='ocr_par' dir='ltr' id='par_1_20' title="bbox 195 2057 3432 2136">
     <span class='ocr_line' id='line_1_20' title="bbox 195 2057 3432 2136; baseline 0.003 -22"><span class='ocrx_word' id='word_1_287' title='bbox 195 2060 400 2122; x_wconf 70' lang='lat' dir='ltr'><strong>victima,</strong></span> <span class='ocrx_word' id='word_1_288' title='bbox 421 2061 784 2132; x_wconf 87' lang='lat' dir='ltr'><strong>inquit,tuba</strong></span> <span class='ocrx_word' id='word_1_289' title='bbox 803 2062 990 2116; x_wconf 87' lang='lat' dir='ltr'><strong>cuncti</strong></span> <span class='ocrx_word' id='word_1_290' title='bbox 1011 2063 1381 2116; x_wconf 83' lang='lat' dir='ltr'><strong>resurrecturi</strong></span> <span class='ocrx_word' id='word_1_291' title='bbox 1394 2067 1529 2116; x_wconf 89' lang='lat' dir='ltr'><strong>sunt</strong></span> <span class='ocrx_word' id='word_1_292' title='bbox 1550 2064 1603 2129; x_wconf 87' lang='grc' dir='ltr'><strong>(Ι</strong></span> <span class='ocrx_word' id='word_1_293' title='bbox 1627 2064 1748 2117; x_wconf 79' lang='lat' dir='ltr'><strong>Car.</strong></span> <span class='ocrx_word' id='word_1_294' title='bbox 1835 2057 2092 2113; x_wconf 80' lang='lat' dir='ltr'><strong>Videlicet</strong></span> <span class='ocrx_word' id='word_1_295' title='bbox 2121 2060 2336 2116; x_wconf 85' lang='lat' dir='ltr'><strong>mundi.</strong></span> <span class='ocrx_word' id='word_1_296' title='bbox 2371 2078 2398 2112; x_wconf 74' lang='grc' dir='ltr'>ι</span> <span class='ocrx_word' id='word_1_297' title='bbox 2433 2061 2502 2116; x_wconf 88' lang='lat' dir='ltr'><strong>Et</strong></span> <span class='ocrx_word' id='word_1_298' title='bbox 2529 2061 2602 2117; x_wconf 82' lang='lat' dir='ltr'><strong>ad</strong></span> <span class='ocrx_word' id='word_1_299' title='bbox 2628 2061 2920 2132; x_wconf 88' lang='lat' dir='ltr'><strong>Spiritum,</strong></span> <span class='ocrx_word' id='word_1_300' title='bbox 2935 2063 3432 2136; x_wconf 74' lang='lat' dir='ltr'><strong>mquit,justomm</strong></span> 
     </span>
    </p>
   </div>
   <div class='ocr_carea' id='block_1_21' title="bbox 191 2146 3430 2225">
    <p class='ocr_par' dir='ltr' id='par_1_21' title="bbox 191 2146 3430 2225">
     <span class='ocr_line' id='line_1_21' title="bbox 191 2146 3430 2225; baseline 0.003 -24"><span class='ocrx_word' id='word_1_301' title='bbox 191 2158 288 2214; x_wconf 78' lang='lat' dir='ltr'><strong>xv);</strong></span> <span class='ocrx_word' id='word_1_302' title='bbox 311 2166 334 2199; x_wconf 73' lang='grc' dir='ltr'>ι</span> <span class='ocrx_word' id='word_1_303' title='bbox 351 2150 462 2204; x_wconf 71' lang='lat' dir='ltr'><strong>hac</strong></span> <span class='ocrx_word' id='word_1_304' title='bbox 477 2151 638 2204; x_wconf 87' lang='lat' dir='ltr'><strong>enim</strong></span> <span class='ocrx_word' id='word_1_305' title='bbox 659 2151 808 2204; x_wconf 90' lang='lat' dir='ltr'><strong>vocis</strong></span> <span class='ocrx_word' id='word_1_306' title='bbox 826 2151 964 2204; x_wconf 85' lang='lat' dir='ltr'><strong>tuba</strong></span> <span class='ocrx_word' id='word_1_307' title='bbox 987 2151 1203 2206; x_wconf 83' lang='lat' dir='ltr'><strong>factura</strong></span> <span class='ocrx_word' id='word_1_308' title='bbox 1225 2156 1328 2204; x_wconf 86' lang='lat' dir='ltr'><strong>est.</strong></span> <span class='ocrx_word' id='word_1_309' title='bbox 1355 2151 1560 2205; x_wconf 85' lang='lat' dir='ltr'><strong>Omnia</strong></span> <span class='ocrx_word' id='word_1_310' title='bbox 1578 2152 1752 2222; x_wconf 87' lang='lat' dir='ltr'><strong>igitur</strong></span> <span class='ocrx_word' id='word_1_311' title='bbox 1831 2146 2226 2217; x_wconf 82' lang='lat' dir='ltr'><strong>perfectorum.</strong></span> <span class='ocrx_word' id='word_1_312' title='bbox 2237 2149 2501 2204; x_wconf 79' lang='lat' dir='ltr'><strong>sAnimas</strong></span> <span class='ocrx_word' id='word_1_313' title='bbox 2515 2150 2800 2222; x_wconf 77' lang='lat' dir='ltr'><strong>dicit,un</strong></span> <span class='ocrx_word' id='word_1_314' title='bbox 2812 2153 2961 2223; x_wconf 87' lang='lat' dir='ltr'><strong>apud</strong></span> <span class='ocrx_word' id='word_1_315' title='bbox 2972 2153 3154 2208; x_wconf 83' lang='lat' dir='ltr'><strong>Deum</strong></span> <span class='ocrx_word' id='word_1_316' title='bbox 3163 2155 3430 2225; x_wconf 77' lang='lat' dir='ltr'><strong>probsbi-</strong></span> 
     </span>
    </p>
   </div>
   <div class='ocr_carea' id='block_1_22' title="bbox 187 2236 3429 2312">
    <p class='ocr_par' dir='ltr' id='par_1_22' title="bbox 187 2236 3429 2312">
     <span class='ocr_line' id='line_1_22' title="bbox 187 2236 3429 2312; baseline 0.002 -21"><span class='ocrx_word' id='word_1_317' title='bbox 187 2237 232 2290; x_wconf 85' lang='lat' dir='ltr'><strong>in</strong></span> <span class='ocrx_word' id='word_1_318' title='bbox 255 2239 338 2292; x_wconf 90' lang='lat' dir='ltr'><strong>illo</strong></span> <span class='ocrx_word' id='word_1_319' title='bbox 363 2247 618 2310; x_wconf 86' lang='lat' dir='ltr'><strong>tempore</strong></span> <span class='ocrx_word' id='word_1_320' title='bbox 665 2239 953 2294; x_wconf 85' lang='lat' dir='ltr'><strong>sensibilis</strong></span> <span class='ocrx_word' id='word_1_321' title='bbox 997 2245 1176 2305; x_wconf 88' lang='lat' dir='ltr'><strong>erant,</strong></span> <span class='ocrx_word' id='word_1_322' title='bbox 1208 2246 1326 2294; x_wconf 85' lang='lat' dir='ltr'><strong>tam</strong></span> <span class='ocrx_word' id='word_1_323' title='bbox 1372 2241 1592 2294; x_wconf 88' lang='lat' dir='ltr'><strong>auditui</strong></span> <span class='ocrx_word' id='word_1_324' title='bbox 1642 2241 1749 2296; x_wconf 81' lang='lat' dir='ltr'><strong>hu-</strong></span> <span class='ocrx_word' id='word_1_325' title='bbox 1830 2236 1914 2291; x_wconf 79' lang='lat' dir='ltr'><strong>les</strong></span> <span class='ocrx_word' id='word_1_326' title='bbox 1957 2237 2312 2292; x_wconf 76' lang='lat' dir='ltr'><strong>exstiterunt.</strong></span> <span class='ocrx_word' id='word_1_327' title='bbox 2343 2256 2371 2292; x_wconf 81' lang='grc' dir='ltr'>ι</span> <span class='ocrx_word' id='word_1_328' title='bbox 2403 2239 2474 2294; x_wconf 83' lang='lat' dir='ltr'><strong>Et</strong></span> <span class='ocrx_word' id='word_1_329' title='bbox 2517 2239 2587 2293; x_wconf 85' lang='lat' dir='ltr'><strong>ad</strong></span> <span class='ocrx_word' id='word_1_330' title='bbox 2634 2240 3022 2306; x_wconf 87' lang='lat' dir='ltr'><strong>mediatorem,</strong></span> <span class='ocrx_word' id='word_1_331' title='bbox 3053 2241 3255 2312; x_wconf 75' lang='lat' dir='ltr'><strong>inquit,</strong></span> <span class='ocrx_word' id='word_1_332' title='bbox 3287 2244 3429 2298; x_wconf 81' lang='lat' dir='ltr'><strong>Novi</strong></span> 
     </span>
    </p>
   </div>
   <div class='ocr_carea' id='block_1_23' title="bbox 187 2324 3428 2400">
    <p class='ocr_par' dir='ltr' id='par_1_23' title="bbox 187 2324 3428 2400">
     <span class='ocr_line' id='line_1_23' title="bbox 187 2324 3428 2400; baseline 0.002 -21"><span class='ocrx_word' id='word_1_333' title='bbox 187 2342 338 2388; x_wconf 66' lang='grc' dir='ltr'><strong>ωηο,</strong></span> <span class='ocrx_word' id='word_1_334' title='bbox 389 2341 560 2398; x_wconf 85' lang='lat' dir='ltr'><strong>quam</strong></span> <span class='ocrx_word' id='word_1_335' title='bbox 614 2329 780 2392; x_wconf 87' lang='lat' dir='ltr'><strong>visui,</strong></span> <span class='ocrx_word' id='word_1_336' title='bbox 827 2344 978 2382; x_wconf 89' lang='lat' dir='ltr'><strong>nunc</strong></span> <span class='ocrx_word' id='word_1_337' title='bbox 1022 2333 1212 2384; x_wconf 84' lang='lat' dir='ltr'><strong>autem</strong></span> <span class='ocrx_word' id='word_1_338' title='bbox 1267 2329 1546 2400; x_wconf 75' lang='lat' dir='ltr'><strong>spiritalia</strong></span> <span class='ocrx_word' id='word_1_339' title='bbox 1590 2329 1750 2384; x_wconf 83' lang='lat' dir='ltr'><strong>nobis</strong></span> <span class='ocrx_word' id='word_1_340' title='bbox 1830 2324 2176 2380; x_wconf 86' lang='lat' dir='ltr'><strong>Testamenti</strong></span> <span class='ocrx_word' id='word_1_341' title='bbox 2187 2327 2380 2382; x_wconf 73' lang='lat' dir='ltr'><strong>Iesum</strong></span> <span class='ocrx_word' id='word_1_342' title='bbox 2411 2332 2469 2381; x_wconf 91' lang='lat' dir='ltr'><strong>et</strong></span> <span class='ocrx_word' id='word_1_343' title='bbox 2493 2328 2785 2398; x_wconf 84' lang='lat' dir='ltr'><strong>sanguinis</strong></span> <span class='ocrx_word' id='word_1_344' title='bbox 2813 2331 3194 2400; x_wconf 87' lang='lat' dir='ltr'><strong>aspersionem</strong></span> <span class='ocrx_word' id='word_1_345' title='bbox 3224 2332 3428 2388; x_wconf 86' lang='lat' dir='ltr'><strong>melius</strong></span> 
     </span>
    </p>
   </div>
   <div class='ocr_carea' id='block_1_24' title="bbox 183 2413 3426 2490">
    <p class='ocr_par' dir='ltr' id='par_1_24' title="bbox 183 2413 3426 2490">
     <span class='ocr_line' id='line_1_24' title="bbox 183 2413 3426 2490; baseline 0.003 -26"><span class='ocrx_word' id='word_1_346' title='bbox 183 2421 348 2470; x_wconf 72' lang='lat' dir='ltr'><strong>cuncta</strong></span> <span class='ocrx_word' id='word_1_347' title='bbox 371 2417 588 2472; x_wconf 70' lang='lat' dir='ltr'><strong>tributa</strong></span> <span class='ocrx_word' id='word_1_348' title='bbox 616 2419 768 2472; x_wconf 75' lang='lat' dir='ltr'><strong>sunt.</strong></span> <span class='ocrx_word' id='word_1_349' title='bbox 799 2418 955 2472; x_wconf 83' lang='lat' dir='ltr'><strong>Tunc</strong></span> <span class='ocrx_word' id='word_1_350' title='bbox 1002 2418 1209 2482; x_wconf 77' lang='lat' dir='ltr'><strong>fumus,</strong></span> <span class='ocrx_word' id='word_1_351' title='bbox 1237 2418 1441 2489; x_wconf 76' lang='lat' dir='ltr'><strong>inquit,</strong></span> <span class='ocrx_word' id='word_1_352' title='bbox 1471 2424 1595 2473; x_wconf 73' lang='lat' dir='ltr'><strong>erat</strong></span> <span class='ocrx_word' id='word_1_353' title='bbox 1631 2421 1751 2490; x_wconf 74' lang='lat' dir='ltr'><strong>plu.</strong></span> <span class='ocrx_word' id='word_1_354' title='bbox 1831 2413 3426 2485; x_wconf 75' lang='lat' dir='ltr'><strong>loquentem,quamAbel.s(Mwaus.)Quidautem?num</strong></span> 
     </span>
    </p>
   </div>
   <div class='ocr_carea' id='block_1_25' title="bbox 182 2502 3428 2581">
    <p class='ocr_par' dir='ltr' id='par_1_25' title="bbox 182 2502 3428 2581">
     <span class='ocr_line' id='line_1_25' title="bbox 182 2502 3428 2581; baseline 0.002 -23"><span class='ocrx_word' id='word_1_355' title='bbox 182 2505 342 2568; x_wconf 85' lang='lat' dir='ltr'><strong>rimus,</strong></span> <span class='ocrx_word' id='word_1_356' title='bbox 375 2507 652 2578; x_wconf 76' lang='lat' dir='ltr'><strong>quoniam</strong></span> <span class='ocrx_word' id='word_1_357' title='bbox 681 2507 832 2561; x_wconf 85' lang='lat' dir='ltr'><strong>Deus</strong></span> <span class='ocrx_word' id='word_1_358' title='bbox 856 2507 1063 2562; x_wconf 90' lang='lat' dir='ltr'><strong>dicitur</strong></span> <span class='ocrx_word' id='word_1_359' title='bbox 1090 2507 1238 2578; x_wconf 84' lang='lat' dir='ltr'><strong>ignis</strong></span> <span class='ocrx_word' id='word_1_360' title='bbox 1268 2524 1409 2574; x_wconf 83' lang='lat' dir='ltr'><strong>esse,</strong></span> <span class='ocrx_word' id='word_1_361' title='bbox 1440 2525 1574 2562; x_wconf 85' lang='lat' dir='ltr'><strong>nam</strong></span> <span class='ocrx_word' id='word_1_362' title='bbox 1603 2514 1661 2562; x_wconf 85' lang='lat' dir='ltr'><strong>et</strong></span> <span class='ocrx_word' id='word_1_363' title='bbox 1688 2509 1746 2563; x_wconf 90' lang='lat' dir='ltr'><strong>in</strong></span> <span class='ocrx_word' id='word_1_364' title='bbox 1829 2502 2060 2572; x_wconf 64' lang='lat' dir='ltr'><strong>salignis</strong></span> <span class='ocrx_word' id='word_1_365' title='bbox 2079 2503 2219 2558; x_wconf 74' lang='lat' dir='ltr'><strong>Abel</strong></span> <span class='ocrx_word' id='word_1_366' title='bbox 2239 2505 2459 2560; x_wconf 75' lang='lat' dir='ltr'><strong>locutus</strong></span> <span class='ocrx_word' id='word_1_367' title='bbox 2477 2506 2599 2560; x_wconf 78' lang='lat' dir='ltr'><strong>est?</strong></span> <span class='ocrx_word' id='word_1_368' title='bbox 2627 2506 2716 2560; x_wconf 73' lang='lat' dir='ltr'><strong>lto</strong></span> <span class='ocrx_word' id='word_1_369' title='bbox 2742 2512 2847 2573; x_wconf 76' lang='lat' dir='ltr'><strong>est,</strong></span> <span class='ocrx_word' id='word_1_370' title='bbox 2871 2507 3073 2579; x_wconf 83' lang='lat' dir='ltr'><strong>inquit,</strong></span> <span class='ocrx_word' id='word_1_371' title='bbox 3097 2519 3230 2563; x_wconf 80' lang='lat' dir='ltr'><strong>nam</strong></span> <span class='ocrx_word' id='word_1_372' title='bbox 3254 2525 3428 2581; x_wconf 85' lang='lat' dir='ltr'><strong>supra</strong></span> 
     </span>
    </p>
   </div>
   <div class='ocr_carea' id='block_1_26' title="bbox 179 2591 3426 2669">
    <p class='ocr_par' dir='ltr' id='par_1_26' title="bbox 179 2591 3426 2669">
     <span class='ocr_line' id='line_1_26' title="bbox 179 2591 3426 2669; baseline 0.003 -27"><span class='ocrx_word' id='word_1_373' title='bbox 179 2592 294 2648; x_wconf 86' lang='lat' dir='ltr'><strong>rubo</strong></span> <span class='ocrx_word' id='word_1_374' title='bbox 319 2595 582 2650; x_wconf 55' lang='lat' dir='ltr'><strong>gingilith</strong></span> <span class='ocrx_word' id='word_1_375' title='bbox 609 2596 938 2666; x_wconf 71' lang='lat' dir='ltr'><strong>apparuisse</strong></span> <span class='ocrx_word' id='word_1_376' title='bbox 979 2602 1384 2660; x_wconf 80' lang='lat' dir='ltr'><strong>memorantur,</strong></span> <span class='ocrx_word' id='word_1_377' title='bbox 1417 2602 1476 2650; x_wconf 82' lang='lat' dir='ltr'><strong>et</strong></span> <span class='ocrx_word' id='word_1_378' title='bbox 1521 2613 1624 2668; x_wconf 76' lang='lat' dir='ltr'><strong>per</strong></span> <span class='ocrx_word' id='word_1_379' title='bbox 1657 2598 1747 2652; x_wconf 69' lang='lat' dir='ltr'><strong>fu-</strong></span> <span class='ocrx_word' id='word_1_380' title='bbox 1829 2591 1985 2658; x_wconf 74' lang='lat' dir='ltr'><strong>dixit,</strong></span> <span class='ocrx_word' id='word_1_381' title='bbox 2001 2597 2058 2646; x_wconf 89' lang='lat' dir='ltr'><strong>et</strong></span> <span class='ocrx_word' id='word_1_382' title='bbox 2078 2609 2180 2663; x_wconf 89' lang='lat' dir='ltr'><strong>per</strong></span> <span class='ocrx_word' id='word_1_383' title='bbox 2191 2609 2318 2646; x_wconf 85' lang='lat' dir='ltr'><strong>eam</strong></span> <span class='ocrx_word' id='word_1_384' title='bbox 2343 2594 2446 2648; x_wconf 92' lang='lat' dir='ltr'><strong>hoc</strong></span> <span class='ocrx_word' id='word_1_385' title='bbox 2469 2598 2556 2648; x_wconf 90' lang='lat' dir='ltr'><strong>est</strong></span> <span class='ocrx_word' id='word_1_386' title='bbox 2575 2611 2676 2666; x_wconf 86' lang='lat' dir='ltr'><strong>per</strong></span> <span class='ocrx_word' id='word_1_387' title='bbox 2688 2595 2858 2650; x_wconf 84' lang='lat' dir='ltr'><strong>ﬁdem</strong></span> <span class='ocrx_word' id='word_1_388' title='bbox 2875 2597 3059 2652; x_wconf 86' lang='lat' dir='ltr'><strong>adhuc</strong></span> <span class='ocrx_word' id='word_1_389' title='bbox 3076 2613 3257 2669; x_wconf 86' lang='lat' dir='ltr'><strong>usque</strong></span> <span class='ocrx_word' id='word_1_390' title='bbox 3272 2609 3426 2653; x_wconf 60' lang='grc' dir='ltr'><strong>ωομ-</strong></span> 
     </span>
    </p>
   </div>
   <div class='ocr_carea' id='block_1_27' title="bbox 179 2681 3426 2757">
    <p class='ocr_par' dir='ltr' id='par_1_27' title="bbox 179 2681 3426 2757">
     <span class='ocr_line' id='line_1_27' title="bbox 179 2681 3426 2757; baseline 0.002 -20"><span class='ocrx_word' id='word_1_391' title='bbox 179 2697 306 2736; x_wconf 86' lang='lat' dir='ltr'><strong>mum</strong></span> <span class='ocrx_word' id='word_1_392' title='bbox 331 2685 496 2738; x_wconf 87' lang='lat' dir='ltr'><strong>etiam</strong></span> <span class='ocrx_word' id='word_1_393' title='bbox 525 2685 726 2755; x_wconf 81' lang='lat' dir='ltr'><strong>ignem</strong></span> <span class='ocrx_word' id='word_1_394' title='bbox 745 2683 917 2738; x_wconf 86' lang='lat' dir='ltr'><strong>fuisse</strong></span> <span class='ocrx_word' id='word_1_395' title='bbox 945 2683 1242 2754; x_wconf 80' lang='lat' dir='ltr'><strong>significat.</strong></span> <span class='ocrx_word' id='word_1_396' title='bbox 1265 2685 1530 2740; x_wconf 77' lang='lat' dir='ltr'><strong>Tenebrae</strong></span> <span class='ocrx_word' id='word_1_397' title='bbox 1554 2691 1746 2740; x_wconf 81' lang='lat' dir='ltr'><strong>autem</strong></span> <span class='ocrx_word' id='word_1_398' title='bbox 1827 2686 1958 2735; x_wconf 90' lang='lat' dir='ltr'><strong>tuus</strong></span> <span class='ocrx_word' id='word_1_399' title='bbox 1977 2681 2244 2751; x_wconf 81' lang='lat' dir='ltr'><strong>loquitur,</strong></span> <span class='ocrx_word' id='word_1_400' title='bbox 2263 2687 2322 2736; x_wconf 89' lang='lat' dir='ltr'><strong>et</strong></span> <span class='ocrx_word' id='word_1_401' title='bbox 2340 2681 2547 2737; x_wconf 87' lang='lat' dir='ltr'><strong>iterum</strong></span> <span class='ocrx_word' id='word_1_402' title='bbox 2567 2684 2718 2738; x_wconf 88' lang='lat' dir='ltr'><strong>Deus</strong></span> <span class='ocrx_word' id='word_1_403' title='bbox 2752 2684 2919 2740; x_wconf 83' lang='lat' dir='ltr'><strong>dixit:</strong></span> <span class='ocrx_word' id='word_1_404' title='bbox 2948 2705 2974 2737; x_wconf 73' lang='grc' dir='ltr'>ι</span> <span class='ocrx_word' id='word_1_405' title='bbox 2996 2686 3116 2740; x_wconf 77' lang='lat' dir='ltr'><strong>Vox</strong></span> <span class='ocrx_word' id='word_1_406' title='bbox 3135 2686 3426 2757; x_wconf 81' lang='lat' dir='ltr'><strong>sanguinis</strong></span> 
     </span>
    </p>
   </div>
   <div class='ocr_carea' id='block_1_28' title="bbox 181 2769 3426 2846">
    <p class='ocr_par' dir='ltr' id='par_1_28' title="bbox 181 2769 3426 2846">
     <span class='ocr_line' id='line_1_28' title="bbox 181 2769 3426 2846; baseline 0.002 -23"><span class='ocrx_word' id='word_1_407' title='bbox 181 2777 226 2823; x_wconf 83' lang='lat' dir='ltr'><strong>et</strong></span> <span class='ocrx_word' id='word_1_408' title='bbox 250 2772 413 2842; x_wconf 70' lang='lat' dir='ltr'><strong>alligo</strong></span> <span class='ocrx_word' id='word_1_409' title='bbox 441 2780 728 2827; x_wconf 84' lang='lat' dir='ltr'><strong>terrorem</strong></span> <span class='ocrx_word' id='word_1_410' title='bbox 757 2773 1074 2828; x_wconf 78' lang='lat' dir='ltr'><strong>videntibus</strong></span> <span class='ocrx_word' id='word_1_411' title='bbox 1100 2772 1409 2828; x_wconf 72' lang='lat' dir='ltr'><strong>efferebant</strong></span> <span class='ocrx_word' id='word_1_412' title='bbox 1437 2791 1449 2826; x_wconf 90' lang='lat'><strong>:</strong></span> <span class='ocrx_word' id='word_1_413' title='bbox 1484 2773 1563 2828; x_wconf 87' lang='lat' dir='ltr'><strong>sic</strong></span> <span class='ocrx_word' id='word_1_414' title='bbox 1593 2775 1746 2828; x_wconf 90' lang='lat' dir='ltr'><strong>enim</strong></span> <span class='ocrx_word' id='word_1_415' title='bbox 1827 2769 2017 2824; x_wconf 77' lang='lat' dir='ltr'><strong>fratris</strong></span> <span class='ocrx_word' id='word_1_416' title='bbox 2047 2771 2132 2824; x_wconf 88' lang='lat' dir='ltr'><strong>tui</strong></span> <span class='ocrx_word' id='word_1_417' title='bbox 2161 2772 2370 2826; x_wconf 75' lang='lat' dir='ltr'><strong>clamat</strong></span> <span class='ocrx_word' id='word_1_418' title='bbox 2396 2771 2466 2826; x_wconf 75' lang='lat' dir='ltr'><strong>ad</strong></span> <span class='ocrx_word' id='word_1_419' title='bbox 2496 2788 2588 2826; x_wconf 89' lang='lat' dir='ltr'><strong>me</strong></span> <span class='ocrx_word' id='word_1_420' title='bbox 2616 2773 2773 2840; x_wconf 80' lang='lat' dir='ltr'><strong>(Gen.</strong></span> <span class='ocrx_word' id='word_1_421' title='bbox 2811 2776 2904 2842; x_wconf 80' lang='lat' dir='ltr'><strong>iv).</strong></span> <span class='ocrx_word' id='word_1_422' title='bbox 2941 2794 2967 2827; x_wconf 69' lang='grc' dir='ltr'><strong><em>ι</em></strong></span> <span class='ocrx_word' id='word_1_423' title='bbox 3000 2774 3126 2831; x_wconf 81' lang='lat' dir='ltr'><strong>Sive</strong></span> <span class='ocrx_word' id='word_1_424' title='bbox 3153 2789 3289 2846; x_wconf 82' lang='lat' dir='ltr'><strong>ergo</strong></span> <span class='ocrx_word' id='word_1_425' title='bbox 3315 2776 3426 2832; x_wconf 83' lang='lat' dir='ltr'><strong>isto</strong></span> 
     </span>
    </p>
   </div>
   <div class='ocr_carea' id='block_1_29' title="bbox 177 2859 3424 2935">
    <p class='ocr_par' dir='ltr' id='par_1_29' title="bbox 177 2859 3424 2935">
     <span class='ocr_line' id='line_1_29' title="bbox 177 2859 3424 2935; baseline 0.002 -23"><span class='ocrx_word' id='word_1_426' title='bbox 177 2859 318 2912; x_wconf 71' lang='lat' dir='ltr'><strong>suain</strong></span> <span class='ocrx_word' id='word_1_427' title='bbox 342 2861 513 2915; x_wconf 85' lang='lat' dir='ltr'><strong>lsaias</strong></span> <span class='ocrx_word' id='word_1_428' title='bbox 543 2861 689 2914; x_wconf 83' lang='lat' dir='ltr'><strong>dicit</strong></span> <span class='ocrx_word' id='word_1_429' title='bbox 719 2879 730 2914; x_wconf 87' lang='lat'><strong><em>:</em></strong></span> <span class='ocrx_word' id='word_1_430' title='bbox 767 2879 794 2913; x_wconf 73' lang='grc' dir='ltr'>ι</span> <span class='ocrx_word' id='word_1_431' title='bbox 818 2862 888 2916; x_wconf 89' lang='lat' dir='ltr'><strong>Et</strong></span> <span class='ocrx_word' id='word_1_432' title='bbox 905 2861 1140 2932; x_wconf 86' lang='lat' dir='ltr'><strong>impleta</strong></span> <span class='ocrx_word' id='word_1_433' title='bbox 1155 2868 1243 2916; x_wconf 87' lang='lat' dir='ltr'><strong>est</strong></span> <span class='ocrx_word' id='word_1_434' title='bbox 1269 2862 1472 2916; x_wconf 86' lang='lat' dir='ltr'><strong>domus</strong></span> <span class='ocrx_word' id='word_1_435' title='bbox 1498 2879 1565 2916; x_wconf 77' lang='lat' dir='ltr'><strong>ex</strong></span> <span class='ocrx_word' id='word_1_436' title='bbox 1592 2863 1746 2918; x_wconf 84' lang='lat' dir='ltr'><strong>fumo</strong></span> <span class='ocrx_word' id='word_1_437' title='bbox 1828 2859 1995 2912; x_wconf 89' lang='lat' dir='ltr'><strong>modo</strong></span> <span class='ocrx_word' id='word_1_438' title='bbox 2023 2859 2451 2930; x_wconf 88' lang='lat' dir='ltr'><strong>intelligendum</strong></span> <span class='ocrx_word' id='word_1_439' title='bbox 2492 2867 2598 2927; x_wconf 83' lang='lat' dir='ltr'><strong>est,</strong></span> <span class='ocrx_word' id='word_1_440' title='bbox 2631 2861 2746 2916; x_wconf 91' lang='lat' dir='ltr'><strong>sive</strong></span> <span class='ocrx_word' id='word_1_441' title='bbox 2790 2863 2888 2917; x_wconf 90' lang='lat' dir='ltr'><strong>illo</strong></span> <span class='ocrx_word' id='word_1_442' title='bbox 2933 2864 3199 2935; x_wconf 87' lang='lat' dir='ltr'><strong>quoniam</strong></span> <span class='ocrx_word' id='word_1_443' title='bbox 3239 2864 3424 2920; x_wconf 77' lang='lat' dir='ltr'><strong>adhuc</strong></span> 
     </span>
    </p>
   </div>
   <div class='ocr_carea' id='block_1_30' title="bbox 171 2947 3422 3022">
    <p class='ocr_par' dir='ltr' id='par_1_30' title="bbox 171 2947 3422 3022">
     <span class='ocr_line' id='line_1_30' title="bbox 171 2947 3422 3022; baseline 0.002 -21"><span class='ocrx_word' id='word_1_444' title='bbox 171 2949 278 3010; x_wconf 69' lang='lat' dir='ltr'><strong>(lia.</strong></span> <span class='ocrx_word' id='word_1_445' title='bbox 310 2951 402 3018; x_wconf 73' lang='lat' dir='ltr'><strong>vn).</strong></span> <span class='ocrx_word' id='word_1_446' title='bbox 437 2969 464 3004; x_wconf 74' lang='grc' dir='ltr'><strong>ι</strong></span> <span class='ocrx_word' id='word_1_447' title='bbox 507 2950 773 3004; x_wconf 87' lang='lat' dir='ltr'><strong>Procella</strong></span> <span class='ocrx_word' id='word_1_448' title='bbox 796 2967 927 3004; x_wconf 86' lang='lat' dir='ltr'><strong>vero</strong></span> <span class='ocrx_word' id='word_1_449' title='bbox 959 2951 1092 3021; x_wconf 91' lang='lat' dir='ltr'><strong>quid</strong></span> <span class='ocrx_word' id='word_1_450' title='bbox 1127 2949 1234 3004; x_wconf 88' lang='lat' dir='ltr'><strong>sibi</strong></span> <span class='ocrx_word' id='word_1_451' title='bbox 1269 2951 1426 3004; x_wconf 83' lang='lat' dir='ltr'><strong>vult?</strong></span> <span class='ocrx_word' id='word_1_452' title='bbox 1455 2951 1745 3022; x_wconf 86' lang='lat' dir='ltr'><strong>negligens</strong></span> <span class='ocrx_word' id='word_1_453' title='bbox 1827 2963 2006 3017; x_wconf 77' lang='lat' dir='ltr'><strong>usque</strong></span> <span class='ocrx_word' id='word_1_454' title='bbox 2033 2947 2348 3003; x_wconf 75' lang='lat' dir='ltr'><strong>celebratur</strong></span> <span class='ocrx_word' id='word_1_455' title='bbox 2367 2949 2471 3003; x_wconf 84' lang='lat' dir='ltr'><strong>hoc</strong></span> <span class='ocrx_word' id='word_1_456' title='bbox 2501 2949 2731 3005; x_wconf 81' lang='lat' dir='ltr'><strong>factum.</strong></span> <span class='ocrx_word' id='word_1_457' title='bbox 2756 2951 3161 3007; x_wconf 78' lang='lat' dir='ltr'><strong>Verumtamen</strong></span> <span class='ocrx_word' id='word_1_458' title='bbox 3186 2954 3422 3020; x_wconf 78' lang='lat' dir='ltr'><strong>nauita,</strong></span> 
     </span>
    </p>
   </div>
   <div class='ocr_carea' id='block_1_31' title="bbox 175 3035 3424 3114">
    <p class='ocr_par' dir='ltr' id='par_1_31' title="bbox 175 3035 3424 3114">
     <span class='ocr_line' id='line_1_31' title="bbox 175 3035 3424 3114; baseline 0.002 -25"><span class='ocrx_word' id='word_1_459' title='bbox 175 3045 274 3090; x_wconf 82' lang='lat' dir='ltr'><strong>erat</strong></span> <span class='ocrx_word' id='word_1_460' title='bbox 299 3038 617 3094; x_wconf 84' lang='lat' dir='ltr'><strong>humanum</strong></span> <span class='ocrx_word' id='word_1_461' title='bbox 643 3055 822 3109; x_wconf 89' lang='lat' dir='ltr'><strong>genus</strong></span> <span class='ocrx_word' id='word_1_462' title='bbox 853 3045 912 3094; x_wconf 86' lang='lat' dir='ltr'><strong>et</strong></span> <span class='ocrx_word' id='word_1_463' title='bbox 937 3055 1128 3109; x_wconf 87' lang='lat' dir='ltr'><strong>segne,</strong></span> <span class='ocrx_word' id='word_1_464' title='bbox 1159 3039 1454 3111; x_wconf 83' lang='lat' dir='ltr'><strong>oportebat</strong></span> <span class='ocrx_word' id='word_1_465' title='bbox 1501 3057 1635 3111; x_wconf 89' lang='lat' dir='ltr'><strong>ergo</strong></span> <span class='ocrx_word' id='word_1_466' title='bbox 1681 3047 1745 3095; x_wconf 88' lang='lat' dir='ltr'><strong>ut</strong></span> <span class='ocrx_word' id='word_1_467' title='bbox 1767 3095 1807 3114; x_wconf 50' lang='grc' dir='ltr'>Α</span> <span class='ocrx_word' id='word_1_468' title='bbox 1825 3035 1972 3090; x_wconf 84' lang='lat' dir='ltr'><strong>sicut</strong></span> <span class='ocrx_word' id='word_1_469' title='bbox 2016 3036 2142 3102; x_wconf 85' lang='lat' dir='ltr'><strong>iste,</strong></span> <span class='ocrx_word' id='word_1_470' title='bbox 2193 3038 2298 3091; x_wconf 91' lang='lat' dir='ltr'><strong>hoc</strong></span> <span class='ocrx_word' id='word_1_471' title='bbox 2347 3043 2435 3092; x_wconf 87' lang='lat' dir='ltr'><strong>est</strong></span> <span class='ocrx_word' id='word_1_472' title='bbox 2471 3039 2702 3110; x_wconf 82' lang='lat' dir='ltr'><strong>sanguis</strong></span> <span class='ocrx_word' id='word_1_473' title='bbox 2749 3040 2976 3096; x_wconf 85' lang='lat' dir='ltr'><strong>Christi.</strong></span> <span class='ocrx_word' id='word_1_474' title='bbox 3016 3042 3141 3113; x_wconf 86' lang='lat' dir='ltr'><strong>Ipse</strong></span> <span class='ocrx_word' id='word_1_475' title='bbox 3179 3058 3424 3114; x_wconf 78' lang='lat' dir='ltr'><strong>namque</strong></span> 
     </span>
    </p>
   </div>
   <div class='ocr_carea' id='block_1_32' title="bbox 173 3095 3426 3204">
    <p class='ocr_par' dir='ltr' id='par_1_32' title="bbox 173 3095 3426 3204">
     <span class='ocr_line' id='line_1_32' title="bbox 173 3095 3426 3204; baseline 0 -20"><span class='ocrx_word' id='word_1_476' title='bbox 173 3126 452 3196; x_wconf 75' lang='lat' dir='ltr'><strong>eligeretur</strong></span> <span class='ocrx_word' id='word_1_477' title='bbox 471 3129 610 3182; x_wconf 78' lang='lat' dir='ltr'><strong>istis</strong></span> <span class='ocrx_word' id='word_1_478' title='bbox 640 3095 697 3182; x_wconf 59' lang='lat' dir='ltr'><strong>et</strong></span> <span class='ocrx_word' id='word_1_479' title='bbox 716 3095 1744 3184; x_wconf 51' lang='lat' dir='ltr'><strong>mdderetlrx&#39;attentum.Nullusuenim</strong></span> <span class='ocrx_word' id='word_1_480' title='bbox 1764 3095 1808 3156; x_wconf 65' lang='grc' dir='ltr'><strong>δ</strong></span> <span class='ocrx_word' id='word_1_481' title='bbox 1825 3125 2072 3180; x_wconf 89' lang='lat' dir='ltr'><strong>mundus</strong></span> <span class='ocrx_word' id='word_1_482' title='bbox 2098 3095 2342 3181; x_wconf 82' lang='lat' dir='ltr'><strong>reddidit</strong></span> <span class='ocrx_word' id='word_1_483' title='bbox 2380 3095 2688 3195; x_wconf 59' lang='lat' dir='ltr'><strong>universos,</strong></span> <span class='ocrx_word' id='word_1_484' title='bbox 2721 3135 2779 3183; x_wconf 86' lang='lat' dir='ltr'><strong>et</strong></span> <span class='ocrx_word' id='word_1_485' title='bbox 2806 3095 2996 3185; x_wconf 88' lang='lat' dir='ltr'><strong>vocem</strong></span> <span class='ocrx_word' id='word_1_486' title='bbox 3019 3095 3426 3204; x_wconf 41' lang='lat' dir='ltr'><strong>einlttitsigjni-</strong></span> 
     </span>
    </p>
   </div>
   <div class='ocr_carea' id='block_1_33' title="bbox 173 3214 3422 3292">
    <p class='ocr_par' dir='ltr' id='par_1_33' title="bbox 173 3214 3422 3292">
     <span class='ocr_line' id='line_1_33' title="bbox 173 3214 3422 3292; baseline 0.002 -24"><span class='ocrx_word' id='word_1_487' title='bbox 173 3222 267 3268; x_wconf 77' lang='lat' dir='ltr'><strong>tam</strong></span> <span class='ocrx_word' id='word_1_488' title='bbox 293 3217 456 3272; x_wconf 78' lang='lat' dir='ltr'><strong>hebes</strong></span> <span class='ocrx_word' id='word_1_489' title='bbox 485 3224 624 3272; x_wconf 80' lang='lat' dir='ltr'><strong>erat</strong></span> <span class='ocrx_word' id='word_1_490' title='bbox 653 3223 752 3272; x_wconf 83' lang='lat' dir='ltr'><strong>aut</strong></span> <span class='ocrx_word' id='word_1_491' title='bbox 778 3217 1035 3282; x_wconf 81' lang='lat' dir='ltr'><strong>stolidus,</strong></span> <span class='ocrx_word' id='word_1_492' title='bbox 1069 3218 1165 3288; x_wconf 88' lang='lat' dir='ltr'><strong>qui</strong></span> <span class='ocrx_word' id='word_1_493' title='bbox 1211 3235 1336 3272; x_wconf 87' lang='lat' dir='ltr'><strong>cum</strong></span> <span class='ocrx_word' id='word_1_494' title='bbox 1382 3219 1499 3272; x_wconf 70' lang='lat' dir='ltr'><strong>hinc</strong></span> <span class='ocrx_word' id='word_1_495' title='bbox 1545 3219 1747 3274; x_wconf 83' lang='lat' dir='ltr'><strong>ﬁerent</strong></span> <span class='ocrx_word' id='word_1_496' title='bbox 1825 3214 2174 3270; x_wconf 77' lang='lat' dir='ltr'><strong>ﬁcantiorem</strong></span> <span class='ocrx_word' id='word_1_497' title='bbox 2203 3221 2372 3287; x_wconf 75' lang='lat' dir='ltr'><strong>atqne</strong></span> <span class='ocrx_word' id='word_1_498' title='bbox 2416 3217 2731 3283; x_wconf 80' lang='lat' dir='ltr'><strong>clariorem,</strong></span> <span class='ocrx_word' id='word_1_499' title='bbox 2763 3226 2976 3290; x_wconf 87' lang='lat' dir='ltr'><strong>quanto</strong></span> <span class='ocrx_word' id='word_1_500' title='bbox 3020 3219 3191 3275; x_wconf 79' lang='lat' dir='ltr'><strong>etiam</strong></span> <span class='ocrx_word' id='word_1_501' title='bbox 3233 3222 3422 3292; x_wconf 81' lang='lat' dir='ltr'><strong>majus</strong></span> 
     </span>
    </p>
   </div>
   <div class='ocr_carea' id='block_1_34' title="bbox 169 3303 3422 3380">
    <p class='ocr_par' dir='ltr' id='par_1_34' title="bbox 169 3303 3422 3380">
     <span class='ocr_line' id='line_1_34' title="bbox 169 3303 3422 3380; baseline 0.004 -20"><span class='ocrx_word' id='word_1_502' title='bbox 169 3313 413 3360; x_wconf 74' lang='lat' dir='ltr'><strong>amasset</strong></span> <span class='ocrx_word' id='word_1_503' title='bbox 433 3313 566 3361; x_wconf 84' lang='lat' dir='ltr'><strong>toto</strong></span> <span class='ocrx_word' id='word_1_504' title='bbox 586 3307 752 3360; x_wconf 88' lang='lat' dir='ltr'><strong>corde</strong></span> <span class='ocrx_word' id='word_1_505' title='bbox 775 3307 832 3360; x_wconf 90' lang='lat' dir='ltr'><strong>in</strong></span> <span class='ocrx_word' id='word_1_506' title='bbox 853 3307 1148 3378; x_wconf 84' lang='lat' dir='ltr'><strong>superiora</strong></span> <span class='ocrx_word' id='word_1_507' title='bbox 1176 3306 1467 3362; x_wconf 84' lang='lat' dir='ltr'><strong>sublatus:</strong></span> <span class='ocrx_word' id='word_1_508' title='bbox 1491 3308 1571 3361; x_wconf 89' lang='lat' dir='ltr'><strong>sic</strong></span> <span class='ocrx_word' id='word_1_509' title='bbox 1592 3308 1744 3362; x_wconf 88' lang='lat' dir='ltr'><strong>enim</strong></span> <span class='ocrx_word' id='word_1_510' title='bbox 1824 3303 2212 3358; x_wconf 79' lang='lat' dir='ltr'><strong>testimonium</strong></span> <span class='ocrx_word' id='word_1_511' title='bbox 2243 3322 2307 3358; x_wconf 78' lang='lat' dir='ltr'><strong>ex</strong></span> <span class='ocrx_word' id='word_1_512' title='bbox 2337 3305 2504 3360; x_wconf 81' lang='lat' dir='ltr'><strong>rebus</strong></span> <span class='ocrx_word' id='word_1_513' title='bbox 2529 3305 2667 3377; x_wconf 83' lang='lat' dir='ltr'><strong>ipsis</strong></span> <span class='ocrx_word' id='word_1_514' title='bbox 2700 3309 2915 3380; x_wconf 80' lang='lat' dir='ltr'><strong>accepit</strong></span> <span class='ocrx_word' id='word_1_515' title='bbox 2939 3309 2952 3362; x_wconf 77' lang='grc' dir='ltr'><em>ι</em></span> <span class='ocrx_word' id='word_1_516' title='bbox 2988 3311 3195 3378; x_wconf 77' lang='grc' dir='ltr'><strong>(Ιοαηο)</strong></span> <span class='ocrx_word' id='word_1_517' title='bbox 3227 3310 3307 3378; x_wconf 68' lang='grc' dir='ltr'><strong>εἰς</strong></span> <span class='ocrx_word' id='word_1_518' title='bbox 3336 3310 3422 3366; x_wconf 67' lang='grc' dir='ltr'><strong>ἣν</strong></span> 
     </span>
    </p>
   </div>
   <div class='ocr_carea' id='block_1_35' title="bbox 167 3393 3420 3470">
    <p class='ocr_par' dir='ltr' id='par_1_35' title="bbox 167 3393 3420 3470">
     <span class='ocr_line' id='line_1_35' title="bbox 167 3393 3420 3470; baseline 0.002 -24"><span class='ocrx_word' id='word_1_519' title='bbox 167 3395 426 3463; x_wconf 79' lang='lat' dir='ltr'><strong>oportebat</strong></span> <span class='ocrx_word' id='word_1_520' title='bbox 438 3396 593 3465; x_wconf 76' lang='lat' dir='ltr'><strong>erigi</strong></span> <span class='ocrx_word' id='word_1_521' title='bbox 615 3403 832 3450; x_wconf 80' lang='lat' dir='ltr'><strong>mentes</strong></span> <span class='ocrx_word' id='word_1_522' title='bbox 851 3396 1165 3462; x_wconf 83' lang='lat' dir='ltr'><strong>hominum,</strong></span> <span class='ocrx_word' id='word_1_523' title='bbox 1184 3413 1311 3450; x_wconf 89' lang='lat' dir='ltr'><strong>cum</strong></span> <span class='ocrx_word' id='word_1_524' title='bbox 1333 3396 1473 3466; x_wconf 86' lang='lat' dir='ltr'><strong>legis</strong></span> <span class='ocrx_word' id='word_1_525' title='bbox 1485 3397 1746 3452; x_wconf 83' lang='lat' dir='ltr'><strong>instituta</strong></span> <span class='ocrx_word' id='word_1_526' title='bbox 1825 3393 2666 3464; x_wconf 84' lang='lat' dir='ltr'><strong>quit,sanguisloquitur,multo</strong></span> <span class='ocrx_word' id='word_1_527' title='bbox 2685 3397 2866 3466; x_wconf 87' lang='lat' dir='ltr'><strong>magis</strong></span> <span class='ocrx_word' id='word_1_528' title='bbox 2881 3397 3151 3468; x_wconf 75' lang='lat' dir='ltr'><strong>loquitur,</strong></span> <span class='ocrx_word' id='word_1_529' title='bbox 3168 3398 3266 3470; x_wconf 88' lang='lat' dir='ltr'><strong>qui</strong></span> <span class='ocrx_word' id='word_1_530' title='bbox 3285 3399 3420 3454; x_wconf 83' lang='lat' dir='ltr'><strong>vivit</strong></span> 
     </span>
    </p>
   </div>
   <div class='ocr_carea' id='block_1_36' title="bbox 165 3480 3420 3558">
    <p class='ocr_par' dir='ltr' id='par_1_36' title="bbox 165 3480 3420 3558">
     <span class='ocr_line' id='line_1_36' title="bbox 165 3480 3420 3558; baseline 0.002 -23"><span class='ocrx_word' id='word_1_531' title='bbox 165 3480 418 3539; x_wconf 72' lang='lat' dir='ltr'><strong>ferientur</strong></span> <span class='ocrx_word' id='word_1_532' title='bbox 449 3505 460 3538; x_wconf 93' lang='lat'><strong>:</strong></span> <span class='ocrx_word' id='word_1_533' title='bbox 503 3503 542 3537; x_wconf 76' lang='grc' dir='ltr'><strong>σι</strong></span> <span class='ocrx_word' id='word_1_534' title='bbox 581 3491 640 3539; x_wconf 83' lang='lat' dir='ltr'><strong>et</strong></span> <span class='ocrx_word' id='word_1_535' title='bbox 683 3486 923 3556; x_wconf 81' lang='lat' dir='ltr'><strong>Moyses,</strong></span> <span class='ocrx_word' id='word_1_536' title='bbox 955 3485 1158 3556; x_wconf 85' lang='lat' dir='ltr'><strong>inquit,</strong></span> <span class='ocrx_word' id='word_1_537' title='bbox 1189 3485 1544 3556; x_wconf 80' lang='lat' dir='ltr'><strong>loquebatur,</strong></span> <span class='ocrx_word' id='word_1_538' title='bbox 1593 3487 1744 3541; x_wconf 87' lang='lat' dir='ltr'><strong>Deus</strong></span> <span class='ocrx_word' id='word_1_539' title='bbox 1824 3481 2056 3535; x_wconf 72' lang='lat' dir='ltr'><strong>occisus.</strong></span> <span class='ocrx_word' id='word_1_540' title='bbox 2091 3481 2238 3545; x_wconf 80' lang='lat' dir='ltr'><strong>Quid</strong></span> <span class='ocrx_word' id='word_1_541' title='bbox 2265 3487 2456 3538; x_wconf 74' lang='lat' dir='ltr'><strong>autem</strong></span> <span class='ocrx_word' id='word_1_542' title='bbox 2492 3483 2782 3553; x_wconf 80' lang='lat' dir='ltr'><strong>loquitur?</strong></span> <span class='ocrx_word' id='word_1_543' title='bbox 2815 3501 2839 3536; x_wconf 75' lang='grc' dir='ltr'><strong><em>ι</em></strong></span> <span class='ocrx_word' id='word_1_544' title='bbox 2875 3487 3018 3556; x_wconf 83' lang='lat' dir='ltr'><strong>Ipse,</strong></span> <span class='ocrx_word' id='word_1_545' title='bbox 3049 3487 3257 3556; x_wconf 83' lang='lat' dir='ltr'><strong>inquit,</strong></span> <span class='ocrx_word' id='word_1_546' title='bbox 3289 3487 3420 3558; x_wconf 69' lang='grc' dir='ltr'><strong>δρία·</strong></span> 
     </span>
    </p>
   </div>
   <div class='ocr_carea' id='block_1_37' title="bbox 165 3569 3420 3646">
    <p class='ocr_par' dir='ltr' id='par_1_37' title="bbox 165 3569 3420 3646">
     <span class='ocr_line' id='line_1_37' title="bbox 165 3569 3420 3646; baseline 0.001 -19"><span class='ocrx_word' id='word_1_547' title='bbox 165 3579 328 3628; x_wconf 70' lang='lat' dir='ltr'><strong>autem</strong></span> <span class='ocrx_word' id='word_1_548' title='bbox 356 3573 743 3646; x_wconf 80' lang='lat' dir='ltr'><strong>respondebat</strong></span> <span class='ocrx_word' id='word_1_549' title='bbox 772 3575 822 3627; x_wconf 86' lang='lat' dir='ltr'><strong>ei</strong></span> <span class='ocrx_word' id='word_1_550' title='bbox 858 3592 869 3626; x_wconf 92' lang='lat'><strong>:</strong></span> <span class='ocrx_word' id='word_1_551' title='bbox 910 3593 935 3625; x_wconf 75' lang='grc' dir='ltr'><strong>ι)</strong></span> <span class='ocrx_word' id='word_1_552' title='bbox 955 3572 1250 3646; x_wconf 80' lang='lat' dir='ltr'><strong>Oportebat</strong></span> <span class='ocrx_word' id='word_1_553' title='bbox 1278 3574 1484 3646; x_wconf 88' lang='lat' dir='ltr'><strong>quippe</strong></span> <span class='ocrx_word' id='word_1_554' title='bbox 1515 3580 1574 3628; x_wconf 86' lang='lat' dir='ltr'><strong>et</strong></span> <span class='ocrx_word' id='word_1_555' title='bbox 1599 3575 1742 3629; x_wconf 69' lang='lat' dir='ltr'><strong>divi.-</strong></span> <span class='ocrx_word' id='word_1_556' title='bbox 1825 3569 1967 3623; x_wconf 87' lang='lat' dir='ltr'><strong>ritus</strong></span> <span class='ocrx_word' id='word_1_557' title='bbox 2003 3569 2255 3640; x_wconf 88' lang='lat' dir='ltr'><strong>loquitur</strong></span> <span class='ocrx_word' id='word_1_558' title='bbox 2283 3587 2385 3641; x_wconf 90' lang='lat' dir='ltr'><strong>pro</strong></span> <span class='ocrx_word' id='word_1_559' title='bbox 2414 3571 2575 3625; x_wconf 87' lang='lat' dir='ltr'><strong>nobis</strong></span> <span class='ocrx_word' id='word_1_560' title='bbox 2603 3571 2908 3641; x_wconf 84' lang='lat' dir='ltr'><strong>gemitibus</strong></span> <span class='ocrx_word' id='word_1_561' title='bbox 2949 3574 3420 3630; x_wconf 83' lang='lat' dir='ltr'><strong>inenarrabilibus</strong></span> 
     </span>
    </p>
   </div>
   <div class='ocr_carea' id='block_1_38' title="bbox 163 3658 3419 3735">
    <p class='ocr_par' dir='ltr' id='par_1_38' title="bbox 163 3658 3419 3735">
     <span class='ocr_line' id='line_1_38' title="bbox 163 3658 3419 3735; baseline 0.002 -24"><span class='ocrx_word' id='word_1_562' title='bbox 163 3673 271 3716; x_wconf 77' lang='lat' dir='ltr'><strong>nam</strong></span> <span class='ocrx_word' id='word_1_563' title='bbox 310 3662 556 3733; x_wconf 78' lang='lat' dir='ltr'><strong>proferri</strong></span> <span class='ocrx_word' id='word_1_564' title='bbox 602 3679 808 3728; x_wconf 90' lang='lat' dir='ltr'><strong>vocem,</strong></span> <span class='ocrx_word' id='word_1_565' title='bbox 862 3663 1128 3734; x_wconf 87' lang='lat' dir='ltr'><strong>quoniam</strong></span> <span class='ocrx_word' id='word_1_566' title='bbox 1175 3679 1276 3734; x_wconf 87' lang='lat' dir='ltr'><strong>per</strong></span> <span class='ocrx_word' id='word_1_567' title='bbox 1321 3663 1550 3734; x_wconf 87' lang='lat' dir='ltr'><strong>Moysen</strong></span> <span class='ocrx_word' id='word_1_568' title='bbox 1599 3663 1740 3734; x_wconf 85' lang='lat' dir='ltr'><strong>legis</strong></span> <span class='ocrx_word' id='word_1_569' title='bbox 1823 3659 1996 3724; x_wconf 81' lang='lat' dir='ltr'><strong>(Rom.</strong></span> <span class='ocrx_word' id='word_1_570' title='bbox 2021 3662 2151 3727; x_wconf 79' lang='lat' dir='ltr'><strong>vni).</strong></span> <span class='ocrx_word' id='word_1_571' title='bbox 2180 3679 2205 3709; x_wconf 81' lang='lat'>»</span> <span class='ocrx_word' id='word_1_572' title='bbox 2241 3658 2533 3722; x_wconf 82' lang='lat' dir='ltr'><strong>Quomodo</strong></span> <span class='ocrx_word' id='word_1_573' title='bbox 2573 3660 2866 3730; x_wconf 85' lang='lat' dir='ltr'><strong>loquitur?</strong></span> <span class='ocrx_word' id='word_1_574' title='bbox 2898 3661 3186 3731; x_wconf 75' lang='lat' dir='ltr'><strong>ingressus</strong></span> <span class='ocrx_word' id='word_1_575' title='bbox 3209 3663 3419 3735; x_wconf 84' lang='lat' dir='ltr'><strong>quippe</strong></span> 
     </span>
    </p>
   </div>
   <div class='ocr_carea' id='block_1_39' title="bbox 163 3747 3417 3823">
    <p class='ocr_par' dir='ltr' id='par_1_39' title="bbox 163 3747 3417 3823">
     <span class='ocr_line' id='line_1_39' title="bbox 163 3747 3417 3823; baseline 0.002 -23"><span class='ocrx_word' id='word_1_576' title='bbox 163 3756 303 3804; x_wconf 82' lang='lat' dir='ltr'><strong>erant.</strong></span> <span class='ocrx_word' id='word_1_577' title='bbox 326 3752 522 3806; x_wconf 69' lang='lat' dir='ltr'><strong>danda.</strong></span> <span class='ocrx_word' id='word_1_578' title='bbox 551 3759 847 3823; x_wconf 57' lang='lat' dir='ltr'><strong>precepts,</strong></span> <span class='ocrx_word' id='word_1_579' title='bbox 881 3758 1178 3823; x_wconf 81' lang='lat' dir='ltr'><strong>propterea</strong></span> <span class='ocrx_word' id='word_1_580' title='bbox 1205 3752 1377 3806; x_wconf 80' lang='lat' dir='ltr'><strong>etiam</strong></span> <span class='ocrx_word' id='word_1_581' title='bbox 1404 3769 1535 3806; x_wconf 78' lang='lat' dir='ltr'><strong>voce</strong></span> <span class='ocrx_word' id='word_1_582' title='bbox 1550 3752 1741 3807; x_wconf 75' lang='lat' dir='ltr'><strong>divina</strong></span> <span class='ocrx_word' id='word_1_583' title='bbox 1819 3752 2066 3800; x_wconf 77' lang='lat' dir='ltr'><strong>mentem</strong></span> <span class='ocrx_word' id='word_1_584' title='bbox 2091 3747 2410 3802; x_wconf 72' lang='lat' dir='ltr'><strong>sinceritate</strong></span> <span class='ocrx_word' id='word_1_585' title='bbox 2435 3753 2750 3820; x_wconf 83' lang='lat' dir='ltr'><strong>purgatam,</strong></span> <span class='ocrx_word' id='word_1_586' title='bbox 2780 3749 2946 3820; x_wconf 88' lang='lat' dir='ltr'><strong>erigit</strong></span> <span class='ocrx_word' id='word_1_587' title='bbox 2965 3766 3090 3804; x_wconf 86' lang='lat' dir='ltr'><strong>eam</strong></span> <span class='ocrx_word' id='word_1_588' title='bbox 3108 3756 3168 3806; x_wconf 86' lang='lat' dir='ltr'><strong>et</strong></span> <span class='ocrx_word' id='word_1_589' title='bbox 3183 3751 3417 3806; x_wconf 48' lang='lat' dir='ltr'><strong>“Citio-ﬁ</strong></span> 
     </span>
    </p>
   </div>
   <div class='ocr_carea' id='block_1_40' title="bbox 161 3835 3412 3912">
    <p class='ocr_par' dir='ltr' id='par_1_40' title="bbox 161 3835 3412 3912">
     <span class='ocr_line' id='line_1_40' title="bbox 161 3835 3412 3912; baseline 0.001 -23"><span class='ocrx_word' id='word_1_590' title='bbox 161 3837 250 3892; x_wconf 75' lang='lat' dir='ltr'><strong>fide</strong></span> <span class='ocrx_word' id='word_1_591' title='bbox 273 3839 473 3910; x_wconf 87' lang='lat' dir='ltr'><strong>dignus</strong></span> <span class='ocrx_word' id='word_1_592' title='bbox 503 3839 773 3894; x_wconf 76' lang='lat' dir='ltr'><strong>efﬁcitur.</strong></span> <span class='ocrx_word' id='word_1_593' title='bbox 799 3840 1002 3894; x_wconf 85' lang='lat' dir='ltr'><strong>Videre</strong></span> <span class='ocrx_word' id='word_1_594' title='bbox 1029 3857 1271 3911; x_wconf 82' lang='lat' dir='ltr'><strong>namque</strong></span> <span class='ocrx_word' id='word_1_595' title='bbox 1301 3855 1428 3895; x_wconf 90' lang='lat' dir='ltr'><strong>eum</strong></span> <span class='ocrx_word' id='word_1_596' title='bbox 1445 3853 1558 3895; x_wconf 88' lang='lat' dir='ltr'><strong>non</strong></span> <span class='ocrx_word' id='word_1_597' title='bbox 1584 3847 1739 3912; x_wconf 82' lang='lat' dir='ltr'><strong>pote-</strong></span> <span class='ocrx_word' id='word_1_598' title='bbox 1820 3835 1915 3906; x_wconf 80' lang='lat' dir='ltr'><strong>qui</strong></span> <span class='ocrx_word' id='word_1_599' title='bbox 1961 3837 2260 3905; x_wconf 84' lang='lat' dir='ltr'><strong>magnalia.</strong></span> <span class='ocrx_word' id='word_1_600' title='bbox 2311 3835 2508 3907; x_wconf 63' lang='lat'><strong>(61139.)</strong></span> <span class='ocrx_word' id='word_1_601' title='bbox 2555 3838 2635 3892; x_wconf 87' lang='lat' dir='ltr'><strong>De</strong></span> <span class='ocrx_word' id='word_1_602' title='bbox 2679 3837 2820 3892; x_wconf 87' lang='lat' dir='ltr'><strong>Abel</strong></span> <span class='ocrx_word' id='word_1_603' title='bbox 2875 3839 3148 3909; x_wconf 84' lang='lat' dir='ltr'><strong>sanguine</strong></span> <span class='ocrx_word' id='word_1_604' title='bbox 3200 3841 3412 3896; x_wconf 86' lang='lat' dir='ltr'><strong>dictum</strong></span> 
     </span>
    </p>
   </div>
   <div class='ocr_carea' id='block_1_41' title="bbox 157 3923 3413 4001">
    <p class='ocr_par' dir='ltr' id='par_1_41' title="bbox 157 3923 3413 4001">
     <span class='ocr_line' id='line_1_41' title="bbox 157 3923 3413 4001; baseline 0.001 -19"><span class='ocrx_word' id='word_1_605' title='bbox 157 3933 266 3982; x_wconf 78' lang='lat' dir='ltr'><strong>rant.</strong></span> <span class='ocrx_word' id='word_1_606' title='bbox 281 3937 520 4000; x_wconf 83' lang='lat' dir='ltr'><strong>propter</strong></span> <span class='ocrx_word' id='word_1_607' title='bbox 539 3929 858 3998; x_wconf 83' lang='lat' dir='ltr'><strong>caliginem,</strong></span> <span class='ocrx_word' id='word_1_608' title='bbox 873 3929 1071 3983; x_wconf 85' lang='lat' dir='ltr'><strong>audire</strong></span> <span class='ocrx_word' id='word_1_609' title='bbox 1096 3945 1209 3983; x_wconf 87' lang='lat' dir='ltr'><strong>non</strong></span> <span class='ocrx_word' id='word_1_610' title='bbox 1229 3935 1492 4001; x_wconf 85' lang='lat' dir='ltr'><strong>poterant.</strong></span> <span class='ocrx_word' id='word_1_611' title='bbox 1506 3933 1738 4001; x_wconf 80' lang='lat' dir='ltr'><strong>prapter</strong></span> <span class='ocrx_word' id='word_1_612' title='bbox 1816 3923 2002 3979; x_wconf 88' lang='lat' dir='ltr'><strong>fuerat</strong></span> <span class='ocrx_word' id='word_1_613' title='bbox 2031 3943 2044 3977; x_wconf 88' lang='lat'><strong>:</strong></span> <span class='ocrx_word' id='word_1_614' title='bbox 2073 3944 2096 3974; x_wconf 85' lang='lat'><strong>«</strong></span> <span class='ocrx_word' id='word_1_615' title='bbox 2125 3925 2244 3980; x_wconf 76' lang='lat' dir='ltr'><strong>Vox</strong></span> <span class='ocrx_word' id='word_1_616' title='bbox 2269 3925 2559 3996; x_wconf 85' lang='lat' dir='ltr'><strong>sanguinis</strong></span> <span class='ocrx_word' id='word_1_617' title='bbox 2587 3926 2781 3982; x_wconf 82' lang='lat' dir='ltr'><strong>fratris</strong></span> <span class='ocrx_word' id='word_1_618' title='bbox 2800 3927 2886 3982; x_wconf 89' lang='lat' dir='ltr'><strong>tui</strong></span> <span class='ocrx_word' id='word_1_619' title='bbox 2913 3927 3121 3983; x_wconf 78' lang='lat' dir='ltr'><strong>clamat</strong></span> <span class='ocrx_word' id='word_1_620' title='bbox 3136 3929 3207 3984; x_wconf 80' lang='lat' dir='ltr'><strong>ad</strong></span> <span class='ocrx_word' id='word_1_621' title='bbox 3228 3946 3320 3984; x_wconf 89' lang='lat' dir='ltr'><strong>me</strong></span> <span class='ocrx_word' id='word_1_622' title='bbox 3341 3931 3413 3986; x_wconf 83' lang='lat' dir='ltr'><strong>de</strong></span> 
     </span>
    </p>
   </div>
   <div class='ocr_carea' id='block_1_42' title="bbox 157 4013 3413 4090">
    <p class='ocr_par' dir='ltr' id='par_1_42' title="bbox 157 4013 3413 4090">
     <span class='ocr_line' id='line_1_42' title="bbox 157 4013 3413 4090; baseline 0.001 -20"><span class='ocrx_word' id='word_1_623' title='bbox 157 4018 466 4073; x_wconf 82' lang='lat' dir='ltr'><strong>tenuitatem</strong></span> <span class='ocrx_word' id='word_1_624' title='bbox 499 4017 654 4074; x_wconf 82' lang='lat' dir='ltr'><strong>vocis</strong></span> <span class='ocrx_word' id='word_1_625' title='bbox 681 4017 878 4088; x_wconf 87' lang='lat' dir='ltr'><strong>ipsius.</strong></span> <span class='ocrx_word' id='word_1_626' title='bbox 897 4017 1044 4082; x_wconf 83' lang='lat' dir='ltr'><strong>Quid</strong></span> <span class='ocrx_word' id='word_1_627' title='bbox 1066 4034 1198 4088; x_wconf 86' lang='lat' dir='ltr'><strong>ergo</strong></span> <span class='ocrx_word' id='word_1_628' title='bbox 1218 4019 1426 4073; x_wconf 88' lang='lat' dir='ltr'><strong>factum</strong></span> <span class='ocrx_word' id='word_1_629' title='bbox 1447 4019 1567 4072; x_wconf 84' lang='lat' dir='ltr'><strong>est?</strong></span> <span class='ocrx_word' id='word_1_630' title='bbox 1585 4020 1735 4073; x_wconf 85' lang='lat' dir='ltr'><strong>Deus</strong></span> <span class='ocrx_word' id='word_1_631' title='bbox 1815 4019 1988 4080; x_wconf 86' lang='lat' dir='ltr'><strong>terra,</strong></span> <span class='ocrx_word' id='word_1_632' title='bbox 2028 4032 2051 4064; x_wconf 76' lang='grc' dir='ltr'><strong><em>ι</em></strong></span> <span class='ocrx_word' id='word_1_633' title='bbox 2085 4013 2182 4067; x_wconf 88' lang='lat' dir='ltr'><strong>sed</strong></span> <span class='ocrx_word' id='word_1_634' title='bbox 2228 4013 2460 4085; x_wconf 85' lang='lat' dir='ltr'><strong>sanguis</strong></span> <span class='ocrx_word' id='word_1_635' title='bbox 2505 4017 2638 4071; x_wconf 83' lang='lat' dir='ltr'><strong>Jesu</strong></span> <span class='ocrx_word' id='word_1_636' title='bbox 2683 4016 2887 4072; x_wconf 89' lang='lat' dir='ltr'><strong>melius</strong></span> <span class='ocrx_word' id='word_1_637' title='bbox 2934 4017 3201 4089; x_wconf 85' lang='lat' dir='ltr'><strong>loquitur,</strong></span> <span class='ocrx_word' id='word_1_638' title='bbox 3241 4035 3413 4090; x_wconf 81' lang='lat' dir='ltr'><strong>quam</strong></span> 
     </span>
    </p>
   </div>
   <div class='ocr_carea' id='block_1_43' title="bbox 155 4101 3412 4179">
    <p class='ocr_par' dir='ltr' id='par_1_43' title="bbox 155 4101 3412 4179">
     <span class='ocr_line' id='line_1_43' title="bbox 155 4101 3412 4179; baseline 0.002 -20"><span class='ocrx_word' id='word_1_639' title='bbox 155 4119 336 4175; x_wconf 83' lang='lat' dir='ltr'><strong>magna</strong></span> <span class='ocrx_word' id='word_1_640' title='bbox 365 4124 503 4162; x_wconf 88' lang='lat' dir='ltr'><strong>voce</strong></span> <span class='ocrx_word' id='word_1_641' title='bbox 533 4106 924 4177; x_wconf 57' lang='lat' dir='ltr'><strong>respondit”:</strong></span> <span class='ocrx_word' id='word_1_642' title='bbox 942 4101 1646 4178; x_wconf 43' lang='lat' dir='ltr'><strong>Etrecusaverun‘tﬁnquit,</strong></span> <span class='ocrx_word' id='word_1_643' title='bbox 1665 4124 1734 4162; x_wconf 86' lang='lat' dir='ltr'><strong>ne</strong></span> <span class='ocrx_word' id='word_1_644' title='bbox 1814 4102 1974 4169; x_wconf 88' lang='lat' dir='ltr'><strong>Abel,</strong></span> <span class='ocrx_word' id='word_1_645' title='bbox 2006 4101 2140 4174; x_wconf 88' lang='lat' dir='ltr'><strong>quia</strong></span> <span class='ocrx_word' id='word_1_646' title='bbox 2165 4103 2395 4174; x_wconf 85' lang='lat' dir='ltr'><strong>sanguis</strong></span> <span class='ocrx_word' id='word_1_647' title='bbox 2424 4103 2565 4160; x_wconf 81' lang='lat' dir='ltr'><strong>Abel</strong></span> <span class='ocrx_word' id='word_1_648' title='bbox 2590 4109 2830 4162; x_wconf 87' lang='lat' dir='ltr'><strong>mortem</strong></span> <span class='ocrx_word' id='word_1_649' title='bbox 2879 4107 3173 4179; x_wconf 66' lang='lat' dir='ltr'><strong>parricida</strong></span> <span class='ocrx_word' id='word_1_650' title='bbox 3219 4107 3412 4164; x_wconf 81' lang='lat' dir='ltr'><strong>fratris</strong></span> 
     </span>
    </p>
   </div>
   <div class='ocr_carea' id='block_1_44' title="bbox 154 4191 3412 4268">
    <p class='ocr_par' dir='ltr' id='par_1_44' title="bbox 154 4191 3412 4268">
     <span class='ocr_line' id='line_1_44' title="bbox 154 4191 3412 4268; baseline 0.002 -21"><span class='ocrx_word' id='word_1_651' title='bbox 154 4193 576 4262; x_wconf 81' lang='lat' dir='ltr'><strong>sdjiceretureis</strong></span> <span class='ocrx_word' id='word_1_652' title='bbox 597 4195 848 4248; x_wconf 82' lang='lat' dir='ltr'><strong>verbum.</strong></span> <span class='ocrx_word' id='word_1_653' title='bbox 867 4213 894 4246; x_wconf 72' lang='grc' dir='ltr'><strong>ι)</strong></span> <span class='ocrx_word' id='word_1_654' title='bbox 916 4194 1004 4248; x_wconf 82' lang='lat' dir='ltr'><strong>Ab</strong></span> <span class='ocrx_word' id='word_1_655' title='bbox 1019 4195 1140 4267; x_wconf 90' lang='lat' dir='ltr'><strong>ipso</strong></span> <span class='ocrx_word' id='word_1_656' title='bbox 1167 4211 1410 4266; x_wconf 86' lang='lat' dir='ltr'><strong>namque</strong></span> <span class='ocrx_word' id='word_1_657' title='bbox 1445 4195 1608 4249; x_wconf 88' lang='lat' dir='ltr'><strong>initio</strong></span> <span class='ocrx_word' id='word_1_658' title='bbox 1626 4196 1734 4267; x_wconf 91' lang='lat' dir='ltr'><strong>ipsi</strong></span> <span class='ocrx_word' id='word_1_659' title='bbox 1815 4192 1994 4264; x_wconf 76' lang='lat' dir='ltr'><strong>petiit,</strong></span> <span class='ocrx_word' id='word_1_660' title='bbox 2028 4191 2261 4262; x_wconf 58' lang='lat' dir='ltr'><strong>stingui!</strong></span> <span class='ocrx_word' id='word_1_661' title='bbox 2288 4198 2479 4248; x_wconf 69' lang='lat' dir='ltr'><strong>autem</strong></span> <span class='ocrx_word' id='word_1_662' title='bbox 2507 4195 2732 4250; x_wconf 86' lang='lat' dir='ltr'><strong>Domini</strong></span> <span class='ocrx_word' id='word_1_663' title='bbox 2762 4197 2936 4252; x_wconf 77' lang='lat' dir='ltr'><strong>vitam</strong></span> <span class='ocrx_word' id='word_1_664' title='bbox 2961 4197 3412 4268; x_wconf 67' lang='lat' dir='ltr'><strong>persecutoribus</strong></span> 
     </span>
    </p>
   </div>
   <div class='ocr_carea' id='block_1_45' title="bbox 152 4281 3412 4356">
    <p class='ocr_par' dir='ltr' id='par_1_45' title="bbox 152 4281 3412 4356">
     <span class='ocr_line' id='line_1_45' title="bbox 152 4281 3412 4356; baseline 0.001 -19"><span class='ocrx_word' id='word_1_665' title='bbox 152 4297 300 4338; x_wconf 66' lang='lat' dir='ltr'><strong>ausa</strong></span> <span class='ocrx_word' id='word_1_666' title='bbox 325 4285 407 4339; x_wconf 89' lang='lat' dir='ltr'><strong>rei</strong></span> <span class='ocrx_word' id='word_1_667' title='bbox 437 4286 614 4356; x_wconf 85' lang='lat' dir='ltr'><strong>hujus</strong></span> <span class='ocrx_word' id='word_1_668' title='bbox 642 4285 824 4339; x_wconf 72' lang='lat' dir='ltr'><strong>eil‘ecti</strong></span> <span class='ocrx_word' id='word_1_669' title='bbox 854 4287 1006 4350; x_wconf 89' lang='lat' dir='ltr'><strong>sunt,</strong></span> <span class='ocrx_word' id='word_1_670' title='bbox 1037 4292 1102 4340; x_wconf 90' lang='lat' dir='ltr'><strong>ut</strong></span> <span class='ocrx_word' id='word_1_671' title='bbox 1139 4286 1288 4339; x_wconf 84' lang='lat' dir='ltr'><strong>Deus</strong></span> <span class='ocrx_word' id='word_1_672' title='bbox 1333 4289 1633 4355; x_wconf 82' lang='lat' dir='ltr'><strong>appareret</strong></span> <span class='ocrx_word' id='word_1_673' title='bbox 1675 4285 1734 4340; x_wconf 88' lang='lat' dir='ltr'><strong>in</strong></span> <span class='ocrx_word' id='word_1_674' title='bbox 1814 4281 2154 4353; x_wconf 85' lang='lat' dir='ltr'><strong>impetravit.</strong></span> <span class='ocrx_word' id='word_1_675' title='bbox 2188 4281 2263 4336; x_wconf 90' lang='lat' dir='ltr'><strong>Ut</strong></span> <span class='ocrx_word' id='word_1_676' title='bbox 2288 4298 2422 4353; x_wconf 88' lang='lat' dir='ltr'><strong>ergo</strong></span> <span class='ocrx_word' id='word_1_677' title='bbox 2455 4283 2618 4338; x_wconf 90' lang='lat' dir='ltr'><strong>nobis</strong></span> <span class='ocrx_word' id='word_1_678' title='bbox 2659 4291 3078 4341; x_wconf 87' lang='lat' dir='ltr'><strong>sacramentum</strong></span> <span class='ocrx_word' id='word_1_679' title='bbox 3105 4286 3412 4341; x_wconf 65' lang='lat' dir='ltr'><strong>Dominis.</strong></span> 
     </span>
    </p>
   </div>
   <div class='ocr_carea' id='block_1_46' title="bbox 152 4370 3411 4444">
    <p class='ocr_par' dir='ltr' id='par_1_46' title="bbox 152 4370 3411 4444">
     <span class='ocr_line' id='line_1_46' title="bbox 152 4370 3411 4444; baseline 0.001 -18"><span class='ocrx_word' id='word_1_680' title='bbox 152 4385 317 4428; x_wconf 80' lang='lat' dir='ltr'><strong>carne.</strong></span> <span class='ocrx_word' id='word_1_681' title='bbox 356 4393 379 4425; x_wconf 80' lang='grc' dir='ltr'>ι</span> <span class='ocrx_word' id='word_1_682' title='bbox 415 4375 487 4428; x_wconf 83' lang='lat' dir='ltr'><strong>Et</strong></span> <span class='ocrx_word' id='word_1_683' title='bbox 515 4373 784 4443; x_wconf 81' lang='lat' dir='ltr'><strong>loquatur</strong></span> <span class='ocrx_word' id='word_1_684' title='bbox 819 4372 999 4440; x_wconf 87' lang='lat' dir='ltr'><strong>nobis,</strong></span> <span class='ocrx_word' id='word_1_685' title='bbox 1030 4373 1231 4444; x_wconf 80' lang='lat' dir='ltr'><strong>inquit,</strong></span> <span class='ocrx_word' id='word_1_686' title='bbox 1264 4373 1505 4444; x_wconf 78' lang='lat' dir='ltr'><strong>Moyses,</strong></span> <span class='ocrx_word' id='word_1_687' title='bbox 1535 4379 1593 4427; x_wconf 88' lang='lat' dir='ltr'><strong>et</strong></span> <span class='ocrx_word' id='word_1_688' title='bbox 1621 4383 1797 4444; x_wconf 75' lang='lat' dir='ltr'><strong>nonh</strong></span> <span class='ocrx_word' id='word_1_689' title='bbox 1815 4370 2090 4442; x_wconf 80' lang='lat' dir='ltr'><strong>passionis</strong></span> <span class='ocrx_word' id='word_1_690' title='bbox 2117 4385 2232 4424; x_wconf 93' lang='lat' dir='ltr'><strong>non</strong></span> <span class='ocrx_word' id='word_1_691' title='bbox 2273 4371 2350 4424; x_wconf 87' lang='lat' dir='ltr'><strong>sit</strong></span> <span class='ocrx_word' id='word_1_692' title='bbox 2388 4371 2652 4439; x_wconf 83' lang='lat' dir='ltr'><strong>otiosum,</strong></span> <span class='ocrx_word' id='word_1_693' title='bbox 2683 4372 2954 4428; x_wconf 88' lang='lat' dir='ltr'><strong>debemus</strong></span> <span class='ocrx_word' id='word_1_694' title='bbox 3001 4373 3214 4428; x_wconf 83' lang='lat' dir='ltr'><strong>imitari</strong></span> <span class='ocrx_word' id='word_1_695' title='bbox 3261 4375 3411 4444; x_wconf 88' lang='lat' dir='ltr'><strong>quod</strong></span> 
     </span>
    </p>
   </div>
   <div class='ocr_carea' id='block_1_47' title="bbox 151 4457 3408 4532">
    <p class='ocr_par' dir='ltr' id='par_1_47' title="bbox 151 4457 3408 4532">
     <span class='ocr_line' id='line_1_47' title="bbox 151 4457 3408 4532; baseline 0.002 -20"><span class='ocrx_word' id='word_1_696' title='bbox 151 4457 395 4530; x_wconf 86' lang='lat' dir='ltr'><strong>loquatur</strong></span> <span class='ocrx_word' id='word_1_697' title='bbox 423 4461 591 4516; x_wconf 88' lang='lat' dir='ltr'><strong>nobis</strong></span> <span class='ocrx_word' id='word_1_698' title='bbox 618 4462 788 4516; x_wconf 90' lang='lat' dir='ltr'><strong>Deus.</strong></span> <span class='ocrx_word' id='word_1_699' title='bbox 825 4482 852 4514; x_wconf 76' lang='grc' dir='ltr'><strong>ν</strong></span> <span class='ocrx_word' id='word_1_700' title='bbox 887 4463 995 4527; x_wconf 89' lang='lat' dir='ltr'><strong>Qui</strong></span> <span class='ocrx_word' id='word_1_701' title='bbox 1021 4461 1469 4532; x_wconf 87' lang='lat' dir='ltr'><strong>comparationes</strong></span> <span class='ocrx_word' id='word_1_702' title='bbox 1496 4461 1728 4530; x_wconf 85' lang='lat' dir='ltr'><strong>faciunt,</strong></span> <span class='ocrx_word' id='word_1_703' title='bbox 1751 4457 1796 4477; x_wconf 85' lang='lat'><strong><em>&quot;</em></strong></span> <span class='ocrx_word' id='word_1_704' title='bbox 1815 4460 2110 4524; x_wconf 86' lang='lat' dir='ltr'><strong>sumimus,</strong></span> <span class='ocrx_word' id='word_1_705' title='bbox 2153 4465 2212 4513; x_wconf 87' lang='lat' dir='ltr'><strong>et</strong></span> <span class='ocrx_word' id='word_1_706' title='bbox 2256 4459 2560 4530; x_wconf 67' lang='lat' dir='ltr'><strong>pradicare</strong></span> <span class='ocrx_word' id='word_1_707' title='bbox 2601 4463 2820 4515; x_wconf 62' lang='lat' dir='ltr'><strong>ceteris</strong></span> <span class='ocrx_word' id='word_1_708' title='bbox 2868 4461 3018 4532; x_wconf 90' lang='lat' dir='ltr'><strong>quod</strong></span> <span class='ocrx_word' id='word_1_709' title='bbox 3054 4471 3408 4518; x_wconf 71' lang='lat' dir='ltr'><strong>veneramur;</strong></span> 
     </span>
    </p>
   </div>
   <div class='ocr_carea' id='block_1_48' title="bbox 151 4547 3457 4622">
    <p class='ocr_par' dir='ltr' id='par_1_48' title="bbox 151 4547 3457 4622">
     <span class='ocr_line' id='line_1_48' title="bbox 151 4547 3457 4622; baseline 0.001 -21"><span class='ocrx_word' id='word_1_710' title='bbox 151 4548 368 4606; x_wconf 80' lang='lat' dir='ltr'><strong>alteram</strong></span> <span class='ocrx_word' id='word_1_711' title='bbox 394 4557 620 4622; x_wconf 86' lang='lat' dir='ltr'><strong>partem</strong></span> <span class='ocrx_word' id='word_1_712' title='bbox 649 4551 994 4622; x_wconf 84' lang='lat' dir='ltr'><strong>deprimunt,</strong></span> <span class='ocrx_word' id='word_1_713' title='bbox 1035 4556 1100 4606; x_wconf 91' lang='lat' dir='ltr'><strong>ut</strong></span> <span class='ocrx_word' id='word_1_714' title='bbox 1145 4568 1234 4606; x_wconf 89' lang='lat' dir='ltr'><strong>res</strong></span> <span class='ocrx_word' id='word_1_715' title='bbox 1278 4550 1513 4606; x_wconf 74' lang='lat' dir='ltr'><strong>alterius</strong></span> <span class='ocrx_word' id='word_1_716' title='bbox 1558 4552 1734 4622; x_wconf 86' lang='lat' dir='ltr'><strong>partis</strong></span> <span class='ocrx_word' id='word_1_717' title='bbox 1815 4549 2023 4604; x_wconf 88' lang='lat' dir='ltr'><strong>Locum</strong></span> <span class='ocrx_word' id='word_1_718' title='bbox 2052 4547 2203 4602; x_wconf 87' lang='lat' dir='ltr'><strong>enim</strong></span> <span class='ocrx_word' id='word_1_719' title='bbox 2229 4547 2428 4602; x_wconf 89' lang='lat' dir='ltr'><strong>latenti</strong></span> <span class='ocrx_word' id='word_1_720' title='bbox 2455 4549 2667 4602; x_wconf 88' lang='lat' dir='ltr'><strong>clamor</strong></span> <span class='ocrx_word' id='word_1_721' title='bbox 2694 4550 2819 4619; x_wconf 85' lang='lat' dir='ltr'><strong>ejus</strong></span> <span class='ocrx_word' id='word_1_722' title='bbox 2843 4549 2902 4603; x_wconf 90' lang='lat' dir='ltr'><strong>in</strong></span> <span class='ocrx_word' id='word_1_723' title='bbox 2925 4548 3089 4604; x_wconf 87' lang='lat' dir='ltr'><strong>nobis</strong></span> <span class='ocrx_word' id='word_1_724' title='bbox 3106 4549 3338 4616; x_wconf 85' lang='lat' dir='ltr'><strong>invenit,</strong></span> <span class='ocrx_word' id='word_1_725' title='bbox 3359 4549 3408 4605; x_wconf 89' lang='lat' dir='ltr'><strong>si</strong></span> <span class='ocrx_word' id='word_1_726' title='bbox 3451 4582 3457 4588; x_wconf 93' lang='lat'><strong><em>-</em></strong></span> 
     </span>
    </p>
   </div>
   <div class='ocr_carea' id='block_1_49' title="bbox 151 4636 3411 4712">
    <p class='ocr_par' dir='ltr' id='par_1_49' title="bbox 151 4636 3411 4712">
     <span class='ocr_line' id='line_1_49' title="bbox 151 4636 3411 4712; baseline -0.001 -20"><span class='ocrx_word' id='word_1_727' title='bbox 151 4639 440 4704; x_wconf 80' lang='lat' dir='ltr'><strong>emineant,</strong></span> <span class='ocrx_word' id='word_1_728' title='bbox 458 4640 542 4694; x_wconf 89' lang='lat' dir='ltr'><strong>sic</strong></span> <span class='ocrx_word' id='word_1_729' title='bbox 559 4645 622 4694; x_wconf 88' lang='lat' dir='ltr'><strong>et</strong></span> <span class='ocrx_word' id='word_1_730' title='bbox 639 4640 730 4694; x_wconf 89' lang='lat' dir='ltr'><strong>hic</strong></span> <span class='ocrx_word' id='word_1_731' title='bbox 751 4658 818 4695; x_wconf 82' lang='lat' dir='ltr'><strong>ex</strong></span> <span class='ocrx_word' id='word_1_732' title='bbox 841 4641 1260 4712; x_wconf 89' lang='lat' dir='ltr'><strong>comparatione</strong></span> <span class='ocrx_word' id='word_1_733' title='bbox 1287 4640 1510 4696; x_wconf 90' lang='lat' dir='ltr'><strong>illorum</strong></span> <span class='ocrx_word' id='word_1_734' title='bbox 1540 4648 1734 4696; x_wconf 86' lang='lat' dir='ltr'><strong>nostra</strong></span> <span class='ocrx_word' id='word_1_735' title='bbox 1816 4638 1920 4692; x_wconf 86' lang='lat' dir='ltr'><strong>hoc</strong></span> <span class='ocrx_word' id='word_1_736' title='bbox 1944 4637 2092 4708; x_wconf 88' lang='lat' dir='ltr'><strong>quod</strong></span> <span class='ocrx_word' id='word_1_737' title='bbox 2120 4652 2281 4690; x_wconf 88' lang='lat' dir='ltr'><strong>mens</strong></span> <span class='ocrx_word' id='word_1_738' title='bbox 2309 4636 2548 4691; x_wconf 88' lang='lat' dir='ltr'><strong>credidit</strong></span> <span class='ocrx_word' id='word_1_739' title='bbox 2575 4636 2771 4706; x_wconf 87' lang='lat' dir='ltr'><strong>lingua</strong></span> <span class='ocrx_word' id='word_1_740' title='bbox 2795 4642 2963 4692; x_wconf 86' lang='lat' dir='ltr'><strong>tacet.</strong></span> <span class='ocrx_word' id='word_1_741' title='bbox 2987 4637 3098 4692; x_wconf 78' lang='lat' dir='ltr'><strong>Sed</strong></span> <span class='ocrx_word' id='word_1_742' title='bbox 3127 4653 3198 4693; x_wconf 84' lang='lat' dir='ltr'><strong>ne</strong></span> <span class='ocrx_word' id='word_1_743' title='bbox 3224 4639 3284 4694; x_wconf 90' lang='lat' dir='ltr'><strong>in</strong></span> <span class='ocrx_word' id='word_1_744' title='bbox 3312 4656 3411 4694; x_wconf 80' lang='lat' dir='ltr'><strong>no-</strong></span> 
     </span>
    </p>
   </div>
   <div class='ocr_carea' id='block_1_50' title="bbox 151 4725 3408 4800">
    <p class='ocr_par' dir='ltr' id='par_1_50' title="bbox 151 4725 3408 4800">
     <span class='ocr_line' id='line_1_50' title="bbox 151 4725 3408 4800; baseline 0 -18"><span class='ocrx_word' id='word_1_745' title='bbox 151 4729 352 4797; x_wconf 79' lang='lat' dir='ltr'><strong>msjora</strong></span> <span class='ocrx_word' id='word_1_746' title='bbox 387 4729 779 4794; x_wconf 84' lang='lat' dir='ltr'><strong>declarantur,</strong></span> <span class='ocrx_word' id='word_1_747' title='bbox 811 4736 869 4784; x_wconf 91' lang='lat' dir='ltr'><strong>et</strong></span> <span class='ocrx_word' id='word_1_748' title='bbox 907 4730 1142 4784; x_wconf 86' lang='lat' dir='ltr'><strong>meliora</strong></span> <span class='ocrx_word' id='word_1_749' title='bbox 1176 4737 1234 4784; x_wconf 90' lang='lat' dir='ltr'><strong>et</strong></span> <span class='ocrx_word' id='word_1_750' title='bbox 1262 4730 1644 4786; x_wconf 85' lang='lat' dir='ltr'><strong>mansuetiora</strong></span> <span class='ocrx_word' id='word_1_751' title='bbox 1677 4733 1735 4785; x_wconf 88' lang='lat' dir='ltr'><strong>et</strong></span> <span class='ocrx_word' id='word_1_752' title='bbox 1815 4725 1900 4780; x_wconf 88' lang='lat' dir='ltr'><strong>bis</strong></span> <span class='ocrx_word' id='word_1_753' title='bbox 1923 4726 2136 4778; x_wconf 83' lang='lat' dir='ltr'><strong>clamor</strong></span> <span class='ocrx_word' id='word_1_754' title='bbox 2162 4726 2287 4795; x_wconf 81' lang='lat' dir='ltr'><strong>ejus</strong></span> <span class='ocrx_word' id='word_1_755' title='bbox 2311 4725 2504 4790; x_wconf 88' lang='lat' dir='ltr'><strong>lateat,</strong></span> <span class='ocrx_word' id='word_1_756' title='bbox 2540 4730 2717 4780; x_wconf 84' lang='lat' dir='ltr'><strong>restat</strong></span> <span class='ocrx_word' id='word_1_757' title='bbox 2745 4731 2812 4780; x_wconf 90' lang='lat' dir='ltr'><strong>ut</strong></span> <span class='ocrx_word' id='word_1_758' title='bbox 2836 4727 3222 4800; x_wconf 83' lang='lat' dir='ltr'><strong>unusquisque</strong></span> <span class='ocrx_word' id='word_1_759' title='bbox 3243 4731 3408 4800; x_wconf 71' lang='lat' dir='ltr'><strong>juxta</strong></span> 
     </span>
    </p>
   </div>
   <div class='ocr_carea' id='block_1_51' title="bbox 149 4799 3406 4890">
    <p class='ocr_par' dir='ltr' id='par_1_51' title="bbox 149 4799 3406 4890">
     <span class='ocr_line' id='line_1_51' title="bbox 149 4799 3406 4890; baseline 0.002 -22"><span class='ocrx_word' id='word_1_760' title='bbox 149 4815 577 4872; x_wconf 78' lang='lat' dir='ltr'><strong>admirationum</strong></span> <span class='ocrx_word' id='word_1_761' title='bbox 609 4817 952 4886; x_wconf 84' lang='lat' dir='ltr'><strong>plenissima.</strong></span> <span class='ocrx_word' id='word_1_762' title='bbox 985 4818 1291 4889; x_wconf 87' lang='lat' dir='ltr'><strong>Dupliciter</strong></span> <span class='ocrx_word' id='word_1_763' title='bbox 1322 4833 1567 4889; x_wconf 90' lang='lat' dir='ltr'><strong>namque</strong></span> <span class='ocrx_word' id='word_1_764' title='bbox 1611 4834 1730 4872; x_wconf 82' lang='lat' dir='ltr'><strong>me-</strong></span> <span class='ocrx_word' id='word_1_765' title='bbox 1813 4813 2102 4868; x_wconf 88' lang='lat' dir='ltr'><strong>modulum</strong></span> <span class='ocrx_word' id='word_1_766' title='bbox 2129 4829 2295 4868; x_wconf 88' lang='lat' dir='ltr'><strong>suum</strong></span> <span class='ocrx_word' id='word_1_767' title='bbox 2314 4813 2701 4869; x_wconf 82' lang='lat' dir='ltr'><strong>vivificationis</strong></span> <span class='ocrx_word' id='word_1_768' title='bbox 2717 4831 2836 4871; x_wconf 68' lang='lat' dir='ltr'><strong>sua</strong></span> <span class='ocrx_word' id='word_1_769' title='bbox 2854 4799 3189 4889; x_wconf 82' lang='lat' dir='ltr'><strong>mysterium</strong></span> <span class='ocrx_word' id='word_1_770' title='bbox 3217 4799 3406 4890; x_wconf 49' lang='lat' dir='ltr'><strong>proii‘</strong></span> 
     </span>
    </p>
   </div>
   <div class='ocr_carea' id='block_1_52' title="bbox 145 4902 2278 4976">
    <p class='ocr_par' dir='ltr' id='par_1_52' title="bbox 145 4902 2278 4976">
     <span class='ocr_line' id='line_1_52' title="bbox 145 4902 2278 4976; baseline 0 -21"><span class='ocrx_word' id='word_1_771' title='bbox 145 4902 274 4958; x_wconf 88' lang='lat' dir='ltr'><strong>liora</strong></span> <span class='ocrx_word' id='word_1_772' title='bbox 300 4913 459 4970; x_wconf 87' lang='lat' dir='ltr'><strong>sunt,</strong></span> <span class='ocrx_word' id='word_1_773' title='bbox 497 4905 766 4976; x_wconf 86' lang='lat' dir='ltr'><strong>quoniam</strong></span> <span class='ocrx_word' id='word_1_774' title='bbox 813 4911 870 4960; x_wconf 88' lang='lat' dir='ltr'><strong>et</strong></span> <span class='ocrx_word' id='word_1_775' title='bbox 897 4906 1136 4961; x_wconf 86' lang='lat' dir='ltr'><strong>meliora</strong></span> <span class='ocrx_word' id='word_1_776' title='bbox 1177 4907 1345 4961; x_wconf 88' lang='lat' dir='ltr'><strong>simul</strong></span> <span class='ocrx_word' id='word_1_777' title='bbox 1389 4913 1446 4961; x_wconf 90' lang='lat' dir='ltr'><strong>et</strong></span> <span class='ocrx_word' id='word_1_778' title='bbox 1490 4906 1732 4961; x_wconf 81' lang='lat' dir='ltr'><strong>clariora</strong></span> <span class='ocrx_word' id='word_1_779' title='bbox 1813 4903 1921 4957; x_wconf 89' lang='lat' dir='ltr'><strong>mis</strong></span> <span class='ocrx_word' id='word_1_780' title='bbox 1947 4903 2278 4957; x_wconf 85' lang='lat' dir='ltr'><strong>innotescat.</strong></span> 
     </span>
    </p>
   </div>
   <div class='ocr_carea' id='block_1_53' title="bbox 144 4991 3404 5066">
    <p class='ocr_par' dir='ltr' id='par_1_53' title="bbox 144 4991 3404 5066">
     <span class='ocr_line' id='line_1_53' title="bbox 144 4991 3404 5066; baseline 0.002 -23"><span class='ocrx_word' id='word_1_781' title='bbox 144 5001 275 5056; x_wconf 84' lang='lat' dir='ltr'><strong>sunt,</strong></span> <span class='ocrx_word' id='word_1_782' title='bbox 307 4995 462 5049; x_wconf 90' lang='lat' dir='ltr'><strong>unde</strong></span> <span class='ocrx_word' id='word_1_783' title='bbox 490 4994 900 5049; x_wconf 84' lang='lat' dir='ltr'><strong>accessibiliora</strong></span> <span class='ocrx_word' id='word_1_784' title='bbox 925 4995 1181 5066; x_wconf 86' lang='lat' dir='ltr'><strong>pluribus</strong></span> <span class='ocrx_word' id='word_1_785' title='bbox 1212 4995 1546 5050; x_wconf 83' lang='lat' dir='ltr'><strong>exstiterunt</strong></span> <span class='ocrx_word' id='word_1_786' title='bbox 1579 5015 1592 5050; x_wconf 87' lang='lat'><strong>:</strong></span> <span class='ocrx_word' id='word_1_787' title='bbox 1625 4995 1732 5049; x_wconf 89' lang='lat' dir='ltr'><strong>hoc</strong></span> <span class='ocrx_word' id='word_1_788' title='bbox 1887 5011 1912 5044; x_wconf 72' lang='grc' dir='ltr'><strong>ε</strong></span> <span class='ocrx_word' id='word_1_789' title='bbox 1935 4991 2131 5046; x_wconf 86' lang='lat' dir='ltr'><strong>Videte</strong></span> <span class='ocrx_word' id='word_1_790' title='bbox 2159 5008 2231 5046; x_wconf 86' lang='lat' dir='ltr'><strong>ne</strong></span> <span class='ocrx_word' id='word_1_791' title='bbox 2259 4992 2530 5047; x_wconf 80' lang='lat' dir='ltr'><strong>recusatis</strong></span> <span class='ocrx_word' id='word_1_792' title='bbox 2548 4993 2891 5066; x_wconf 74' lang='lat' dir='ltr'><strong>loquentem.</strong></span> <span class='ocrx_word' id='word_1_793' title='bbox 2921 4995 2982 5050; x_wconf 79' lang='lat' dir='ltr'><strong>Si</strong></span> <span class='ocrx_word' id='word_1_794' title='bbox 3010 4996 3163 5050; x_wconf 86' lang='lat' dir='ltr'><strong>enim</strong></span> <span class='ocrx_word' id='word_1_795' title='bbox 3191 4994 3274 5049; x_wconf 87' lang='lat' dir='ltr'><strong>illi</strong></span> <span class='ocrx_word' id='word_1_796' title='bbox 3290 5009 3404 5050; x_wconf 88' lang='lat' dir='ltr'><strong>non</strong></span> 
     </span>
    </p>
   </div>
   <div class='ocr_carea' id='block_1_54' title="bbox 143 5082 3405 5156">
    <p class='ocr_par' dir='ltr' id='par_1_54' title="bbox 143 5082 3405 5156">
     <span class='ocr_line' id='line_1_54' title="bbox 143 5082 3405 5156; baseline 0.001 -22"><span class='ocrx_word' id='word_1_797' title='bbox 143 5082 333 5153; x_wconf 82' lang='lat' dir='ltr'><strong>quippe</strong></span> <span class='ocrx_word' id='word_1_798' title='bbox 359 5083 537 5137; x_wconf 86' lang='lat' dir='ltr'><strong>etiam</strong></span> <span class='ocrx_word' id='word_1_799' title='bbox 567 5084 626 5138; x_wconf 93' lang='lat' dir='ltr'><strong>in</strong></span> <span class='ocrx_word' id='word_1_800' title='bbox 660 5083 907 5154; x_wconf 88' lang='lat' dir='ltr'><strong>Epistola</strong></span> <span class='ocrx_word' id='word_1_801' title='bbox 953 5084 1024 5137; x_wconf 91' lang='lat' dir='ltr'><strong>ad</strong></span> <span class='ocrx_word' id='word_1_802' title='bbox 1055 5085 1378 5138; x_wconf 73' lang='lat' dir='ltr'><strong>Corinthios</strong></span> <span class='ocrx_word' id='word_1_803' title='bbox 1417 5085 1555 5139; x_wconf 89' lang='lat' dir='ltr'><strong>dicit</strong></span> <span class='ocrx_word' id='word_1_804' title='bbox 1587 5083 1727 5138; x_wconf 80' lang='lat' dir='ltr'><strong>scri-</strong></span> <span class='ocrx_word' id='word_1_805' title='bbox 1817 5101 1841 5133; x_wconf 76' lang='grc' dir='ltr'>ι</span> <span class='ocrx_word' id='word_1_806' title='bbox 1882 5082 2201 5151; x_wconf 73' lang='lat' dir='ltr'><strong>effugerunt</strong></span> <span class='ocrx_word' id='word_1_807' title='bbox 2228 5087 2550 5137; x_wconf 85' lang='lat' dir='ltr'><strong>recusantes</strong></span> <span class='ocrx_word' id='word_1_808' title='bbox 2577 5098 2728 5148; x_wconf 91' lang='lat' dir='ltr'><strong>eum,</strong></span> <span class='ocrx_word' id='word_1_809' title='bbox 2759 5085 2854 5155; x_wconf 89' lang='lat' dir='ltr'><strong>qui</strong></span> <span class='ocrx_word' id='word_1_810' title='bbox 2883 5099 3057 5156; x_wconf 90' lang='lat' dir='ltr'><strong>super</strong></span> <span class='ocrx_word' id='word_1_811' title='bbox 3080 5090 3292 5138; x_wconf 84' lang='lat' dir='ltr'><strong>terram</strong></span> <span class='ocrx_word' id='word_1_812' title='bbox 3319 5083 3405 5137; x_wconf 76' lang='lat' dir='ltr'><strong>lo-</strong></span> 
     </span>
    </p>
   </div>
   <div class='ocr_carea' id='block_1_55' title="bbox 143 5167 3405 5244">
    <p class='ocr_par' dir='ltr' id='par_1_55' title="bbox 143 5167 3405 5244">
     <span class='ocr_line' id='line_1_55' title="bbox 143 5167 3405 5244; baseline 0.002 -25"><span class='ocrx_word' id='word_1_813' title='bbox 143 5167 263 5224; x_wconf 75' lang='lat' dir='ltr'><strong>bene</strong></span> <span class='ocrx_word' id='word_1_814' title='bbox 284 5190 296 5224; x_wconf 86' lang='lat'><strong>:</strong></span> <span class='ocrx_word' id='word_1_815' title='bbox 318 5187 340 5224; x_wconf 68' lang='grc' dir='ltr'>ι</span> <span class='ocrx_word' id='word_1_816' title='bbox 370 5173 641 5226; x_wconf 82' lang='lat' dir='ltr'><strong>Revelata</strong></span> <span class='ocrx_word' id='word_1_817' title='bbox 652 5172 793 5226; x_wconf 86' lang='lat' dir='ltr'><strong>facie</strong></span> <span class='ocrx_word' id='word_1_818' title='bbox 809 5173 1051 5242; x_wconf 87' lang='lat' dir='ltr'><strong>gloriam</strong></span> <span class='ocrx_word' id='word_1_819' title='bbox 1072 5173 1297 5228; x_wconf 91' lang='lat' dir='ltr'><strong>Domini</strong></span> <span class='ocrx_word' id='word_1_820' title='bbox 1317 5175 1723 5243; x_wconf 84' lang='lat' dir='ltr'><strong>peculantes,s</strong></span> <span class='ocrx_word' id='word_1_821' title='bbox 1815 5188 1843 5223; x_wconf 73' lang='grc' dir='ltr'><strong><em>α</em></strong></span> <span class='ocrx_word' id='word_1_822' title='bbox 1876 5170 2170 5242; x_wconf 87' lang='lat' dir='ltr'><strong>quebatur,</strong></span> <span class='ocrx_word' id='word_1_823' title='bbox 2203 5171 2382 5224; x_wconf 85' lang='lat' dir='ltr'><strong>multo</strong></span> <span class='ocrx_word' id='word_1_824' title='bbox 2412 5171 2593 5242; x_wconf 82' lang='lat' dir='ltr'><strong>magis</strong></span> <span class='ocrx_word' id='word_1_825' title='bbox 2622 5189 2745 5239; x_wconf 88' lang='lat' dir='ltr'><strong>nos,</strong></span> <span class='ocrx_word' id='word_1_826' title='bbox 2769 5173 2864 5244; x_wconf 90' lang='lat' dir='ltr'><strong>qui</strong></span> <span class='ocrx_word' id='word_1_827' title='bbox 2895 5173 2966 5228; x_wconf 87' lang='lat' dir='ltr'><strong>de</strong></span> <span class='ocrx_word' id='word_1_828' title='bbox 2994 5173 3148 5227; x_wconf 71' lang='lat' dir='ltr'><strong>culis</strong></span> <span class='ocrx_word' id='word_1_829' title='bbox 3176 5173 3405 5244; x_wconf 65' lang='lat' dir='ltr'><strong>loquem</strong></span> 
     </span>
    </p>
   </div>
   <div class='ocr_carea' id='block_1_56' title="bbox 143 5259 3405 5332">
    <p class='ocr_par' dir='ltr' id='par_1_56' title="bbox 143 5259 3405 5332">
     <span class='ocr_line' id='line_1_56' title="bbox 143 5259 3405 5332; baseline 0.002 -22"><span class='ocrx_word' id='word_1_830' title='bbox 143 5263 192 5312; x_wconf 87' lang='lat' dir='ltr'><strong>et</strong></span> <span class='ocrx_word' id='word_1_831' title='bbox 205 5275 314 5314; x_wconf 91' lang='lat' dir='ltr'><strong>non</strong></span> <span class='ocrx_word' id='word_1_832' title='bbox 329 5261 486 5315; x_wconf 88' lang='lat' dir='ltr'><strong>sicut</strong></span> <span class='ocrx_word' id='word_1_833' title='bbox 505 5262 746 5332; x_wconf 76' lang='lat' dir='ltr'><strong>Moyses,</strong></span> <span class='ocrx_word' id='word_1_834' title='bbox 775 5262 1034 5316; x_wconf 85' lang='lat' dir='ltr'><strong>velamen</strong></span> <span class='ocrx_word' id='word_1_835' title='bbox 1051 5261 1204 5316; x_wconf 89' lang='lat' dir='ltr'><strong>enim</strong></span> <span class='ocrx_word' id='word_1_836' title='bbox 1219 5261 1542 5332; x_wconf 85' lang='lat' dir='ltr'><strong>imponebat</strong></span> <span class='ocrx_word' id='word_1_837' title='bbox 1557 5273 1730 5332; x_wconf 87' lang='lat' dir='ltr'><strong>super</strong></span> <span class='ocrx_word' id='word_1_838' title='bbox 1816 5281 1838 5311; x_wconf 77' lang='grc' dir='ltr'>ι</span> <span class='ocrx_word' id='word_1_839' title='bbox 1881 5266 1994 5315; x_wconf 87' lang='lat' dir='ltr'><strong>tem</strong></span> <span class='ocrx_word' id='word_1_840' title='bbox 2048 5259 2208 5314; x_wconf 86' lang='lat' dir='ltr'><strong>nobis</strong></span> <span class='ocrx_word' id='word_1_841' title='bbox 2249 5259 2575 5328; x_wconf 80' lang='lat' dir='ltr'><strong>avertimus,</strong></span> <span class='ocrx_word' id='word_1_842' title='bbox 2625 5262 2787 5332; x_wconf 79' lang='lat' dir='ltr'><strong>cujus</strong></span> <span class='ocrx_word' id='word_1_843' title='bbox 2828 5277 2932 5315; x_wconf 78' lang='lat' dir='ltr'><strong>vos</strong></span> <span class='ocrx_word' id='word_1_844' title='bbox 2976 5261 3152 5316; x_wconf 82' lang='lat' dir='ltr'><strong>movit</strong></span> <span class='ocrx_word' id='word_1_845' title='bbox 3191 5267 3405 5316; x_wconf 80' lang='lat' dir='ltr'><strong>terram</strong></span> 
     </span>
    </p>
   </div>
   <div class='ocr_carea' id='block_1_57' title="bbox 141 5346 3405 5422">
    <p class='ocr_par' dir='ltr' id='par_1_57' title="bbox 141 5346 3405 5422">
     <span class='ocr_line' id='line_1_57' title="bbox 141 5346 3405 5422; baseline 0.002 -24"><span class='ocrx_word' id='word_1_846' title='bbox 141 5346 327 5404; x_wconf 78' lang='lat' dir='ltr'><strong>faciem</strong></span> <span class='ocrx_word' id='word_1_847' title='bbox 369 5366 534 5404; x_wconf 88' lang='lat' dir='ltr'><strong>suam</strong></span> <span class='ocrx_word' id='word_1_848' title='bbox 563 5351 644 5415; x_wconf 86' lang='grc' dir='ltr'><strong>(ΙΙ</strong></span> <span class='ocrx_word' id='word_1_849' title='bbox 677 5351 800 5404; x_wconf 84' lang='lat' dir='ltr'><strong>Uor.</strong></span> <span class='ocrx_word' id='word_1_850' title='bbox 831 5361 924 5412; x_wconf 78' lang='grc' dir='ltr'><strong>ιω.</strong></span> <span class='ocrx_word' id='word_1_851' title='bbox 953 5351 1082 5405; x_wconf 89' lang='lat' dir='ltr'><strong>Non</strong></span> <span class='ocrx_word' id='word_1_852' title='bbox 1127 5359 1472 5416; x_wconf 88' lang='lat' dir='ltr'><strong>meruerunt,</strong></span> <span class='ocrx_word' id='word_1_853' title='bbox 1519 5351 1722 5422; x_wconf 89' lang='lat' dir='ltr'><strong>inquit,</strong></span> <span class='ocrx_word' id='word_1_854' title='bbox 1814 5368 1841 5402; x_wconf 66' lang='grc' dir='ltr'><strong>(ί</strong></span> <span class='ocrx_word' id='word_1_855' title='bbox 1879 5355 2032 5411; x_wconf 87' lang='lat' dir='ltr'><strong>tunc,</strong></span> <span class='ocrx_word' id='word_1_856' title='bbox 2064 5348 2231 5401; x_wconf 90' lang='lat' dir='ltr'><strong>modo</strong></span> <span class='ocrx_word' id='word_1_857' title='bbox 2259 5354 2451 5402; x_wconf 79' lang='lat' dir='ltr'><strong>autem</strong></span> <span class='ocrx_word' id='word_1_858' title='bbox 2479 5349 2823 5420; x_wconf 72' lang='lat' dir='ltr'><strong>mpromittit</strong></span> <span class='ocrx_word' id='word_1_859' title='bbox 2854 5349 3067 5417; x_wconf 83' lang='lat' dir='ltr'><strong>dicens,</strong></span> <span class='ocrx_word' id='word_1_860' title='bbox 3095 5350 3294 5406; x_wconf 83' lang='lat' dir='ltr'><strong>Adhuc</strong></span> <span class='ocrx_word' id='word_1_861' title='bbox 3319 5367 3405 5406; x_wconf 80' lang='lat' dir='ltr'><strong>se-</strong></span> 
     </span>
    </p>
   </div>
   <div class='ocr_carea' id='block_1_58' title="bbox 145 5426 3406 5510">
    <p class='ocr_par' dir='ltr' id='par_1_58' title="bbox 145 5426 3406 5510">
     <span class='ocr_line' id='line_1_58' title="bbox 145 5426 3406 5510; baseline 0.002 -20"><span class='ocrx_word' id='word_1_862' title='bbox 145 5435 216 5490; x_wconf 89' lang='lat' dir='ltr'><strong>illi</strong></span> <span class='ocrx_word' id='word_1_863' title='bbox 241 5426 384 5494; x_wconf 79' lang='lat' dir='ltr'><strong>talia</strong></span> <span class='ocrx_word' id='word_1_864' title='bbox 413 5439 717 5510; x_wconf 73' lang='lat' dir='ltr'><strong>percipere,</strong></span> <span class='ocrx_word' id='word_1_865' title='bbox 743 5440 936 5510; x_wconf 89' lang='lat' dir='ltr'><strong>qualia</strong></span> <span class='ocrx_word' id='word_1_866' title='bbox 951 5439 1114 5495; x_wconf 90' lang='lat' dir='ltr'><strong>nobis</strong></span> <span class='ocrx_word' id='word_1_867' title='bbox 1141 5440 1459 5496; x_wconf 87' lang='lat' dir='ltr'><strong>contributa</strong></span> <span class='ocrx_word' id='word_1_868' title='bbox 1483 5455 1728 5495; x_wconf 78' lang='lat' dir='ltr'><strong>noscun-</strong></span> <span class='ocrx_word' id='word_1_869' title='bbox 1813 5457 1840 5492; x_wconf 79' lang='grc' dir='ltr'>ι</span> <span class='ocrx_word' id='word_1_870' title='bbox 1882 5437 2013 5501; x_wconf 89' lang='lat' dir='ltr'><strong>mel,</strong></span> <span class='ocrx_word' id='word_1_871' title='bbox 2044 5440 2102 5490; x_wconf 89' lang='lat' dir='ltr'><strong>et</strong></span> <span class='ocrx_word' id='word_1_872' title='bbox 2142 5447 2247 5506; x_wconf 86' lang='lat' dir='ltr'><strong>ego</strong></span> <span class='ocrx_word' id='word_1_873' title='bbox 2292 5435 2526 5491; x_wconf 89' lang='lat' dir='ltr'><strong>movebo</strong></span> <span class='ocrx_word' id='word_1_874' title='bbox 2570 5454 2684 5492; x_wconf 91' lang='lat' dir='ltr'><strong>non</strong></span> <span class='ocrx_word' id='word_1_875' title='bbox 2728 5439 2910 5494; x_wconf 88' lang='lat' dir='ltr'><strong>solum</strong></span> <span class='ocrx_word' id='word_1_876' title='bbox 2955 5444 3187 5507; x_wconf 76' lang='lat' dir='ltr'><strong>terram,</strong></span> <span class='ocrx_word' id='word_1_877' title='bbox 3217 5439 3318 5495; x_wconf 79' lang='lat' dir='ltr'><strong>sed</strong></span> <span class='ocrx_word' id='word_1_878' title='bbox 3345 5447 3406 5495; x_wconf 80' lang='lat' dir='ltr'><strong>et</strong></span> 
     </span>
    </p>
   </div>
   <div class='ocr_carea' id='block_1_59' title="bbox 145 5524 3404 5597">
    <p class='ocr_par' dir='ltr' id='par_1_59' title="bbox 145 5524 3404 5597">
     <span class='ocr_line' id='line_1_59' title="bbox 145 5524 3404 5597; baseline 0.002 -18"><span class='ocrx_word' id='word_1_879' title='bbox 145 5531 245 5579; x_wconf 82' lang='lat' dir='ltr'><strong>tur.</strong></span> <span class='ocrx_word' id='word_1_880' title='bbox 274 5527 427 5590; x_wconf 81' lang='lat' dir='ltr'><strong>Quid</strong></span> <span class='ocrx_word' id='word_1_881' title='bbox 455 5527 606 5584; x_wconf 84' lang='lat' dir='ltr'><strong>enim</strong></span> <span class='ocrx_word' id='word_1_882' title='bbox 631 5528 717 5584; x_wconf 89' lang='lat' dir='ltr'><strong>illi</strong></span> <span class='ocrx_word' id='word_1_883' title='bbox 745 5529 934 5584; x_wconf 86' lang='lat' dir='ltr'><strong>videre</strong></span> <span class='ocrx_word' id='word_1_884' title='bbox 973 5529 1345 5586; x_wconf 81' lang='lat' dir='ltr'><strong>meruerunt?</strong></span> <span class='ocrx_word' id='word_1_885' title='bbox 1383 5528 1645 5584; x_wconf 78' lang='lat' dir='ltr'><strong>tenebras</strong></span> <span class='ocrx_word' id='word_1_886' title='bbox 1672 5535 1733 5584; x_wconf 87' lang='lat' dir='ltr'><strong>et</strong></span> <span class='ocrx_word' id='word_1_887' title='bbox 1817 5549 1841 5578; x_wconf 63' lang='grc' dir='ltr'><strong>τι</strong></span> <span class='ocrx_word' id='word_1_888' title='bbox 1871 5527 2093 5582; x_wconf 69' lang='lat' dir='ltr'><strong>celum.</strong></span> <span class='ocrx_word' id='word_1_889' title='bbox 2143 5524 2306 5590; x_wconf 81' lang='lat' dir='ltr'><strong>Quod</strong></span> <span class='ocrx_word' id='word_1_890' title='bbox 2343 5531 2554 5593; x_wconf 66' lang='lat' dir='ltr'><strong>autem,</strong></span> <span class='ocrx_word' id='word_1_891' title='bbox 2602 5527 2802 5583; x_wconf 78' lang='lat' dir='ltr'><strong>Adhuc</strong></span> <span class='ocrx_word' id='word_1_892' title='bbox 2852 5530 3047 5597; x_wconf 80' lang='lat' dir='ltr'><strong>semel,</strong></span> <span class='ocrx_word' id='word_1_893' title='bbox 3095 5529 3252 5595; x_wconf 77' lang='lat' dir='ltr'><strong>dicit,</strong></span> <span class='ocrx_word' id='word_1_894' title='bbox 3309 5529 3404 5584; x_wconf 81' lang='lat' dir='ltr'><strong>de-</strong></span> 
     </span>
    </p>
   </div>
   <div class='ocr_carea' id='block_1_60' title="bbox 146 5613 3403 5693">
    <p class='ocr_par' dir='ltr' id='par_1_60' title="bbox 146 5613 3403 5693">
     <span class='ocr_line' id='line_1_60' title="bbox 146 5613 3403 5693; baseline 0.001 -22"><span class='ocrx_word' id='word_1_895' title='bbox 146 5614 458 5688; x_wconf 76' lang='lat' dir='ltr'><strong>csligiuem,</strong></span> <span class='ocrx_word' id='word_1_896' title='bbox 490 5617 793 5674; x_wconf 78' lang='lat' dir='ltr'><strong>audierunt</strong></span> <span class='ocrx_word' id='word_1_897' title='bbox 829 5619 1061 5690; x_wconf 86' lang='lat' dir='ltr'><strong>quidem</strong></span> <span class='ocrx_word' id='word_1_898' title='bbox 1104 5625 1162 5674; x_wconf 86' lang='lat' dir='ltr'><strong>et</strong></span> <span class='ocrx_word' id='word_1_899' title='bbox 1189 5632 1376 5674; x_wconf 86' lang='lat' dir='ltr'><strong>vocem</strong></span> <span class='ocrx_word' id='word_1_900' title='bbox 1407 5637 1420 5672; x_wconf 91' lang='lat'><strong>:</strong></span> <span class='ocrx_word' id='word_1_901' title='bbox 1453 5619 1550 5673; x_wconf 80' lang='lat' dir='ltr'><strong>sed</strong></span> <span class='ocrx_word' id='word_1_902' title='bbox 1582 5623 1643 5672; x_wconf 92' lang='lat' dir='ltr'><strong>et</strong></span> <span class='ocrx_word' id='word_1_903' title='bbox 1665 5622 1732 5673; x_wconf 85' lang='lat' dir='ltr'><strong>ut</strong></span> <span class='ocrx_word' id='word_1_904' title='bbox 1817 5636 1838 5667; x_wconf 79' lang='grc' dir='ltr'>ι</span> <span class='ocrx_word' id='word_1_905' title='bbox 1881 5616 2061 5670; x_wconf 75' lang='lat' dir='ltr'><strong>claret</strong></span> <span class='ocrx_word' id='word_1_906' title='bbox 2103 5613 2396 5672; x_wconf 76' lang='lat' dir='ltr'><strong>nobilium</strong></span> <span class='ocrx_word' id='word_1_907' title='bbox 2443 5615 2870 5675; x_wconf 69' lang='lat' dir='ltr'><strong>translsﬁonsm</strong></span> <span class='ocrx_word' id='word_1_908' title='bbox 2917 5623 3190 5693; x_wconf 76' lang='lat' dir='ltr'><strong>tanquam</strong></span> <span class='ocrx_word' id='word_1_909' title='bbox 3225 5617 3403 5674; x_wconf 82' lang='lat' dir='ltr'><strong>facto-</strong></span> 
     </span>
    </p>
   </div>
  </div>
