3854 6164
446 323 550 384 823
1066 321 1129 375 B.
1163 319 1435 375 RABANI
1464 319 1698 379 MAURI
1722 317 2060 375 ARCHIEP.
2088 317 2414 373 MOGUNT.
2447 315 2742 371 OPERUM
2769 313 2954 369 PARS
2983 313 3080 369 ΙΙΙ.
3547 319 3628 377 8ἳ4

447 469 475 504 (ι
506 466 633 506 rum
663 453 728 503 ut
755 451 1024 502 maneant
1040 461 1109 500 ea
1125 461 1247 515 quae
1265 451 1399 499 sunt
1418 445 1744 498 immobilia.
1777 463 1798 494 ι
1827 444 2032 511 (Joan).
2047 445 2096 502 Α
2115 439 2562 496 murmuratione
2591 439 2850 506 servitur,
2881 444 2939 492 et
2964 453 3075 492 non
3103 438 3152 490 ei
3172 453 3268 508 pro
3283 440 3513 495 omnibus
3535 460 3635 513 ειη.

441 536 751 600 Attendite,
802 535 1006 605 inquit,
1051 553 1074 584 ι
1127 533 1282 588 vobis
1339 551 1408 588 ne
1465 533 1742 604 respuatis
1801 533 2038 602 loquen-
2119 531 2212 585 tiae
2229 530 2577 595 deferuntur,
2603 534 2660 582 et
2688 545 2788 599 pro
2812 525 3226 592 tentationibus,
3259 533 3312 582 et
3335 545 3426 599 pro
3449 531 3640 601 spirits.

443 634 577 692 tem,
618 645 641 677 ι
674 626 780 679 hoc
809 630 912 690 est,
945 639 1058 677 non
1095 623 1415 693 negligatis.
1455 642 1477 673 ι
1513 623 1572 676 Si
1602 621 1753 676 enim
1799 621 1880 674 illi
1927 636 2040 674 non
2121 619 2284 686 libus,
2309 619 2453 674 nihil
2469 635 2602 689 ergo
2619 617 2882 689 supinum
2902 615 3214 686 loquamur,
3233 615 3364 671 nihil
3376 617 3641 690 impudens,

442 715 709 786 fugerunt
757 717 1086 784 respuentes
1145 728 1316 782 super
1363 716 1574 766 terram
1629 712 1971 782 loquentem.
2011 728 2034 760 ι
2123 709 2220 764 sed
2249 708 2649 763 submittamus
2679 722 2798 772 nos,
2834 710 2900 760 ut
2927 703 3264 759 venerabiles
3301 722 3360 760 ac
3381 715 3644 764 reverentes

445 804 625 869 Quem
649 808 815 874 putas
839 802 896 856 in
930 801 1034 856 hoc
1061 801 1181 854 loco
1203 800 1523 871 signiﬁcat?
1552 799 1690 853 mihi
1713 798 1938 869 quidem
1967 795 2043 850 vi-
2123 815 2246 852 esse
2267 797 2566 868 possimus,
2590 796 2697 851 hoc
2725 799 2812 849 est
2839 809 2968 848 cum
3005 793 3310 848 reverentia
3332 800 3385 849 et
3403 801 3536 850 metu
3558 797 3646 852 Do-

445 894 614 948 detur
642 891 791 963 quod
805 891 1036 964 Moysen
1050 889 1349 960 significat.
1375 888 1535 953 Quod
1549 893 1739 942 autem
1759 886 1913 952 dicit,
1928 886 2042 940 tale
2125 886 2282 941 mini.

447 986 550 1048 est,
582 981 629 1035 si
655 980 754 1046 illi,
795 979 893 1050 qui
921 983 1322 1032 recusaverunt
1365 977 1745 1048 legislatorem
1789 976 1848 1030 in
1889 980 2045 1029 terra
2711 973 2944 1028 CAPUT
2983 972 3134 1027 XIII.

445 1069 832 1135 constitutum,
867 1084 986 1122 non
1015 1067 1312 1121 valuerunt
1343 1067 1604 1136 eﬂugere,
1638 1064 1917 1136 quomodo
1945 1080 2043 1118 va-
2125 1067 2398 1120 Hortatur
2447 1065 2522 1116 ad
2567 1063 2908 1132 operandam
2967 1063 3170 1114 bonum
3219 1076 3344 1128 erga
3366 1134 3373 1136 _
3398 1065 3644 1130 proximos,

446 1159 626 1214 lemus
641 1173 902 1212 recusare
925 1173 1052 1211 eum
1077 1156 1172 1226 qui
1191 1153 1352 1209 nobis
1368 1155 1437 1208 de
1457 1134 1596 1210 50310
1614 1134 1756 1224 Ιέείε
1769 1157 2048 1224 Praecepta
2196 1139 2400 1226 ξῗφξφὶ
2419 1137 2892 1226 αἷῗῗῗρῗῖῖῗπῆφῖν,
2904 1149 3104 1226 ἕλ’[θ
3133 1148 3296 1226 ἕξ..ῗῖ
3297 1134 3526 1226 ⁰ῘΪ91⁸⁸⁷ῘΞ
3536 1136 3648 1226 Et.“

449 1245 780 1302 constituit?
810 1246 927 1300 Nec
955 1206 1120 1316 Putes
1145 1244 1294 1315 quod
1324 1245 1382 1297 in
1413 1243 1519 1297 hoc
1545 1206 2045 1332 locooaltlerum‘di-
2198 1212 2402 1332 05:3
2449 1207 2720 1259 orationis
2767 1206 3085 1272 beneﬁcium
3126 1206 3275 1271 0mm
3320 1219 3436 1256 cum
3477 1206 3649 1258 salum.

450 1343 543 1434 Fat
569 1337 806 1434 "1‘?in
844 1335 1002 1434 ligiS’
1036 1339 1096 1432 e,t
1121 1333 1364 1434 nimim
1395 1331 1698 1434 Evapgeli?’
1918 1331 2045 1385 Non
2251 1329 2523 1420 iCliaritas
2550 1362 2920 1418 fraternitatis
2948 1369 3176 1418 maneat
3203 1367 3260 1416 et
3276 1361 3653 1434 hospitalitatem

449 1425 554 1480 hoc
585 1425 738 1520 dicit”
773 1424 869 1520 se?
897 1421 1324 1520 h°c_si$niﬁ?at’
1359 1421 1625 1520 ‘l‘imi‘fm
1655 1419 2046 1520 terribili???
2131 1468 2158 1503 α
2190 1419 2364 1504 nolite
2395 1449 2642 1504 oblivisci
2671 1465 2774 1520 per
2797 1449 2942 1503 hanc
2971 1448 3122 1503 enim
3152 1419 3428 1502 latuerunt
3449 1447 3651 1518 quidam,

449 1519 628 1586 paret,
663 1529 793 1568 cum
824 1513 894 1566 de
923 1511 1062 1565 coelo
1085 1511 1352 1582 loquitur,
1381 1510 1531 1564 idem
1557 1510 1676 1580 ipse
1705 1514 1790 1563 est
1819 1509 1971 1580 quide

2132 1553 2159 1587 ‹‹
2190 1535 2403 1606 angelis
2433 1509 2690 1606 hospicio
2711 1533 2968 1605 receptis.
3016 1553 3043 1588 ιι
3081 1535 3282 1600 (Ιοαη.)
3321 1509 3524 1586 Intuere
3547 1509 3654 1602 quo;

449 1609 567 1658 tam
605 1603 730 1668 ίδῖθν
782 1617 950 1672 quam
998 1599 1115 1690 in?
1164 1600 1261 1653 sed
1296 1597 1614 1690 Ater‘ibilior
1660 1604 1795 1690 tunc
1840 1597 2038 1668 magis,
2125 1597 2298 1674 modo
2331 1636 2426 1673 eos
2473 1597 2736 1690 praecepit
2777 1597 3056 1689 praecepta
3092 1597 3383 1688 praesentia
3406 1597 3654 1681 custodire,

451 1707 623 1763 quam
649 1691 746 1774 illo
773 1695 1046 1760 tempore.
1071 1689 1196 1743 Non
1219 1688 1370 1742 enim
1399 1687 1772 1741 dill'erentiam
1793 1703 2102 1774 personze_
2127 1720 2241 1758 ηοη
2265 1703 2417 1758 enim
2447 1687 2526 1758 eis
2555 1687 2670 1756 alia'
2699 1687 3128 1772 ευρει-ίωροηίιξ,
3161 1717 3271 1754 non
3308 1700 3454 1766 dixit,
3482 1699 3658 1754 Efﬁcia.

450 1768 748 1850 signiﬁcat,
781 1779 879 1832 sed
909 1778 1140 1832 modum
1171 1795 1281 1848 quo
1309 1776 1472 1832 nobis
1500 1777 1684 1846 legem
1713 1792 1914 1830 novam
1945 1775 1972 1828 d

2139 1787 2268 1842 mini
2287 1793 2570 1842 amatores
2588 1767 2848 1851 fratrum,
2864 1767 2970 1839 sed
2969 1825 2982 1852 ,
3004 1785 3340 1840 Permaneat
3349 1783 3566 1838 charitas
3578 1783 3661 1837 fra-

451 1869 553 1935 dit,
583 1869 822 1923 alterum
849 1884 972 1921 esse
999 1867 1151 1921 dicit.
1182 1867 1341 1922 Unde
1369 1870 1587 1920 certum
1617 1865 1790 1919 est?«
1815 1865 1874 1920 Si
1895 1865 2045 1919 enim
2127 1871 2436 1936 temitatis;
2468 1875 2527 1924 et
2553 1871 2778 1936 iterum,
2811 1886 2926 1924 non
2969 1869 3128 1936 dixit,
3167 1867 3468 1940 Hospitales
3501 1867 3663 1922 efﬁcia-

451 1957 551 2023 illi,
587 1957 790 2028 inquit,
819 1973 932 2010 non
953 1956 1273 2026 elfugerunt
1301 1960 1624 2009 recusantes
1673 1970 1803 2008 eum
1847 1953 1942 2024 qui
1987 1953 2046 2007 in
2127 1956 2286 2022 mini,
2319 1961 2591 2026 tanquam
2624 1955 2671 2009 si
2699 1971 2812 2008 non
2841 1959 3046 2018 essent,
3079 1953 3180 2008 sed
3223 1973 3248 2005 (ι
3281 1951 3663 2024 hospitalitatem

451 2051 608 2100 terra
651 2045 836 2100 fuerat
869 2045 1224 2110 constitutus,
1267 2045 1446 2098 multo
1476 2043 1658 2114 magis
1698 2059 1820 2108 nos,
1851 2043 1947 2113 qui
1977 2042 2046 2096 de
2127 2041 2300 2097 nolite
2330 2040 2652 2094 oblivisci.»
2686 2040 2764 2094 Ex
2805 2037 3263 2106 tribulationibus
3305 2037 3445 2092 enim
3486 2042 3666 2108 poterat

453 2135 608 2190 caelis
629 2134 950 2205 loquentem
979 2133 1141 2187 nobis
1168 2132 1495 2187 avertimus.
1521 2154 1545 2181 ιι
1582 2131 1728 2196 Quid
1757 2147 1891 2201 ergo
1915 2130 2048 2185 dici-
2128 2131 2234 2185 hoc
2253 2131 2490 2184 fortasse
2506 2129 2851 2199 contingere.
2871 2146 2899 2180 α
2921 2128 3031 2182 Per
3041 2127 3189 2182 hanc
3201 2123 3667 2197 enim,inquit,qui—

453 2240 598 2290 mus,
634 2223 779 2278 alius
805 2229 892 2278 est
919 2223 1044 2288 iste,
1077 2223 1222 2276 alius
1251 2221 1381 2276 ille?
1412 2221 1690 2292 quomodo
1720 2237 1854 2290 ergo
1886 2219 2042 2284 dixit,
2129 2219 2258 2274 dam
2280 2219 2613 2290 placuerunt
2625 2218 2781 2285 (sive,
2795 2217 3108 2274 secundum
3119 2216 3290 2270 aliam
3307 2215 3598 2279 editionem,
3609 2213 3669 2267 la-

453 2331 480 2366 ι
513 2313 675 2383 cujus
702 2328 806 2366 vox
829 2311 1004 2366 movit
1019 2317 1229 2366 terram
1257 2310 1432 2364 tunc?
1467 2330 1489 2360 ι
1517 2309 1576 2364 Si
1605 2309 1755 2363 enim
1785 2325 1888 2362 vox
1923 2308 2047 2378 ejus
2128 2308 2617 2379 tuerunt)angelos
2629 2306 2870 2378 hospitio
2883 2302 3516 2378 recipientes.»Attendis
3531 2318 3670 2374 quan-

452 2399 625 2456 movit
642 2406 873 2467 terram,
908 2400 1003 2472 qui
1029 2405 1165 2454 tunc
1191 2399 1426 2454 dederat
1454 2399 1654 2468 legem,
1680 2413 1829 2452 nunc
1857 2402 2048 2450 autem
2129 2402 2222 2452 tus
2239 2397 2436 2463 honor,
2455 2395 3157 2467 quantumlucrum?Quid
3177 2400 3266 2449 est
3281 2391 3576 2448 latuerunt?
3591 2391 3673 2444 hoc

452 2490 733 2562 promittit
749 2490 940 2544 dicens
963 2507 974 2542 :
995 2508 1020 2540 «
1044 2489 1242 2542 Adhuc
1270 2488 1445 2542 semel
1475 2493 1533 2541 et
1553 2503 1657 2557 ego
1678 2485 1908 2540 movebo
1936 2502 2047 2540 non
2132 2491 2220 2541 est
2245 2485 2557 2540 nescientes
2587 2485 2646 2539 in
2676 2485 2918 2556 hospitio
2945 2491 3284 2556 receperunt
3311 2501 3323 2536 :
3347 2487 3611 2554 propterea
3631 2484 3674 2532 et

454 2576 636 2632 solum
664 2582 896 2643 terram,
919 2577 1020 2630 sed
1050 2577 1222 2630 etiam
1249 2577 1472 2641 coelum,
1500 2595 1522 2626 ι
1550 2579 1765 2629 certum
1791 2579 1877 2628 est
1899 2573 2047 2643 quod
2129 2575 2308 2630 multa
2324 2591 2538 2630 merces
2553 2573 2952 2639 estAbraham,
2973 2573 3109 2645 quia
3127 2569 3678 2640 nescienseosangelos

456 2666 606 2720 idem
640 2667 760 2736 ipse
785 2667 878 2720 sit.
915 2686 938 2716 ι
972 2665 1132 2729 Quod
1160 2670 1351 2719 autem
1379 2663 1514 2718 dicit
1540 2664 1723 2717 adhuc
1743 2663 1935 2728 semel,
1957 2663 2049 2716 de—
2131 2681 2270 2730 esse,
2296 2664 2355 2718 in
2377 2663 2619 2734 hospitio
2651 2663 2880 2734 recepit.
2894 2663 3038 2717 Nam
3069 2663 3120 2716 si
3149 2662 3334 2728 sciret,
3356 2660 3484 2714 nihil
3509 2658 3677 2712 mirum

455 2753 634 2809 claret
661 2753 953 2810 mobilium
977 2753 1406 2808 translationem
1431 2757 1701 2823 tanquam
1716 2751 2046 2806 factorum.»
2134 2759 2300 2808 esset.
2327 2753 2570 2818 Quidam
2590 2752 2804 2818 dicunt,
2819 2751 3086 2824 quoniam
3099 2751 3160 2806 in
3183 2751 3288 2806 hoc
3297 2751 3414 2805 loco
3429 2749 3581 2804 etiam
3596 2747 3680 2800 Lot

459 2842 604 2906 Quid
641 2848 744 2909 est,
795 2843 942 2913 quod
989 2842 1075 2896 his
1129 2841 1310 2896 verbis
1349 2841 1740 2911 significatur?
1781 2840 2049 2894 nimirum
2131 2842 2498 2913 signiﬁcatur.
2522 2859 2550 2894 (‹
2571 2842 2914 2896 Mementote
2931 2841 3252 2894 vinctorum
3269 2846 3524 2910 tanquam
3543 2834 3678 2891 simul

459 2931 726 3002 quoniam
749 2930 1078 2986 auferentur
1104 2937 1308 2985 cuncta
1335 2931 1404 2984 de
1447 2929 1632 2985 medio
1676 2936 1734 2984 et
1764 2929 1822 2983 in
1851 2929 2051 2983 melius
2135 2951 2164 2985 α
2191 2931 2382 2995 vincti,
2413 2937 2471 2985 et
2496 2930 2875 2985 laborantium
2901 2935 3177 3000 tanquam
3209 2935 3268 2983 et
3285 2928 3391 3000 ipsi
3411 2928 3467 2982 in
3487 2940 3678 2997 corpore

459 3019 724 3074 universa
739 3019 1112 3074 mutabuntur
1143 3037 1155 3072 :
1183 3019 1290 3074 hoc
1305 3019 1457 3073 enim
1477 3018 1616 3072 mihi
1635 3018 1855 3072 videtur
1868 3018 1927 3072 in
1945 3019 2052 3072 hoc
2135 3037 2163 3074 α
2189 3026 2494 3075 morantes.
2527 3017 2868 3074 Honorabile
2896 3018 3226 3089 conjugium
3255 3018 3313 3072 in
3358 3015 3608 3078 omnibus,
3633 3017 3676 3066 et

456 3109 578 3163 loco
605 3109 926 3179 signiﬁcem.
960 3108 1104 3173 Quid
1132 3125 1264 3178 ergo
1295 3107 1466 3173 doles,
1499 3106 1702 3178 inquit,
1733 3123 1860 3161 cum
1889 3111 2048 3178 pate-
2069 3111 2112 3170 Ο
2135 3125 2163 3161 ‹‹
2196 3109 2394 3164 thorus
2423 3109 2836 3163 immaculatus.
2861 3107 3254 3162 Fornicatores
3269 3113 3327 3161 et
3344 3106 3602 3161 adulteros
3612 3103 3682 3172 ju-

455 3197 536 3252 ris
563 3198 775 3269 aliquid
804 3199 862 3252 in
893 3198 996 3252 hoc
1025 3197 1254 3262 mundo,
1291 3196 1387 3267 qui
1435 3212 1548 3250 non
1586 3195 1794 3266 poterit
1833 3211 2050 3266 perma—
2133 3216 2164 3251 (ι
2192 3197 2399 3253 dicabit
2419 3199 2589 3253 Deus.
2617 3219 2640 3246 ο
2666 3197 3060 3268 Contemplare
3093 3195 3342 3268 quantus
3367 3195 3446 3248 illi
3471 3193 3536 3247 de
3552 3189 3680 3264 pudi-

459 3303 614 3353 nere,
649 3287 744 3358 qui
774 3293 901 3358 post
935 3287 1226 3358 paululum
1251 3285 1596 3340 transiturus
1625 3284 1750 3338 est?
1775 3284 1833 3338 Si
1862 3284 1920 3338 in
1946 3301 2049 3338 no-
2131 3287 2267 3341 citia
2295 3303 2480 3341 sermo
2509 3286 2886 3358 profunditur.
2917 3303 2945 3338 (ι
2979 3285 3206 3352 Pacem,
3237 3283 3433 3356 inquit,
3455 3297 3572 3336 cum
3592 3295 3684 3332 om-

456 3375 699 3430 vissimis
730 3375 946 3430 saeculis
987 3375 1078 3429 hic
1115 3375 1361 3430 mundus
1405 3373 1657 3444 requiem
1685 3372 1919 3427 forsitan
1947 3373 2049 3427 ha-
2132 3374 2298 3430 nibus
2312 3375 2605 3430 sectamini
2625 3379 2684 3430 et
2701 3373 3314 3442 sanctificationem,ne
3341 3372 3460 3444 quis
3489 3367 3685 3424 famice-

457 3463 692 3531 buisset,
724 3471 858 3519 tunc
885 3464 1144 3519 tribulari
1177 3463 1360 3536 potius
1381 3461 1676 3534 oportebat
1703 3478 1831 3517 eum
1855 3461 1950 3533 qui
1969 3461 2050 3516 fe-
2134 3470 2227 3519 tor
2253 3465 2338 3520 vel
2367 3465 2614 3536 pollutus
2637 3483 2650 3531 ;
2684 3483 2713 3517 n
2744 3469 2802 3518 et
2826 3463 3054 3530 iterum,
3075 3485 3100 3513 ι
3129 3462 3456 3518 fornicarios
3471 3461 3687 3515 autemet

457 3552 634 3607 stinat
655 3553 724 3607 ad
747 3554 936 3607 finem.
960 3572 983 3604 ι
1001 3554 1076 3608 Ut
1095 3549 1763 3623 permaneant,inquit,ea
1782 3566 1904 3620 qua:
1923 3555 2057 3604 sunt
2134 3554 2420 3608 adulteros
2442 3553 2663 3624 judicat
2685 3553 2855 3608 Deus.
2890 3571 2918 3606 »
2940 3552 3048 3606 Sed
3077 3552 3370 3606 videamus
3388 3565 3526 3605 nunc
3545 3546 3690 3620 quali-

450 3641 1221 3712 immobilia.»Quaenamque
1234 3641 1361 3706 ista,
1385 3639 1471 3694 vel
1500 3639 1690 3710 qualia
1705 3645 1840 3692 sunt
1857 3639 2054 3692 immo-
2133 3648 2224 3697 ter
2251 3641 2606 3698 honorabiles
2651 3658 2774 3696 esse
2815 3641 3041 3712 nuptias
3083 3642 3145 3696 in
3188 3640 3446 3696 omnibus
3473 3638 3617 3702 dicat,
3643 3639 3687 3686 et

457 3729 636 3785 bilia?
654 3731 846 3786 futura
870 3731 1144 3786 videlicet.
1177 3731 1286 3784 Pro
1315 3730 1422 3784 isto
1476 3728 1652 3799 igitur
1697 3729 1806 3781 ﬁne
1853 3733 2054 3782 cuncta
2133 3731 2362 3786 thorum
2392 3731 2834 3786 immaculatum.
2860 3729 3140 3794 Quoniam
3172 3729 3432 3784 videlicet
3455 3727 3508 3782 in
3525 3723 3688 3781 sancti-

456 3819 746 3887 faciamus,
779 3825 845 3874 ut
870 3820 1026 3874 illam
1053 3820 1224 3874 vitam
1256 3817 1489 3889 adipisci
1516 3817 1814 3888 possimus,
1848 3822 1914 3870 ut
1941 3816 2052 3870 illis
2131 3826 2250 3875 tate
2280 3820 2561 3892 pudicitia;
2609 3819 2745 3874 facit
2790 3819 3109 3874 conservari
3139 3819 3384 3874 fidelem.
3417 3817 3513 3872 Hic
3549 3813 3686 3868 etiam

456 3906 619 3963 bonis
663 3907 1036 3983 ineffabilibus
1081 3907 1456 3979 perfruamur.
1503 3925 1528 3958 (ι
1573 3907 1770 3976 Itaque
1811 3921 2047 3975 regnum
2131 3909 2352 3964 Judzeos
2377 3909 2580 3980 pulsat,
2616 3909 2712 3980 qui
2737 3909 3016 3980 pollutum
3054 3907 3338 3979 putabant
3381 3903 3686 3977 conjugalem

459 4015 491 4051 ι
519 3997 807 4052 immobile
818 3997 1205 4068 suscipientes,
1221 3995 1491 4050 habemus
1503 3994 1747 4065 gratiam
1768 4010 1869 4064 per
1880 4010 2049 4064 quam
2131 3997 2508 4064 concubitum,
2527 4003 2585 4052 et
2602 3995 2865 4051 dicebant
2883 4013 2950 4050 ex
2971 3997 3114 4050 lecto
3135 3997 3392 4068 conjugis
3407 3997 3684 4064 surgentem

461 4103 488 4137 ‹‹
517 4085 828 4139 serviamus
843 4086 1126 4156 placentes
1142 4085 1258 4139 Deo
1284 4100 1412 4138 cum
1432 4089 1588 4138 metu
1616 4088 1673 4136 et
1693 4082 2007 4137 reverentia
2031 4101 2043 4137 :
2131 4087 2406 4143 mundum
2434 4103 2544 4141 non
2577 4102 2739 4157 posse
2767 4091 3045 4140 constare.
3079 4085 3210 4140 Non
3239 4091 3328 4140 est
3354 4083 3519 4156 igitur
3542 4079 3686 4154 pollu-

461 4191 490 4226 α
521 4173 730 4228 etenim
759 4175 909 4228 Deus
938 4180 1130 4227 noster
1165 4173 1312 4243 ignis
1339 4187 1674 4227 consumens
1705 4175 1809 4226 est.
1839 4191 1862 4222 ι
1889 4171 2049 4236 Quod
2130 4181 2274 4242 tum,
2299 4176 2448 4248 quod
2477 4193 2544 4230 ex
2570 4179 2775 4229 natura
2817 4174 3160 4240 conceditur,
3192 4193 3227 4230 o
3272 4169 3614 4245 ingratissimi
3643 4171 3686 4220 et

457 4261 593 4316 alibi
630 4261 771 4316 dixit
799 4281 810 4316 :
849 4282 874 4314 «
909 4263 1043 4326 Quae
1072 4261 1332 4316 videntur
1367 4261 1719 4332 temporalia,
1751 4277 1874 4331 qum
1919 4277 2048 4314 vero
2129 4264 2564 4319 insensatissimi
2592 4263 2790 4332 Judaei,
2824 4263 2923 4318 sed
2950 4263 3101 4334 quod
3129 4280 3197 4318 ex
3237 4279 3410 4336 prava
3445 4261 3686 4316 voluntate

456 4367 570 4406 non
597 4351 858 4406 videntur
883 4357 1094 4407 aeterna
1119 4352 1202 4410 (ΙΙ
1229 4352 1351 4406 Cor.
1384 4357 1474 4416 ιν),
1510 4368 1536 4402 ὶ)
1562 4355 1620 4404 et
1651 4349 1782 4404 inde
1810 4349 2081 4424 summit,
2130 4353 2437 4419 descendit,
2473 4369 2607 4407 nam
2635 4355 2684 4407 si
2711 4351 3068 4407 honorabiles
3087 4353 3318 4424 quidem
3346 4356 3476 4407 sunt
3489 4346 3678 4420 nuptias

455 4439 860 4498 exhortationis
887 4448 945 4495 et
973 4439 1373 4496 consolationis
1389 4445 1785 4509 argumentum
1808 4455 1908 4510 pro
1931 4423 2110 4492 mar-D
2127 4443 2352 4497 mundae
2381 4443 2553 4497 etiam
2581 4447 2730 4496 sunt.
2764 4443 2879 4497 Cur
2903 4423 3204 4513 itaqueiex
3235 4443 3325 4496 his
3360 4439 3680 4514 pollutionem

453 4527 524 4583 lis
556 4547 678 4600 quae
707 4530 766 4584 in
788 4531 1050 4601 praesenti
1090 4535 1342 4600 tempore
1387 4529 1715 4594 toleramus,
1749 4526 1830 4581 sic
1875 4527 2045 4581 etiam
2129 4532 2252 4586 ﬁeri
2269 4531 2580 4586 existimas?
2598 4536 2657 4585 et
2668 4531 2850 4602 primo
2861 4547 3095 4603 ponens,
3122 4530 3490 4586 «honorabile
3505 4539 3682 4583 connu-

458 4617 549 4672 hic
574 4619 709 4672 facit
729 4635 796 4672 ac
822 4619 958 4674 dicit
981 4639 993 4673 :
1023 4619 1172 4674 firmi
1200 4617 1469 4674 debemus
1487 4617 1724 4672 existere
1753 4622 1818 4670 ut
1845 4615 2047 4670 habea-
2128 4619 2284 4676 bium
2312 4621 2370 4675 in
2402 4620 2663 4676 omnibus
2691 4625 2748 4675 et
2768 4621 2997 4676 morum
3025 4620 3469 4686 immaculatum,
3487 4637 3514 4672 ι
3532 4619 3683 4670 osten-

454 4721 583 4760 mus
601 4707 864 4776 gratiam,
885 4708 991 4763 hoc
1010 4713 1112 4773 est,
1131 4707 1345 4779 gratias
1381 4723 1618 4777 agamus
1643 4706 1778 4760 Deo.
1793 4705 1920 4760 Non
1953 4722 2046 4758 80-
2129 4710 2214 4765 dit
2232 4710 2365 4781 quia
2379 4712 2530 4780 juste
2559 4709 2750 4765 intulit
2771 4726 2893 4782 qua
2914 4715 3248 4780 sequuntur.
3265 4710 3325 4764 Si
3343 4709 3488 4764 enim
3505 4717 3682 4761 connu-

454 4794 573 4848 lum
584 4810 696 4848 non
710 4795 978 4850 debemus
988 4796 1441 4868 inaequanimiter
1453 4796 1600 4849 ferre
1610 4793 1909 4866 praesentia
1922 4811 2050 4848 ma-
2127 4797 2284 4854 bium
2303 4805 2392 4854 est
2407 4815 2750 4864 concessum,
2777 4800 2930 4868 juste
2947 4797 3255 4853 fornicator
3271 4795 3546 4870 suppliciis
3570 4789 3683 4846 afﬂi-

451 4885 525 4950 la,
546 4883 646 4938 sed
660 4884 830 4939 etiam
841 4885 1056 4954 gratias
1068 4885 1148 4939 illi
1159 4903 1260 4957 pro
1271 4885 1476 4939 futuris
1489 4884 1651 4938 bonis
1662 4884 1882 4938 oil‘erre.
1894 4903 1916 4934 ε
1939 4883 2047 4938 Per
2129 4887 2292 4954 citur,
2313 4888 2466 4958 juste
2491 4887 2805 4959 puniuntur
2813 4887 3076 4942 adulteri.
3095 4887 3201 4942 Hic
3220 4887 3485 4942 adversus
3501 4878 3684 4938 benti

453 4989 643 5045 quam,
677 4973 878 5044 inquit,
902 4975 1211 5029 serviamus
1238 4974 1379 5029 bene
1405 4973 1688 5045 placentes
1715 4973 1850 5027 Deo.
1882 4992 1904 5022 ι
1930 4973 2048 5026 Hoc
2127 4991 2221 5031 cos
2242 4976 2490 5031 dimicat.
2507 4977 2577 5032 Et
2587 4976 2714 5031 vide
2735 4992 2904 5047 quam
2926 4975 3068 5031 bene
3091 4977 3183 5030 hic
3201 4993 3318 5031 non
3335 4975 3473 5030 dixit
3488 4973 3680 5028 iterum,

452 5067 556 5128 est,
579 5062 661 5116 sic
681 5062 886 5134 quippe
905 5063 1189 5134 placentes
1217 5063 1333 5116 Deo
1363 5061 1653 5128 servimus,
1694 5077 1823 5116 cum
1859 5061 1908 5114 ei
1945 5077 2048 5133 per
2127 5065 2328 5119 Nullus
2343 5065 2649 5131 sitavarus,
2669 5065 2768 5120 sed
2778 5065 2948 5120 simul
2961 5065 3242 5136 [F.semel]
3263 5065 3468 5130 dicens,
3484 5068 3603 5117 tunc
3617 5057 3684 5111 in-

453 5151 646 5206 omnia
669 5151 866 5222 gratim
913 5151 1259 5206 deferuntur.
1289 5171 1313 5203 ε(
1347 5150 1568 5216 Omnia,
1622 5150 1825 5221 inquit,
1879 5149 2045 5204 facite
2125 5153 2278 5220 tulit,
2311 5153 2484 5208 veluti
2507 5170 2802 5208 commune
2821 5154 3137 5220 consilium,
3161 5169 3276 5208 non
3305 5153 3456 5208 velut
3475 5149 3541 5204 ad
3559 5149 3682 5218 ipsos

450 5239 572 5293 sine
594 5241 1039 5296 murmuratione
1059 5247 1118 5296 et
1131 5241 1251 5295 sine
1271 5239 1639 5295 haesitatione.
1663 5259 1694 5293 ιι
1713 5239 1874 5304 Quod
1895 5239 2044 5294 enim
2127 5241 2276 5297 solos
2298 5258 2586 5297 sermones
2609 5242 2876 5313 dirigens.
2911 5261 2940 5296 ε
2961 5243 3088 5298 Sint
3114 5258 3302 5296 mores
3338 5242 3459 5297 sine
3483 5231 3683 5293 avaritia

452 5326 576 5400 quis
602 5335 864 5398 operatus
891 5331 1063 5386 fuerit
1091 5345 1452 5385 murmurans
1481 5329 1782 5394 recidetur,
1817 5335 1876 5384 et
1897 5327 2046 5399 perit
2069 5356 2085 5367 κ
2124 5331 2372 5386 contenti
2388 5331 2812 5403 prmsentibus.»
2827 5332 2973 5401 Sint,
2993 5330 3522 5403 inquit,moressine
3532 5322 3682 5381 avari-

451 5431 666 5470 merces
677 5417 1158 5486 ejus.Sicutetiam
1171 5420 1440 5474 Israelitae
1452 5419 1615 5490 quale
1619 5419 1642 5489 j
1650 5417 1894 5472 udicium
1913 5434 2042 5488 per-
2123 5419 2222 5474 tia.
2258 5421 2384 5475 Non
2395 5421 2552 5488 dixit,
2567 5421 2753 5476 Nolite
2766 5421 3068 5493 possidere,
3085 5419 3180 5474 sed
3205 5437 3236 5472 α
3257 5419 3373 5475 sint
3389 5432 3564 5474 mores
3579 5413 3679 5468 sine

447 5511 720 5574 ceperunt
729 5512 959 5578 propter
965 5507 1496 5564 murmurationem?
1507 5509 1828 5578 Propterea,
1836 5507 2037 5579 inquit,
2123 5509 2358 5565 avaritia
2373 5529 2385 5563 :
2404 5527 2432 5563 ι
2445 5509 2693 5565 ostendit
2703 5509 3114 5582 philosophiam
3125 5511 3400 5581 cujusque
3410 5499 3678 5562 voluntatis

449 5609 563 5648 non
592 5594 976 5661 murmuretis,
998 5613 1112 5652 non
1137 5597 1292 5652 enim
1311 5597 1495 5668 placet
1510 5597 1646 5662 Deo,
1669 5596 1892 5668 quando
1913 5613 2042 5652 cum
2123 5597 2202 5670 [Ρ.
2228 5597 2552 5654 ostendat...
2569 5599 2879 5669 voluntas]:
2904 5599 3112 5654 etenim
3131 5613 3306 5669 supra
3321 5597 3554 5652 dixerat:
3577 5607 3603 5644 ι
3621 5588 3676 5643 Εἴ
