3848 6164
202 350 289 407 825

588 343 1158 402 ENARRATIONUM
1196 348 1274 402 IN
1312 347 1465 403 EPP.
1508 348 1723 403 PAULI
1762 346 1899 402 LIB.
1940 347 2138 403 XXIX.
2162 379 2226 389 —
2265 348 2345 404 IN
2383 348 2605 403 EPIST.
2647 348 2745 403 AD
2783 347 2994 403 HEBR.

3322 352 3426 408 8‘26

196 469 417 541 rapinam
435 465 868 520 substantiamm
880 470 1548 541 vestrarumcumgaudio
1560 469 2025 540 susce-Ainquit,
2056 470 2223 525 variis
2254 476 2312 525 et
2339 472 2496 527 novis
2526 489 2640 527 non
2669 472 3161 540 circumferamini,
3195 491 3308 531 non
3331 492 3424 531 so-

200 558 334 629 pistis
353 556 522 622 (Hebr.
549 558 602 622 x)
623 574 671 621 η,
693 554 840 608 unde
869 556 1118 611 ostendit
1143 574 1239 612 eos
1264 574 1376 613 non
1405 575 1527 613 esse
1556 559 1739 612 avari-
1818 558 1934 611 lum
1968 558 2143 624 novis,
2176 560 2274 613 sed
2306 561 2476 615 etiam
2515 562 2702 615 variis.
2746 562 2929 616 Novas
2951 561 3087 615 dicit
3114 563 3419 631 doctrinas,

197 648 271 702 tia:
280 644 529 700 deditos.J
536 650 655 697 uste
664 660 796 713 ergo
805 661 901 698 eos
912 645 1195 711 admonet,
1206 666 1230 697 α
1255 653 1312 701 et
1325 647 1735 715 sufﬁcientiam,

198 734 364 806 inquit,
402 731 663 786 habentes
700 733 1079 804 praesentium.
1126 753 1152 788 »
1192 735 1470 800 Quoniam
1511 737 1740 808 plurimi

197 828 300 896 post
320 822 737 877 exinanitionem
789 822 1231 879 substantiarum
1266 841 1519 893 suarum,
1546 831 1742 897 postea

196 912 388 983 cupiunt
408 910 509 965 sub
522 910 754 965 obtentu
769 912 1135 984 eleemosynaa
1163 914 1369 969 iterum
1398 931 1740 986 congregare

197 1001 396 1066 divitias,
426 1017 451 1051 «ι
478 1006 794 1071 propterea,
827 1001 1029 1073 inquit,
1062 1002 1177 1057 sint
1194 1019 1379 1058 mores
1410 1004 1530 1059 sine
1555 1006 1739 1059 avari-

196 1090 272 1155 tia,
292 1108 315 1141 »
335 1089 430 1143 hoc
448 1095 550 1156 est,
580 1095 645 1143 ut
670 1089 808 1143 illud
838 1096 1241 1162 exspectemus,
1269 1094 1416 1163 quod
1449 1094 1574 1148 usui
1599 1111 1739 1166 opus

197 1178 332 1232 fuerit
353 1184 405 1233 et
431 1195 531 1249 pro
578 1179 909 1234 necessariis
954 1185 1177 1235 tantum
1224 1198 1416 1236 curam
1452 1200 1734 1253 geramus.

193 1267 306 1333 Quid
330 1284 452 1338 ergo
461 1267 599 1321 dicit
617 1267 821 1339 aliquis
840 1268 885 1322 si
905 1285 1008 1323 nec
1026 1269 1276 1341 ipsorum
1295 1273 1737 1327 necessariorum

192 1356 318 1410 nobis
340 1357 621 1426 contingat
640 1357 848 1413 habere
867 1358 1169 1430 suffragia?
1188 1360 1313 1414 Non
1334 1366 1420 1415 est
1437 1361 1559 1427 hoc,
1574 1363 1738 1416 crede

193 1446 318 1510 mihi,
330 1462 432 1500 non
444 1445 547 1500 hoc
558 1452 663 1500 est.
676 1465 703 1497 α
718 1440 831 1501 Iste
842 1447 1048 1519 quippe
1059 1448 1201 1502 dixit
1228 1468 1239 1502 :
1276 1450 1399 1503 Non
1414 1455 1470 1504 te
1481 1451 1736 1505 deseram

194 1550 385 1604 «neque
408 1534 816 1606 derelinquam,
850 1536 929 1590 ita
970 1542 1034 1591 ut
1077 1538 1422 1592 confidenter
1463 1539 1733 1607 dicamus,

190 1640 214 1677 ι
233 1623 470 1678 Dominus
500 1624 642 1678 mihi
667 1625 894 1694 adjutor
912 1632 1014 1689 est,
1042 1642 1154 1680 non
1181 1626 1391 1682 timebo
1420 1628 1552 1699 quid
1572 1628 1740 1683 faciat

193 1730 213 1761 ι
233 1712 345 1765 mihi
372 1713 553 1766 homo.
591 1733 617 1764 ι)
653 1714 865 1768 Iterum
893 1714 951 1769 in
972 1715 1377 1770 tentationibus
1399 1718 1731 1771 consolatio:

1821 647 1925 699 hoc
1952 654 2038 702 est
2065 654 2268 718 praeter
2295 666 2436 720 quas
2467 650 2702 705 audistis
2727 668 2761 704 a
2787 650 2966 716 nobis,
2999 650 3104 705 hoc
3123 657 3208 706 est
3229 653 3423 708 multi-

1821 735 2028 790 formes
2060 741 2118 790 et
2136 738 2519 793 multimodas.
2544 740 2698 794 Nihil
2710 740 2861 793 enim
2875 740 3098 794 ﬁrmum
3115 741 3420 811 possident,

1822 824 1921 877 sed
1971 830 2105 879 sunt
2145 826 2588 882 differentiarum
2626 828 2898 883 varietate
2956 829 3311 901 multiplices,
3366 837 3423 886 et

1821 913 2067 968 maxime
2097 915 2303 985 dogma
2328 916 2398 970 de
2442 917 2582 971 escis
2624 918 2783 971 valde
2832 923 3054 972 constat
3091 918 3416 990 implexum.

1825 1020 1850 1053 α
1882 1003 2101 1057 Bonum
2150 1010 2237 1058 est
2274 1005 2422 1058 enim
2469 1006 2654 1075 gratia
2695 1005 2934 1060 stabiliri
2965 1022 3079 1073 cor,
3115 1024 3227 1062 non
3255 1009 3418 1073 escis,

1825 1110 1849 1141 α
1883 1108 2004 1161 qua:
2033 1109 2143 1146 non
2173 1093 2502 1163 profuerunt
2544 1093 2963 1149 ambulantibus
3008 1096 3069 1149 in
3118 1096 3218 1149 eis.
3257 1116 3280 1148 ι
3319 1098 3422 1152 Hic

1822 1180 2166 1250 pedetentim
2198 1198 2293 1236 eos
2319 1183 2617 1254 significat,
2651 1184 2747 1254 qui
2772 1200 3026 1238 escarum
3056 1184 3424 1241 introducunt

1819 1267 2232 1324 observationes
2265 1290 2276 1324 :
2310 1252 2440 1325 ﬁdei
2471 1252 2675 1343 quippe
2703 1273 2965 1327 universa
3000 1273 3214 1328 munda
3264 1281 3416 1329 sunt.

1820 1357 1955 1411 Fide
1992 1375 2125 1428 ergo
2151 1376 2291 1430 opus
2320 1365 2421 1423 est,
2446 1377 2548 1415 nos
2580 1361 2740 1415 escis.
2766 1362 2893 1416 Istae
2922 1368 3057 1416 sunt
3082 1362 3269 1428 varie,
3300 1363 3420 1417 ista;

1820 1462 1992 1514 novae,
2023 1447 2266 1502 maxime
2295 1448 2518 1503 Christo
2545 1450 2763 1504 dicente
2811 1469 2822 1503 :
2852 1468 2879 1504 ‹
2911 1452 3036 1505 Non
3066 1451 3215 1522 quod
3244 1452 3422 1507 intrat

1820 1534 1878 1588 in
1931 1552 1993 1589 os
2038 1536 2366 1608 coinquinat
2403 1538 2707 1604 hominem,
2768 1540 2863 1593 sed
2922 1541 3068 1610 quod
3132 1540 3421 1610 egreditur

1822 1626 2034 1691 (Matth.
2066 1638 2158 1689 xv)
2185 1644 2197 1691 ;
2235 1644 2261 1679 ν
2288 1632 2345 1680 et
2373 1626 2592 1682 intuere
2621 1628 2781 1682 illum
2815 1645 2928 1683 non
2967 1629 3268 1684 audentem
3315 1630 3420 1685 hoc

1819 1713 2112 1768 manifeste
2134 1715 2335 1781 dicere,
2371 1711 2467 1770 sed
2496 1723 2768 1788 tanquam
2797 1717 2901 1772 sub
2931 1718 3121 1789 aliqua
3139 1719 3419 1790 significa-

189 1799 280 1871 ipse
301 1801 490 1873 quippe
517 1801 663 1856 dixit
680 1808 738 1856 et
756 1803 1011 1873 protinus
1030 1805 1187 1858 nulla
1205 1805 1422 1859 ratione
1443 1806 1731 1872 mentitur,
1752 1788 1798 1847 Β
1816 1802 1988 1857 tione.
2025 1821 2052 1855 α
2082 1804 2302 1858 Bonum
2331 1810 2417 1859 est
2445 1805 2616 1871 enim,
2640 1806 2843 1877 inquit,
2866 1788 3054 1877 gratia
3080 1788 3416 1863 conﬁrmare

190 1908 210 1939 α
234 1890 464 1959 quoniam
478 1907 593 1945 non
613 1897 672 1945 te
691 1891 1142 1963 derelinquam.»
1168 1893 1408 1948 Proinde
1427 1912 1553 1949 cum
1567 1897 1736 1950 confi-

185 1976 338 2031 dentia
362 1995 460 2033 nos
473 1979 665 2034 dicere
685 1996 1004 2051 possumus,
1023 1999 1049 2032 (ι
1062 1982 1333 2036 Dominus
1353 1983 1490 2037 mihi
1511 1984 1579 2037 ad
1580 1985 1736 2054 jutor

183 2074 263 2131 est,
288 2084 387 2121 non
414 2067 628 2122 timebo
666 2069 800 2139 quid
828 2069 997 2124 faciat
1023 2070 1162 2124 mihi
1192 2072 1360 2126 homo
1384 2090 1395 2125 :
1432 2091 1459 2126 ι
1494 2075 1733 2144 promis-

180 2170 278 2209 sum
301 2155 478 2217 habes,
502 2174 623 2211 non
654 2157 824 2212 debes
855 2159 1113 2213 haesitare
1139 2178 1149 2212 :
1175 2160 1292 2230 ipse
1320 2162 1595 2231 promisit,
1620 2179 1729 2216 non

180 2243 409 2316 ambigas.
432 2246 629 2310 iQuod
650 2253 841 2301 autem
860 2248 1051 2313 dicit,«
1075 2265 1187 2303 non
1207 2254 1262 2303 te
1275 2250 1682 2322 derelinquam,
1704 2272 1729 2305 »

179 2348 265 2387 non
289 2333 351 2387 de
391 2335 651 2406 pecuniis
695 2341 917 2391 tantum
955 2337 1108 2403 dicit,
1158 2339 1254 2392 sed
1294 2339 1465 2393 etiam
1502 2340 1571 2393 de
1609 2340 1733 2395 aliis

174 2423 364 2489 uinctis,
397 2442 421 2475 ε(
465 2425 766 2485 Dominus.
794 2425 996 2497 inquit,
1029 2426 1168 2481 mihi
1214 2427 1439 2498 adjutor
1483 2435 1586 2495 est,
1618 2446 1731 2485 non

173 2510 358 2578 timebo,
374 2512 506 2584 quid
524 2513 703 2568 faciat
723 2515 861 2568 mihi
874 2516 1062 2581 homo,
1102 2536 1127 2567 »
1147 2521 1206 2569 et
1219 2522 1370 2571 recte
1390 2536 1403 2584 ;
1428 2518 1533 2571 hoc
1559 2518 1733 2589 igitur

172 2599 306 2653 etiam
324 2618 417 2656 nos
447 2602 505 2656 in
541 2602 827 2658 universis
846 2604 1251 2659 tentationibus
1269 2606 1639 2672 exclamenus,
1675 2612 1733 2662 et

170 2687 314 2742 Deum
346 2690 624 2745 habentes
667 2692 972 2763 propitium
1000 2693 1250 2748 humana
1279 2695 1470 2749 omnia
1501 2696 1732 2750 irridea-

168 2792 266 2830 mus
291 2796 302 2830 :
330 2778 468 2835 sicut
497 2780 660 2834 enim
688 2781 804 2835 Deo
829 2780 1178 2851 indignante,
1211 2783 1350 2836 nihil
1391 2783 1553 2837 nobis
1599 2801 1728 2855 pro-

166 2865 297 2931 derit,
315 2885 375 2922 ac
399 2869 446 2923 si
472 2869 673 2923 cuncti
704 2870 868 2924 amici
898 2871 1209 2925 consistant
1238 2891 1254 2926 :
1286 2871 1367 2926 sic
1396 2872 1568 2926 etiam
1615 2874 1731 2927 Deo

164 2970 244 3008 nos
266 2955 520 3028 diligente
556 2959 718 3013 nulla
742 2959 904 3013 nobis
920 2960 1029 3014 erit
1048 2962 1370 3027 necessitas,
1390 2962 1726 3029 nullalaasio,

164 3059 211 3096 ac
232 3044 273 3098 si
289 3062 383 3100 nos
395 3049 594 3103 cuncti
616 3048 1294 3120 hostiliterinsequantur,
1321 3068 1347 3102 α
1369 3067 1482 3105 non
1497 3050 1726 3118 timebo,

161 3132 327 3205 inquit,
356 3137 489 3207 quid
519 3138 700 3192 faciat
728 3138 866 3192 mihi
893 3138 1078 3193 homo.
1117 3160 1140 3190 ι

1746 3102 1791 3162 C

1817 1907 1930 1957 cor,
1958 1907 2070 1945 non
2091 1892 2250 1946 escis.
2278 1912 2303 1945 »
2326 1894 2531 1947 Totum
2547 1894 2698 1947 enim
2717 1894 2775 1948 in
2796 1896 2905 1948 ﬁde
2945 1903 3183 1963 constat,
3217 1898 3265 1952 si
3296 1898 3420 1969 ipsa

1816 1981 2093 2045 ﬁrmetur,
2127 1997 2224 2034 cor
2263 1998 2485 2052 quoque
2532 1983 2813 2037 munitum
2863 1984 2987 2037 erit.
3032 1986 3196 2040 Fides
3244 1987 3419 2057 igitur

1815 2074 2018 2123 cuncta
2033 2070 2348 2136 confirmat,
2371 2070 2738 2141 cogitationes
2767 2076 2957 2125 autem
2977 2073 3145 2128 varia:
3168 2091 3415 2130 commo-

1814 2162 1963 2224 vent,
1996 2159 2280 2213 contraria
2307 2159 2512 2231 quippe
2542 2166 2629 2213 est
2658 2160 2795 2215 fides
2824 2162 3049 2231 vaganti
3065 2163 3411 2232 cogitationi.

1819 2266 1842 2298 ι
1878 2247 1941 2300 In
1972 2246 2175 2317 quibus
2202 2248 2291 2301 his
2311 2248 2405 2318 qui
2427 2248 2874 2313 ambulaverunt,
2900 2249 3101 2320 inquit,
3120 2251 3262 2305 nihil
3278 2251 3414 2306 utile

1814 2336 2070 2406 provenit
2092 2355 2103 2389 :
2126 2356 2151 2389 »
2174 2336 2321 2407 quod
2341 2337 2491 2391 enim
2513 2337 2732 2391 lucrum
2752 2343 2856 2403 est,
2881 2354 3035 2408 rogo,
3067 2355 3131 2392 ex
3151 2338 3412 2394 observa-

1812 2424 2105 2479 tionibus?
2151 2442 2337 2481 nonne
2380 2426 2713 2481 interimunt
2739 2426 2962 2497 magis?
2992 2443 3180 2482 nonne
3209 2428 3408 2499 hujus-

1812 2513 1964 2567 modi
1986 2515 2270 2569 hominem
2299 2514 2402 2569 sub
2430 2521 2657 2586 peccato
2694 2516 3081 2570 constituunt?
3128 2516 3233 2571 hoc
3260 2518 3412 2572 enim

1812 2602 2092 2657 custodire
2116 2604 2303 2674 potius
2324 2609 2430 2659 est.
2446 2605 2558 2659 «In
2579 2604 2800 2675 quibus,
2822 2605 3025 2677 inquit,
3042 2605 3138 2677 qui
3149 2605 3408 2661 ambula-

1812 2698 2028 2757 verunt,
2044 2692 2183 2746 nihil
2213 2692 2531 2747 habuerunt
2557 2694 2836 2761 utilitatis,
2854 2713 2881 2747 ι
2908 2701 3013 2748 hoc
3029 2700 3116 2748 est
3149 2695 3244 2765 qui
3262 2712 3411 2749 sem-

1812 2797 1913 2851 per
1941 2780 2052 2834 ista
2097 2782 2439 2837 custodiunt.
2471 2783 2596 2837 Una
2643 2799 2887 2854 namque
2937 2789 3025 2837 est
3061 2783 3415 2839 observantia

1812 2868 2094 2923 abstinere
2134 2870 2393 2925 videlicet
2428 2888 2463 2925 a
2508 2877 2753 2942 peccato.
2774 2871 2934 2937 Quid
2986 2872 3136 2926 enim
3184 2873 3414 2943 prodest

1813 2957 2096 3013 abstinere
2125 2976 2160 3012 a
2186 2959 2342 3025 cibis,
2377 2961 2511 3015 dum
2532 2960 2704 3015 etiam
2725 2960 2955 3032 quidam
2975 2961 3035 3014 in
3053 2966 3276 3015 tantum
3297 2962 3413 3016 sint

1813 3048 2092 3113 vecordes,
2142 3055 2208 3102 ut
2262 3048 2433 3103 etiam
2481 3050 2550 3103 de
2592 3049 2876 3104 sacriﬁciis
2924 3049 3251 3120 participari
3297 3067 3410 3105 non

1813 3137 2070 3190 valeant?
2116 3137 2357 3192 Proinde
2398 3138 2539 3191 nihil
2589 3155 2684 3191 eos
2711 3138 2962 3203 salvavit,
3008 3138 3139 3192 licet
3173 3139 3409 3193 studiosi

212 3238 233 3272 ι
259 3221 598 3279 Mementote
626 3226 1051 3297 praepositorum
1078 3233 1409 3295 vestrorum,
1452 3228 1548 3299 qui
1581 3228 1732 3283 vobis
1810 3231 2075 3295 gererent
2113 3226 2261 3280 circa
2302 3226 2687 3297 hujuscemodi
2730 3227 3164 3293 observationes,
3213 3244 3408 3282 verum

162 3329 180 3355 α
203 3309 352 3367 locuti
378 3321 514 3369 sunt
552 3314 785 3370 verbum
815 3316 936 3379 Dei,
957 3333 1196 3387 quorum
1215 3317 1499 3371 intuentes
1514 3318 1725 3371 exitum

159 3418 179 3445 ε
203 3404 647 3470 conversationis,
697 3404 998 3458 imitamini
1051 3405 1238 3459 ﬁdem.
1277 3425 1300 3455 ι
1343 3405 1407 3460 In
1446 3406 1550 3459 hoc
1604 3406 1725 3460 loco

156 3488 294 3543 etiam
324 3491 390 3545 de
418 3492 714 3563 adjutorio
739 3492 797 3546 in
826 3492 1027 3547 fratres
1058 3510 1187 3548 eum
1226 3494 1479 3548 existimo
1516 3495 1718 3560 dicere,

153 3575 236 3631 hoc
254 3586 332 3633 est
356 3582 507 3635 enim
551 3581 699 3652 quod
728 3581 863 3635 dicit
891 3601 904 3635 :
934 3583 1028 3652 qui
1057 3582 1211 3637 vobis
1241 3582 1410 3637 locuti
1438 3592 1572 3637 sunt
1597 3600 1724 3638 ver-

150 3663 259 3720 bum
280 3669 392 3735 Dei,
427 3686 680 3740 quorum
708 3671 1152 3741 contemplantes
1179 3671 1389 3725 exitum
1426 3688 1721 3726 conversa-

149 3754 287 3810 tionis
313 3758 627 3814 imitamini
656 3758 843 3812 ﬁdem.
882 3778 907 3811 ν)
941 3759 1085 3824 Quid
1110 3764 1198 3814 est
1225 3761 1668 3832 contemplantes
1697 3762 1723 3815 ?

148 3846 318 3914 saepius
335 3848 537 3902 animo
554 3852 858 3908 versantes,
876 3854 932 3902 et
951 3848 1100 3919 apud
1123 3849 1488 3921 vosmetipsos
1510 3852 1723 3905 exami-

148 3940 336 4003 nantes,
351 3937 785 3991 considerantes
801 3936 1101 4005 subtiliter,
1120 3938 1500 4006 discutientes,
1520 3940 1720 4010 inquit,

150 4021 328 4078 exitum
337 4025 803 4091 conversationis,
837 4026 941 4081 hoc
954 4033 1041 4081 est
1052 4028 1527 4098 perseverantiam
1548 4044 1725 4099 usque

148 4109 193 4163 in
217 4112 397 4181 finem,
422 4115 699 4185 quoniam
728 4115 898 4168 ﬁnem
925 4114 1135 4170 bonum
1164 4116 1360 4170 habuit
1371 4132 1565 4170 eorum
1590 4132 1724 4170 con-

1809 3314 1942 3384 quia
1969 3314 2138 3368 ﬁdem
2170 3333 2282 3369 non
2312 3314 2648 3379 habuerunt,
2680 3316 2821 3369 nihil
2870 3316 2981 3369 illis
3011 3316 3220 3387 profuit
3249 3332 3407 3371 esca-

1807 3419 1934 3456 rum
1964 3403 2063 3457 illa
2078 3403 2351 3457 custodia.
2387 3422 2415 3457 «
2448 3404 2731 3458 Habemus
2762 3406 2959 3470 altare,
2993 3405 3062 3459 de
3093 3422 3204 3476 quo
3243 3406 3408 3460 edere

1812 3509 1837 3542 α
1869 3508 1983 3545 non
2024 3491 2235 3546 habent
2268 3498 2622 3562 potestatem,
2665 3493 2760 3563 qui
2805 3493 3169 3547 tabernaculo
3215 3494 3406 3548 deser-

1809 3599 1834 3630 α
1864 3580 2040 3634 viunt.
2075 3599 2102 3633 »
2135 3582 2261 3635 Non
2292 3581 2443 3634 enim
2478 3582 2666 3651 qualia
2694 3587 2829 3635 sunt
2855 3582 3005 3651 apud
3034 3582 3273 3647 Iudaeos,
3309 3588 3407 3635 ta-

1802 3669 1879 3722 lia
1909 3669 2079 3723 etiam
2126 3676 2319 3723 nostra
2353 3676 2505 3735 sunt,
2557 3670 2638 3723 ita
2683 3676 2746 3723 ut
2792 3685 2895 3722 nec
2940 3670 3189 3740 pontifici
3242 3671 3408 3725 liceat

1804 3774 1869 3812 ex
1899 3758 1985 3811 his
2014 3758 2344 3829 participem
2374 3758 2514 3811 fieri.
2550 3758 2793 3812 Proinde
2844 3758 3110 3829 quoniam
3161 3757 3399 3826 dixerat,

1803 3847 1977 3900 nolite
2008 3846 2124 3900 haec
2143 3846 2440 3913 custodire,
2464 3863 2535 3901 ne
2556 3852 2745 3917 posset
2762 3847 2949 3918 putari
2969 3863 3074 3901 sua
3091 3847 3400 3915 destruere,

1806 3935 2006 3990 merito
2036 3936 2240 3990 iterum
2267 3936 2455 4007 ipsum
2483 3941 2683 4002 versat,
2718 3952 2838 4002 nos,
2880 3935 3081 4008 inquit,
3122 3936 3262 3991 talia
3312 3954 3405 3992 cu-

1806 4015 2101 4091 stodimus,
2133 4024 2479 4079 custodimus
2507 4026 2660 4080 enim
2689 4030 2748 4079 et
2786 4025 3190 4092 vehementius,
3222 4043 3404 4099 neque

1806 4113 1944 4184 ipsis
1972 4112 2353 4168 sacerdotibus
2372 4130 2439 4168 ex
2454 4113 2543 4167 his
2563 4114 2919 4185 aliquatenus
2943 4114 3161 4170 dantes.
3193 4115 3405 4170 Deinde

150 4202 377 4257 versatio.
402 4204 724 4269 Intuentes,
755 4203 957 4274 inquit,
991 4221 1184 4258 eorum
1203 4205 1395 4270 vitam,
1428 4204 1728 4259 imitamini
1809 4202 1995 4257 aufert
2035 4220 2069 4257 a
2100 4203 2296 4274 figuris
2326 4203 2660 4258 sacrificium
2702 4210 2760 4258 et
2787 4204 2857 4259 ad
2882 4204 3249 4276 principalem
3289 4205 3402 4258 for-

146 4286 291 4344 fidem
324 4310 335 4344 :
370 4309 437 4346 ex
466 4293 588 4347 vita
614 4293 828 4347 munda
856 4293 1013 4347 fides.
1070 4293 1234 4348 Fides
1284 4294 1610 4349 firmitatem
1638 4294 1726 4347 di-

1808 4306 1962 4344 mam
2008 4307 2325 4347 sermonem
2374 4309 2539 4347 suum
2575 4292 2783 4363 redigit
2806 4293 3037 4346 dicens:
3077 4310 3102 4342 «
3152 4292 3403 4356 Quorum

146 4376 224 4430 cit.
255 4379 546 4443 Quomodo
567 4382 593 4435 Τ
621 4383 887 4453 quoniam
916 4382 1153 4437 credunt
1198 4382 1267 4436 de
1311 4382 1515 4437 futuris
1556 4403 1568 4437 :
1612 4400 1790 4477 nonD
1813 4398 1837 4430 (ι
1870 4379 2022 4434 enim
2051 4381 2382 4436 animalium
2413 4382 2652 4435 infertur
2678 4382 2908 4451 sanguis
2948 4396 3049 4451 pro
3089 4385 3315 4449 peccato
3342 4381 3401 4434 in

143 4466 272 4521 enim
315 4471 684 4525 ostenderent
724 4471 895 4524 vitam
925 4471 1213 4535 mundam,
1238 4471 1283 4524 si
1308 4471 1637 4527 haesitarent
1654 4473 1723 4528 de

143 4552 343 4611 futuris.
391 4577 415 4610 ι
449 4560 481 4613 ,ἶ
486 4576 618 4613 esus
643 4559 901 4614 Christus
929 4560 1052 4614 heri
1079 4566 1137 4614 et
1165 4560 1351 4628 hodie,
1382 4560 1501 4632 ipse
1530 4562 1590 4615 in
1618 4578 1722 4617 sae-

141 4644 249 4699 cula
272 4648 626 4702 saeculorum.
663 4667 689 4699 »
720 4649 857 4703 Heri
884 4665 1052 4703 omne
1080 4649 1425 4721 praeteritum
1445 4650 1725 4721 significat

140 4736 359 4805 tempus,
416 4738 578 4791 hodie
630 4753 893 4807 praesens,
955 4742 1215 4793 sa'culum
1268 4755 1398 4793 vero
1469 4738 1722 4794 futurum

140 4819 243 4876 sine
267 4826 539 4893 termino,
567 4830 840 4897 tanquam
880 4826 927 4881 si
953 4826 1165 4881 diceret
1188 4845 1200 4881 :
1226 4827 1464 4882 audistis
1492 4828 1721 4900 pontiﬁ-

138 4924 259 4976 cem,
290 4913 391 4967 sed
421 4929 539 4967 non
566 4914 909 4984 pontiﬁcem,
945 4915 1041 4985 qui
1072 4914 1296 4969 desinat
1321 4932 1462 4981 esse,
1496 4932 1722 4987 semper

138 4994 267 5052 idem
294 5001 417 5072 ipse
438 5008 546 5056 est.
580 5002 769 5056 Veluti
798 5002 848 5057 si
875 5009 1063 5058 essent
1082 5003 1309 5075 quidam
1326 5004 1423 5075 qui
1443 5004 1714 5071 dicerent,

138 5089 383 5154 quoniam
413 5107 533 5145 non
563 5097 668 5158 est,
703 5092 801 5146 sed
830 5092 975 5146 alter
1016 5098 1283 5147 venturus
1330 5099 1447 5161 est;
1495 5093 1567 5148 ad
1614 5094 1717 5148 hoc

136 5178 424 5247 respondit,
456 5180 745 5250 quoniam,
778 5180 874 5252 qui
902 5180 1008 5235 fuit
1035 5180 1178 5248 heri,
1201 5182 1323 5252 ipse
1351 5182 1524 5236 etiam
1551 5183 1718 5237 hodie

133 5269 181 5317 et
200 5264 254 5321 in
282 5268 556 5323 seculum
586 5288 598 5323 :
629 5285 761 5324 nam
790 5269 1066 5341 hodieque
1092 5270 1270 5325 Judaei
1304 5270 1500 5325 dicunt
1543 5272 1715 5326 alium

132 5367 239 5407 esse
254 5360 560 5410 venturum
585 5375 598 5424 ;
622 5362 875 5428 expertes
890 5359 1219 5429 semetipsos
1239 5358 1308 5413 ab
1328 5375 1395 5413 eo
1420 5360 1718 5414 reddentes

133 5441 214 5509 qui
236 5459 403 5497 verus
440 5449 531 5497 est
557 5444 820 5516 pontifex,
842 5445 1264 5501 declinaverunt
1282 5447 1343 5501 in
1362 5463 1631 5513 errorem,
1655 5454 1720 5502 ut

132 5528 531 5588 Antichristum
558 5539 824 5606 putarent
856 5550 979 5590 esse
1006 5540 1325 5591 venturum.
1363 5555 1389 5588 α
1438 5536 1719 5592 Doctrinis

1810 4487 1836 4520 «
1867 4474 2061 4524 sancta
2087 4487 2187 4541 per
2215 4471 2554 4541 pontiﬁcem,
2578 4470 2781 4523 horum
2809 4484 3044 4539 corpora
3071 4473 3398 4523 cremantur

1810 4576 1835 4609 «
1867 4563 2025 4612 extra
2051 4565 2236 4613 castra
2281 4578 2306 4610 ι
2328 4558 2432 4614 Illa
2453 4559 2644 4628 itaque
2661 4564 2831 4628 typus
2850 4562 3013 4610 erant
3031 4556 3401 4624 istorum,etsi

1805 4654 2007 4701 cuncta
2023 4647 2277 4701 Christus
2308 4646 2560 4717 implevit
2584 4646 2742 4700 fortis
2759 4645 3044 4701 sustinens
3058 4647 3394 4718 passionem.

1804 4736 1869 4791 In
1888 4736 1993 4791 hoc
2013 4735 2183 4789 etiam
2203 4734 2338 4788 illud
2350 4734 2646 4805 significat,
2673 4734 2822 4805 quod
2842 4741 3042 4806 sponte
3055 4736 3169 4807 pati
3197 4734 3396 4806 digna-

1803 4829 1894 4878 tus
1923 4829 2025 4889 est,
2055 4822 2355 4877 ostendens
2380 4822 2645 4893 quoniam
2665 4823 2763 4876 illa
2795 4840 2908 4879 non
2938 4830 3101 4878 erant
3126 4823 3396 4895 simplici-

1803 4918 1892 4967 ter
1909 4912 2186 4977 instituta,
2207 4911 2304 4966 sed
2317 4911 2452 4983 quia
2468 4910 2638 4965 etiam
2651 4911 2748 4967 illa
2766 4912 3107 4983 dispensatio
3120 4913 3395 4983 passionis

1802 5001 1971 5072 hujus
2001 5007 2121 5056 erat
2149 5000 2503 5072 significatio.
2539 5019 2567 5053 ι
2599 5000 2838 5072 Propter
2865 5001 3013 5073 quod
3042 5007 3100 5056 et
3127 5002 3155 5055 J
3161 5017 3307 5067 esus,
3332 5008 3397 5056 ut

1804 5109 1830 5141 ί(
1864 5091 2238 5145 sanctificaret
2268 5106 2371 5161 per
2399 5105 2565 5143 suum
2585 5090 2916 5159 sanguinem
2932 5090 3202 5161 populum
3236 5095 3395 5144 extra

1804 5199 1829 5231 «
1862 5186 2081 5252 portam
2114 5195 2313 5250 passus
2346 5183 2451 5232 est.
2484 5178 2760 5232 Exeamus
2788 5178 2963 5248 igitur
2989 5177 3060 5231 ad
3082 5194 3210 5232 eum
3236 5183 3396 5233 extra

1801 5288 1828 5322 α
1858 5275 2042 5325 castra
2060 5267 2462 5340 improperium
2492 5268 2616 5338 ejus
2643 5272 2931 5339 portantes
2964 5282 3110 5321 :non
3129 5267 3282 5321 enim
3298 5268 3399 5324 ha-

1804 5379 1827 5410 ι
1861 5357 2057 5413 bemus
2083 5357 2174 5411 hic
2204 5362 2526 5411 manentem
2551 5357 2857 5422 civitatem,
2886 5355 2985 5410 sed
3014 5356 3269 5411 futuram
3312 5358 3396 5413 in-

1804 5466 1830 5501 α
1864 5447 2158 5519 quirimus.
2196 5465 2219 5498 ι
2253 5446 2424 5501 Vides
2451 5446 2693 5517 ﬁguram
2722 5461 2927 5516 magno
2954 5446 3248 5518 splendore
3291 5446 3396 5501 ful-

1797 5534 2062 5609 gentem?
2090 5534 2201 5590 Pro
2227 5535 2489 5607 peccatis,
2527 5534 2729 5608 inquit,
2764 5540 2923 5591 extra
2949 5540 3170 5608 portam
3196 5551 3394 5607 passus

137 5632 158 5665 ι
201 5620 372 5675 variis
403 5626 470 5676 et
510 5622 820 5694 peregrinis
867 5623 1042 5680 nolite
1081 5623 1300 5680 obduci.
1354 5643 1380 5679 ι
1414 5624 1714 5690 Doctrinis,
1799 5630 1913 5694 est;
1938 5641 1966 5677 α
1997 5623 2357 5694 egrediamur
2382 5624 2557 5695 igitur
2574 5624 2646 5679 ad
2665 5641 2796 5680 eum
2808 5624 3386 5697 portantesimprope-
