3854 6164
467 325 572 383 827

1055 325 1118 379 Β.
1159 321 1431 380 MBAN!
1469 323 1701 380 MAURI
1747 324 2084 382 ARCHIEP.

2125 323 2451 379 MOGUNT.
2495 324 2794 380 OPERUH
2829 325 3014 384 PARS
3051 325 3148 384 ΙΙΙ.
3568 333 3648 392 823

464 451 614 506 rium
632 451 773 520 ejus,
794 468 821 502 ι
853 451 1070 515 honest,
1086 450 1284 503 eadem
1309 449 1430 520 ipsa
1448 449 1828 520 perpatientes
1842 455 1898 504 et
1917 467 2064 504 com-
2078 451 2131 510 Α
2151 468 2174 499 (ί
2209 450 2618 504 communionis
2648 451 2821 506 mlite
2851 450 3116 518 oblivisci,
3144 451 3334 508 talibus
3347 455 3480 510 enim
3494 457 3654 516 hostiis

466 539 814 595 municantes
838 541 891 594 ei
913 540 972 593 in
993 538 1363 610 passionibus,
1389 539 1484 609 qui
1505 539 2062 600 condemnatus,cru-

463 629 656 683 eiﬂxus
671 634 758 682 est
775 629 928 695 foris,
958 629 1092 682 foris
1123 629 1327 700 quippe
1360 645 1556 698 passus
1586 634 1688 692 est,
1724 628 1818 681 s‘ed
1853 629 1922 681 ad
1953 644 2063 680 caa-

464 717 581 770 lum
611 719 841 788 sanguis
869 718 1123 772 sublatus
1153 721 1255 771 est.
1301 717 1543 771 Intueris
1581 716 1755 785 igitur
1795 719 2062 787 quoniam

463 807 796 876 sanguinem
825 807 1247 878 participamur,
1284 807 1378 876 qui
1408 806 1722 860 inferturin
1739 807 2062 871 sancta,sed

460 902 654 950 sancta
680 896 917 950 veracia.
949 897 1064 950 Nos
1094 895 1266 965 igitur
1296 895 1588 948 veritatem
1635 895 2052 964 participamur.

463 985 522 1040 Si
551 1002 685 1056 ergo
713 1002 824 1040 non
853 985 1276 1056 improperium,
1316 985 1412 1038 sed
1442 985 1628 1054 potius
1656 984 2054 1038 sanctiﬁcatio-

463 1091 592 1128 nem
605 1073 1432 1145 participamur,improperium
1447 1074 1585 1126 illud
1599 1090 1658 1126 sa
1669 1073 2056 1126 nctiﬁcationis

461 1167 548 1217 est
574 1179 744 1217 causa
775 1182 786 1216 :
819 1164 964 1217 sicut
989 1164 1140 1216 enim
1171 1163 1288 1233 ipse
1316 1163 1716 1233 imprOperium
1767 1162 2052 1225 sustinuit,

459 1252 539 1306 sic
567 1251 737 1305 etiam
767 1269 887 1306 nos.
921 1252 1161 1306 Proinde
1189 1252 1236 1305 si
1278 1251 1618 1321 egredimur,
1656 1251 2060 1321 participamur

463 1356 590 1394 cum
609 1357 694 1396 eo.
715 1341 861 1405 Quid
884 1347 1074 1394 autem
1094 1341 1341 1410 estquod
1363 1340 1514 1403 dicit,
1547 1361 1568 1390 ια
1604 1340 1960 1410 egrediamur
1989 1341 2060 1395 ad

462 1431 656 1485 illum?
679 1447 707 1482 ι
731 1429 1001 1484 Videlicet
1020 1429 1497 1483 communicemus
1516 1445 1641 1482 cum
1665 1447 1730 1483 co
1751 1430 2055 1499 passiones,

463 1521 752 1590 portemus
791 1519 913 1589 ejus
965 1518 1305 1590 improperia
1336 1537 1347 1570 :
1383 1535 1495 1572 non
1540 1518 1689 1572 enim
1734 1519 2064 1588 simpliciter

465 1613 622 1662 extra
656 1612 876 1677 portam
907 1607 1222 1661 conversari
1271 1624 1370 1660 nos
1415 1607 1603 1677 jussit,
1637 1607 1734 1660 sed
1777 1607 1922 1661 sicut
1967 1607 2063 1661 ille

461 1696 803 1767 improperia
827 1695 1160 1760 sustinebat,
1194 1696 1359 1750 sicuti
1405 1696 1812 1750 condemnatus
1844 1703 1946 1762 est,
1982 1697 2062 1750 sic

2149 556 2175 589 (ί
2208 545 2562 608 promeretur
2587 541 2754 594 Deus.
2779 560 2801 591 η
2817 541 2940 594 Non
2965 541 3312 612 praesentibus
3329 543 3652 604 fratribust

2145 629 2413 682 denuntio
2443 635 2683 692 tantum,
2715 646 2908 684 verum
2930 631 3101 684 etiam
3121 629 3494 689 absentibusSl
3504 643 3654 692 autem

2144 717 2240 770 alii
2271 722 2480 772 vestras
2519 731 2754 788 rapuere
2783 717 3144 776 substantias.
3175 724 3353 776 tamen
3379 737 3436 776 ex
3463 723 3535 777 his
3560 740 3656 794 quis

2143 805 2360 860 habetis
2390 807 2786 876 hospitalitatis
2816 823 2956 877 opus
2982 809 3270 874 ostendite,
3291 811 3486 878 qualem
3509 811 3658 882 imus

2139 896 2554 955 excusationem
2566 913 2667 950 nos
2677 895 3024 963 habebimus,
3040 909 3163 952 cum
3176 898 3448 953 audiamus
3456 901 3659 956 taliadici

2140 983 2246 1048 his,
2269 1000 2408 1053 quos
2424 984 2681 1054 rapinam
2701 985 3147 1040 substantiarum
3160 1003 3375 1042 suarum
3385 989 3661 1045 sustinuisse

2137 1071 2452 1127 constabat?
2458 1080 2514 1126 et
2522 1090 2634 1127 non
2645 1074 2786 1128 dixit
2796 1074 3307 1144 hospitalitatis,sed
3318 1077 3502 1132 amoris
3520 1078 3656 1148 hospi-

2137 1161 2392 1227 talitatis,
2407 1163 2552 1233 quod
2569 1163 2626 1216 in
2643 1164 2836 1217 Graeco
2848 1164 3173 1220 distinctius
3184 1165 3461 1229 invenitur,
3476 1181 3569 1220 non
3585 1184 3662 1237 po-

2140 1251 2252 1306 suit
2263 1251 2554 1330 ξεννδοχίαν
2565 1297 2578 1322 ,
2599 1252 2750 1322 quod
2761 1253 3039 1322 signiﬁcat
3055 1253 3487 1325 hospitalitatem,
3504 1255 3662 1334 sed»

2141 1337 2390 1406 λ’)ξενίαν,
2425 1339 2573 1408 quod
2612 1355 2860 1394 amorem
2891 1341 3284 1411 hospitalitatis
3310 1341 3544 1406 insinuat,
3574 1349 3666 1396 tan-

2143 1443 2312 1497 quam
2326 1427 2372 1482 si
2381 1428 2611 1492 direret,
2631 1429 2819 1483 Nolite
2829 1429 3160 1500 simpliciter
3170 1431 3406 1501 hospites
3419 1430 3665 1501 suscipere,

2145 1517 2240 1577 sed
2253 1533 2379 1570 cum
2391 1533 2583 1571 amore
2595 1519 2699 1572 hoc
2711 1523 2768 1572 et
2781 1519 3054 1573 charitate
3077 1519 3321 1591 perﬁcite
3338 1538 3350 1580 ς
3371 1525 3424 1574 et
3449 1535 3545 1574 non
3563 1519 3669 1574 dixit

2143 1605 2390 1660 futuram
2402 1612 2460 1660 et
2473 1606 2774 1677 repositam
2791 1607 2943 1662 vobis
2955 1607 3392 1674 retributionem,
3407 1625 3470 1662 ne
3486 1624 3566 1662 eos
3589 1608 3668 1661 ite-

2141 1711 2268 1748 rum
2281 1695 2595 1766 supiniores
2603 1696 2867 1761 efﬁceret,
2902 1697 3000 1751 sed
3009 1699 3131 1766 jam
3147 1697 3470 1752 retributum
3491 1711 3592 1750 esse
3609 1697 3671 1750 di-

462 1786 632 1839 etiam
653 1802 773 1838 nos.
803 1785 1002 1854 (Greg.)
1029 1785 1263 1855 Propter
1281 1785 1384 1838 hoc
1406 1785 1610 1855 quippe
1633 1785 1956 1838 incarnatus
1977 1792 2063 1839 est
2080 1771 2122 1828 Β
2145 1784 2236 1837 cit:
2251 1785 2388 1838 «Per
2399 1785 2542 1838 hanc
2553 1785 3230 1856 enim,inquit,latuerunt
3241 1785 3671 1856 quidaminhospi-

461 1875 628 1938 Deus,
663 1880 727 1928 ut
751 1890 850 1928 nos
881 1873 1262 1927 introduceret
1309 1874 1378 1927 ad
1419 1874 1605 1939 ﬁdem,
1641 1879 1698 1927 et
1744 1875 1945 1928 educat
1992 1875 2064 1929 ad

461 1963 704 2034 speciem
733 1963 962 2016 visionis
991 1979 1122 2016 suae.
1155 1963 1312 2017 Unde
1337 1963 1395 2016 in
1419 1968 1610 2016 sancto
1640 1979 1860 2033 quoque
1885 1965 2064 2018 Evan-

459 2053 606 2122 gelia
635 2052 884 2123 loquitur
911 2052 1102 2105 dicens
1141 2070 1151 2103 :
1191 2071 1211 2102 ι
1251 2053 1358 2105 Per
1385 2069 1475 2105 me
1503 2053 1551 2104 si
1597 2052 1722 2122 quis
1759 2051 2058 2119 introierit,

462 2141 786 2204 salvabitur,
822 2146 879 2195 et
906 2141 1258 2211 ingredietur
1287 2147 1343 2194 et
1369 2141 1706 2210 egredietur,
1755 2147 1813 2194 et
1858 2159 2064 2212 pascua

462 2231 710 2285 inveniet
730 2232 910 2298 (Joan.
938 2233 1011 2296 χ),
1045 2249 1065 2280 ι
1093 2229 1440 2300 ingredietur
1463 2229 1718 2284 videlicet
1753 2231 1823 2284 ad
1870 2231 2056 2297 ﬁdem,

463 2320 787 2390 egredietur
812 2324 1000 2373 autem
1033 2319 1100 2372 ad
1133 2319 1394 2390 speciem,
1427 2333 1637 2389 pascua
1661 2335 1788 2373 vero
1819 2319 2065 2374 inveniet

468 2410 529 2463 in
549 2415 758 2463 eterna
779 2409 1058 2462 satietate.
1079 2408 1222 2462 Hinc
1240 2409 1409 2462 etiam
1432 2409 1732 2462 Psalmista
1745 2409 1826 2462 ait
1857 2427 1868 2462 :
1908 2429 1927 2459 ι
1957 2411 2064 2464 Do-

460 2498 648 2552 minus
676 2497 955 2552 custodiat
993 2497 1289 2551 introitum
1327 2503 1489 2551 tuum
1543 2503 1601 2551 et
1649 2498 1859 2552 exitum
1903 2505 2063 2553 tuum

466 2588 631 2653 (Paul.
665 2586 1147 2642 cxxxl.»Custodit
1166 2587 1314 2639 enim
1340 2586 1612 2640 Dominus
1623 2587 2064 2658 uniuscujusque

469 2675 671 2728 animae
691 2675 1004 2734 introitum.
1032 2691 1142 2746 quo
1161 2675 1337 2729 intrat
1356 2675 1427 2728 ad
1447 2675 1613 2728 ﬁdem
1644 2694 1654 2727 :
1681 2677 1890 2730 exitum
1933 2693 2066 2746 quo-

465 2777 598 2834 que,
635 2779 745 2833 quo
771 2763 884 2816 exit
911 2763 980 2816 ad
1011 2763 1270 2833 speciem,
1305 2769 1369 2816 ut
1397 2779 1578 2833 neque
1625 2763 1842 2818 intrans
1885 2765 2066 2818 Eccle—

471 2851 613 2905 siam
637 2851 921 2905 erroribus
945 2853 1423 2922 supplantaretur,
1439 2867 1618 2922 neque
1647 2852 1716 2905 ab
1744 2854 2067 2924 hactempos

469 2940 574 2994 rali
601 2941 668 2994 ad
703 2947 970 2994 aternam
995 2941 1202 3006 exiens,
1233 2941 1302 2994 ab
1327 2940 1560 3011 antiquo
1590 2942 1750 2995 hoste
1789 2943 2058 3013 rapiatur.

468 3029 708 3100 PrOpter
725 3029 871 3082 hunc
889 3046 1020 3083 vero
1040 3045 1326 3100 egressum
1349 3035 1802 3100 nostrum,quem
1815 3030 2062 3100 quotidie

2143 1873 2224 1926 tio
2236 1873 2570 1944 recipientes
2577 1875 2824 1942 angelos.
2838 1894 2860 1924 ι
2870 1906 2934 1915 -
2945 1895 2965 1926 ι
2982 1875 3428 1946 Talibus,inquit,
3440 1873 3673 1928 sacriﬁciis

2145 1962 2398 2033 placatur
2410 1963 2613 2017 Deus»
2637 1965 2846 2018 Demus
2877 1963 2960 2018 illi
2987 1965 3160 2018 talem
3187 1963 3435 2028 hostiam,
3461 1968 3518 2016 ut
3540 1962 3674 2016 etiam

2145 2051 2262 2121 ipse
2293 2068 2416 2106 eam
2449 2052 2648 2106 oﬁ‘erat
2676 2051 2860 2118 Patri;
2911 2051 3074 2108 aliter
3121 2057 3310 2108 autem
3349 2068 3451 2106 non
3491 2050 3677 2104 oll‘ertur

2146 2139 2252 2192 nisi
2273 2155 2372 2209 per
2393 2139 2618 2204 Filium,
2644 2140 2826 2210 magis
2841 2146 3030 2196 autem
3053 2140 3228 2194 etiam
3241 2157 3338 2211 per
3351 2145 3569 2194 mentem
3581 2154 3678 2192 con-

2145 2229 2356 2282 tritam.
2376 2229 2582 2284 Omnia
2595 2229 2711 2284 ιιωο
2725 2235 2955 2299 propter
2973 2229 3259 2297 inﬁrmos;
3293 2245 3418 2284 nam
3445 2228 3559 2300 quia
3582 2226 3679 2282 F

2145 2324 2231 2372 est
2245 2317 2450 2386 gratia,
2474 2317 2834 2372 manifestum
2854 2323 2968 2384 est;
2994 2319 3248 2389 alioquin
3269 2317 3525 2389 quomodo
3543 2317 3682 2370 honor

2145 2405 2227 2460 illi
2256 2405 2486 2476 aequalis
2518 2407 2645 2460 est?
2683 2427 2716 2466 «λ
2739 2407 2813 2461 Ut
2862 2423 3075 2471 omnes,
3121 2407 3326 2478 inquit,
3369 2405 3684 2461 honoriﬁcent

2146 2495 2370 2561 Filium,
2403 2495 2549 2550 sicut
2575 2495 2947 2550 honoriﬁcant
2974 2497 3204 2551 Patrem
3240 2498 3413 2564 (Joan.
3445 2499 3511 2564 v).
3542 2515 3566 2548 ι
3605 2491 3684 2546 Ubi

2147 2589 2234 2638 est
2255 2601 2390 2654 ergo
2404 2585 2582 2638 honor
2601 2584 2851 2655 aequalis,
2870 2585 2918 2638 si
2929 2585 3130 2640 similis
3154 2602 3267 2639 non
3277 2591 3361 2638 est
3377 2585 3427 2638 ?«
3443 2585 3680 2646 Fructum,

2147 2673 2349 2744 inquit,
2374 2673 2652 2728 labiorum
2679 2674 3064 2728 conﬁtentium
3087 2675 3304 2728 nomini
3329 2676 3463 2744 ejus.
3485 2693 3505 2724 ι
3525 2670 3686 2727 Omnis

2148 2763 2452 2818 toleremus
2471 2779 2600 2816 cum
2617 2763 2930 2832 gratiarum
2951 2763 3313 2828 actione,sive
3333 2769 3604 2834 paupertas
3615 2758 3687 2820 sit.

2147 2851 2262 2906 sive
2280 2851 2572 2920 aegritudo,
2607 2851 2720 2904 sive
2743 2851 3008 2921 quidquid
3031 2851 3188 2906 aliud
3210 2851 3368 2906 nobis
3387 2850 3570 2914 evenit,
3595 2848 3688 2918 ipse

2145 2940 2297 2994 solus
2324 2939 2576 3009 agnoscit
2593 2939 2726 3012 quid
2750 2939 2911 2994 nobis
2931 2940 3182 3011 prodest.
3211 2959 3238 2995 α
3260 2941 3402 3006 Quid
3433 2939 3568 2994 enim
3591 2952 3688 2991 ore-

2146 3041 2290 3092 mus,
2305 3027 2508 3099 inquit,
2533 3029 2579 3082 si
2599 3029 2744 3083 sicut
2769 3035 2992 3099 oportet
3026 3031 3311 3086 nescimus
3349 3031 3508 3094 (Rom.
3534 3039 3641 3082 le-
3666 3043 3686 3076 ι

469 3090 737 3172 debemus
752 3123 939 3171 mente
956 3090 1234 3182 meditari,
1251 3119 1320 3171 de
1333 3090 1704 3190 Redemptore
1714 3090 1905 3173 nostro
1918 3119 2060 3173 Pau-
2082 3090 2125 3150 δ
2143 3118 2250 3181 Qui
2275 3090 2407 3187 ergo
2425 3090 2608 3188 neque
2627 3134 2790 3171 orare
2805 3090 3064 3173 novimus
3094 3119 3250 3190 quod
3276 3090 3503 3190 oportet,
3528 3115 3618 3170 nisi
3641 3128 3692 3166 ex

463 3207 550 3260 lus
563 3223 784 3277 quoque
795 3207 1044 3278 loquitur
1053 3207 1242 3262 dicens
1258 3209 1386 3262 :aUt
1395 3209 1770 3262 sanctiﬁcaret
1781 3226 1881 3280 per
1891 3226 2060 3266 suum

456 3295 788 3364 sanguinem
803 3296 1092 3366 populum,
1118 3306 1276 3351 extra
1295 3303 1515 3367 portam
1535 3314 1734 3366 passus
1751 3304 1855 3352 est.
1883 3300 2059 3353 Exea-

463 3399 588 3438 mus
616 3383 792 3455 igitur
819 3385 892 3438 ad
915 3401 1044 3438 eum
1070 3392 1228 3439 extra
1254 3393 1455 3452 castra,
1489 3386 1892 3457 improperium
1935 3390 2057 3458 ejus

462 3478 751 3544 portantes
785 3492 796 3526 :
829 3490 941 3528 non
972 3474 1122 3528 cnim
1153 3475 1242 3529 hic
1279 3474 1550 3528 habemus
1594 3482 1916 3530 manentem
1963 3478 2058 3530 do-

461 3577 616 3615 mum
664 3561 1010 3632 [civitatem],
1049 3564 1145 3616 sed
1202 3562 1450 3616 futuram
1490 3563 1846 3634 inquirimus.
1901 3584 1926 3616 ι)
1959 3565 2058 3618 Vir

455 3649 649 3722 itaque
676 3651 771 3722 qui
801 3651 1064 3722 apparuit
1105 3653 1374 3706 Ezechieli
1423 3653 1706 3722 prophetae
1755 3655 1962 3721 (Ezech.
1998 3657 2052 3720 χ)

458 3740 518 3794 in
548 3740 724 3811 portis
752 3740 929 3806 stetit,
961 3746 1130 3811 atque
1159 3741 1238 3794 ita
1261 3741 1479 3796 locutus
1503 3747 1606 3805 est,
1634 3742 1767 3812 quia
1781 3743 2057 3798 mediator

457 3829 560 3882 Dei
581 3834 638 3882 et
659 3829 950 3882 hominum
980 3829 1237 3883 Christus
1257 3831 1285 3883 .l
1292 3846 1437 3895 esus,
1461 3831 1516 3883 in
1540 3831 1662 3901 ipso
1685 3847 1906 3902 quoque
1925 3846 2054 3902 pas-

2141 3205 2341 3277 spiritu
2379 3207 2480 3260 Dei
2531 3207 2930 3278 acceperimus,
2963 3207 3302 3264 festinemus
3338 3224 3434 3278 pro
3476 3203 3691 3260 omnibus

2137 3295 2350 3366 gratias
2377 3295 2586 3350 referre
2613 3303 2670 3349 et
2687 3296 2910 3351 fortiter
2931 3297 3122 3352 omnia
3141 3298 3403 3352 tolerare.
3425 3296 3484 3351 In
3498 3307 3691 3366 pauper-

2137 3388 2255 3438 tate
2284 3398 2495 3449 sumus,
2527 3383 2742 3452 gratias
2771 3399 3034 3454 agamus;
3058 3385 3116 3439 in
3148 3384 3494 3455 aegritudine,
3521 3379 3693 3452 gratias

2139 3487 2408 3541 agamus;
2441 3472 2753 3526 calumnias
2781 3473 3146 3539 sustinemus,
3193 3474 3404 3544 gratias
3455 3483 3691 3542 agamus;

2139 3561 2348 3630 aliquid
2378 3561 2590 3616 malum
2620 3561 2884 3632 patimur,
2925 3563 3142 3632 gratias
3162 3579 3398 3632 agamus
3422 3577 3432 3615 :
3463 3561 3558 3615 hoc
3575 3557 3693 3612 enim

2137 3666 2240 3703 nos
2267 3650 2399 3703 facit
2427 3650 2714 3720 proximos
2748 3668 2869 3705 esse
2898 3651 3032 3706 Deo.

2214 3757 2241 3791 α
2271 3738 2507 3795 Obedite
2543 3739 2856 3810 praepositis
2885 3741 3082 3794 vestris
3111 3747 3174 3794 et
3201 3740 3482 3812 subjacete
3499 3737 3586 3792 eis.
3608 3731 3694 3804 Ipsi

2142 3847 2168 3880 «
2201 3827 2352 3882 enim
2374 3827 2712 3898 pervigilant
2733 3829 2894 3899 quasi
2917 3829 3198 3884 rationem
3229 3846 3329 3900 pro
3349 3826 3618 3883 animabus
3628 3837 3696 3874 ve-

458 3917 632 3971 sionis
667 3933 781 3972 sure
807 3923 1060 3988 tempore
1091 3925 1371 3988 praecepta
1397 3919 1522 3972 vita:
1553 3919 1841 3990 discipulis
1877 3921 2050 3986 dedit,
2142 3937 2167 3967 (ι
2199 3918 2332 3971 stris
2375 3917 2673 3984 reddituri,
2705 3923 2770 3972 ut
2799 3935 2927 3972 cum
2954 3919 3168 3988 gaudio
3197 3919 3305 3974 hoc
3331 3917 3530 3973 faciant
3545 3919 3695 3969 etnon

459 4010 526 4058 ut
549 4007 608 4058 hi
637 4005 733 4076 qui
766 4006 825 4058 in
853 4023 982 4059 eum
1011 4006 1247 4059 credunt
1274 4007 1343 4060 ad
1374 4012 1595 4076 portam
1637 4025 1858 4078 semper
1903 4010 2055 4079 aspi-
2141 4022 2167 4058 α
2197 4013 2487 4075 gementes
2521 4023 2532 4058 :
2566 4006 2672 4060 hoc
2723 4007 2874 4062 enim
2920 4007 3107 4077 [Vulg.
3165 4009 3298 4062 add.
3339 4007 3470 4076 non]
3513 3999 3696 4073 expedit

451 4093 604 4147 ciant
631 4099 687 4146 et
714 4094 1035 4164 passionem
1055 4095 1177 4162 ejus
1193 4094 1431 4148 sollicita
1450 4095 1897 4150 consideratione
1915 4115 2052 4167 pen-
2135 4094 2308 4148 vobis.
2344 4114 2365 4146 ι
2401 4095 2706 4164 Postquam
2732 4097 2991 4166 superius
3019 4097 3262 4163 dixerat,
3287 4115 3318 4150 α
3353 4110 3578 4168 quorum
3594 4104 3694 4146 con-

455 4188 663 4247 santes,
691 4197 726 4234 a
749 4198 850 4235 suo
879 4197 1101 4252 quoque
1139 4182 1290 4236 exitu
1319 4182 1500 4236 cordis
1525 4185 1715 4237 oculos
1745 4202 1856 4238 non
1893 4201 2051 4239 aver-
2134 4183 2694 4254 templantesexitum
2715 4185 3174 4252 conversationis,
3192 4182 3656 4242 imitaminiﬁdem.
3676 4197 3692 4226 ⁸

453 4274 597 4324 tant.
633 4290 656 4322 ι
691 4270 801 4324 Per
826 4270 1014 4340 ipsum
1059 4285 1192 4340 ergo
1235 4271 1536 4326 offeramus
1585 4272 1828 4326 hostiam
1870 4275 2052 4328 laudis
2134 4278 2270 4326 tunc
2287 4272 2510 4339 intulit;
2533 4289 2559 4323 α
2587 4271 2809 4348 obedite
2828 4273 3140 4344 praepositis
3171 4274 3372 4329 vestris
3416 4280 3471 4328 et
3497 4264 3694 4339 subjecti

459 4377 484 4410 α
515 4373 740 4430 semper
767 4360 902 4424 Deo,
924 4359 980 4412 id
999 4365 1086 4413 est
1098 4359 1342 4413 fructum
1364 4360 1640 4415 labiorum
1661 4363 2051 4418 conﬁtentium
2067 4409 2116 4430 η
2134 4367 2330 4416 estote.
2357 4379 2383 4413 »
2411 4361 2662 4416 Primum
2683 4362 2978 4416 constituit
2999 4378 3095 4416 eos
3115 4367 3175 4417 et
3185 4370 3324 4418 tunc
3343 4363 3497 4426 dixit,
3528 4379 3552 4412 α
3580 4355 3696 4411 Obe-

459 4465 483 4501 α
516 4447 727 4502 nomini
758 4449 899 4518 ejus.
937 4469 962 4500 ››
997 4449 1204 4517 (λυαη.)
1226 4449 1313 4502 Illi
1334 4449 1640 4503 offerebant
1687 4452 1946 4520 pecudes,
1977 4453 2054 4505 vi-
2070 4447 2116 4466 ¹¹
2134 4449 2250 4504 dite
2271 4449 2595 4519 praepositis,
2611 4449 2815 4504 vestris
2847 4455 2904 4506 et
2930 4449 3225 4520 subjacete
3251 4451 3354 4506 eis.
3380 4448 3556 4514 )Quid
3571 4459 3692 4514 ergO,

452 4539 601 4590 tulos
621 4543 680 4590 et
697 4536 908 4590 dabant
929 4537 1195 4608 pontiﬁci,
1213 4554 1314 4592 nos
1336 4545 1526 4592 autem
1547 4538 1689 4592 nihil
1711 4540 1911 4593 horum
1923 4541 2052 4594 oﬁ‘e-
2133 4537 2269 4592 dicit
2282 4538 2505 4608 aliquis,
2528 4539 2661 4594 dum
2673 4539 3007 4609 praepositus
3019 4539 3303 4610 malignus
3321 4537 3596 4600 exstiterit,
3609 4545 3696 4587 non

451 4625 647 4690 rimus,
681 4625 777 4678 sed
805 4626 982 4679 solam
1001 4626 1315 4695 gratiarum
1337 4627 1616 4681 actionem
1637 4627 1780 4681 hanc
1792 4627 1942 4682 labia
1954 4646 2052 4683 no-
2133 4627 2543 4682 obaudiemus?
2595 4627 2907 4697 malignum
2955 4629 3200 4698 qualiter
3237 4628 3422 4683 dicis?
3463 4622 3696 4696 siquidem

452 4713 916 4783 stmgerminent.
935 4715 1090 4768 Nihil
1106 4715 1462 4786 blasphemiae
1477 4721 1786 4770 nostravox
1803 4723 2045 4783 resonet,
2131 4715 2190 4769 in
2218 4732 2389 4770 causa
2411 4715 2538 4769 ﬁdei
2567 4722 2671 4781 est,
2706 4717 2838 4787 fuge
2875 4716 3038 4770 illum
3085 4724 3144 4771 et
3187 4719 3358 4781 evita,
3401 4733 3509 4771 non
3549 4711 3697 4766 solum

451 4801 590 4855 nihil
640 4801 920 4872 supinum,
965 4803 1105 4856 nihil
1160 4809 1502 4874 protervum,
1544 4805 1684 4858 nihil
1729 4813 2045 4872 contumax,
2132 4803 2179 4857 si
2200 4804 2367 4858 homo
2377 4804 2549 4860 fuerit
2567 4805 2667 4858 sed
2687 4805 2859 4859 etiam
2877 4805 2925 4859 si
2945 4807 3179 4876 angelus
3201 4795 3273 4860 de
3288 4807 3427 4860 coelo
3442 4797 3698 4859 descende-

447 4891 588 4945 nihil
617 4907 907 4960 arrogans,
939 4893 1034 4945 sed
1073 4908 1200 4946 cum
1243 4893 1582 4946 verecundia
1630 4899 1688 4946 et
1734 4896 2049 4962 reverentia
2131 4893 2208 4948 rit
2238 4911 2249 4946 :
2287 4893 2335 4946 si
2362 4910 2492 4947 vero
2514 4892 2572 4946 in
2603 4898 2729 4946 voto
2760 4901 2819 4947 et
2840 4893 3091 4948 moribus
3119 4895 3435 4965 malignum
3451 4891 3592 4955 dicis,
3607 4883 3697 4943 noli

449 4979 797 5034 conversatio
830 4985 1021 5033 nostra
1042 4982 1157 5039 ﬁat.
1172 4981 1362 5034 anima
1381 4981 1586 5052 quippe
1606 4982 1665 5038 in
1677 4982 2051 5038 tribulationi—

407 5056 418 5065 ’
450 5069 570 5133 bus,
589 5087 718 5124 cum
743 5069 801 5122 in
821 5069 1269 5140 desperationem
1291 5069 1546 5133 incurrit,
1563 5071 1734 5124 etiam
1755 5072 2048 5142 impudens

449 5159 707 5224 efﬁcitur,
737 5159 832 5212 sed
865 5174 965 5211 nos
994 5159 1131 5212 talia
1158 5159 1456 5228 fugiamus.
1493 5160 1630 5213 Ecce
1661 5160 1868 5214 iterum
1898 5161 2046 5216 idem

449 5247 635 5316 ipsum
657 5247 813 5311 dixit,
823 5247 970 5317 quod
981 5247 1239 5317 superius
1251 5248 1574 5318 prolocutus
1591 5255 1694 5312 est,
1706 5267 1730 5299 «
1756 5266 1869 5303 non
1883 5250 2046 5304 dese-

447 5339 653 5397 rentes,
682 5335 886 5405 inquit,
918 5335 1406 5405 congregationem
1431 5344 1679 5391 nostram
1707 5356 1718 5404 ;
1749 5357 1770 5389 n
1793 5339 1877 5392 sic
1894 5339 2047 5394 enim

447 5437 761 5492 possumus,
779 5424 980 5494 inquit,
1002 5441 1132 5478 cum
1160 5426 1494 5480 verecundia
1522 5432 1725 5482 cuncta
1740 5429 2039 5498 perlicere:

446 5508 648 5580 sepius
675 5511 828 5565 enim
857 5512 1028 5566 etiam
1051 5513 1304 5568 homines
1337 5513 1730 5570 erubescentes
1771 5534 1806 5570 a
1852 5516 2050 5587 multis

447 5598 731 5656 abstinent
757 5599 944 5672 pravis
971 5601 1250 5671 operibus.
1288 5622 1311 5654 ι
1341 5603 1733 5660 Beneﬁcentia
1762 5611 1954 5662 autem
1989 5611 2048 5662 et

2133 4981 2389 5036 scrutari.
2412 4982 2481 5036 Et
2498 4983 2615 5037 hinc
2635 4996 2747 5037 non
2767 4999 2833 5036 ex
2856 4983 3070 5054 meipso
3086 4974 3232 5049 dico,
3249 4983 3350 5038 sed
3369 5000 3434 5036 ex
3449 4979 3696 5048 Scriptura

2131 5071 2337 5124 divina.
2374 5070 2520 5124 Audi
2549 5071 2740 5125 Jesum
2769 5071 3050 5126 dicentem
3083 5090 3094 5124 :
3135 5096 3156 5121 ι
3202 5073 3388 5143 Super
3413 5067 3696 5125 cathedram

2131 5159 2310 5230 Moysi
2341 5160 2610 5214 sederunt
2649 5159 2855 5214 Scribis
2911 5169 2967 5216 et
2996 5160 3266 5216 Pharisaei
3309 5161 3517 5226 (Matth.
3545 5159 3614 5223 ιι).
3642 5151 3696 5204 Et

2127 5248 2310 5320 primo
2339 5248 2530 5302 dicens
2559 5249 2628 5301 de
2657 5249 2745 5304 his
2775 5249 2954 5304 multa
2981 5250 3145 5310 mala,
3180 5257 3321 5304 tunc
3367 5247 3519 5312 dixit,
3555 5265 3572 5296 ι
3613 5242 3694 5298 Su-

2128 5355 2229 5408 per
2255 5338 2581 5392 cathedram
2596 5337 2772 5408 Moysi
2793 5339 3111 5393 sederunt.«
3139 5338 3367 5402 Omnia,
3388 5335 3578 5407 inquit,
3594 5345 3692 5401 (μω

2127 5426 2369 5482 dixerint
2397 5426 2550 5480 vobis
2590 5427 2780 5492 facite,
2826 5443 2949 5498 quae
3006 5436 3195 5484 autem
3241 5427 3492 5491 fecerint,
3541 5423 3692 5476 facere

2128 5517 2320 5572 nolite.
2351 5535 2372 5566 ι
2408 5515 2647 5580 Habent,
2679 5516 2880 5587 inquit,
2916 5517 3271 5587 dignitatem,
3307 5517 3438 5572 licet
3461 5515 3577 5568 vitae
3598 5510 3694 5562 sint

2129 5605 2377 5676 Ρθνάίιος
2411 5610 2799 5700 νθξιιωιειωθη
2825 5618 2940 5666 non
2969 5607 3042 5662 ad
3072 5606 3242 5662 vitam
3271 5621 3486 5668 eorum,
3521 5599 3609 5656 sed
3634 5593 3691 5649 ad
