3848 6164
187 350 271 408 as
553 331 1128 402 ENARRATIONUM
1153 327 1235 403 IN
1264 339 1419 403 EPP.
1451 333 1668 402 PAULI
1698 341 1837 400 LIB.
1871 338 2068 401 nni.
2113 375 2178 389 -
2221 344 2300 402 m
2341 339 2563 400 EPIST.
2602 341 2701 400 sn
2741 342 2952 399 assa.
3287 342 3392 400 ssc

183 485 418 529 sermones
438 467 720 532 intendite,
745 471 1018 539 quantum
1035 470 1184 524 enim
1206 472 1276 525 ad
1293 485 1478 541 mores
1492 472 1710 534 attinet,
1733 471 1902 535 Aest,
1935 470 2014 523 sic
2042 485 2223 537 orare,
2259 483 2368 525 non
2397 469 2742 541 simpliciter,
2772 468 2870 523 sed
2898 484 3027 522 cum
3051 469 3175 522 tota
3203 473 3390 523 inten-

181 563 328 618 nullus
343 559 533 632 poterit
554 556 696 612 laedi.
722 557 845 622 Qua
869 559 1088 613 ratione
1111 560 1216 614 hoc
1236 561 1261 614 ?
1280 540 1422 626 Quia
1440 579 1562 632 quae
1583 560 1713 613 facit
1795 557 1945 610 tione
1992 563 2048 612 et
2081 559 2233 612 omni
2277 540 2524 630 prorsus
2547 556 2752 612 studio.
2805 557 2879 611 Ut
2915 557 3046 622 cito,
3081 556 3286 627 inquit,
3320 557 3390 610 ad

179 649 557 706 manifestasunt
571 647 846 710 omnibus,
867 654 925 701 et
945 665 1126 720 neque
1155 650 1274 720 ipse
1307 667 1372 704 ac
1391 651 1437 704 si
1465 650 1534 705 ad
1555 665 1714 704 cacu-
1795 663 1890 700 vos
1919 647 2156 700 veniam.
2190 649 2308 702 Hoc
2337 647 2510 703 animi
2540 651 2628 700 est
2664 646 2804 700 nihil
2852 645 2956 699 sibi
2985 646 3208 708 conscii,
3243 645 3393 699 festi-

180 755 276 793 men
300 735 585 808 iniquitatis
606 735 912 806 perveniat,
930 737 1136 807 poterit
1155 737 1294 792 alios
1315 739 1463 792 mala
1483 737 1703 792 docere.
1795 751 1949 800 nare,
1998 740 2062 789 ut
2091 733 2162 790 ad
2190 753 2286 790 eos
2331 735 2595 790 velociter
2644 735 2950 799 adveniret,
2997 741 3056 788 et
3108 735 3393 790 exhortari

1791 824 1933 888 illos,
1955 838 2116 879 orare
2137 825 2368 897 proillo,
2398 830 2462 878 ut
2481 825 2585 878 hoc
2615 824 2664 878 ei
2687 824 3104 878 concederetur.
3139 823 3392 878 Primum

1791 912 1861 966 ab
1889 913 2024 984 ipsis
2045 915 2293 984 postulat
2313 913 2584 967 orationis
2604 913 2897 976 auxilium,
2933 918 3065 967 tunc
3079 913 3250 967 etiam
3272 913 3392 984 ipse

1790 1017 1892 1072 pro
1919 1003 2000 1056 eis
2023 1003 2212 1058 omnia
2241 1003 2386 1058 bona
2406 1003 2756 1073 deprecatur.
2783 1019 2806 1052 ί(
2835 1003 2986 1055 Deu
3005 1007 3194 1056 autem
3217 1002 3387 1072 pacis,

1795 1109 1820 1141 «
1851 1091 1945 1160 qui
1975 1091 2163 1145 eduxit
2183 1092 2252 1144 de
2280 1089 2517 1145 mortuis
2536 1097 2819 1162 pastorem
2839 1105 3106 1160 magnum
3121 1091 3305 1146 ovium
3329 1091 3384 1144 in

1795 1198 1820 1230 «
1851 1181 2125 1250 sanguine
2145 1180 2466 1234 testamenti
2479 1179 2670 1233 aeterni
2703 1179 3005 1233 Dominum
3025 1185 3280 1234 nostrum
3295 1182 3388 1234 Je-

1801 1287 1824 1319 ‹
1858 1285 1982 1322 sum
2014 1268 2319 1335 Christum,
2345 1274 2500 1340 aptet
2512 1285 2606 1322 vos
2623 1269 2682 1322 in
2695 1268 2848 1322 omni
2871 1283 3039 1340 opere
3055 1268 3290 1334 bono,ut
3312 1267 3390 1322 fa—

173 1358 247 1412 tris
266 1357 336 1412 tui
362 1363 413 1411 et
441 1357 659 1411 trabem
702 1359 760 1412 in‘
803 1359 963 1413 oculo
1004 1363 1103 1414 tuo
1153 1375 1265 1414 non
1297 1355 1490 1414 vides?
1525 1361 1717 1414 omnia
1802 1375 1824 1410 ι
1849 1358 2009 1412 ciatis
2037 1359 2380 1412 voluntatem
2417 1359 2558 1428 ejus,
2597 1357 2803 1411 faciens
2832 1357 2888 1411 in
2919 1357 3076 1411 vobis
3097 1358 3244 1428 quod
3275 1358 3391 1429 pla-

172 1462 270 1514 ergo
287 1461 393 1514 quae
421 1443 576 1498 vobis
604 1445 868 1510 dixerint,
899 1465 922 1497 »
944 1446 1146 1517 inquit,
1177 1465 1199 1497 ι
1229 1451 1294 1500 ut
1325 1445 1558 1512 faciatis,
1588 1445 1717 1500 faci-
1801 1463 1827 1495 «
1861 1453 1986 1500 ceat
2013 1459 2201 1500 coram
2233 1463 2312 1511 se,
2336 1463 2435 1518 per
2455 1449 2647 1501 Jesum
2680 1447 2987 1511 Christum,
3021 1447 3110 1500 cui
3137 1447 3390 1517 gloriain

171 1533 450 1586 teznfacere
473 1535 667 1587 autem
689 1534 874 1604 operis
895 1537 999 1598 est,
1029 1551 1140 1589 non
1161 1536 1311 1602 fidei,
1349 1555 1371 1588 ι
1407 1535 1714 1590 secundum
1801 1553 1828 1586 α
1861 1537 2062 1589 saecula
2091 1538 2439 1590 saeculorum.
2464 1538 2662 1590 Amen.
2699 1555 2726 1587 ν
2762 1537 2911 1589 Deus
2942 1541 3154 1600 autem,
3185 1535 3389 1606 inquit,

180 827 286 882 Cum
311 829 482 878 autem
501 823 627 877 fidei
657 839 827 878 causa
853 823 1108 888 vertitur,
1143 841 1326 897 neque
1352 825 1709 880 manifestum

177 921 242 968 est
263 911 493 968 omnibus
523 913 670 982 quod
697 908 921 975 dicitur,
951 930 1134 985 neque
1173 915 1452 985 malignus
1489 914 1709 969 dubitat

176 1003 330 1057 docere
355 1001 642 1055 contraria.
689 1000 833 1055 Nam
864 1007 922 1056 et
949 1003 1096 1074 quod
1131 1003 1342 1058 dictum
1373 1007 1458 1058 est
1491 1022 1504 1056 :
1541 1021 1565 1054 a
1601 1004 1709 1058 No-

178 1112 196 1143 ε
218 1091 295 1144 lite
317 1089 573 1160 judicare,
608 1103 680 1144 ne
705 1091 1032 1160 judicemini
1060 1093 1274 1158 (.llntth.
1301 1104 1414 1158 γει),
1453 1113 1478 1142 ι)
1501 1094 1570 1145 de
1599 1092 1710 1146 vita

175 1181 339 1234 dictum
359 1183 455 1242 est,
482 1194 592 1232 non
621 1180 691 1233 de
708 1179 837 1245 fide,
857 1181 1004 1250 quod
1019 1181 1166 1234 enim
1199 1181 1452 1246 infertur,
1469 1182 1572 1235 hoc
1589 1196 1710 1234 ma-

173 1268 364 1322 nifestat.
399 1287 422 1319 (τ
451 1265 597 1332 Quid
627 1268 800 1335 vides,
815 1269 1018 1340 inquit,
1047 1271 1312 1341 stipulam
1339 1270 1398 1324 in
1427 1271 1586 1324 oculo
1609 1271 1716 1324 fra-

169 1629 314 1676 autem
339 1639 501 1693 opera
539 1639 738 1676 eorum
787 1623 962 1678 nolite
999 1624 1200 1678 facere.
1241 1645 1263 1675 ι
1299 1625 1544 1680 Intueris
1574 1641 1714 1696 quo-

1798 1625 1968 1696 pacis.
1999 1625 2184 1679 Nolite
2211 1625 2383 1694 igitur
2412 1625 2683 1678 dissidere
2703 1641 2735 1678 a
2755 1624 2935 1690 nobis,
2971 1625 3018 1678 si
3039 1623 3392 1678 vultisDeum

170 1712 282 1764 niam
308 1727 407 1764 non
452 1711 520 1765 de
571 1711 949 1781 dogmatibus,
985 1713 1082 1766 sed
1111 1713 1180 1767 de
1209 1714 1323 1768 vita
1370 1720 1427 1768 et
1454 1714 1715 1785 operibus
1797 1714 1950 1785 pacis
1995 1714 2202 1767 habere
2250 1714 2573 1784 propitium.
2612 1733 2632 1764 ι
2672 1713 2778 1778 Qui
2836 1713 3044 1778 eduxit,
3077 1712 3279 1784 inquit,
3325 1711 3394 1766 de

167 1816 310 1853 sermo
334 1805 412 1854 est
439 1802 462 1853 ?
487 1821 509 1852 ι
540 1801 656 1872 Ipsi
686 1802 836 1855 enim
865 1801 1102 1872 vigilant
1123 1819 1222 1873 pro
1251 1803 1407 1856 vobis
1436 1803 1710 1857 rationem
1733 1785 1949 1856 Bterra
1997 1809 2279 1874 pastorem
2333 1816 2614 1873 pecorum.
2653 1822 2674 1852 ι
2721 1803 2838 1856 Hoc
2877 1801 2946 1856 de
2987 1803 3396 1856 resurrectione

171 1889 406 1942 reddituri.
435 1907 456 1940 ι
491 1890 748 1944 Audiant
777 1895 834 1944 et
880 1890 1178 1961 principes,
1214 1907 1328 1945 non
1359 1892 1463 1944 soli
1507 1892 1585 1945 illi
1617 1893 1711 1962 qui

167 1985 389 2046 reguntur
413 1995 446 2032 a
473 1979 842 2050 principibus,
895 1981 1163 2050 quoniam
1201 1980 1348 2034 sicut
1392 1981 1714 2036 obedientes

165 2073 342 2136 oportet
391 2083 508 2121 esse
576 2069 672 2138 qui
728 2070 1021 2138 reguntur,
1072 2069 1150 2121 sic
1192 2069 1360 2122 etiam
1392 2074 1636 2124 rectores
1658 2075 1715 2125 et

163 2155 390 2226 principes
410 2156 712 2227 vigilantes
725 2173 845 2211 esse
865 2157 1043 2211 decet.
1065 2158 1200 2218 Hoc,
1227 2158 1577 2229 inquit,dico,
1607 2177 1631 2211 α
1650 2161 1714 2212 ut

161 2243 450 2314 cumgaudio
469 2243 685 2299 faciant
702 2252 759 2299 et
777 2259 890 2300 non
909 2247 1406 2316 congemiscentes,
1431 2263 1543 2301 non
1563 2231 1714 2302 enim

160 2333 338 2402 expedit
361 2331 534 2386 vobis.
565 2351 592 2385 ν
627 2333 871 2388 Intueris
891 2335 1155 2406 quoniam
1184 2350 1311 2390 cum
1333 2337 1715 2390 contemnitur

158 2421 386 2493 princeps,
405 2439 514 2476 non
530 2425 759 2494 Oportet
773 2424 1016 2478 ultiones
1031 2424 1304 2494 ingerere,
1323 2426 1418 2478 sed
1438 2429 1556 2480 tota
1573 2425 1716 2480 ultio

157 2513 222 2560 est
235 2509 450 2579 plorare,
467 2510 872 2580 ingemiscere;
893 2523 1022 2566 nam
1045 2517 1103 2567 et
1123 2513 1370 2567 medicus
1400 2515 1623 2584 quando
1647 2514 1716 2568 ab

155 2605 326 2666 egroto
349 2600 752 2665 contemnitur,
788 2616 900 2654 non
937 2618 996 2654 se
1027 2601 1329 2667 ulciscitur,
1348 2603 1444 2656 sed
1457 2603 1641 2673 plorat
1660 2608 1718 2658 et

1795 1891 2006 1945 dictum
2033 1898 2135 1945 est.
2157 1891 2298 1945 Hinc
2318 1892 2466 1944 enim
2483 1904 2660 1961 usque
2671 1891 2738 1944 ad
2758 1891 2923 1944 finem
2939 1890 3206 1945 orationis
3229 1891 3396 1944 ratio-

1795 1995 1924 2034 nem
1951 1981 2031 2034 eis
2065 1981 2134 2034 de
2181 1980 2589 2034 resurrectione
2618 1981 2932 2043 confirmat,
2967 1983 3023 2032 et
3060 1979 3394 2034 testiﬁcatur

1797 2069 1876 2124 eis
1907 2071 2123 2138 majora
2153 2070 2361 2140 perlici.
2397 2070 2478 2122 Ad
2509 2069 2634 2122 illos
2669 2069 2818 2122 enim
2849 2068 3112 2138 pertinet,
3143 2069 3240 2138 qui
3271 2070 3392 2138 jam

1797 2163 2087 2228 sumpser’e
2117 2158 2473 2230 principium,
2506 2163 2563 2211 et
2607 2173 2846 2228 quorum
2879 2157 2950 2210 ad
2993 2156 3390 2227 perfectionem

1797 2247 1978 2301 omnis
2001 2263 2196 2302 cursus
2225 2247 2484 2301 intendit.
2509 2249 2758 2317 Oratque
2786 2261 2888 2317 pro
2907 2245 3006 2311 eis,
3041 2245 3190 2316 quod
3221 2245 3391 2316 perti-

1799 2342 1896 2389 net
1925 2336 1994 2388 ad
2043 2342 2348 2390 amantem.
2385 2337 2451 2390 Et
2503 2336 2560 2388 in
2608 2335 2732 2389 aliis
2790 2333 3018 2406 quidem
3055 2334 3304 2404 epistolis
3331 2334 3391 2388 in

1799 2425 2037 2479 exordiis
2067 2431 2208 2488 orat,
2235 2425 2324 2478 hic
2349 2429 2537 2478 autem
2567 2425 2625 2478 in
2656 2425 2784 2478 fine.
2813 2443 2839 2476 ι
2858 2426 3030 2495 Aptet
3055 2439 3170 2490 vos,
3185 2423 3388 2494 inquit,

1797 2514 1857 2568 in
1886 2514 2038 2567 omni
2085 2529 2254 2585 opere
2282 2513 2446 2578 bono,
2479 2519 2544 2567 ut
2587 2513 2804 2567 faciatis
2852 2514 3194 2568 voluntatem
3245 2513 3388 2583 ejus,

1796 2603 2006 2658 faciens
2043 2603 2098 2656 in
2128 2603 2282 2657 vobis
2311 2603 2458 2674 quod
2486 2603 2706 2673 placeat
2748 2618 2936 2655 coram
2961 2619 3040 2657 se.
3078 2623 3104 2654 ι
3149 2601 3393 2656 Intueris

153 2685 438 2754 ingemiscit.
471 2688 591 2744 Sed
623 2689 759 2743 dicis
785 2690 916 2760 quia
943 2689 988 2743 si
1019 2689 1114 2743 ille
1145 2691 1476 2761 ingemiscit,
1497 2692 1714 2746 ulciscl-
1799 2692 2041 2763 qualiter
2069 2693 2316 2747 ostendit
2343 2692 2660 2762 ingenerari
2691 2707 2850 2763 posse
2896 2691 3180 2756 virtutem,
3211 2705 3396 2761 neque

153 2781 225 2826 tur
238 2774 286 2827 in
308 2781 360 2829 te
384 2776 539 2830 Deus
564 2795 574 2828 :
599 2775 646 2829 si
669 2777 820 2830 enim
837 2793 937 2847 pro
957 2778 1161 2830 nostris
1191 2779 1432 2848 peccatis
1456 2779 1718 2848 ingemis-
1798 2797 1865 2834 ex
1895 2782 2010 2835 Deo
2039 2781 2173 2835 dicit
2191 2787 2394 2845 totu‘m’,
2427 2795 2610 2852 neque
2632 2797 2697 2834 ex
2729 2780 2888 2834 nobis
2918 2795 3043 2834 eam
3073 2780 3399 2851 perficitano

155 2862 316 2928 cimus,
346 2865 688 2919 adducimus
732 2865 802 2920 ad
844 2883 944 2920 nos
977 2868 1432 2938 propitiationem
1460 2869 1578 2934 Dei,
1614 2887 1715 2940 pro
1796 2877 1939 2924 tum.
1967 2871 2108 2924 Nam
2132 2871 2279 2940 quod
2299 2870 2452 2934 dicit,
2479 2888 2503 2922 «
2527 2875 2594 2923 ut
2607 2869 3034 2941 perficiatvosin
3055 2869 3388 2940 omniopere

151 2949 351 3006 aliorum
383 2967 514 3009 vero
553 2955 816 3026 superbia
845 2953 929 3009 vel
959 2960 1282 3028 cmtemptu
1329 2969 1455 3012 cum
1483 2959 1718 3029 ingemi-
1797 2959 1963 3025 bono,
1983 2981 2004 3008 ο
2031 2960 2134 3013 hoc
2169 2959 2472 3030 significat:
2491 2959 2720 3013 Habetis
2753 2959 2978 3029 quidem
3009 2959 3289 3020 virtutem,
3312 2957 3396 3012 ine

150 3039 338 3108 scimus,
371 3051 569 3098 nonne
591 3045 832 3116 amplius
858 3045 1192 3100 advocamus
1217 3042 1395 3100 Deum
1417 3047 1442 3100 ?
1461 3048 1718 3102 Gemitus
1742 3105 1782 3118 κ
1799 3046 2002 3117 digetis
2034 3053 2222 3100 autem
2252 3048 2682 3118 complementa.
2716 3047 2860 3111 Quid
2897 3054 3087 3101 autem
3127 3051 3213 3100 est
3243 3042 3392 3116 quod

149 3129 270 3182 enim
296 3105 441 3186 omni
471 3133 593 3186 erit
620 3105 831 3187 ultione
861 3134 1124 3189 deterior.
1157 3135 1392 3198 Quando
1419 3136 1568 3190 enim
1598 3136 1718 3208 ipse
1737 3105 1782 3166 C
1803 3105 1940 3187 dicit
1975 3154 1999 3185 (ί
2032 3134 2090 3187 in
2113 3135 2265 3188 omni
2297 3105 2464 3206 opere
2489 3141 2544 3187 et
2577 3105 2835 3189 sermone
2865 3133 3010 3188 bono
3029 3133 3055 3186 ?
3073 3151 3099 3186 »
3124 3134 3198 3188 Ut
3225 3105 3396 3187 vitam

146 3233 233 3270 non
250 3219 503 3292 intelligit
541 3221 930 3292 ingemiscens,
963 3223 1184 3277 invocat
1207 3221 1529 3289 Dominum,
1564 3230 1621 3278 et
1639 3226 1717 3278 si-
1793 3223 2062 3277 'videlicet
2077 3231 2287 3278 rectam
2299 3223 2572 3278 haberent
2587 3230 2645 3278 et
2664 3224 2948 3294 dogmata.
2975 3223 3294 3278 Secundum
3307 3237 3399 3276 vo-

146 3309 220 3359 cnt
236 3323 352 3362 cum
373 3309 584 3364 doctor
611 3311 989 3366 contemnitur
1007 3327 1040 3366 a
1063 3326 1257 3384 puero,
1276 3313 1612 3383 paedagogus
1626 3331 1719 3368 vo-
1798 3313 2072 3367 luntatem
2089 3313 2229 3382 ejus,
2252 3313 2453 3382 inquit,
2481 3331 2506 3364 a
2524 3313 2733 3367 faciens
2747 3313 2804 3366 in
2817 3313 2969 3367 vobis
2983 3311 3392 3383 beneplacitum

143 3401 292 3458 catur,
321 3399 415 3468 qui
451 3399 711 3453 severius
741 3401 968 3454 accedat
997 3401 1066 3454 ad
1116 3410 1352 3472 puerum
1388 3420 1399 3454 :
1433 3401 1511 3455 sic
1547 3403 1716 3458 etiam
1801 3401 1860 3454 in
1881 3408 2181 3472 conspectu
2205 3401 2381 3472 ejus.»
2401 3403 2528 3455 Haec
2549 3403 2754 3472 quippe
2770 3401 3300 3456 estmasimavirtus
3321 3401 3400 3454 fas

145 3482 188 3534 hi
205 3483 657 3542 inobedientibus
676 3489 964 3560 discipulis
989 3489 1364 3560 loquuntur...
1385 3491 1715 3562 periculum.
1804 3506 1930 3542 cere
1953 3489 2359 3560 beneplacitum
2377 3490 2434 3543 in
2445 3497 2746 3560 conspectu
2767 3485 2896 3554 Dei;
2926 3489 3234 3542 secundum
3249 3488 3398 3558 quod

201 3592 225 3622 ι
253 3574 418 3631 Orate
451 3589 563 3648 pro
593 3577 782 3644 nobis;
816 3579 1147 3632 confidimus
1177 3579 1326 3632 enim
1358 3580 1490 3649 quia
1517 3581 1721 3636 bonam
1805 3579 1973 3632 etiam
1995 3579 2276 3648 Propheta
2295 3577 2759 3648 loquiturdicens,
2788 3597 2813 3630 (ι
2840 3583 2897 3631 et
2915 3575 3222 3632 secundum
3237 3592 3398 3630 mun-

149 3678 168 3710 ε
199 3662 458 3720 habemus
487 3667 893 3720 conscientiam
925 3667 982 3720 in
1011 3667 1271 3721 omnibus
1307 3667 1448 3722 bene
1477 3670 1724 3724 volentes
1805 3667 2000 3720 ditiam
2017 3683 2286 3720 manuum
2309 3667 2796 3737 mearum,inquit,
2817 3667 2874 3720 in
2893 3671 3192 3736 conspectu
3213 3663 3399 3719 oculo-o

147 3769 167 3800 ς
191 3757 502 3810 conversari
516 3797 529 3808 .
575 3775 599 3806 ι)
627 3757 868 3810 Intueris
885 3757 1149 3827 quoniam
1169 3757 1285 3812 haec
1301 3758 1723 3828 deprecationes
1805 3767 1931 3808 rum
1952 3755 2091 3823 ejus.
2110 3772 2134 3804 »
2154 3756 2475 3823 (ΡαρΙιηιιι.)
2499 3755 2676 3808 Deum
2697 3767 2919 3825 quoque
2930 3761 3124 3825 aptare
3135 3753 3248 3807 sive
3261 3768 3396 3806 con—

142 3845 445 3906 sunt,veluti
467 3845 549 3899 ad
564 3846 918 3899 contristatos
939 3845 1187 3899 scribens
1207 3845 1564 3916 [scribentis],
1581 3856 1637 3901 et
1651 3847 1720 3902 ad
1806 3846 2030 3897 firmare
2043 3843 2261 3897 animos
2273 3850 2494 3896 nostros
2512 3844 2582 3897 ad
2597 3859 2762 3897 omne
2776 3859 2918 3914 opus
2942 3843 3170 3906 bonum,
3193 3848 3252 3895 et
3269 3858 3398 3911 ope-

140 3930 318 3998 quieos
327 3933 820 4001 avertebantur,et
831 3935 926 4005 qui
939 3935 1084 3988 circa
1095 3949 1224 3989 eum
1239 3927 1410 3988 veluti
1426 3937 1572 3989 circa
1587 3953 1724 4006 prae-
1805 3933 1919 3987 rari
1932 3932 1988 3986 in
2010 3932 2168 3986 nobis
2182 3947 2248 3985 ea
2269 3947 2391 4003 quae
2405 3933 2509 3986 sibi
2528 3940 2662 3986 sunt
2677 3934 2900 4004 placita,
2925 3931 3223 4004 Apostolus
3236 3930 3399 3985 docet

139 4025 360 4076 catorem
378 4023 918 4090 efﬁciebanturmon
934 4025 1173 4078 ferentes
1189 4038 1368 4094 neque
1381 4039 1586 4078 nomen
1600 4027 1722 4096 ejus
1803 4019 1994 4074 dicens
2035 4035 2046 4072 :
2083 4039 2107 4072 ‹‹
2131 4021 2280 4074 Deus
2303 4027 2492 4074 autem
2518 4021 2690 4091 pacis,
2725 4021 2822 4093 qui
2854 4021 3044 4076 eduxit
3061 4020 3131 4074 de
3150 4017 3397 4074 tenebris

134 4109 326 4165 audire.
381 4113 674 4177 Quoniam
704 4113 876 4182 igitur
920 4112 988 4166 ab
1026 4109 1344 4166 odientibus
1374 4130 1434 4166 se
1461 4114 1600 4168 talia
1627 4129 1723 4185 pO-o
1804 4115 2087 4180 pastorem
2126 4125 2394 4179 magnum
2441 4109 2626 4164 ovium
2657 4110 2715 4164 in
2753 4111 3027 4182 sanguine
3073 4109 3397 4164 testamenti

135 4198 379 4265 stulabat,
415 4201 617 4272 qualia
657 4203 782 4272 quis
830 4218 864 4254 a
911 4201 1270 4256 dilectoribus
1299 4207 1486 4272 potest
1517 4219 1722 4272 praesu-
1804 4198 1996 4252 aeterni
2026 4199 2216 4252 Jesum
2247 4198 2550 4266 Christum,
2586 4205 2743 4271 aptet
2769 4217 2865 4254 vos
2890 4201 2946 4254 in
2977 4199 3128 4253 omni
3148 4198 3294 4252 bono
3313 4199 3398 4252 fa-

131 4300 286 4353 mere,
323 4297 636 4361 propterea
683 4291 740 4343 iu
778 4291 881 4344 hoc
909 4291 1028 4343 loco
1057 4291 1160 4343 hoc
1186 4291 1480 4344 constituit
1507 4291 1717 4358 dicens,
1803 4288 1954 4342 ciens
1993 4288 2050 4342 in
2077 4287 2250 4352 vobis,
2276 4289 2423 4358 quod
2445 4291 2662 4360 placeat
2680 4305 2868 4346 coram
2889 4306 2966 4352 se,
2999 4289 3182 4359 nquod
3223 4287 3393 4340 etiam

133 4391 156 4423 ι
175 4379 536 4444 conﬁdimus,
567 4379 700 4449 quia
719 4378 921 4433 bonam
953 4379 1351 4432 conscientiam
1381 4377 1673 4434 habemus.
1693 4399 1783 4449 an
1803 4374 2394 4432 Thessalonicensibus
2428 4384 2493 4432 ut
2533 4379 2752 4432 eveniat
2771 4379 2849 4432 ita
2884 4382 3146 4448 precatur
3163 4375 3352 4428 dicens
3379 4391 3394 4427 :

133 4461 300 4519 Veluti
329 4467 379 4521 si
420 4468 662 4534 diceret,
705 4469 846 4522 Nolo
887 4468 1022 4522 mihi
1072 4469 1456 4522 accusationes
1501 4461 1783 4540 aliquas"
1807 4486 1832 4516 «
1865 4467 1990 4537 Ipse
2010 4473 2200 4520 autem
2231 4467 2502 4521 Dominus
2523 4468 2685 4522 Jesus
2705 4467 2961 4522 Christus
2981 4471 3038 4518 et
3057 4465 3206 4518 Deus
3225 4462 3396 4515 Pater

130 4554 432 4620 proferatis.
471 4557 846 4620 Conscientia,
881 4556 1082 4628 inquit,
1117 4563 1312 4611 nostra
1347 4574 1448 4611 nos
1474 4557 1533 4611 in
1566 4560 1720 4614 nullo
1801 4561 2010 4621 noster,
2037 4555 2132 4626 qui
2165 4555 2360 4610 dilexit
2379 4573 2481 4610 nos
2511 4563 2568 4610 et
2588 4557 2742 4610 dedit
2769 4554 3208 4610 consolationem
3237 4556 3397 4606 aiter-

131 4641 480 4706 condemnat,
502 4657 686 4715 neque
703 4645 861 4700 nobis
881 4639 1092 4716 aliquid
1113 4646 1315 4700 conscii
1337 4661 1552 4712 sumus,
1588 4661 1723 4718 quo-
1803 4659 1933 4698 nam
1966 4649 2024 4698 et
2059 4660 2216 4715 spem
2261 4645 2466 4698 bonam
2513 4645 2570 4699 in
2613 4645 2816 4715 gratia,
2861 4644 3191 4698 exhortatur
3225 4641 3396 4696 corda

128 4727 439 4786 niamvobis
471 4732 708 4786 insidias
736 4733 1050 4787 fecerimus.
1081 4753 1104 4785 ι
1133 4731 1500 4800 Conﬂdimus,
1515 4734 1718 4805 inquit,
1804 4738 1988 4786 vestra
2016 4738 2075 4786 et
2100 4733 2396 4788 conﬁrmet
2432 4733 2490 4786 in
2519 4733 2671 4787 omni
2702 4745 2870 4804 opere
2893 4738 2951 4787 et
2970 4748 3228 4786 sermone
3248 4729 3396 4785 bono

129 4820 379 4888 quoniam
398 4821 610 4875 bonam
629 4823 1023 4877 conscientiam
1042 4819 1311 4878 habemus
1332 4823 1390 4876 in
1405 4823 1720 4889 omnibus,s
1808 4823 1888 4887 (ΙΙ
1922 4822 2090 4874 Thess.
2127 4831 2204 4889 η).
2243 4840 2267 4873 ›)
2302 4823 2492 4894 Ipsum
2536 4821 2776 4893 denique
2821 4821 3080 4876 timorem
3120 4821 3243 4886 Dei,
3285 4835 3396 4890 quo
3449 4875 3468 4885 ,

127 4922 228 4962 non
245 4910 304 4964 in
318 4911 594 4981 gentibus
609 4918 852 4978 tantum,
876 4913 972 4967 sed
994 4913 1164 4966 etiam
1185 4914 1242 4966 in
1263 4911 1436 4967 vobis.
1463 4914 1612 4967 Nihil
1629 4929 1723 4967 ne-
1805 4911 2040 4964 firmiter
2054 4927 2183 4964 eum
2202 4916 2395 4966 tenere
2423 4911 2720 4983 possimus,
2750 4928 2785 4966 a
2809 4911 3228 4975 Dominonobis
3243 4911 3396 4966 Jers-

125 4998 448 5062 gotiationis
478 5001 664 5068 gratia
692 5001 943 5066 fecimus,
970 5002 1108 5056 nihil
1128 5017 1254 5056 cum
1287 5003 1511 5056 fictione
1535 5005 1722 5073 protu-

123 5082 300 5150 limus,
332 5089 582 5143 fortasse
603 5090 754 5143 enim
783 5090 840 5144 in
865 5089 1081 5144 talibus
1100 5091 1467 5145 accusabatur
1497 5110 1507 5143 :
1550 5109 1575 5144 α
1604 5093 1720 5146 Au-

123 5172 340 5231 dierunt
367 5178 548 5240 enim,
589 5179 791 5248 inquit,
821 5180 889 5233 de
918 5186 993 5244 te,
1020 5180 1286 5251 quoniam
1324 5181 1723 5236 discessionem

120 5262 276 5319 doces
306 5283 343 5320 a
374 5268 509 5336 lege
531 5268 666 5332 (Act.
703 5272 838 5336 xxr).
866 5288 892 5321 »
917 5269 1041 5322 Non
1063 5268 1496 5335 sicutinimlcus,
1515 5270 1716 5341 inquit,

121 5366 294 5422 neque
321 5355 486 5408 sicut
529 5356 722 5422 hostis,
765 5357 864 5411 sed
915 5357 1059 5412 sicut
1100 5359 1315 5412 amicus
1345 5359 1466 5412 haec
1491 5359 1670 5413 scribo
1705 5377 1716 5412 :

120 5438 214 5494 hoc
244 5443 430 5496 etiam
461 5459 526 5495 ex
555 5445 638 5498 his
667 5461 792 5515 quae
814 5453 1130 5517 sequuntur
1148 5447 1466 5502 ostenditur
1495 5465 1505 5498 :
1543 5467 1567 5498 α
1589 5450 1722 5502 Ληι-

121 5547 144 5575 ε
163 5530 310 5598 plius
341 5536 544 5584 autem
570 5533 838 5603 deprecor
868 5549 964 5588 vos
985 5536 1088 5589 hoc
1113 5534 1310 5600 facere,
1347 5542 1410 5590 ut
1433 5551 1543 5607 quo
1572 5535 1722 5590 cele-

121 5631 144 5667 ι
169 5617 286 5674 rius
317 5617 599 5675 restituar
625 5619 798 5676 vobis.
831 5641 855 5676 ι
891 5623 1007 5678 Hoc
1033 5624 1184 5681 enim
1207 5625 1446 5682 nimium
1477 5626 1720 5684 amantis

1805 4999 1944 5053 mias
1974 5000 2248 5071 propheta
2275 5016 2340 5053 ex
2369 5016 2608 5071 persona
2639 5000 2737 5055 Dei
2751 5000 3044 5055 manifeste
3059 4995 3396 5054 testaturin-

1802 5089 1980 5155 fundi,
2004 5089 2086 5142 ita
2099 5089 2287 5143 dicens
2314 5109 2324 5142 :
2351 5109 2376 5140 α
2407 5090 2473 5144 Et
2492 5089 2636 5143 dabo
2657 5090 2738 5143 eis
2753 5107 3052 5155 corunum,
3072 5094 3128 5142 et
3145 5085 3392 5140 animam

1804 5194 1996 5244 unam,
2029 5185 2093 5232 ut
2120 5179 2359 5232 timeant
2381 5196 2468 5232 me
2499 5179 2774 5233 universis
2810 5179 3024 5244 diebus,
3065 5184 3123 5231 et
3151 5175 3289 5229 bene
3319 5173 3395 5232 sit

1804 5267 1885 5322 eis
1913 5274 1971 5322 et
1996 5266 2126 5320 filiis
2145 5283 2340 5320 eorum
2369 5274 2498 5339 post
2515 5285 2610 5322 eos
2621 5276 2678 5323 et
2697 5268 2891 5323 feriam
2903 5267 2982 5322 eis
3001 5271 3225 5339 pactum
3241 5279 3393 5318 sem»

1802 5358 2105 5429 piternum,
2128 5361 2186 5410 et
2204 5371 2314 5410 non
2333 5357 2588 5411 desinam
2609 5358 2688 5412 eis
2709 5357 3049 5419 benefacere,
3066 5355 3394 5409 ettimorem

1804 5461 1989 5499 meum
2015 5442 2157 5497 dabo
2175 5443 2232 5498 in
2266 5445 2435 5499 corda
2463 5462 2680 5512 eorum,
2711 5451 2774 5500 ut
2802 5462 2914 5500 non
2946 5445 3212 5499 recedant
3238 5461 3274 5498 a
3303 5461 3394 5498 me

1805 5537 1935 5602 (Jer.
1963 5541 2160 5601 xxxu).
2207 5551 2229 5583 ι
2259 5533 2506 5588 Ezechiel
2538 5551 2760 5606 quoque
2793 5554 2804 5588 :
2843 5553 2865 5585 ι
2903 5535 2972 5589 Et
3006 5534 3152 5589 dabo
3180 5534 3260 5589 eis
3296 5549 3394 5587 eor

1802 5639 2027 5688 novum,
2050 5628 2108 5677 et
2122 5619 2383 5694 spiritum
2403 5641 2609 5680 novum
2627 5624 2874 5680 tribuam
2893 5625 2952 5680 in
2965 5624 3268 5681 visceribus
3294 5637 3392 5676 eo-
