3854 6164
491 365 590 422 831
1075 363 1138 418 Β.
1181 361 1453 418 RABANI
1491 359 1723 417 MAURI
1759 360 2095 418 ARCHIEP.
2137 338 2461 416 MOGUNT.
2503 356 2801 414 OPERUM
2838 355 3022 412 PARS
3058 354 3154 410 III.
3576 357 3654 412 83"}

488 505 634 554 rum,
655 495 712 542 et
725 487 975 542 auferam
991 503 1088 542 cor
1097 487 1380 558 lapideum
1403 487 1472 541 de
1489 503 1655 541 carne
1679 503 1894 553 eorum,
1911 493 1968 542 et
1985 487 2080 541 da-
2090 489 2144 547 A
2161 486 2474 552 trahamus,
2496 483 2811 538 auditorem
2828 481 3160 538 nostrumad
3180 478 3435 534 fastidium
3446 481 3660 551 perduca-

487 577 558 630 bo
573 576 652 631 eis
680 592 776 630 cor
794 592 1080 642 carneum,
1103 581 1170 630 ut
1185 576 1243 630 in
1262 576 1555 647 praeceptis
1570 576 1711 630 meis
1722 575 2013 630 ambulent
2025 581 2083 628 et
2164 590 2309 627 mus.
2326 573 2486 628 Unde
2507 572 2655 626 idem
2683 571 3012 642 praedicator
3026 569 3271 639 egregius
3290 567 3506 622 Hebraeis
3521 568 3662 640 loqui-

477 664 694 734 judicia
719 681 846 718 mea
873 665 1210 728 custodiant,
1241 664 1562 735 faciantque
1597 680 1682 730 ea,
1725 670 1780 718 et
1807 663 1920 718 sint
1943 664 2080 718 mihi
2161 667 2257 716 tur
2283 662 2476 716 dicens
2501 679 2512 713 :
2541 679 2569 714 α
2593 659 2836 716 Obsecro
2856 676 2974 724 vos,
2995 658 3212 722 fratres,
3236 663 3296 710 ut
3311 656 3552 711 sufferatis
3565 674 3661 712 ver-

480 756 543 810 in
570 753 838 826 populum
879 759 938 808 et
968 770 1070 824 ego
1102 754 1210 809 sim
1257 753 1338 808 eis
1366 754 1426 808 in
1455 755 1634 809 Deum
1672 755 1878 823 (Egeo/1..
1914 754 2011 821 x1).
2051 773 2074 805 ι
2160 749 2294 804 bum
2323 750 2508 806 solatii
2538 768 2549 803 :
2585 749 2794 804 etenim
2825 763 3104 820 perpauca
3137 745 3322 818 scripsi
3346 745 3497 800 vobis.
3529 765 3548 795 ι
3576 747 3665 802 Hoc

481 841 695 908 Quibus
709 843 1160 898 manifestissime
1178 843 1548 914 perdocemur
1568 850 1626 898 et
1637 843 1864 898 initium
1888 843 2080 898 volun-
2158 844 2348 894 tamen
2377 839 2614 893 inﬁrmis
2641 837 2920 910 praecipue
2947 835 3216 906 congruit,
3240 841 3300 890 ut
3318 850 3474 906 pauca
3486 833 3664 904 quidem

479 932 617 987 tatis
647 931 804 988 bona:
837 932 1016 998 nobis,
1045 933 1282 986 Domino
1299 932 1642 1004 ‘inspirante,
1670 933 1915 997 concedi,
1949 948 2077 986 cum
2161 943 2282 998 qum
2325 943 2525 998 capere
2569 925 2927 998 praevaleant,
2972 924 3219 989 audiant,
3266 923 3355 976 sed
3381 939 3489 993 quae
3512 938 3664 976 eorum

479 1024 580 1074 aut
593 1037 696 1092 per
713 1037 793 1087 se,
809 1027 908 1075 aut
917 1037 1018 1092 per
1034 1019 1478 1075 exhortationem
1491 1020 1791 1091 cujuslibet
1807 1019 2069 1086 hominis,
2157 1021 2376 1069 mentes
2397 1015 2456 1069 in
2472 1014 2814 1086 poenitentiae
2831 1013 3022 1067 dolore
3033 1015 3410 1083 compungunt.
3423 1010 3544 1063 Nam
3557 1009 3595 1061 si
3607 1009 3667 1062 eis

477 1112 579 1162 aut
595 1125 696 1178 per
709 1108 1100 1162 necessitatem
1116 1125 1218 1162 nos
1239 1108 1310 1162 ad
1329 1109 1528 1164 salutis
1559 1109 1796 1164 attrahit
1824 1104 1992 1176 viam,
2017 1115 2076 1166 et
2155 1119 2268 1157 uno
2289 1103 2348 1157 in
2375 1109 2629 1174 tempore
2657 1101 3060 1157 exhortationis
3079 1115 3260 1154 sermo
3278 1097 3433 1152 fuerit
3448 1096 3669 1168 multipli-

472 1196 872 1268 perfectionem
892 1197 1162 1252 virtutum
1181 1195 1252 1251 ab
1263 1197 1460 1252 eodem
1471 1197 1730 1252 similiter
1747 1198 2069 1266 condonari,
2155 1190 2296 1247 citer
2312 1193 2514 1258 dictus,
2547 1192 2681 1264 quia
2709 1192 2889 1246 multa
2916 1190 3158 1244 retinere
3187 1205 3294 1244 ιιοῐι
3327 1188 3510 1251 valent,
3539 1185 3669 1240 Simili

475 1291 734 1362 nostrum
746 1302 876 1340 vero
893 1286 996 1340 hoc
1012 1287 1680 1352 esse,utadhortationem
1693 1287 2072 1359 auxiliumque
2155 1281 2424 1335 amittunt
2449 1282 2658 1336 omnia.
2681 1281 2840 1338 Unde
2861 1285 2920 1335 et
2946 1279 3148 1334 Πιθάὶοὶ
3175 1292 3452 1350 corporum
3478 1293 3666 1348 P811305,

474 1372 578 1427 Dei
603 1373 688 1428 vel
709 1373 998 1428 remissius
1018 1375 1105 1428 vel
1122 1375 1340 1429 enixius
1355 1391 1716 1447 exequamur,
1736 1383 1902 1448 etpro
1919 1375 2070 1450 [per]
2153 1389 2294 1443 quos
2320 1371 2736 1427 inﬁrmantibus
2763 1371 3064 1426 stomachis
3090 1375 3318 1442 ponunt,
3343 1369 3466 1439 apto
3491 1365 3670 1438 quidem

475 1459 582 1515 hoc
593 1478 696 1516 nos
715 1461 800 1515 vel
821 1461 1334 1516 remunerationem
1351 1463 1436 1516 vel
1457 1464 1728 1535 supplicia
1744 1464 2074 1535 dignissima
2152 1461 2522 1516 medicamine
2541 1461 2640 1515 sed
2660 1460 2941 1516 subtiliter
2959 1459 3186 1524 liniunt,
3206 1475 3274 1512 ne
3287 1457 3331 1512 si
3344 1454 3521 1528 repleti
3535 1453 3672 1510 multo

475 1552 811 1622 promereri,
845 1553 992 1623 quod
1034 1553 1154 1622 ejus
1198 1553 1602 1623 dispensationi
1633 1570 1698 1607 ac
1712 1553 2072 1625 providentiae
2132 1542 2746 1604 'medicaminefuerint
2761 1548 3152 1604 inﬁrmitatem
3171 1546 3429 1602 stomachi
3447 1543 3674 1600 nonrobo-

475 1654 611 1708 erga
638 1655 741 1692 nos
769 1638 1173 1709 benignissima
1191 1639 1516 1710 dignatione
1531 1641 1764 1709 collatae,
1782 1642 1868 1695 vel
1885 1642 2072 1711 negle-
2153 1645 2343 1694 rantes
2381 1640 2665 1710 adjuvent,
2711 1639 2809 1693 sed
2831 1638 3219 1710 opprimentes
3258 1641 3492 1706 gravent.
3515 1635 3672 1702 (JoanJ

472 1727 676 1793 ximus,
711 1728 797 1782 vel
825 1728 1144 1783 studuimus
1183 1735 1388 1784 nostrae
1419 1729 1748 1784 obedientize
1777 1731 2071 1785 devotione
2157 1748 2180 1780 ι
2205 1729 2536 1800 Cognoscite
2549 1729 2782 1783 fratrem
2796 1723 3673 1788 nostrumTimotheumdimissum,

473 1833 801 1887 congruere,
836 1817 985 1889 quod
1014 1818 1302 1873 evidenter
1319 1819 1376 1872 in
1395 1819 1830 1874 Denteronomio
1855 1826 2072 1891 aperte-
2090 1811 2134 1869 Β
2155 1834 2182 1869 α
2205 1819 2354 1889 quod
2384 1817 2432 1872 si
2459 1818 2694 1872 celerius
2721 1817 2955 1882 venerit,
2987 1803 3186 1870 videbo
3213 1831 3326 1869 vos.
3375 1833 3396 1866 ι
3435 1814 3539 1868 Hoc
3561 1811 3677 1866 enim

475 1921 582 1977 que
611 1905 945 1961 describitur
977 1925 990 1960 :
1027 1926 1050 1958 ι
1087 1908 1248 1973 Cum,
1263 1905 1465 1978 inquit,
1484 1907 1858 1963 introduxerit
1884 1915 1941 1962 te
1965 1909 2072 1964 Do-
2151 1905 2417 1962 idoneum
2430 1913 2572 1974 erat,
2591 1913 2656 1961 ut
2680 1924 2776 1961 eos
2796 1905 3206 1960 mansuetiores
3225 1904 3474 1968 efficeret,
3498 1901 3618 1972 quod
3635 1917 3678 1954 se

472 1995 659 2049 minus
677 1995 826 2050 Deus
845 2001 978 2050 tuus
998 1995 1058 2049 in
1083 2001 1298 2050 terram
1318 2013 1488 2068 quam
1510 1998 2073 2069 possessurus‘ingre-
2153 2001 2416 2066 paratum
2444 1994 2584 2048 dixit
2611 1995 2682 2050 ad
2712 2011 2808 2049 eos
2834 1994 3044 2061 venire,
3075 2001 3141 2048 ut
3179 2009 3275 2046 eos
3302 2009 3422 2047 cum
3445 2007 3532 2045 suo
3557 1989 3682 2042 disci-

473 2083 662 2152 dieris,
678 2090 736 2139 et
751 2084 1019 2140 deleverit
1035 2090 1234 2155 gentes
1254 2086 1462 2140 multas
1472 2103 1660 2140 coram
1679 2092 1755 2152 te,
1782 2087 2070 2142 Cethaeum
2153 2083 2284 2154 pulo
2312 2083 2544 2137 videret.
2577 2082 2836 2138 Arbitror
2862 2087 3054 2137 autem
3101 2099 3199 2136 eos
3225 2083 3354 2153 quia
3387 2081 3520 2135 circa
3541 2079 3684 2132 Timo-

473 2179 530 2228 et
557 2173 967 2244 Gergessaeum,
990 2180 1049 2228 et
1077 2175 1488 2241 Amorrhaeum,
1512 2181 1570 2230 et
1597 2176 1996 2244 Chananmum,
2013 2183 2072 2232 et
2149 2173 2347 2226 theum
2374 2189 2488 2226 non
2515 2190 2576 2226 se
2590 2171 3178 2237 habebantinfensius,
3192 2171 3338 2224 unde
3361 2169 3516 2223 etiam
3541 2167 3682 2238 ipsum

472 2261 849 2330 Pherezaeum,
868 2269 926 2318 et
937 2264 1222 2329 Hevaeum,
1240 2269 1298 2317 et
1324 2263 1659 2331 Jebusaeum,
1685 2271 1899 2336 septem
1927 2283 2070 2336 gen-
2151 2260 2471 2333 praeposuit,
2491 2279 2518 2314 α
2533 2261 2870 2331 cognoscite,
2896 2260 3100 2332 inquit,
3135 2259 3368 2314 fratrem
3383 2255 3684 2311 Timotheum

471 2355 558 2406 tes
589 2353 766 2406 multo
797 2351 1028 2424 majoris
1048 2353 1269 2408 numeri
1291 2359 1349 2407 et
1367 2352 1712 2408 robustiores
1731 2359 1808 2421 te,
1826 2355 2069 2409 tradide-
2150 2349 2464 2416 dimissum,
2482 2367 2611 2404 cum
2643 2367 2754 2421 quo
2775 2350 2821 2404 si
2848 2351 3106 2404 celeriter
3139 2349 3352 2404 venerit
3377 2346 3552 2428 videbo
3565 2361 3680 2398 vos:

471 2441 657 2512 ritque
686 2457 781 2496 eas
807 2441 1080 2496 Dominus
1097 2428 1218 2510 tibi,
1254 2442 1532 2513 percuties
1554 2459 1649 2498 eas
1673 2459 1850 2514 usque
1879 2444 1950 2497 ad
1977 2444 2070 2497 in-
2149 2439 2456 2495 Dimissum
2486 2444 2676 2493 autem
2708 2440 2866 2506 dixit,
2899 2441 3047 2495 unde
3073 2441 3098 2492 ?
3133 2439 3390 2494 Arbitror
3411 2436 3545 2492 enim
3571 2433 3687 2506 quod

471 2530 870 2606 temecionem,
885 2547 1000 2584 non
1017 2530 1183 2585 inibis
1194 2547 1321 2585 cum
1333 2531 1414 2585 eis
1424 2531 1622 2597 fcedus,
1639 2548 1821 2602 neque
1832 2531 2066 2588 sociabis
2149 2529 2210 2584 in
2233 2528 2488 2584 custodia
2509 2529 2681 2583 fuerit
2709 2529 2931 2598 missus,
2959 2535 3060 2584 aut
3085 2529 3138 2584 si
3166 2529 3272 2582 hoc
3289 2541 3398 2582 non
3417 2533 3510 2590 est,
3535 2523 3688 2578 dimis-

471 2633 600 2671 cum
619 2618 700 2672 eis
719 2619 998 2690 conjugis.
1018 2621 1194 2686 (Deut.
1228 2621 1344 2688 vn).
1380 2640 1405 2671 »
1438 2620 1598 2684 Quod
1626 2620 1798 2690 igitur
1811 2621 2068 2676 introdu-
2150 2635 2276 2674 sum
2303 2617 2440 2673 dicit
2465 2618 2535 2672 ab
2561 2619 2826 2686 Athenis;
2855 2635 2988 2672 nam
3023 2623 3081 2672 et
3107 2619 3170 2672 in
3199 2616 3557 2689 apostolorum
3575 2611 3687 2667 Acti-

469 2711 674 2760 cuntur
691 2706 752 2760 in
781 2712 990 2762 terram
1012 2707 1478 2779 repromissionis,
1493 2709 1640 2780 quod
1659 2709 1920 2764 delentur
1933 2727 2068 2781 gen-
2149 2707 2253 2762 bus
2283 2707 2362 2762 sic
2391 2708 2649 2762 habetur.
2688 2728 2710 2759 ι
2763 2709 3018 2762 Salutate
3047 2724 3250 2763 omnes
3277 2704 3578 2778 praepositos
3599 2719 3688 2753 ves-

470 2800 559 2849 tes
589 2795 783 2851 multaa
811 2813 1002 2851 coram
1032 2797 1133 2864 eis,
1165 2797 1314 2868 quod
1339 2797 1644 2852 traduntur
1659 2798 1720 2853 in
1737 2814 1940 2853 manus
1969 2816 2066 2853 eo-
2152 2815 2178 2850 σ
2209 2803 2326 2851 tros
2352 2803 2410 2852 et
2437 2814 2632 2852 omnes
2659 2802 2914 2865 sanctos;
2938 2797 3194 2852 salutant
3222 2796 3421 2851 fratres
3435 2809 3523 2848 vos
3537 2790 3688 2846 deIta-

471 2900 597 2938 rum
626 2885 882 2940 nationes
907 2885 1139 2956 majoris
1169 2885 1410 2951 numeri,
1445 2892 1502 2941 et
1530 2885 1872 2942 robustiores
1893 2904 2065 2960 quam
2151 2905 2175 2938 «
2209 2887 2310 2954 lia;
2342 2886 2530 2956 gratia
2556 2903 2682 2941 cum
2711 2885 2972 2941 omnibus
2998 2885 3178 2953 vobis,
3209 2887 3406 2940 Amen.
3437 2903 3460 2935 ι
3491 2878 3688 2937 Intueris

469 2973 708 3044 populus
725 2975 1699 3047 Israel,DeiessegratiamScriptura
1712 2977 2060 3048 pronuntiat.
2147 2975 2426 3046 quomodo
2473 2992 2568 3030 eos
2617 2974 3024 3030 honorabiliter
3049 2975 3312 3030 tractat?
3349 2970 3599 3044 siquidem
3633 2966 3688 3020 ad

468 3061 670 3116 Utrum
690 3068 880 3118 autem
905 3063 1183 3134 percutiat
1202 3079 1297 3118 eas
1328 3065 1502 3118 Israel
1531 3081 1707 3136 usque
1726 3065 1798 3119 ad
1811 3065 2062 3122 interne-
2083 3123 2121 3136 Α
2145 3064 2270 3118 illos
2281 3081 2382 3135 pro
2400 3063 2510 3119 illis
2519 3065 2814 3120 scribebat.
2836 3082 2864 3118 ί
2878 3065 3093 3132 Gratia,
3113 3064 3321 3136 inquit,
3343 3078 3467 3117 cum
3477 3057 3689 3114 omnibus

468 3148 704 3218 cionem,
735 3168 808 3205 an
827 3157 1073 3206 reservet
1103 3169 1199 3208 eas
1227 3157 1286 3206 et
1311 3159 1523 3224 parcat,
1576 3160 1634 3208 et
1679 3161 1872 3209 utrum
1910 3123 2122 3213 ineatC
2144 3152 2316 3219 vobis,
2331 3155 2531 3208 Amen.
2550 3171 2577 3206 ι
2604 3153 2858 3208 Gratiam
2886 3153 2968 3208 eis
2993 3159 3178 3225 optat,
3205 3153 3354 3224 quod
3373 3155 3456 3206 est
3482 3147 3688 3204 omnium

466 3253 594 3294 cum
609 3239 690 3293 eis
709 3239 908 3308 foedus,
929 3247 988 3295 et
1007 3247 1198 3297 utrum
1223 3241 1397 3296 societ
1425 3259 1551 3296 cum
1582 3243 1662 3296 eis
1681 3244 1962 3314 conjugia,
1989 3261 2062 3300 an
2143 3242 2920 3308 commune.Qualiterautem
2941 3245 3008 3298 ﬁt
3019 3243 3211 3314 gratia
3231 3239 3536 3297 nobiscum?
3546 3237 3689 3292 Sinon

468 3341 580 3379 non
598 3327 790 3395 societ,
805 3329 1059 3400 ipsorum
1073 3345 1192 3384 esse
1212 3330 1933 3394 testatur.Quotestimonio
1945 3348 2062 3386 ma-
2143 3330 2409 3402 injuriam
2439 3331 2490 3386 ei
2519 3331 2807 3399 faciamus,
2841 3333 3066 3403 quando
3095 3331 3265 3386 nobis
3311 3327 3562 3384 beneﬁcia
3591 3339 3692 3378 con-

464 3415 666 3470 nifeste
685 3417 1022 3473 discernitur
1050 3419 1184 3489 quid
1215 3418 1388 3472 libero
1433 3418 1684 3486 arbitrio,
1712 3420 1913 3490 quidve
1943 3421 2060 3476 dis-
2139 3420 2416 3498 feruntur,
2440 3420 2486 3474 si
2505 3421 2854 3492 negligentes
2874 3438 2987 3476 non
3009 3421 3321 3476 existamus
3341 3419 3483 3474 circa
3499 3429 3691 3470 munem

459 3505 796 3576 pensationi,
821 3507 907 3560 vel
935 3507 1262 3579 quotidiano
1299 3507 1580 3578 adjutorio
1605 3509 1830 3563 Domini
1862 3509 2060 3566 debea-
2139 3509 2260 3562 Dei.
2288 3509 2434 3573 Quid
2462 3515 2549 3564 est
2572 3510 2759 3580 gratia
2779 3510 2804 3562 ?
2833 3510 3110 3565 Remissio
3131 3510 3457 3565 videlicetet
3474 3502 3690 3578 purgatio

459 3609 588 3648 mus
615 3595 910 3662 ascribere,
943 3602 1001 3650 et
1024 3597 1177 3666 quod
1215 3596 1413 3652 divinae
1443 3597 1520 3651 sit
1559 3597 1756 3668 gratiae
1791 3604 2056 3668 praestare
2139 3597 2938 3668 peccatorum,haacnobiscum
2950 3599 3106 3664 est,si
3123 3598 3271 3654 bene
3286 3593 3690 3668 egerimus.Nam

460 3682 621 3738 nobis
649 3685 966 3739 occasiones
1001 3685 1200 3740 salutis
1237 3692 1296 3740 et
1320 3691 1622 3756 proventus
1667 3687 1943 3742 secundos
1973 3693 2055 3742 at-
2137 3686 2262 3758 quis
2288 3685 2596 3756 injuriosus
2635 3686 2844 3758 poterit
2887 3687 3057 3741 istam
3101 3703 3332 3741 servare
3375 3684 3614 3757 gratiam,
3647 3685 3689 3730 et

460 3789 570 3845 que
595 3773 884 3829 victoriam
907 3793 920 3842 ;
952 3781 1208 3830 nostrum
1223 3792 1356 3830 vero
1383 3781 1448 3830 ut
1467 3791 1730 3830 concessa
1749 3776 1852 3830 Dei
1879 3776 2054 3833 bene-
2133 3790 2246 3829 non
2275 3775 2467 3829 statim
2498 3782 2797 3831 evacuatus
2813 3776 3076 3831 efﬁcitur?
3091 3775 3267 3831 Verbi
3283 3775 3484 3848 gratia,
3506 3767 3691 3827 donavit

459 3863 589 3916 ﬁcia
615 3863 701 3916 vel
728 3863 1022 3931 intentius,
1044 3863 1130 3917 vel
1157 3864 1386 3934 segnius
1415 3880 1806 3935 exsequamur.
2131 3862 2233 3917 tibi
2262 3863 2454 3918 omnia
2472 3871 2718 3935 peccata,
2733 3867 3010 3938 quomodo
3025 3873 3220 3922 tecum
3239 3865 3424 3938 gratia
3437 3873 3688 3935 permaneo

532 3968 558 4003 α
589 3951 745 4022 Rogo
785 3958 976 4006 autem
1003 3970 1121 4021 vos,
1151 3953 1374 4020 fratres,
1409 3958 1474 4008 ut
1501 3953 1782 4008 sufferatis
1820 3954 2051 4010 verbum
2132 3949 2233 4018 bit,
2266 3951 2382 4006 sive
2413 3953 2646 4024 spiritus
2675 3954 2854 4009 sancti
2881 3954 3157 4026 operatio,
3175 3955 3290 4010 nisi
3307 3970 3434 4010 eam
3460 3967 3552 4025 per
3573 3947 3691 4002 bona

461 4058 486 4090 ς
521 4039 705 4093 solatii
740 4057 752 4092 :
785 4041 994 4095 etenim
1023 4042 1316 4113 perpaucis
1335 4041 1534 4113 scripsi
1549 4043 1722 4097 vobis.
1754 4064 1778 4096 ι
1808 4045 2052 4100 Intueris
2073 4046 2085 4053 “
2133 4042 2384 4112 operaad
2395 4043 2756 4114 temetipsum
2769 4043 3092 4098 attraxeris?
3106 4045 3243 4099 llaec
3255 4044 3690 4116 quippeestcallsa

457 4126 592 4198 quia
614 4129 762 4199 quod
792 4129 961 4184 nullis
981 4130 1203 4202 scripsit
1218 4131 1343 4184 istis
1363 4131 1573 4197 scribit,
1595 4132 1824 4199 etenim,
1848 4133 2047 4205 inquit,
2134 4135 2388 4190 omnium
2403 4134 2699 4202 bonorum,
2715 4137 2762 4190 si
2793 4137 2851 4190 in
2873 4136 3033 4191 nobis
3054 4137 3334 4208 spiritalis
3346 4135 3527 4208 gratia
3542 4147 3692 4205 perse-

456 4231 569 4270 non
581 4215 735 4270 vobis
746 4234 871 4274 sum
888 4217 1156 4273 molestus
1175 4219 1342 4290 longo
1363 4224 1811 4291 sermone.(Joan
1821 4230 1858 4292 .)
1873 4223 2052 4278 Tanta
2132 4225 2444 4279 verat.Hzec
2453 4224 2660 4296 quippe
2675 4241 2778 4280 nos
2797 4225 2868 4280 ad
2879 4227 3071 4280 omnia
3089 4225 3244 4281 bona
3259 4233 3411 4282 recto
3431 4225 3611 4280 itinere
3619 4221 3692 4274 de-

455 4303 706 4360 scribens
727 4307 1030 4378 Apostolus
1049 4323 1222 4378 parva
1243 4307 1340 4362 illa
1353 4324 1475 4362 esse
1503 4309 1661 4378 dixit,
1683 4309 1741 4363 in
1765 4327 2052 4382 compara-
2131 4311 2302 4378 ducit,
2327 4313 2473 4367 sicut
2494 4313 2665 4368 etiam
2688 4313 2912 4386 quando
2921 4313 2991 4368 ab
3004 4317 3427 4382 eaexcedimus,
3461 4312 3690 4386 perimus.

454 4393 609 4450 tione
623 4394 1036 4452 sciliceteorum
1048 4413 1171 4467 quae
1181 4397 1434 4452 dicturus
1445 4404 1582 4466 erat,
1591 4400 2048 4471 secundumquod
2071 4441 2118 4498 Β
2132 4407 2190 4455 et
2217 4401 2424 4457 deserti
2453 4401 2732 4456 efﬁcimur
2755 4403 2908 4458 omni
2929 4403 3094 4458 bono.
3129 4405 3262 4459 Non
3283 4406 3472 4476 itaque
3500 4417 3610 4458 eam
3629 4415 3692 4452 κο

457 4489 515 4539 et
531 4484 664 4539 alibi
683 4485 824 4540 dixit
848 4503 860 4538 :
889 4505 912 4538 ‹
947 4485 1106 4542 Sicut
1125 4487 1322 4558 scripsi
1341 4487 1494 4542 vobis
1520 4489 1580 4543 in
1607 4490 1826 4544 modico
1856 4506 2050 4545 secun-
2073 4484 2116 4498 "
2131 4490 2424 4561 pellamus.
2456 4491 2522 4546 In
2549 4491 2711 4546 nobis
2740 4492 2946 4564 quippe
2975 4499 3063 4547 est
3088 4494 3288 4560 etiam,
3322 4500 3390 4548 ut
3407 4491 3694 4565 permaneat

457 4591 486 4628 α
519 4573 654 4628 dum
674 4575 822 4646 quod
847 4576 1082 4646 potestis
1099 4575 1672 4648 legentesintelligere
1692 4577 2048 4649 prudentiam
2129 4579 2187 4634 in
2217 4579 2398 4646 nobis,
2431 4581 2518 4634 vel
2557 4586 2623 4634 ut
2661 4580 2914 4635 discedat
2951 4599 2990 4636 a
3033 4581 3233 4650 nobis;
3269 4583 3410 4638 illud
3463 4582 3599 4637 enim
3645 4578 3694 4630 ﬁt-

456 4680 486 4716 α
519 4679 705 4717 meam
723 4662 781 4718 in
799 4665 1067 4736 mysterio
1087 4665 1296 4720 Christi
1321 4667 1531 4736 (Ephes.
1546 4671 1626 4732 ιιι)
1639 4707 1651 4719 .
1681 4686 1703 4715 ι
1725 4667 1794 4719 Et
1812 4665 1936 4720 vide
1954 4683 2047 4720 sa-
2129 4669 2352 4739 quando
2371 4669 2620 4724 coelestia
2634 4669 2978 4724 meditamur
3002 4689 3015 4724 :
3037 4670 3147 4726 hoc
3169 4652 3388 4738 autem,
3411 4669 3616 4744 quando
3637 4664 3692 4719 ad

453 4749 725 4822 pientiam
751 4753 872 4821 ejus
907 4770 920 4805 :
949 4769 1060 4808 non
1080 4753 1232 4821 dicit,
1257 4753 1500 4810 Obsecro
1522 4771 1617 4809 vos
1635 4753 1914 4808 sustinere
1929 4771 2050 4809 ver-
2127 4757 3012 4824 saeculariadeclinamus.«Quem
3024 4761 3696 4833 mundus,inquit,nonpm

451 4837 586 4893 bum
618 4838 1035 4908 admonitionis,
1051 4842 1168 4908 sed,
1205 4861 1231 4894 α
1264 4843 1549 4898 Sustinete
1578 4843 1810 4898 verbum
1845 4861 2044 4900 conso-
2125 4851 2240 4900 test
2267 4847 2536 4918 accipere,
2569 4847 2838 4919 quoniam
2858 4865 2971 4903 non
2988 4849 3143 4904 videt
3156 4867 3312 4918 eum,
3340 4860 3695 4921 nequecogno-

451 4927 696 4996 lationis,
733 4948 756 4981 ι
790 4929 896 4985 hoc
924 4936 1011 4985 est
1036 4930 1267 4986 verbum
1293 4932 1496 5000 solatii,
1529 4932 1759 4988 verbum
1780 4933 2046 4988 adhorta-
2129 4934 2234 4988 scit
2253 4951 2401 4989 eum.
2425 4954 2455 4988 η
2480 4936 2891 5009 Contemplaris
2911 4937 3104 5008 igitur,
3122 4939 3399 5010 quoniam
3415 4955 3523 4994 non
3533 4940 3695 4992 estw

449 5017 639 5073 tionis.
672 5018 798 5074 Non
828 5024 1014 5090 potest
1041 5019 1358 5092 quisquam,
1402 5021 1603 5092 inquit,
1637 5023 2046 5093 longitudinem
2127 5023 2333 5078 cularis
2346 5024 2550 5079 animm
2565 5024 2770 5080 habere
2793 5027 3056 5098 spiritum
3077 5029 3374 5083 sanctum?
3385 5021 3693 5082 Multonobis

451 5108 726 5163 sermonis
755 5107 1001 5164 abnuere
1032 5109 1140 5164 nisi
1169 5110 1228 5164 in
1248 5109 1536 5181 patientia.
1557 5111 1674 5166 Hoc
1701 5111 1906 5183 quippe
1925 5117 2049 5166 erat
2127 5111 2318 5184 itaque
2331 5129 2471 5184 opus
2493 5119 2580 5168 est
2599 5114 2802 5180 studio,
2818 5121 2880 5170 ut
2905 5133 3035 5170 eum
3047 5117 3200 5187 apud
3211 5117 3580 5188 nosmetipsos
3589 5109 3694 5167 reti-

451 5194 600 5264 quod
628 5211 724 5251 eos
743 5197 988 5251 aversari
1012 5197 1266 5253 faciebat.
1299 5200 1427 5254 Non
1452 5199 1571 5254 vult
1598 5200 1702 5253 hoc
1727 5201 2040 5267 ostendere,
2129 5216 2263 5255 nere
2289 5201 2588 5272 possimus,
2613 5207 2671 5256 et
2690 5204 2934 5258 munitos
2963 5221 3066 5259 nos
3082 5205 3325 5260 reddere
3336 5205 3572 5276 atquein
3582 5215 3692 5272 pace

448 5283 548 5337 sed
574 5282 817 5339 latenter
835 5285 942 5339 hoc
967 5285 1121 5354 dicit,
1137 5292 1408 5358 tanquam
1419 5287 1466 5342 si
1486 5288 1698 5344 diceret
1721 5307 1732 5342 :
1757 5287 1861 5344 etsi
1875 5290 2045 5361 pusil—
2127 5291 2416 5346 collocare.
2437 5291 2594 5347 Sicut
2621 5293 2772 5346 enim
2801 5295 2956 5348 navis
2977 5311 3100 5366 quae
3127 5311 3404 5367 prospero
3423 5298 3588 5351 ﬂuctu
3602 5290 3692 5345 fer-

447 5368 687 5426 lanimes
712 5371 865 5440 estis,
889 5374 1090 5429 talium
1118 5380 1206 5430 est
1235 5376 1386 5430 enim
1415 5393 1527 5432 non
1555 5382 1644 5432 est
1668 5377 1814 5432 ferre
1836 5395 2045 5433 sermo—
2081 5387 2093 5394 '
2124 5385 2220 5434 tur
2245 5379 2303 5433 in
2335 5381 2533 5452 pelago
2563 5397 2678 5436 non
2713 5387 2898 5454 potest
2939 5383 3202 5454 impediri
3248 5401 3438 5456 neque
3473 5377 3692 5447 demergi

448 5457 538 5514 nis
567 5457 993 5530 longitudinem.
1033 5461 1232 5536 (Greg.)
1265 5465 1592 5520 Curandum
1622 5483 1844 5538 quoque
1865 5485 2042 5539 quan-
2120 5485 2412 5542 usquequo
2431 5486 2698 5543 prospero
2709 5477 2954 5527 ventoac
2973 5480 3374 5544 perseverante
3389 5469 3688 5547 perfruitur,

446 5552 571 5602 tum
602 5547 916 5622 loquamur,
950 5568 1021 5607 ne
1049 5554 1098 5608 si
1123 5553 1176 5608 ei
1207 5554 1303 5626 qui
1333 5555 1515 5610 multa
1541 5555 1686 5610 ferre
1726 5573 1840 5612 non
1868 5559 2034 5628 valet,
2119 5559 2220 5615 sed
2247 5559 2419 5614 etiam
2445 5566 2574 5632 post
2600 5560 3015 5632 navigationem
3042 5561 3230 5633 gloria
3256 5563 3342 5618 eis
3367 5577 3566 5634 magna
3585 5571 3692 5611 con-

447 5635 682 5693 verbum
701 5639 789 5694 vel
819 5639 1242 5709 exhortationis,
1273 5643 1359 5698 vel
1386 5643 1802 5714 increpationis,
1819 5646 2039 5720 longius
2119 5646 2305 5720 tingit,
2325 5649 2441 5704 sive
2452 5649 2658 5719 nautis,
2676 5650 2790 5705 sive
2809 5649 3067 5721 epibatis;
3081 5649 3194 5706 illis
3214 5651 3450 5722 quidem
3466 5645 3691 5720 requiem
