3848 6164
174 234 252 293 333
940 216 1518 275 ENARRATIONUM
1553 215 1634 272 IN
1671 215 1826 292 EPP.
1866 215 2084 271 psum
2119 214 2506 270 APPENDIX.
2912 204 2919 212 ‘
3249 215 3352 273 εει,

169 357 385 416 tribuens,
436 349 574 422 quod
620 345 807 400 labore
879 339 1268 414 remigationis
1317 357 1430 396 non
1465 339 1680 395 fuerint
1693 339 1741 402 A
1755 355 1846 394 ces
1865 339 1918 394 ei
1927 339 2150 394 reddita
2169 345 2256 394 est
2269 339 2490 409 integra
2507 343 2566 392 et
2585 339 2984 410 perfecta.Sint
3001 339 3179 410 igitur
3190 341 3353 396 nobis

167 445 364 518 fatigati:
382 440 493 495 istis
507 441 686 492 autem
714 431 863 506 quod
883 449 979 487 eos
1005 431 1176 485 maris
1204 429 1464 484 molestia
1481 428 1682 483 libera-
1762 429 1975 483 munda
1988 429 2128 492 vela,
2153 445 2268 483 non
2295 427 2412 482 sint
2429 428 2932 483 veternosa.0mne
2945 445 3191 501 namque
3203 431 3354 501 quod

166 540 225 592 vit
251 516 308 588 et
350 527 737 598 navigationem
767 523 948 592 ipsam
977 519 1214 575 hilarem
1250 518 1400 584 fecit,
1434 523 1492 572 et
1525 518 1680 572 velut
1759 517 2074 584 veterascit,
2099 517 2228 572 etin
2247 516 2464 572 senium
2476 516 3351 589 cadit,interituiproximumest,

167 611 1101 698 specmculumillisjucundumipsam
1115 607 1545 680 prosperitatem
1557 622 1680 660 cur-
1760 623 1874 660 non
1901 607 2016 660 sint
2043 607 2284 660 contrita
2303 612 2357 661 et
2377 606 2624 677 dirupta,
2647 611 2711 661 ut
2739 606 3020 678 spiritales
3049 607 3218 662 ﬂatus
3241 625 3354 663 non
3453 658 3463 678 ,

257 706 508 772 attribuit;
527 704 602 758 sic
637 701 809 756 etiam
837 700 1028 754 anima
1048 698 1238 753 divino
1259 697 1456 768 adjuta
1476 695 1677 768 spiritu
1760 699 2008 749 teneant.
2033 714 2056 746 «
2077 695 2354 750 Animalis
2373 694 2524 749 enim
2542 695 2728 760 homo,
2747 695 2887 750 dixit
2903 697 3222 768 Apostolus,
3242 714 3355 752 non

165 789 1000 864 omnibusrebussuperiorexistit,
1021 785 1347 843 etomnibus
1365 785 1680 841 ﬂuctuatio-
1761 783 1997 856 percipit
2026 801 2148 855 quae
2193 789 2328 838 sunt
2367 783 2598 855 spiritus
2631 786 2924 854 (1001211).
2957 805 2980 836 ι
3015 785 3173 841 Sicut
3199 786 3366 842 enim-

165 891 284 948 nibus
304 887 410 942 vite
428 885 587 954 hujus
606 878 893 938 eminebit.
917 883 976 932 et
999 878 1148 932 viam
1168 877 1227 931 in
1249 877 1450 930 ccelum
1473 875 1678 928 ducen-
1759 889 2094 927 aranearum
2124 873 2371 927 stamina
2395 874 2593 928 ﬂatum
2611 873 2761 928 venti
2782 891 2894 928 non
2918 874 3251 947 suscipiunt,
3275 875 3356 931 sic

163 991 246 1036 tem
259 973 621 1037 vehementius,
634 986 805 1042 quam
817 969 915 1022 illa
930 967 1086 1021 navis
1101 965 1399 1031 incedit,ut
1413 969 1542 1036 pote
1555 980 1678 1038 quae
1758 979 1940 1034 neque
1957 963 2148 1016 anima
2159 962 2652 1033 smcularismeque
2661 963 2830 1017 homo
2843 963 3104 1018 animalis
3110 965 3353 1034 gratiam

163 1087 240 1125 non
265 1071 404 1120 vento
437 1061 755 1132 impellitur,
787 1057 884 1112 sed
934 1055 1004 1110 ab
1032 1055 1155 1126 ipso
1186 1052 1462 1109 Paraclito
1499 1051 1680 1106 fertur
1757 1051 2219 1124 poteritSpiritus
2237 1051 2414 1105 sancti
2427 1051 2726 1123 suscipere,
2759 1052 2900 1106 nihil
2915 1053 3067 1108 enim
3088 1053 3356 1109 differunt

162 1154 433 1213 mundavela
445 1149 732 1224 possidens
747 1153 805 1202 et
825 1147 991 1218 plena
1003 1143 1288 1216 prosperis
1307 1141 1535 1196 ﬂatibus
1552 1157 1676 1196 om-
1759 1139 1828 1194 ab
1847 1139 1958 1194 illis
1977 1139 2315 1194 staminibus
2336 1140 2702 1210 cogitationes
2723 1146 2948 1208 nostrae,
2963 1142 3082 1196 solo
3105 1142 3225 1197 visu
3251 1143 3354 1198 ha-

162 1265 253 1302 nem
295 1240 654 1298 remissionem
711 1243 769 1291 et
811 1234 1236 1290 dissolutionem
1280 1249 1314 1286 a
1353 1247 1458 1286 sua
1487 1235 1676 1285 mente
1756 1227 1953 1284 bentes
1981 1229 2460 1300 consequentiam,
2493 1229 2666 1283 totius
2687 1235 2878 1284 autem
2899 1230 3122 1286 virtutis
3167 1247 3353 1286 vacuae

160 1335 396 1392 discutiens
427 1330 601 1385 :sicut
632 1326 785 1382 enim
807 1326 865 1380 in
894 1323 1033 1378 velis
1057 1321 1286 1394 jactatis
1310 1325 1511 1375 ventus
1533 1318 1675 1373 inci~
1757 1323 2108 1390 permanent.
2139 1317 2248 1372 Sed
2269 1323 2463 1372 nostra
2481 1334 2594 1372 non
2607 1317 2814 1373 debent
2839 1335 2962 1374 esse
2985 1319 3152 1387 talia;
3173 1319 3353 1392 siqui-

159 1427 256 1480 dens
270 1422 388 1478 nihil
403 1425 664 1491 operatur
689 1435 700 1469 :
737 1416 817 1470 sic
863 1413 1034 1468 etiam
1078 1411 1322 1483 Spiritus
1349 1415 1579 1464 sanctus
1615 1409 1674 1462 in
1757 1407 1885 1462 dem
1905 1407 2076 1461 sobrii
2104 1423 2328 1462 sumus:
2355 1405 2624 1478 quidquid
2642 1407 2919 1473 inciderit,
2941 1398 3132 1464 dmnia
3150 1409 3356 1464 tolerat

159 1515 297 1569 anima
319 1509 534 1565 mnﬁssa
559 1511 620 1561 et
635 1504 796 1576 segni
818 1519 933 1558 non
962 1501 1176 1573 patitur
1200 1515 1549 1572 permanere,
1576 1497 1675 1552 sed
1758 1496 2110 1551 Christianus
2131 1501 2188 1550 et
2201 1496 2461 1550 omnibus
2481 1501 2566 1550 est
2590 1496 2864 1566 superior,
2892 1497 3044 1551 omni
3068 1497 3352 1568 plagafor—

161 1621 260 1676 opus
296 1606 368 1654 est
391 1597 542 1654 nobis
591 1595 750 1650 omni
807 1591 1156 1648 districtione
1192 1588 1460 1659 omnique
1507 1587 1676 1641 vehe-
1692 1655 1738 1676 ἢ
1757 1586 1888 1640 tior.
1925 1586 2010 1641 Sit
2030 1585 2182 1640 enim
2205 1585 2442 1656 quisque
2463 1584 2732 1656 spiritalis
2755 1585 2857 1651 vir,
2889 1590 2947 1639 et
2967 1586 3355 1641 occurrantilli

161 1655 332 1755 nantia,
359 1694 418 1744 ut
431 1703 584 1742 mens
615 1689 811 1738 nostra
853 1681 1055 1736 ardens
1083 1679 1141 1733 in
1177 1677 1338 1732 nobis
1368 1655 1582 1740 existat,
1619 1655 1740 1729 etB
1759 1675 1912 1729 mille
1931 1675 2084 1728 mala
2107 1655 2262 1728 nullo
2287 1655 2454 1728 modo
2471 1655 2731 1728 vincitur.
2754 1675 2823 1728 Et
2837 1674 2970 1745 quid
2981 1674 3356 1730 dico?incidat

153 1781 290 1836 omnia
319 1779 370 1833 in
396 1775 547 1831 nobis
575 1789 752 1845 opera
778 1771 998 1826 intenta
1023 1768 1137 1823 sint
1175 1773 1233 1822 et
1278 1765 1464 1820 fortia.
1505 1763 1674 1818 Verbi
1757 1764 1838 1818 illi
1867 1763 2182 1834 pauperies,
2201 1761 2750 1833 aegritudo,injuriae,
2771 1763 3354 1836 detractio,vitupera-

151 1870 298 1943 gratia,
341 1865 550 1938 quando
580 1878 811 1918 oramus
848 1876 977 1914 cum
1004 1858 1185 1912 multa
1203 1855 1533 1920 intentione,
1566 1854 1671 1907 hoc
1753 1853 1954 1918 tiones,
1975 1850 2170 1922 plagae,
2188 1867 2355 1905 omne
2375 1867 2555 1920 genus
2575 1851 2854 1922 supplicii,
2871 1868 3036 1906 omne
3053 1869 3234 1922 genus
3263 1853 3357 1908 de-

150 1939 313 2031 eportet
328 1951 918 2019 efﬁcere,intendentes
937 1948 1191 2002 animum
1211 1950 1466 1999 nostrum
1478 1943 1550 1996 ad
1566 1958 1672 1996 σω·
1752 1941 2024 2012 ceptionis
2044 1945 2102 1994 et
2119 1939 2594 2010 improperiorum
2606 1946 2663 1993 et
2677 1940 3037 2011 injuriarum,
3056 1941 3154 1996 sed
3175 1942 3352 1996 veluti

149 2027 230 2102 lum
247 2063 339 2101 non
359 2043 595 2107 funibus,
630 2040 728 2096 sed
757 2037 1035 2094 desiderio
1084 2033 1285 2088 valido.
1315 2034 1460 2088 Item
1489 2047 1671 2102 quan-
1753 2030 1801 2084 si
1831 2028 2274 2084 extramundum
2289 2027 2828 2094 fueritconstitutus,
2851 2035 2910 2082 et
2935 2028 3353 2101 velutisiapas-

147 2137 196 2191 do
217 2133 618 2190 misericordiam
647 2129 940 2192 faciamus,
963 2123 1277 2179 intensione
1303 2137 1444 2193 opus
1464 2126 1566 2185 est,
1601 2135 1672 2173 ne
1754 2117 2004 2172 sionibus
2033 2117 2283 2189 corporis
2311 2116 2456 2171 liber
2484 2117 2705 2178 existat,
2739 2117 2786 2172 si
2832 2123 3036 2174 cuncta
3081 2119 3181 2173 illa
3207 2119 3350 2174 risui

147 2227 246 2280 forte
268 2241 383 2280 cura
407 2224 606 2277 domus
637 2225 695 2274 et
716 2214 1068 2290 providentia
1087 2213 1332 2267 ﬁliorum
1361 2215 1674 2281 atqueuxo-
1755 2206 2001 2262 habebit.
2057 2207 2128 2261 Et
2155 2206 2288 2278 quia
2316 2223 2430 2260 non
2461 2206 2580 2260 haec
2607 2205 2790 2259 verbis
2818 2206 3161 2277 ampliﬁcare
3204 2208 3352 2273 volo,

144 2317 198 2369 ris
211 2315 404 2369 affectus
416 2311 498 2366 vel
517 2310 697 2366 timor
713 2305 981 2378 egestatis
1000 2301 1327 2358 subintrans
1348 2297 1673 2353 remissiora
1755 2296 1964 2350 multos
1980 2295 2152 2350 etiam
2173 2311 2324 2350 nunc
2348 2294 2491 2348 tales
2511 2294 2788 2359 existimo,
2803 2294 2952 2349 sicut
2980 2293 3038 2348 hi
3061 2293 3157 2366 qui
3187 2311 3247 2350 se
3277 2295 3350 2350 ad

145 2405 230 2457 vela
259 2402 396 2457 nobis
440 2399 668 2455 efﬁciat.
704 2395 763 2451 Si
796 2395 944 2450 enim
975 2409 1131 2464 spem
1153 2391 1471 2444 futurorum
1493 2391 1672 2440 atten-
1753 2401 2005 2439 eremum
2027 2382 2520 2438 contulerunt.Sed
2533 2381 2672 2436 nihil
2687 2383 2791 2436 hoc
2805 2382 3354 2449 mirum,nametiam

141 2494 289 2546 damus
311 2491 564 2561 undique,
628 2487 769 2541 bene
825 2481 1059 2554 suscipit
1113 2477 1496 2551 operationem
1543 2474 1670 2546 Spi-
1751 2473 1811 2528 in
1842 2472 2161 2528 civitatibus
2215 2473 2392 2527 latere
2437 2471 2579 2526 tales
2609 2471 2888 2526 existimo.
2931 2471 3092 2536 Quod
3119 2471 3168 2526 si
3205 2472 3348 2540 volo,

143 2580 244 2635 ritus
267 2580 422 2635 sancti
527 2577 646 2632 illis
694 2580 885 2629 autem
945 2566 1380 2640 cogitationibus
1417 2571 1476 2620 et
1501 2563 1670 2618 mise-
1753 2578 1982 2633 possum
2011 2561 2338 2632 hujusmodi
2367 2560 2630 2632 antiquos
2649 2561 2973 2627 ostendere;
3006 2566 3064 2614 et
3082 2565 3146 2615 ut
3173 2575 3350 2631 agno-

139 2669 209 2723 riis
231 2665 661 2740 impedientibus,
702 2662 844 2718 nihil
891 2660 950 2714 in
1006 2675 1131 2713 eam
1169 2655 1365 2727 gratiae
1395 2651 1676 2726 permittit
1755 2667 1895 2715 scas,
1930 2649 2182 2720 intellige
2212 2650 2452 2704 Paulum
2485 2667 2498 2716 ;
2532 2649 2666 2720 quid
2696 2649 2790 2702 ille
2821 2665 2934 2703 non
2971 2649 3104 2702 mali
3153 2665 3352 2720 passus

139 2737 343 2822 incidere,
371 2774 432 2812 ac
455 2756 503 2811 si
533 2755 685 2810 forte
709 2751 940 2816 incidat,
974 2749 1155 2820 ipsam
1178 2744 1404 2816 quidem
1425 2741 1566 2797 nihil
1581 2741 1672 2795 lae-
1754 2740 1880 2794 est?
1918 2739 2054 2810 quid
2085 2755 2197 2792 non
2245 2737 2550 2793 sustinuit?
2577 2737 2770 2792 omnia
2798 2737 3019 2792 fortiter
3045 2737 3343 2792 tolerabat.

139 2847 204 2911 sit,
225 2845 575 2918 repercutitur
623 2847 814 2897 autem
846 2839 939 2894 ille
966 2837 1136 2892 ﬂatus
1179 2833 1344 2888 citius
1364 2829 1671 2903 gemitibus
1755 2829 1918 2884 Hunc
1944 2827 2253 2894 imitemur,
2285 2831 2344 2881 et
2369 2827 2450 2880 sic
2496 2827 2808 2898 poterimus
2837 2826 2909 2880 ad
2937 2831 3134 2898 portus
3163 2827 3354 2883 venire

136 2915 292 2990 animai
313 2941 364 2991 et
383 2934 588 2990 excidit
620 2945 902 2986 excussus.
953 2928 1260 2996 Propterea
1289 2922 1464 2992 igitur
1491 2919 1673 2974 multa
1695 2975 1736 2996 η
1755 2917 2111 2988 tranquillos,
2133 2917 2292 2971 lucra
2317 2916 2565 2970 maxima
2590 2915 2924 2972 deterentes.
2969 2915 3348 2970 Extendamus

135 3023 252 3080 nobis
301 3043 430 3096 opus
482 3029 572 3078 est
629 3018 966 3075 intensione.
1025 3013 1247 3069 Etenim
1297 3012 1416 3082 jam
1463 3025 1565 3064 nos
1613 3008 1673 3062 in
1693 3003 1934 3077 “igitur
1957 3011 2207 3060 nostram
2230 3009 2478 3060 mentem
2494 3005 2845 3058 etelevemus
2875 3003 3348 3070 adccelum,etillo

135 3115 240 3168 mari
263 3092 445 3184 magno
495 3119 556 3168 et
617 3108 860 3182 spatioso
908 3103 1256 3175 navigamus,
1307 3098 1500 3154 multis
1547 3097 1674 3168 qui-
1755 3111 1948 3150 amore
1969 3099 2286 3160 teneamur,
2319 3099 2376 3148 et
2396 3093 2513 3164 igni
2539 3093 2777 3164 spiritali
2806 3092 3244 3164 magnanimiter
3264 3092 3354 3147 in-

133 3201 226 3258 dem
242 3181 590 3274 bestiis'pleno
605 3181 663 3254 et
673 3196 866 3253 multis
877 3192 1126 3277 scopulis
1145 3210 1156 3244 :
1178 3191 1285 3244 hoc
1295 3205 1450 3242 mare
1465 3187 1674 3242 multas
1756 3183 2317 3238 duamur.Salvemus
2337 3181 2707 3254 nosmetipsos
2728 3183 3085 3236 ﬂammarum
3097 3181 3354 3236 incendio

132 3291 251 3346 nobis
261 3271 802 3361 etiamtempestates
822 3271 1030 3355 ingerit
1041 3287 1099 3336 et
1111 3279 1350 3334 obducto
1361 3277 1500 3332 caelo
1512 3274 1672 3330 nubi—
1754 3273 2091 3339 divinarum,
2112 3271 2300 3326 nullus
2321 3271 2390 3324 iis
2411 3271 2654 3325 ﬂammis
2684 3271 3091 3342 circumseptus
3115 3271 3356 3340 alicujus

132 3379 426 3451 busmajores
436 3359 650 3436 excitat
669 3373 1136 3444 ﬂuctus.0portet
1147 3367 1337 3439 igitur,
1353 3366 1401 3420 si
1416 3365 1672 3420 volumus
1751 3361 2022 3417 formidat
2033 3360 2308 3425 incursus,
2325 3359 2441 3414 sive
2469 3359 2640 3414 fuerit
2659 3361 2844 3426 homo,
2866 3359 2978 3414 sive
3003 3359 3200 3424 bestia,
3237 3359 3351 3412 sive

129 3469 218 3524 sine
234 3455 472 3526 molestia
497 3475 560 3524 et
582 3467 707 3522 sine
727 3463 976 3536 periculo
1004 3458 1290 3528 navigare,
1324 3455 1449 3510 vela
1465 3459 1671 3508 nostra:
1752 3451 1908 3504 mille
1946 3449 2290 3520 muscipulae,
2319 3447 2568 3518 quandiu
2595 3449 2744 3502 enim
2772 3448 3007 3520 quisque
3024 3448 3238 3519 ignitus
3268 3448 3354 3502 in-

128 3559 262 3624 navis,
277 3559 372 3614 hoc
383 3566 467 3614 est
487 3562 700 3613 nostra:
732 3549 1038 3608 voluntatis
1059 3548 1296 3618 erigere,
1329 3543 1539 3599 sufﬁcit
1566 3543 1672 3597 hoc
1754 3539 1920 3606 cedit,
1937 3537 2128 3592 omnia
2145 3543 2392 3608 superat,
2427 3537 2616 3590 omnia
2629 3537 2860 3598 excedit,
2887 3537 3080 3591 omnia
3093 3541 3346 3591 contem-

127 3649 241 3702 enim
257 3649 420 3704 nobis.
439 3650 510 3704 Et
526 3645 818 3702 Abraham
851 3638 1116 3713 quoniam
1137 3633 1478 3690 desiderium
1507 3648 1674 3686 suum
1755 3628 1869 3695 nit;
1899 3629 2130 3682 ﬂamma
2159 3625 2364 3696 quippe
2393 3624 2786 3695 insuperabilis
2813 3642 2904 3678 res
2933 3631 3036 3691 est,
3069 3631 3127 3678 et
3145 3625 3353 3695 impor—
3437 3627 3445 3634 '

127 3734 352 3792 intentum
369 3737 573 3792 habuit
605 3734 674 3788 ad
693 3733 893 3796 Deum,
915 3734 968 3783 et
991 3728 1339 3782 voluntatem
1361 3738 1522 3776 suam
1534 3721 1674 3774 inte-
1754 3717 1925 3772 tabile
1945 3721 2032 3770 est
2053 3713 2272 3768 cunctis
2301 3713 2469 3766 rebus
2489 3713 2828 3779 incendium,
2845 3713 2990 3783 ignis
3005 3713 3210 3784 quippe
3221 3729 3354 3767 cun-

125 3842 246 3894 gram
270 3833 322 3882 ct
347 3827 655 3900 perfectam
673 3819 876 3876 obtulit
895 3819 1032 3882 Deo,
1050 3813 1189 3870 nihil
1219 3812 1373 3867 aliud
1401 3827 1542 3882 opus
1571 3809 1674 3863 ha-
1757 3812 1849 3861 cta
1906 3803 2205 3859 consumit.
2277 3803 2394 3856 Hoc
2450 3801 2642 3872 itaque
2687 3801 2817 3872 igne
2855 3800 3354 3872 circumsepiamur

126 3889 264 3979 δαὶς(
285 3889 376 3971 sed
389 3913 635 3971 credidit
655 3913 792 3974 Deo,
811 3915 868 3963 et
887 3909 1210 3978 reputatum
1227 3907 1313 3956 est
1330 3900 1410 3954 illi
1430 3899 1501 3954 ad
1511 3897 1676 3969 justi-
1757 3895 2036 3959 exhortor,
2088 3890 2326 3963 gloriam
2374 3889 2672 3944 offerentes
2709 3889 2948 3945 Domino
2995 3895 3188 3943 nostro
3217 3889 3350 3943 Jesu

125 3977 276 4058 tiam.»
292 4003 450 4060 Fides
465 4009 664 4059 autem
683 4001 903 4069 integra
925 3977 983 4050 et
994 4007 1270 4066 germana
1289 3990 1546 4044 voluntas
1565 3993 1669 4043 est.
1758 3985 2001 4049 Christo,
2034 3998 2164 4036 cum
2203 3997 2313 4052 quo
2350 3979 2526 4046 Patri,
2577 3995 2692 4034 una
2736 3996 2864 4034 cum
2892 3983 3085 4033 sancto
3115 3977 3347 4050 Spiritu,

126 4090 481 4150 Obtulitiilium
499 4108 694 4156 suum,
716 4094 774 4143 et
790 4066 904 4141 non
922 4100 1052 4139 eum
1070 4080 1345 4146 occidens,
1369 4076 1669 4132 occidentis
1751 4073 1950 4144 gloria,
1982 4071 2304 4143 imperium,
2331 4069 2530 4134 honor,
2565 4084 2716 4123 nunc
2745 4074 2802 4122 et
2821 4084 3042 4140 semper
3077 4072 3136 4122 et
3164 4066 3225 4122 in
3248 4083 3347 4121 saa-

123 4187 294 4237 certum
320 4189 402 4239 est
419 4180 704 4252 recepisse
723 4173 1056 4237 mercedem,
1073 4175 1131 4224 et
1147 4185 1207 4224 re
1228 4184 1342 4222 non
1367 4165 1513 4220 facta
1528 4181 1672 4220 mer—
1753 4163 1880 4218 cula
1897 4162 2246 4216 saeculorum.
2278 4160 2477 4213 Amen.

123 4313 3314 4349 Μ

1389 4425 2047 4520 APPENDIX

1677 4627 1747 4666 AD

326 4773 885 4835 ENARRATIONES
939 4768 1211 4826 RABANI
1268 4764 1502 4820 MAURI
1565 4761 1644 4819 IN
1710 4758 2099 4816 EPISTOLAS
2159 4759 2371 4814 BEATI
2439 4760 2654 4816 PAULI
2717 4758 3088 4815 APOSTOLI.

1519 4917 1909 4936 ﬂ

1243 5033 1636 5109 JACOBI
1709 5028 2177 5103 PAMELII

510 5213 1070 5294 EXPOSITIO
1121 5210 1240 5286 IN
1281 5201 1890 5284 EPISTOLAM
1932 5200 2080 5276 AD
2131 5190 2887 5272 PHILEMONEM.

1460 5369 1884 5388 μ

673 5513 1068 5571 PREFATIO.
1683 5500 1912 5563 Dlacto,
1931 5492 2264 5571 φοωτιβῐιίο
2307 5494 2366 5546 ει
2403 5487 2784 5571 ,Τὲὶθράοτθιον
2845 5483 3018 5571 fuit”
3068 5481 3341 5571 512°???

1749 5552 1870 5640 iam
1896 5552 2030 5640 olim
2049 5565 2155 5640 qui
2169 5565 2338 5640 hanc.
2352 5560 2423 5616 ad
2449 5557 2836 5640 Philemonem
2865 5553 3152 5636 noluerint
3193 5552 3342 5640 inter

164 5661 436 5734 imprimis
455 5660 511 5713 id
539 5661 630 5714 hic
653 5655 1055 5734 advertendum
1084 5659 1170 5707 est
1191 5649 1344 5734 quod
1372 5647 1674 5734 adnotetur
1749 5623 2208 5734 Epistplas
2230 5627 2768 5734 recipefpb
2791 5623 3340 5734 Ighgazzikﬁgnﬁxﬂ

111 5692 295 5787 exiuit;
304 5692 1356 5805 "$215311;oﬁiiiﬁﬁbﬁiyi‘ééé‘oﬁe’,
1756 5692 1966 5781 séripta
1991 5707 2085 5773 sit,
2109 5710 2208 5761 aut
2234 5692 2387 5758 certe
2409 5702 2456 5756 si
2487 5692 2649 5757 Pauli
2679 5699 2772 5765 sit,
2791 5692 2931 5754 nihil
2955 5694 3164 5752 habere
3193 5692 3343 5766 quod
