3854 6164
490 208 593 266 839

1084 211 1146 265 Β.
1179 211 1452 266 RABANI
1490 211 1722 266 MAURI
1759 211 2094 268 ARCHIEP.
2135 213 2462 269 MOGUNT.
2505 212 2803 270 OPERUM
2837 213 3022 269 PARS
3057 214 3152 269 III.

3570 226 3648 283 840

487 335 561 410 ad
575 334 1240 410 colossenses.Eortassis
1251 335 1500 410 ipsorum
1521 335 1814 406 episcopus
1832 341 2080 410 erat,aut
2096 340 2142 398 Α
2164 337 2234 392 Et
2259 337 2373 410 alia
2400 337 2580 392 multa
2605 337 2664 392 in
2693 338 2838 392 hanc
2861 335 3208 402 sententiam,
3225 337 3288 392 ad
3313 355 3418 410 quia
3441 341 3652 402 lectorem

486 405 640 461 aliud
667 406 897 460 sortitus
928 405 1304 460 ministerium
1332 405 1652 461 animarum
1678 425 1690 472 ;
1713 405 1792 460 iet
1818 407 2080 463 similiter

487 476 604 530 fere
640 477 1106 548 Theophylactus.
1139 477 1203 532 In
1249 477 1541 541 Primasio,
1577 477 1635 531 id
1671 483 1759 532 est
1797 479 2079 548 peculiare

487 548 632 617 quod
665 555 764 600 aut
793 549 1134 618 episcopum,
1168 553 1268 602 aut
1301 548 1601 603 diaconum
1638 548 1808 602 fuisse
1837 550 2005 604 dicat.

560 635 586 668 «
628 618 696 672 Et
743 618 998 672 Ecclesiae
1029 636 1150 690 quae
1189 619 1245 690 in
1297 619 1464 673 domo
1491 625 1591 674 tua
1635 625 1738 673 est.
1777 639 1802 672 »
1837 621 1939 674 Hic
1966 621 2080 676 fere

483 693 806 764 constanter
817 689 1013 764 legunt
1031 689 1147 764 tam
1170 689 1362 764 Graeca
1381 707 1560 764 quam,
1572 691 1781 764 Lat-ina
1797 694 2079 764 exempla-

483 759 586 835 ris;
603 759 928 835 Ambrosius
947 777 1077 835 vero
1087 762 1177 835 sio
1187 759 2073 835 legit,et’similiterHieronynius:

487 850 512 882 ((
546 833 616 886 Et
643 832 960 886 domesticae
991 833 1112 901 ejus
1139 833 1411 898 Ecclesiae,
1449 850 1474 884 ι
1522 833 1637 886 sive
1669 850 1791 901 qua:
1821 832 2078 889 in'domo

483 903 605 974 ejus
615 909 701 956 est
719 922 730 956 :
756 919 1076 974 quanquam
1098 910 1288 957 autem
1305 904 1478 957 etiam
1499 903 1804 958 secundum
1827 911 2077 960 nostram

481 973 797 1040 lectionem,
815 973 994 1044 magis
1013 979 1203 1028 tamen
1233 975 1538 1028 secundum
1567 974 1722 1028 illam
1750 975 2077 1045 ambiguum

483 1050 570 1098 est
599 1052 790 1119 utrum
821 1045 1077 1119 Ecclesiae
1105 1045 1482 1119 scriba_t_quze
1513 1045 1572 1119 in
1612 1046 1778 1119 domo
1809 1047 2076 1119 Archippi

483 1122 588 1188 est,
623 1133 696 1171 an
725 1118 777 1170 ei
806 1133 928 1188 quae
951 1116 1008 1188 in
1039 1117 1204 1170 domo
1234 1115 1594 1170 Philemonis.
1629 1117 1820 1171 Placet
1847 1115 2075 1172 interim

416 1216 428 1224 ι
481 1187 835 1260 Hieronymo
856 1187 1056 1260 magis,
1086 1187 1441 1260 referendum
1475 1204 1607 1260 esse,
1629 1188 1698 1240 ad
1729 1189 2072 1244 Philemonis

519 1275 796 1339 ersonaiii,
819 1259 909 1313 cui
928 1259 1052 1339 ipsa
1071 1275 1291 1339 quoque
1313 1259 1561 1339 Epistola
1580 1259 2071 1339 deputatu_r._am

507 1329 612 1384 icet
639 1331 848 1401 pariter
864 1329 1110 1383 scribant
1130 1329 1337 1384 Paulus
1362 1329 1426 1384 et
1448 1329 1776 1384 Timotheus
1794 1331 1865 1384 ad
1890 1331 2072 1385 Phile-

477 1417 719 1472 inonein,
755 1402 1012 1472 Appiam,
1041 1401 1404 1472 Archippum,
1429 1408 1486 1453 et
1515 1401 1813 1454 Ecclesiam
1837 1421 1849 1467 ;
1876 1409 2065 1456 tamen

477 1471 536 1526 in
550 1471 913 1544 sequentibus
941 1471 1284 1542 approbatur
1303 1472 1542 1526 Paulum
1559 1478 1780 1526 tantum
1798 1473 1867 1526 ad
1886 1474 2068 1528 Phile-

479 1543 700 1597 monem
731 1543 992 1608 scribere,
1041 1548 1098 1596 et
1149 1559 1322 1596 unum
1368 1559 1497 1596 cum
1536 1559 1649 1596 uno
1679 1544 2062 1611 sermocinari,

477 1630 606 1668 cum
632 1615 778 1668 infra
805 1615 970 1668 dicit:
1012 1633 1034 1662 ι
1067 1616 1302 1684 Semper
1329 1613 1659 1668 memoriam
1685 1614 1768 1668 tui
1797 1614 2061 1670 faciens.»

2161 409 2534 463 remittemus.

2237 499 2260 530 «
2293 481 2343 534 A
2370 480 2484 534 Deo
2511 481 2678 534 Patre
2705 485 2918 542 nostro,
2949 483 3007 532 et
3035 477 3256 534 Domino
3276 480 3392 534 Iesu
3415 481 3613 540 Christo.
3633 510 3651 540 ι

2161 552 2226 631 I_n
2256 551 2360 606 hoc
2387 551 2512 631 ioco
2535 555 2622 631 est
2647 547 3218 631 advertendum‘quod
3252 567 3350 631 non
3369 552 3657 631 digeritper

2161 623 2190 676 J
2195 639 2353 676 esum
2383 621 2688 684 Christum,
2723 619 3284 693 ut‘alibisubindicat
3309 619 3657 693 intelligendum

2162 693 2541 766 Hieronymus
2553 691 2852 766 quandoin
2873 691 3144 766 Epistolas
3165 691 3231 745 ad
3250 693 3414 766 Galat.
3430 691 3487 746 et
3501 695 3658 766 Ephes.

2162 780 2356 836 pacem
2373 762 2547 836 tribui
2572 762 2709 836 dicit
2727 763 2886 826 Filio,
2921 762 3056 836 quia
3083 763 3196 834 ipse
3219 763 3463 836 mediator
3478 762 3563 831 est,
3586 770 3660 823 sed

2160 833 2346 906 potius
2373 835 2478 888 hoc
2506 834 2691 900 modo,
2715 840 2780 889 ut
2809 833 3136 888 ostendatur
3161 849 3268 887 una
3292 834 3404 888 Filii
3429 835 3662 963 Ραυῖθιέξε

2160 923 2281 960 esse
2309 912 2531 963 natura.
2557 921 2684 960 cum
2715 905 2769 958 id
2788 911 2972 963 potest
2987 904 3159 958 Filius
3187 911 3427 963 praestare
3449 909 3572 963 quod
3645 941 3662 950 -

2159 904 2281 960 esse
2309 912 2531 970 natura,
2557 921 2684 960 cum
2715 905 2769 958 id
2787 911 2972 976 potest
2987 904 3159 958 Filius
3187 911 3427 975 praestare
3449 909 3572 976 quod
3589 904 3663 963 Pa-

2158 983 2266 1042 ter,
2298 984 2356 1031 et
2375 977 2580 1030 dicitur
2613 977 2668 1030 id
2715 976 2898 1047 Pater,
2926 980 3186 1047 praestare
3221 976 3356 1046 quod
3398 976 3574 1044 Filius;
3605 981 3663 1034 sic

2159 1049 2310 1128 enim
2341 1047 2511 1128 etiam
2543 1048 2647 1101 hoc
2669 1047 2799 1128 loco
2835 1046 3223 1128 Hieronymus.
3245 1047 3604 1128 Advertendum
3624 1058 3668 1105 et

2158 1119 2248 1173 hic
2276 1119 2567 1190 proprium
2593 1117 2908 1190 epithetum
2936 1117 3144 1190 Christi
3164 1118 3333 1190 apud
3351 1118 3554 1172 Paulum
3575 1137 3666 1174 esse

2154 1187 2446 1256 Βοηῐτῖηιῐε,
2479 1206 2545 1244 eo
2575 1187 2724 1260 quod
2753 1205 2789 1242 a
2816 1189 3114 1260 tyrannide
3145 1187 3342 1260 diaboli
3366 1205 3456 1259 per
3479 1198 3666 1245 mortem

2153 1277 2314 1316 suam
2353 1277 2456 1316 nos
2475 1259 2762 1332 exemptos
2784 1259 2890 1313 sibi
2919 1259 3238 1313 asseruerit.

2225 1354 2251 1379 «ι
2285 1332 2508 1386 Gratias
2537 1330 2653 1401 ago?
2691 1332 2806 1385 Deo
2855 1337 3000 1394 meo,
3043 1347 3260 1400 semper
3301 1330 3587 1384 memoriam
3607 1333 3669 1386 tui

2155 1421 2180 1452 σ
2213 1403 2422 1457 faciens
2449 1402 2506 1456 in
2537 1401 2885 1456 orationibus
2914 1401 3072 1455 meis.
3103 1423 3124 1448 ι
3150 1402 3262 1456 Hoc
3279 1418 3372 1456 suo
3399 1417 3534 1456 more
3549 1402 3666 1458 dicit:

2149 1473 2206 1528 in
2236 1473 2462 1554 exordio
2493 1473 2645 1554 enim
2671 1473 3052 1554 Epistolarum
3087 1472 3203 1526 fere
3227 1473 3486 1554 ordinare

2148 1561 2276 1598 rum
2305 1544 2542 1610 actione,
2556 1545 2616 1598 in
2635 1543 2761 1598 aliis
2775 1543 2969 1598 statim
2983 1543 3330 1598 commendat
3344 1543 3556 1610 gratiam
3573 1545 3665 1599 Dei.

2149 1615 2278 1670 Haec
2293 1621 2485 1670 autem
2499 1617 2619 1686 jam
2640 1631 2753 1669 non
2777 1621 2840 1669 ut
2861 1614 3068 1668 Paulus
3097 1620 3156 1668 et
3178 1614 3496 1686 Timotheus,
3524 1614 3669 1669 Phile-

477 1685 690 1740 Morcm
711 1686 862 1739 enim
893 1686 1042 1739 hunc
1059 1684 1353 1750 scribendi,
1369 1685 1519 1756 quod
1537 1702 1665 1738 cum
1695 1686 1882 1756 plures
1911 1692 1968 1740 et
1994 1687 2066 1740 ad
2086 1695 2134 1755 Β
2151 1687 2304 1740 moni
2335 1693 2392 1740 et
2416 1684 2541 1740 aliis
2567 1705 2580 1752 ;
2610 1685 2708 1740 sed
2734 1692 2799 1740 ut
2825 1687 2977 1740 solus
3008 1686 3216 1739 Paulus
3255 1685 3322 1739 ad
3353 1685 3672 1740 Philemonem

477 1757 666 1826 plures
699 1757 756 1810 in
776 1757 1100 1828 praefatione
1119 1764 1380 1828 ponatur,
1405 1763 1599 1828 postea
1619 1773 1720 1827 per
1736 1762 1919 1828 totum
1950 1774 2068 1812 cor-

475 1844 584 1897 pus
602 1827 861 1898 Epistolae
881 1843 1025 1881 unus
1057 1828 1348 1897 disputans
1367 1827 1774 1893 introducatur,
1808 1827 1979 1882 etiam
2005 1829 2065 1882 in

475 1898 602 1952 aliis
631 1897 916 1954 nonnullis
944 1899 1204 1969 Epistolis
1231 1897 1577 1952 observatur.
1602 1899 1666 1952 In
1693 1915 1818 1952 eam
1847 1906 2070 1954 senten-

475 1969 614 2042 tiam
637 1971 905 2042 proclives
924 1969 1349 2042 suntwetrGrzeci.
1368 1969 1660 2042 Ecclesiae,
1683 1969 1869 2042 inquit
1883 1971 2067 2042 Theo-

476 2040 770 2112 phylactus
811 2058 1006 2112 omnes
1047 2040 1200 2106 dicit,
1253 2041 1349 2111 qui
1397 2041 1455 2094 in
1514 2040 1856 2112 Philemonis
1903 2041 2068 2096 domo

477 2111 640 2166 erant
657 2113 846 2193 iideles
863 2118 921 2166 et
933 2111 1154 2193 liberos,
1169 2116 1227 2166 et
1235 2112 1703 2193 servos.‘Adverte
1716 2111 1890 2193 igitur
1899 2129 2068 2184 quam

475 2184 796 2254 praeseferat
823 2183 1200 2237 humilitatem
1237 2182 1557 2254 Apostolus,
1576 2188 1653 2254 rut
1679 2182 1850 2237 etiam
1881 2182 2068 2238 servos

474 2253 917 2326 comprecatores
947 2254 1226 2326 adhibeat.
1247 2253 1468 2326 Sciebat
1497 2253 1648 2326 enim
1678 2271 1823 2324 saepe
1854 2254 1974 2308 fieri
2003 2261 2068 2310 ut

476 2325 762 2380 servOrum
794 2325 961 2379 verba
989 2325 1200 2379 domini
1228 2325 1567 2379 sententiam
1595 2325 2067 2389 imuiutarent,id-

477 2413 585 2480 que
609 2404 744 2478 tunc
772 2397 1030 2480 maniime,
1063 2413 1192 2480 cum
1223 2413 1323 2467 pro
1351 2413 1508 2480 servo
1545 2402 1794 2480 rogatur:
1829 2413 1956 2478 cum
1984 2397 2066 2452 illi

473 2467 726 2523 fortassis
773 2467 932 2522 initio
961 2474 1156 2522 contra
1203 2483 1331 2520 eum
1361 2467 1717 2521 incitaverint
1751 2467 2061 2524 dominum.

473 2538 614 2592 Vide
632 2547 819 2592 autem
835 2545 1045 2610 quanta
1059 2555 1194 2592 usus
1210 2537 1621 2610 rsitprudentia,
1639 2544 1705 2610 ut
1715 2537 1838 2610 illos
1859 2555 2070 2593 memo-

475 2611 651 2663 rando
673 2611 750 2663 ita
766 2607 1084 2673 honoraret,
1101 2615 1166 2663 ut
1189 2607 1452 2662 dominus
1488 2608 1626 2680 nihil
1651 2607 1883 2662 haberet
1919 2611 2067 2680 quod

475 2697 799 2752 succensere
830 2686 1032 2752 posset.
1085 2681 1339 2752 Namque
1374 2695 1489 2752 non
1523 2679 1660 2733 sinit
1689 2679 2068 2735 Ecclesizeno-

474 2750 626 2804 inine
656 2749 936 2822 indignari
963 2749 1318 2822 dominosfsi
1349 2749 1523 2822 servis
1551 2757 2026 2822 connumerentur
2049 2771 2061 2820 ;

476 2838 588 2875 non
635 2823 784 2875 enim
816 2822 970 2876 novit
1001 2821 1246 2876 Ecclesia
1284 2821 1496 2874 domini
1532 2837 1597 2874 ac
1626 2821 1769 2874 servi
1800 2822 2065 2877 differen-

473 2892 612 2966 tiam
637 2911 648 2945 :
687 2913 710 2945 «
734 2893 808 2966 ΔΙιι
836 2893 1062 2966 Christo
1081 2891 1232 2966 enim
1263 2893 1396 2966 Jesu
1432 2909 1614 2966 neque
1642 2909 1850 2966 servus,
1885 2909 2064 2966 neque

474 2963 633 3030 liber,
672 2983 694 3014 υ
731 2963 912 3034 inquit
962 2965 1112 3018 idem
1160 2964 1460 3033 Apostolus
1501 2963 1572 3034 ad
1629 2963 1777 3034 Gal,
1805 2980 1878 3016 in.
1943 2963 2065 3020 Col-

2151 1757 2416 1828 loquitur.
2451 1756 2727 1826 Ambigue
2755 1773 2886 1810 vero
2930 1757 3142 1810 dictum
3172 1762 3272 1828 est,
3310 1756 3674 1828 utrumgratias

2150 1827 2284 1898 agat
2311 1829 2426 1882 Deo
2454 1845 2556 1882 suo
2587 1844 2828 1899 semper,
2864 1844 2936 1882 an
2965 1827 3292 1882 memoriam
3329 1827 3443 1898 ejus
3485 1827 3677 1899 faciatin

2150 1899 2496 1954 orationibus
2518 1899 2642 1970 suis
2661 1898 2914 1970 semper;
2933 1904 3117 1970 potest
3145 1904 3604 1970 autemutrumque
3617 1898 3678 1970 in:

2149 1971 2348 2040 telligi,
2380 1976 2445 2024 ut
2475 1968 2577 2024 aut
2601 1970 2676 2024 sit
2703 1968 2901 2024 sensus
2922 1968 2952 2022 τ’
2977 1970 3041 2024 In
3071 1971 3177 2024 hoc
3199 1968 3405 2040 gratias
3429 1985 3540 2040 ago,
3562 1969 3676 2040 quod

2150 2039 2372 2112 semper
2391 2041 2478 2096 tui
2506 2040 2838 2096 memoriam
2858 2111 2862 2112 ί
2879 2041 3078 2094 faciam
3126 2040 3184 2112 in
3215 2039 3536 2112 orationibus
3557 2039 3678 2104 meis,

2150 2111 2458 2167 secundum
2486 2111 2626 2166 illud
2655 2113 2678 2166 Ι
2711 2112 2783 2166 ad
2805 2111 2949 2166 Tim.
2981 2129 3027 2166 ιε
3055 2133 3078 2159 ι
3111 2111 3446 2182 Gratiasago
3465 2111 3564 2182 Deo
3587 2127 3682 2164 meo

2151 2183 2300 2254 quod
2313 2183 2435 2238 sine
2455 2183 2870 2238 intermissione
2890 2183 3130 2237 habeam
3143 2182 3228 2237 tui
3256 2181 3558 2254 memoriam
3577 2199 3589 2248 ς
3608 2188 3684 2235 aut

2145 2253 2252 2308 iste
2287 2273 2298 2306 :
2335 2255 2570 2326 Semper
2585 2253 2800 2326 gratias
2829 2270 2936 2326 ago
2982 2255 3098 2308 Deo
3128 2270 3273 2326 meo,
3305 2253 3686 2326 quandocunque

2147 2342 2273 2380 sum
2301 2323 2519 2379 memor
2547 2323 2652 2391 tui,
2681 2345 2703 2376 ι
2727 2323 3036 2396 secundum
3068 2325 3218 2395 quod
3255 2323 3368 2396 ipse
3391 2323 3506 2396 aliis
3521 2339 3685 2395 prace-

2147 2395 2248 2467 pit,
2285 2401 2350 2450 ut
2369 2397 2429 2451 in
2458 2395 2716 2450 omnibus
2735 2395 2948 2467 gratias
2969 2394 3207 2466 agerent
3233 2394 3364 2450 Deo.
3396 2394 3514 2449 Ideo
3525 2394 3688 2467 autem

2148 2465 2371 2538 semper
2399 2485 2460 2522 se
2490 2467 2629 2522 dicit
2652 2465 2866 2538 gratias
2893 2465 3080 2537 agere,
3127 2473 3195 2527 ,et
3223 2483 3436 2538 semper
3455 2483 3566 2538 _pro
3595 2465 3688 2536 ipso

2147 2535 2328 2604 orare,
2353 2539 2487 2610 quia
2515 2535 2686 2610 nullo,
2719 2535 2968 2609 unquam
3011 2538 3102 2610 die
3151 2535 3542 2610 intermittebat
3569 2535 3688 2610 certa

2145 2606 2406 2680 tempora
2431 2609 2649 2664 orandi.
2669 2609 2760 2664 Sic
2789 2606 3142 2680 Augustinus
3168 2609 3238 2662 de
3267 2607 3574 2680 Haeresibus,
3601 2606 3688 2680 liis-

2150 2677 2370 2735 resi'57.
2388 2681 2486 2734 Est
2502 2687 2693 2734 autem
2727 2677 3000 2734 mirabilis
3038 2680 3202 2734 Pauli
3225 2680 3462 2745 allectus,
3484 2677 3688 2749 quia_in-

2147 2756 2238 2804 ter
2253 2757 2340 2806 tot
2366 2751 2661 2805 conciones
2675 2757 2733 2805 et
2747 2751 3140 2822 occupationes
3156 2751 3328 2822 etiam
3355 2766 3450 2822 pro
3475 2747 3690 2822 omnibus

2149 2838 2250 2876 suo
2279 2829 2533 2894 tempore
2581 2822 2795 2894 orabat.
2831 2819 2928 2876 Est
2979 2828 3176 2876 autem
3216 2827 3274 2876 et
3316 2819 3374 2875 id
3409 2819 3686 2894 notandum,

2147 2891 2458 2974 emphasim
2468 2909 2592 2974 esse
2615 2893 2674 2947 in
2695 2893 2794 2946 illa
2819 2910 2951 2974 vooe
2975 2911 2986 2946 :
3011 2913 3034 2944 ι
3059 2894 3180 2974 Deo
3211 2909 3403 2974 meet»
3435 2907 3584 2974 quem
3607 2891 3690 2944 sci-

2143 2963 2274 3046 lieet
2289 2964 2673 3046 peculiariter
2680 2981 2784 3035 ego
2821 2965 2942 3020 colo
2965 2982 2977 3017 :
3011 2964 3256 3046 eAxplicat
3279 2963 3428 3046 enim
3445 2963 3583 3045 illam
3599 2977 3692 3042 eiu-

473 3034 608 3115 ligit
643 3032 832 3115 autem
872 3035 1030 3115 hinc”
1049 3032 1478 3105 Chrysostomus
1521 3033 1727 3115 virtute
1753 3033 1925 3088 fuisse
1955 3037 2062 3090 mi-
2084 3095 2124 3115 η
2144 3032 2362 3115 phasim
2388 3041 2510 3089 tum
2540 3035 2611 3088 ad
2631 3032 2944 3115 Romanos:
2963 3057 2986 3082 ι
3020 3032 3205 3115 Quem
3233 3036 3374 3115 solo,
3387 3033 3633 3115 inquiens,
3647 3032 3692 3085 in

471 3095 704 3178 rabilein
719 3095 882 3178 hunc
909 3095 1320 3178 Philemonem,
1347 3122 1430 3178 eos
1451 3105 1601 3178 quod
1621 3105 1821 3178 domus
1841 3123 2063 3178 quoque
2083 3095 2345 3178 Cspiritu
2372 3123 2519 3178 meo,
2550 3113 2672 3178 tum
2693 3107 2746 3178 il
2776 3106 2847 3160 ad
2873 3095 3120 3178 Timoth.
3143 3124 3202 3159 επ
3227 3105 3330 3160 Cui
3353 3095 3520 3160 servio
3545 3095 3692 3174 apro-

473 3181 531 3228 et
555 3176 770 3230 familia
797 3178 918 3247 ejus
939 3183 1059 3230 tota
1085 3175 1265 3230 ﬁdelis
1292 3175 1480 3242 fuerit,
1513 3176 1764 3246 adeoque
1795 3175 2062 3245 fidelis—ml:

472 3247 720 3300 Ecclesia
747 3247 817 3301 ab
837 3248 1100 3318 Apostolo
1122 3253 1494 3318 nuncupatur.

544 3335 573 3371 ι
605 3319 800 3373 Gratia
814 3317 986 3372 vobis.
1021 3339 1045 3371 ))
1078 3319 1276 3372 Adhuc
1300 3317 1335 3371 a
1361 3317 1578 3372 duobus
1609 3317 1678 3372 ad
1708 3319 1895 3389 plures
1925 3320 2059 3374 scri-

469 3387 639 3461 bitur,
670 3396 727 3444 et
749 3391 804 3444 in
819 3389 1078 3444 omnibus
1109 3406 1249 3461 pene
1273 3389 1537 3460 Epistolis
1553 3387 1735 3442 simile
1756 3389 1885 3443 huic
1906 3391 2057 3460 prin-

467 3459 678 3531 cipium
707 3468 809 3516 est.
843 3459 1176 3532 Quanquam
1219 3459 1408 3532 autem
1448 3462 1635 3527 gratia
1666 3459 1930 3530 generale
1959 3479 2056 3515 no-

467 3532 710 3598 mensit,
731 3533 834 3587 hoc
849 3533 981 3614 _loco
1003 3531 1110 3614 pro
1129 3531 1456 3586 remissione
1479 3536 1834 3614 peccatorum
1857 3532 2056 3614 accipi-

467 3609 562 3657 tur
593 3621 604 3655 :
637 3603 900 3674 generale
929 3602 1075 3657 enim
1105 3619 1312 3658 nomen
1345 3619 1446 3674 pro
1473 3602 1700 3674 speciali
1739 3602 2048 3674 usurpavit.

467 3673 558 3728 Sic
580 3673 730 3728 enim
740 3681 858 3729 tam
878 3675 967 3728 hic
987 3691 1157 3746 quam
1176 3674 1233 3728 in
1255 3674 1382 3728 aliis
1402 3673 1662 3746 Epistolis
1682 3673 2054 3746 interpretan-

466 3749 560 3798 tur
587 3744 1086 3800 commentatorés:
1125 3745 1195 3800 de
1227 3761 1336 3816 qua
1367 3744 1688 3816 acceptione
1713 3745 1910 3813 gratiae
1934 3749 2052 3799 tra-

465 3822 582 3870 ctat
605 3817 954 3888 Augustinus
974 3817 1074 3888 lib.
1102 3834 1120 3870 i
1164 3815 1435 3880 Retract,
1478 3831 1526 3868 c.
1559 3815 1626 3888 14
1663 3821 1722 3869 et
1753 3816 1836 3870 15.
1872 3816 2052 3871 Simili

465 3888 632 3942 modo
661 3887 865 3942 dicitur
891 3887 1024 3942 alibi
1057 3905 1068 3940 :
1109 3905 1135 3938 ‹‹
1184 3888 1297 3940 Lex
1335 3892 1392 3941 et
1417 3887 1718 3957 prophetae,
1755 3906 1780 3937 »
1813 3903 1942 3941 cum
1969 3894 2051 3942 ta-

463 3974 594 4013 men
622 3959 792 4030 etiam
821 3959 1107 4030 prophetae
1135 3957 1194 4030 in
1214 3959 1343 4030 lege
1367 3957 1496 4030 sint.

539 4047 569 4080 α
598 4029 668 4084 Et
689 4028 874 4101 paxfn
901 4028 1234 4101 Scilicetisit,
1265 4029 1352 4082 vel
1371 4028 1929 4101 inultipliceturLPax
1955 4046 2052 4101 au-

463 4103 580 4154 tem
605 4099 710 4154 hoc
753 4101 873 4154 loco
911 4107 997 4154 est
1030 4099 1279 4154 amicitia
1307 4099 1610 4154 constituta
1638 4115 1764 4153 cum
1795 4099 1928 4154 Deo.
1960 4100 2051 4155 Sic

461 4171 812 4242 Augustinus
839 4170 899 4224 in
937 4170 1170 4241 exposit.
1203 4171 1378 4240 Epist.
1411 4171 1482 4224 ad
1523 4170 1646 4242 Gal.
1689 4176 1747 4224 et
1783 4170 1855 4224 ad
1883 4171 2044 4226 Rom.

463 4241 590 4295 cum
618 4241 756 4296 dicit
779 4257 974 4312 pacem
996 4258 1135 4306 esse,
1178 4257 1289 4312 qua
1319 4241 1746 4295 reconciliamur
1789 4242 1924 4296 Deo.
1959 4243 2050 4298 Sic

2141 3176 2492 3246 genitoribus
2521 3177 2662 3231 meis
2693 3177 2750 3230 in
2778 3177 3122 3232 conscientia
3149 3193 3312 3248 pura.
3351 3196 3372 3226 ι

2216 3267 2242 3320 gi
2264 3248 2526 3320 iAudiens
2563 3248 2895 3320 charitatem
2932 3254 3090 3302 tuam
3135 3246 3309 3320 atque
3337 3247 3566 3320 ﬁdem._-
3595 3246 3694 3299 Jam

2140 3317 2330 3374 subdit
2357 3335 2530 3389 quare
2565 3319 2781 3391 gratias
2811 3324 2945 3388 agat
2976 3320 3088 3373 Deo
3115 3317 3364 3391 semper,
3393 3317 3694 3391 quotiescun-

2139 3406 2247 3462 que
2275 3391 2397 3462 ejus
2432 3389 2860 3462 meminerit,eo
2881 3391 3030 3462 quod
3075 3389 3328 3455 audiam,
3352 3389 3541 3462 inquit,
3570 3394 3695 3442 tuam

2135 3461 2487 3532 charitatem,
2521 3478 2642 3532 quae
2687 3461 2796 3516 nisi
2831 3461 3077 3532 maxima
3119 3467 3291 3517 esset.
3324 3474 3646 3532 nequaquam
3670 3473 3694 3509 e

2134 3531 2383 3614 Phrygia
2395 3529 2631 3614 Romam
2659 3548 2836 3614 usque
2855 3531 3206 3614 pertingeret
3219 3533 3373 3614 fama
3401 3529 3558 3614 illius.
3572 3529 3694 3614 .Noii

2134 3598 2326 3656 statim
2339 3609 2528 3675 autem
2545 3603 2616 3657 ab
2642 3598 2871 3657 exordio
2886 3598 3130 3675 gratiam
3161 3621 3266 3675 pro
3295 3603 3550 3658 Onesimo
3569 3598 3694 3669 ﬂagio

2133 3678 2236 3740 tat,
2279 3673 2378 3728 sed
2418 3675 2811 3750 antea_virum
2857 3673 3192 3750 admiratus,
3209 3675 3690 3750 ‘ejusque_v1r_tut_es

2135 3751 2463 3814 prosecutus
2492 3745 2769 3810 laudibus,
2803 3761 2930 3798 cum
2973 3751 3030 3799 et
3077 3745 3136 3799 in
3169 3742 3270 3800 eis'
3301 3742 3416 3800 suie
3441 3742 3693 3799 charitatis

2134 3831 2246 3887 non
2268 3831 2501 3887 parvum
2519 3815 2828 3870 addidisset
2861 3820 3072 3887 votum,
3093 3816 3248 3887 quod
3283 3832 3504 3887 semper
3519 3815 3573 3868 in
3598 3827 3695 3887 ora:

2131 3881 2379 3958 tionibus
2427 3887 2542 3941 suis
2592 3888 2714 3958 ejus
2767 3881 3134 3953 meminisset;
3188 3881 3544 3958 dixissetque,
3573 3881 3692 3955 quod

2131 3957 2296 4029 multi
2336 3958 2394 4011 in
2431 3975 2496 4012 eo
2535 3957 2970 4029 requiescerent,
2992 3962 3113 4029 tum
3141 3958 3377 4014 demum
3412 3957 3481 4012 ad
3503 3969 3698 4027 scopum

2112 4027 2396 4099 'Epistola:
2433 4027 2654 4094 transit,
2689 4046 2754 4083 eo
2803 4029 2969 4083 modo
3005 4028 3457 4084 benevolentiam
3487 4029 3604 4099 ejus
3621 4041 3696 4078 ca-

2131 4096 2318 4172 ptans.
2349 4099 2564 4154 Deinde
2582 4116 2672 4172 ne
2703 4099 2872 4172 hujus
2902 4105 3125 4172 tantum
3157 4100 3242 4155 rei
3281 4100 3470 4172 gratia
3491 4096 3697 4172 scribere

2129 4167 2404 4242 videatur,
2435 4171 2596 4242 quasi
2625 4187 2738 4225 non
2767 4167 2907 4224 alias
2943 4171 3262 4242 scripturus
3285 4167 3402 4226 nisi
3441 4167 3700 4242 Onesimus

2129 4235 2607 4324 impelleret;vide
2635 4258 2804 4314 quam
2829 4235 3140 4324 prudenter
3167 4249 3229 4324 et
3255 4242 3400 4324 alitis
3424 4242 3585 4324 hujus
3599 4235 3700 4318 Epi-

462 4319 519 4367 et
534 4313 600 4367 D.
625 4311 1002 4394 iiieronymus
1023 4312 1127 4366 hoc
1138 4311 1264 4394 ioCo
1285 4317 1342 4394 e_t
1361 4312 1432 4366 ad
1450 4312 1575 4394 Gal.
1727 4318 1916 4394 autem
1933 4313 2049 4394 haec
2124 4311 2285 4394 stolae
2315 4312 2522 4394 adjecit
2548 4311 2784 4394 causasi
2811 4311 3057 4394 primum
3085 4313 3321 4394 quidem
3348 4313 3520 4394 ipsius

459 4381 982 4459 erpositio‘cae'teris
1018 4383 1397 4459 praeferenda:
1415 4389 1472 4437 et
1511 4381 1814 4459 probabilis
1866 4384 2046 4459 magis
2067 4454 2097 4459 _
2128 4387 2307 4459 tatem
2331 4381 2666 4459 insinuando
2678 4401 2702 4459 _;
2751 4381 2954 4459 deinde
2991 4381 3316 4459 _postea,_u_t
3345 4381 3404 4438 et
3431 4381 3699 4459 hospitium

459 4452 680 4511 videtur
709 4455 756 4510 si
790 4452 1138 4510 reservat—nus
1182 4454 1321 4508 illud
1359 4452 1530 4526 Rom:
1555 4471 1698 4526 vis
1746 4452 2044 4510 Justiﬁcati
2065 4453 2233 4526 Dsibi
2262 4460 2441 4526 paret,
2469 4454 2870 4526 praepiciendo.
2901 4452 3235 4526 Cuiusmodi
3280 4455 3508 4510 interim
3529 4452 3699 4526 fuerit

455 4533 634 4600 gratis
649 4543 842 4600 pacem
861 4526 1132 4600 habemus
1154 4542 1280 4582 cum
1301 4525 1757 4600 Dem-Similiter
1768 4530 1826 4600 et
1844 4526 2042 4600 Graeci,

459 4595 557 4670 qui
585 4595 668 4653 sic
692 4599 840 4670 hunc
862 4598 1308 4670 interpretantur
1333 4597 1536 4670 locum,
1568 4613 1634 4651 ac
1661 4595 1709 4650 si
1727 4595 1878 4651 dicat
1891 4599 2044 4670 Apog

455 4667 633 4724 stolus
647 4673 669 4722 :'
684 4669 840 4740 Opto
870 4667 1098 4740 quidem
1135 4667 1292 4722 vobis
1319 4667 1580 4740 gratiam,
1615 4673 1673 4721 et
1700 4683 1914 4740 pacem,
1945 4667 2045 4723 sed

457 4737 1152 4810 quomodo—eritg'remissio
1182 4737 1536 4810 peccatorum
1565 4739 1629 4810 in
1653 4737 2044 4810 vobis,.sinon

455 4809 781 4866 condonetis
802 4809 1147 4866 debitoribus
1155 4809 1345 4864 debita
1363 4810 1585 4864 vestra?
1603 4809 1892 4874 Quomodo
1906 4809 2045 4865 item

453 4897 562 4952 pax
589 4897 718 4936 cum
747 4881 882 4944 Deo,
919 4881 967 4936 si
982 4898 1141 4936 servo
1167 4897 1280 4936 non
1299 4879 1774 4936 reconciliemini?
1798 4880 1922 4952 Qua
1949 4897 2042 4935 oc-

454 4951 677 5024 casione
703 4957 762 5007 et
787 4952 1224 5024 pulcherrimam
1251 4952 1340 5006 hic
1360 4952 1554 5024 videre
1569 4957 1667 5024 est
1686 4951 2042 5024 et‘prolixam

454 5021 841 5096 Chrysostomi
868 5023 1305 5096 disputationem
1341 5023 1411 5096 de
1441 5021 1793 5096 re‘mittendis
1818 5021 2042 5096 injuriis

451 5093 724 5167 proximo,
745 5093 998 5167 exemplo
1018 5094 1161 5167 servi
1186 5093 1338 5167 illius
1355 5093 1588 5167 immitis
1607 5093 2040 5167 evange_lici,_qui

451 5166 703 5222 remissis
729 5165 836 5222 sibi
857 5165 1048 5221 decem
1078 5165 1324 5220 millibus
1353 5165 1698 5220 talentorum
1727 5180 1762 5218 a
1789 5165 2036 5232 domino,

449 5242 675 5318 pentum
703 5237 963 5293 denarios
989 5254 1024 5291 a
1041 5236 1508 5318 consertioexegit
1537 5234 2038 5318 importuni‘ssirne.

450 5306 604 5361 Inter
624 5314 831 5364 caetera
848 5314 1038 5364 autem
1061 5308 1150 5362 his
1168 5306 1350 5362 verbis
1367 5306 1576 5362 utitur:
1613 5306 1976 5362 Contristavit
1987 5312 2042 5362 te

449 5377 745 5462 quispiam,
769 5386 828 5461 et
855 5379 1075 5462 probris
1089 5395 1157 5462 ac
1182 5377 1405 5462 injuriis
1429 5378 1632 5461 affecit,
1659 5378 1846 5462 cogita
1871 5394 2042 5459 quam

446 5447 627 5521 multa
653 5455 714 5504 tu
746 5447 951 5505 similia
975 5451 1033 5506 in
1063 5451 1202 5506 alios
1229 5447 1399 5521 atque
1426 5449 1485 5504 in
1513 5449 1700 5521 ipsum
1732 5447 2038 5521 Dominum

445 5517 760 5592 admiseris,
783 5526 840 5576 et
856 5522 967 5576 eris
984 5522 1056 5576 ad
1076 5521 1297 5592 veniam
1307 5517 1568 5592 proniori
1583 5519 1889 5592 Considera
1900 5519 2036 5592 quid
2119 5517 2440 5592 pominum,
2473 5519 2929 5592 mquegoredidiss

2126 4524 2243 4580 haec
2262 4521 2630 4597 charitas,de
2655 4542 2770 4597 qua
2787 4525 2928 4597 agit,
2963 4521 3306 4592 s'ubindicat,
3339 4543 3468 4581 cum
3495 4521 3662 4579 subdit
3685 4536 3696 4571 :

2202 4616 2226 4648 ε
2261 4596 2441 4660 Quam
2473 4595 2645 4650 habes
2671 4595 2742 4651 ad
2773 4595 3075 4651 Dominum
3112 4597 3338 4664 Jesum,
3371 4603 3430 4652 et
3455 4597 3511 4651 in
3533 4607 3698 4650 omnes

2125 4673 2366 4740 sanctos.
2394 4686 2419 4720 »
2438 4667 2513 4722 Ut
2540 4667 2822 4740 intelligat
2839 4667 3230 4740 unusquisque
3249 4668 3551 4740 perfectam
3568 4665 3698 4740 illam

2124 4738 2476 4810 charitatem,
2512 4738 2645 4810 quia
2669 4736 2783 4810 non
2809 4739 2990 4792 solum
3004 4736 3188 4810 iDeu's,
3224 4736 3328 4794 sed
3361 4745 3420 4795 et
3445 4736 3699 4810 proximus

2124 4807 2396 4888 diligitur,
2430 4815 2488 4864 et
2508 4803 2862 4888 potissimum
2874 4808 3212 4888 charitatem
3234 4811 3302 4888 in_
3318 4803 3556 4880 hospitio
3575 4803 3698 4888 ericio

2123 4879 2598 5004 piendissanctis,
2637 4885 2698 4934 et
2724 4897 2918 4962 eorum
2956 4879 3343 4964 subveniendi)
3388 4879 3700 4962 necessitati-

2162 4967 2246 5004 us.
2265 4957 2323 5004 et
2345 4956 2446 5004 ita.
2471 4951 2752 5004 quomodo
2780 4967 2906 5004 auis
2933 4949 3138 5004 habeat
3157 4951 3502 5004 charitatem
3525 4967 3580 5004 in
3596 4962 3700 5002 san-

2162 4967 2246 5016 us,
2265 4957 2323 5006 et
2345 4951 2455 5023 ita,
2471 4951 2752 5023 quomodo
2780 4951 2906 5022 quis
2933 4949 3138 5023 habeat
3157 4951 3502 5009 charitatem
3525 4951 3580 5006 in
3596 4962 3702 5023 sal}-

2122 5027 2259 5094 ctos,
2278 5017 2631 5094 perspicuum
2649 5028 2764 5089 est;
2789 5017 3068 5094 quomodo
3078 5039 3208 5094 vero
3224 5023 3356 5094 quis
3369 5023 3536 5077 ﬁdem
3549 5017 3700 5092 possit

2121 5092 2330 5148 habere
2356 5092 2424 5147 iri
2435 5098 2677 5158 sanctos,
2691 5092 2824 5148 nam
2853 5093 3027 5148 etiam
3049 5093 3120 5148 ad
3149 5092 3327 5149 fidem
3347 5095 3494 5149 hanc
3509 5094 3702 5217 grain

2123 5164 2318 5217 referri
2349 5169 2529 5217 nutat.
2562 5164 2804 5217 multum
2832 5163 3052 5217 laborat
3089 5163 3493 5217 Hieronvmus.
3601 5161 3702 5214 ’δυο

2123 5164 2318 5219 referri
2349 5169 2529 5237 putat,
2545 5164 2804 5237 multum
2832 5163 3052 5237 laborat
3089 5163 3496 5237 Hieronymus:
3511 5161 3702 5237 Existi-

2123 5242 2242 5290 mat
2268 5233 2459 5291 autem
2489 5235 2656 5290 fidem
2684 5235 2890 5290 habere
2916 5234 2976 5290 in
3004 5240 3229 5291 sanctos
3259 5233 3379 5292 non
3425 5233 3574 5290 aliud
3601 5244 3702 5285 esse

2123 5323 2294 5376 quam
2315 5307 2541 5382 credere
2569 5306 2639 5360 iis
2669 5322 2791 5378 qua;
2830 5323 2865 5360 a
2889 5306 3097 5382 sanctis
3125 5305 3282 5382 dicta
3310 5313 3372 5363 et
3397 5306 3548 5382 facta
3571 5306 3700 5382 sun}:

2124 5378 2597 5448 quemadmodum
2615 5376 2732 5432 una
2757 5382 2818 5432 et
2840 5377 3037 5433 eadem
3065 5377 3377 5432 credulitas
3406 5376 3640 5448 refertur
3651 5376 3702 5448 in

2119 5443 2351 5530 Moysen
2405 5454 2463 5502 et
2512 5449 2572 5504 in
2624 5448 2824 5530 Deum,
2855 5453 2926 5530 ut
2953 5449 3191 5573 populus
3220 5449 3325 5519 qui
3360 5445 3630 5532 credebat
3651 5443 3700 5497 in

2119 5519 2440 5573 Dominum.
2473 5535 2631 5573 aeque
2657 5519 2963 5573 credidisse
3045 5524 3224 5573 icatur
3252 5525 3317 5573 et
3356 5537 3421 5573 in
3459 5530 3698 5573 servum;

2932 5519 2971 5574 ὁ
3006 5519 3224 5574 dicatur
3252 5525 3317 5574 et
3356 5519 3421 5574 in
3459 5530 3698 5574 servum;

446 5605 614 5644 orans
641 5590 906 5664 loqueris,
933 5611 956 5643 ι
981 5587 1468 5664 Dimitte,_iifquis,
1484 5590 1675 5646 debita
1697 5587 2036 5658 nostra,'sic-
2115 5590 2288 5664 Exodi
2319 5606 2437 5656 XIX,
2467 5587 2597 5664 cuin
2625 5589 2832 5664 dicitur
2860 5607 2872 5643 :
2911 5609 2937 5664 ς
2971 5589 3220 5664 Credidit
3245 5591 3496 5661 populus
3653 5587 3703 5637 οι

443 5665 508 5744 ut
526 5732 538 5743 _
552 5666 611 5718 et
635 5656 738 5718 nos
782 5682 811 5744 ιε
841 5656 954 5744 ἐξίει..
1009 5656 1429 5744 animadverte.
1457 5656 1569 5744 quo
1621 5667 1681 5744 te
1713 5667 1877 5734 pacto
1898 5656 2036 5744 'c_on-
2114 5661 2496 5744 Moysiserrq
2534 5661 2676 5732 ejus.
2705 5679 2738 5743 ρ
2768 5660 3028 5744 Forsitan
3050 5677 3164 5716 non
3198 5656 3521 5744 incongrue

439 5732 718 5804 attingas;
749 5733 858 5790 nisi
892 5731 1166 5802 dimittas,
1198 5731 1386 5788 dicere
1413 5726 1520 5790 ho'c
1548 5737 1676 5788 tute
1714 5726 1832 5790 'non
1857 5734 2029 5789 vales.
2113 5726 2398 5789 dicaretur
2421 5726 2591 5788 ἤειθὼ
2623 5731 2751 5804 quis
2776 5731 2985 5788 habere
3001 5731 3062 5789 in
3089 5735 3316 5788 sanctos
3345 5726 3491 5804 ejus,
3514 5746 3580 5786 ex
3602 5726 3703 5782 ﬁde
