3848 6164
150 226 233 282 841

145 413 193 474 et
218 421 309 473 hoc
330 419 443 471 loco
470 418 644 471 tacita
658 413 983 469 'admonitio
1006 413 1077 466 ad
1108 413 1434 467 facilitatem
1468 414 1635 468 veniae
1654 415 1708 467 in

144 492 248 562 ipso
272 490 582 543 Philemone
603 486 973 562 excitandam.
990 502 1059 562 ae
1077 484 1122 536 si
1152 484 1383 562 diceret:
1413 486 1553 562 Cum
1576 502 1711 562 erga

146 556 314 615 omnes
341 568 555 613 sanctos
585 560 662 613 sis
692 558 963 611 charitate
980 557 1232 619 allectus,
1257 556 1425 608 debes
1444 564 1499 609 et
1518 557 1711 611 Onesi-

148 650 277 686 mum
307 648 489 684 amore
518 629 832 699 complecti.
867 627 960 697 qui
986 628 1103 695 jam
1133 627 1312 679 ﬁdelis
1343 627 1430 679 sit.

207 728 228 761 ι
254 711 320 764 Ut
345 706 775 762 communicatio
819 706 945 759 ﬁdei
968 712 1086 778 tuae
1134 706 1359 778 evidens
1391 708 1506 758 ﬁat.
1546 726 1567 755 ι
1604 707 1711 759 Pro

150 783 335 835 tridens
360 782 546 834 Graece
580 785 666 832 est
695 782 926 853 ἐνεργῆς,
965 776 1019 829 id
1043 782 1129 828 est
1154 776 1377 841 efficax;
1420 783 1609 830 noster
1634 779 1713 831 in-

146 869 330 931 terpres
356 860 491 929 legit
521 863 748 935 ἐναργῆς
775 877 790 926 ;
816 856 962 910 unde
983 861 1039 908 et
1061 855 1235 908 Graeci
1256 857 1370 909 fere
1388 856 1466 909 sic
1496 858 1707 924 legunt.

149 943 328 994 Sensus
355 941 564 1009 itaque,
612 937 918 1009 secundum
968 943 1204 1009 costest
1242 943 1305 989 ut
1348 938 1503 1009 ﬁdes,
1540 954 1709 1006 quam

148 1011 401 1064 nobiscum
432 1006 789 1062 communem
813 1006 1001 1069 habes,
1035 1007 1224 1059 efﬁcax
1252 1010 1375 1073 ﬁat;
1396 1008 1586 1060 efﬁcax
1617 1025 1711 1061 au-

148 1089 239 1135 tem
274 1081 375 1134 erit
398 1081 442 1134 si
475 1081 546 1132 ad
586 1096 753 1132 omne
782 1095 919 1149 opus
962 1078 1171 1130 bonum
1205 1079 1487 1148 procedat.
1523 1080 1713 1132 Potest

148 1153 341 1205 interim
366 1152 536 1204 etiam
555 1150 765 1203 servari
788 1158 979 1202 nostra
1000 1149 1182 1209 lectio,
1203 1149 1332 1218 quia
1348 1166 1411 1201 eo
1431 1150 1548 1219 ipso
1565 1150 1712 1219 quod

149 1230 382 1293 operatur
406 1223 567 1281 ﬁdes,
589 1224 651 1274 ﬁt
673 1221 917 1293 evidens.
950 1220 1239 1282 Quomodo
1263 1226 1451 1273 autem
1482 1222 1580 1273 ﬁat
1599 1221 1715 1273 efﬁ-

149 1292 242 1357 cax,
272 1292 453 1347 subdit
472 1293 777 1363 Apostolus
807 1292 996 1345 dicens
1031 1308 1041 1342 :

209 1393 226 1421 ι
257 1375 315 1426 In
331 1372 620 1442 agnitione
646 1372 827 1425 omnis
860 1371 1044 1440 operis
1061 1370 1190 1423 boni
1214 1371 1270 1424 in
1287 1370 1439 1424 vobis
1465 1371 1523 1424 in
1554 1371 1715 1424 Chri-

150 1450 218 1497 sto
234 1446 371 1498 Jesu.
399 1465 420 1494 ι
447 1444 623 1497 Varia
653 1444 741 1496 hic
768 1448 853 1495 est
879 1442 1067 1495 lectio:
1096 1443 1345 1512 plerique
1367 1443 1536 1503 enim.
1564 1448 1621 1495 et
1638 1442 1717 1494 sic

150 1514 293 1568 etiam
324 1515 724 1585 Hieronymus,
755 1513 1083 1566 Ambrosius
1115 1514 1357 1567 etGreeci
1381 1530 1490 1566 non
1525 1515 1719 1581 legunt

153 1587 447 1656 particulam
478 1584 681 1651 operis.
720 1602 819 1637 nec
848 1585 1017 1656 etiam
1040 1585 1202 1637 hodie
1232 1585 1286 1637 in
1307 1584 1511 1637 Graecis
1532 1586 1719 1653 vulga-

152 1655 625 1727 tisexemplaribus
655 1672 722 1709 ea
750 1655 1050 1725 reperitur,
1088 1656 1163 1707 ita
1194 1662 1255 1727 ut
1300 1656 1555 1708 videatur
1584 1656 1716 1709 olim

153 1744 242 1781 non
259 1726 418 1781 fuisse
451 1728 629 1800 etiam
659 1726 716 1778 in
739 1734 930 1779 nostro
956 1726 1288 1800 textu.Quia
1308 1732 1496 1800 tamen
1526 1743 1718 1800 omnes
1736 1743 1782 1800 Β

154 1798 974 1877 commentarii}nterpretaritur
994 1798 1141 1850 hunc
1162 1798 1343 1850 locum
1368 1797 1441 1877 de
1456 1797 1577 1877 ‘ﬁde
1595 1814 1722 1877 ope-

155 1878 300 1934 rante,
316 1878 369 1923 et
382 1870 462 1923 sic
494 1870 612 1922 fere
643 1868 1071 1937 subintelligunt
1093 1885 1215 1921 eam
1238 1868 1723 1937 particulam,hinc

156 1942 199 1994 in
211 1948 402 1995 textum
425 1946 690 1995 nostrum
704 1940 874 1992 etiam
886 1939 1178 2008 irrepsisse
1192 1939 1261 1992 ad
1274 1940 1543 2008 majorem
1557 1940 1723 2009 expli-

158 2012 397 2066 cationem
409 2012 676 2065 existimo
696 2029 709 2076 ;
727 2016 895 2079 atque
913 2010 968 2062 id
994 2026 1105 2062 non
1133 2010 1445 2071 recens,sed
1460 2011 1578 2078 jam
1592 2016 1722 2063 ante

154 2100 300 2137 annos
327 2084 499 2147 mille,
518 2090 586 2136 ut
601 2088 728 2153 pote
756 2098 882 2134 cum
899 2097 1021 2153 eam
1046 2081 1195 2153 legat
1214 2081 1535 2153 Primasius,
1558 2088 1725 2153 atque

154 2170 205 2206 ea
220 2155 280 2208 de
297 2171 460 2208 causa
488 2152 665 2207 etiam
696 2154 903 2206 factum
924 2152 1179 2204 existimo
1200 2158 1263 2204 ut
1283 2152 1535 2221 quaedam
1553 2152 1723 2205 etiam

154 2226 455 2296 exemplaria
481 2225 682 2278 Graeca
698 2225 780 2293 (ut
792 2223 1078 2296 adnotavit
1098 2222 1372 2276 Robertus
1386 2224 1720 2296 Stephanus)

153 2296 269 2349 hanc
287 2293 633 2367 particulam
660 2296 930 2367 insertam
952 2293 1223 2367 habeant;
1242 2300 1297 2346 et
1317 2294 1585 2367 eamdem
1603 2311 1723 2347 esse

156 2365 391 2421 rationem
423 2369 491 2420 ﬁt
516 2366 820 2419 verisimile
845 2365 902 2417 in
931 2381 995 2417 eo
1028 2365 1172 2434 quod
1200 2382 1299 2435 pro
1349 2382 1413 2417 eo
1444 2366 1588 2435 quod
1623 2382 1723 2418 no-

154 2446 248 2491 ster
270 2439 549 2509 interpres
574 2437 717 2509 legit
754 2457 773 2486 ι
804 2435 1061 2509 invehis,
1099 2455 1124 2487 ι)
1168 2436 1352 2504 legant
1384 2442 1502 2488 tam
1527 2437 1735 2509 AGrzeci'

155 2525 291 2577 quam
320 2507 653 2562 Ambrosius
679 2512 830 2573 (nam
850 2507 1221 2576 Hieronymus
1244 2524 1365 2560 eam
1393 2507 1721 2577 particulam

158 2595 245 2631 non
273 2580 518 2649 attingit)
552 2600 572 2629 ι
604 2579 751 2649 quod
776 2577 936 2631 nobis
959 2584 1045 2630 est
1071 2579 1126 2630 in
1152 2578 1374 2631 Christo
1404 2579 1568 2643 Jesu;
1602 2598 1629 2628 »
1651 2578 1728 2630 sic

158 2658 202 2702 et
226 2653 493 2722 exemplar
505 2651 764 2704 Graecum
786 2668 798 2715 ;
816 2649 951 2722 quin
976 2649 1121 2718 quod
1136 2654 1191 2701 et
1212 2649 1536 2722 Primasius.
1557 2666 1728 2722 quan-

164 2737 301 2789 quam
348 2720 501 2792 legat
548 2728 610 2775 ut
652 2728 845 2774 noster
894 2720 1190 2792 interpres,
1235 2720 1399 2772 modo
1431 2721 1601 2772 codex
1657 2720 1730 2771 sit

160 2791 474 2856 emendatus,
503 2793 679 2846 etiam
702 2791 1221 2861 interpretationem
1246 2792 1545 2860 quamdam
1568 2792 1730 2843 aﬁ'ert

160 2862 224 2915 illi
250 2865 462 2918 lectioni
495 2864 945 2925 convenientem,
984 2878 1172 2931 quam.
1208 2880 1273 2914 eo
1313 2862 1457 2931 quod
1490 2862 1655 2931 paulo
1696 2879 1730 2914 a

157 2932 440 2989 Graecorum
464 2936 757 3004 discrepat
776 2932 1255 3002 interpretatione,
1273 2950 1397 2985 mox
1410 2933 1725 2985 aﬁeremus.

156 3004 273 3065 Quin
313 3007 455 3077 quod
500 3012 563 3059 et
600 3004 981 3068 (Ecumenius,
1014 3004 1069 3055 id
1125 3004 1272 3074 quod
1307 3010 1393 3057 est
1440 3004 1628 3067 Graece
1660 3004 1730 3070 εἷς

155 3085 355 3157 Χριστὸν
387 3085 634 3156 Ἰησέῦν,
668 3083 1074 3153 interpretatur
1102 3103 1121 3131 ι
1155 3099 1289 3151 erga
1332 3082 1613 3136 Christum
1646 3084 1733 3137 Je-

155 3180 273 3217 sum.
302 3184 322 3213 ι
347 3166 810 3235 Interpretantur
826 3168 1014 3235 autem
1039 3162 1181 3235 hanc
1202 3162 1532 3235 particulam
1551 3164 1728 3216 Graeci

155 3235 201 3287 in
226 3235 359 3289 hunc
378 3233 619 3289 modium
654 3253 665 3287 :
702 3234 773 3287 Ut
797 3234 932 3286 ﬁdes
962 3239 1058 3286 tua
1079 3234 1174 3285 ﬁat
1202 3233 1413 3295 efﬁcax,
1443 3239 1498 3286 et
1529 3251 1726 3303 opera-

157 3305 257 3367 tior,
275 3307 434 3377 idque
465 3324 541 3360 eo
567 3305 732 3377 modo
767 3310 822 3357 et
864 3321 962 3374 per
997 3305 1100 3357 hoc
1140 3305 1285 3377 quod
1323 3322 1641 3377 cognoscas,
1672 3305 1727 3357 id

157 3382 222 3430 est
247 3374 391 3449 ames
416 3386 472 3431 et
498 3376 758 3449 perﬁcias
788 3392 1123 3449 omneopus
1150 3374 1376 3449 bonum,
1403 3376 1549 3449 quod
1581 3393 1729 3449 nunc

156 3446 342 3527 quoque
373 3450 428 3502 in
459 3446 631 3527 nebis
656 3453 741 3527 est
768 3463 901 3526 erga
911 3446 1202 3527 Christum
1226 3447 1443 3527 Jesuin:
1462 3447 1604 3527 Nam
1633 3448 1728 3527 qui

156 3517 293 3572 alicui
323 3520 459 3573 bene
492 3519 649 3581 facit,
684 3517 868 3587 inquit
906 3517 1283 3575 (Ecumcnius,
1316 3517 1537 3570 Christo
1570 3517 1719 3582 facit,

157 3590 363 3644 maxime
392 3598 595 3644 autem
628 3589 723 3659 qui
763 3587 970 3641 sanctis
1012 3589 1134 3656 ejus
1188 3587 1481 3659 benefacit.
1520 3589 1724 3641 Eodem

157 3660 248 3714 fere
276 3662 434 3715 modo
459 3658 872 3730 interpretatur
917 3665 972 3712 et
1002 3658 1394 3730 Hieronymus,
1432 3658 1536 3730 nisi
1579 3659 1726 3728 quod

158 3739 327 3802 urgeat
356 3749 550 3787 vocem
582 3731 735 3784 illam
770 3750 795 3780 «
838 3730 904 3802 in
936 3729 1246 3799 agnitione;
1274 3752 1297 3802 ρ
1343 3746 1407 3781 ac
1441 3729 1486 3802 si
1533 3730 1681 3782 dicat
1712 3748 1722 3802 ς

159 3800 365 3856 υῐῇάθε
403 3810 505 3857 tua
538 3818 707 3872 Opere
732 3801 1104 3872 compleatur;
1138 3817 1239 3853 nec
1271 3800 1370 3853 hoc
1399 3801 1599 3862 solum,
1633 3800 1729 3854 sed

159 3878 201 3924 et
217 3875 513 3928 secundum
538 3871 831 3926 scientiam
847 3889 986 3942 opus
1011 3871 1065 3924 id
1100 3873 1215 3925 ﬁat.
1250 3872 1440 3924 Potest
1471 3872 1617 3925 enim
1645 3888 1731 3924 ac-

160 3944 332 4009 cidere,
358 3945 570 4016 inquit,
606 3950 669 3997 ut
699 3944 821 4016 quis
863 3944 1031 4016 ﬁdem
1062 3942 1373 4016 habeat,_et
1401 3960 1532 4016 eam
1563 3960 1730 4016 opere

160 4014 506 4072 consummet.
538 4032 730 4068 verum
758 4014 1087 4084 simpliciter
1117 4020 1174 4066 et
1195 4014 1358 4077 nude,
1391 4030 1500 4067 non
1524 4014 1731 4067 habens

160 4087 474 4153 agnitionem
506 4092 567 4140 et
586 4086 878 4139 scientiam
907 4086 1047 4154 ejus,
1068 4086 1229 4154 juxta
1260 4085 1392 4138 illud
1434 4085 1683 4154 Apostoli
1714 4104 1724 4137 :

163 4157 371 4212 aZelum
399 4159 505 4213 Dei
534 4157 760 4215 habent.
800 4156 895 4209 sed
934 4172 1045 4209 non
1095 4156 1402 4209 secundum
1441 4157 1729 4209 scientiam

162 4229 306 4298 (Romi.
337 4240 383 4287 xl
412 4249 423 4295 ;
468 4251 490 4279 ι
540 4227 856 4298 cujusmodi
885 4233 1018 4281 sunt
1061 4233 1117 4281 et
1150 4228 1314 4282 hodie
1358 4228 1609 4298 plerique
1641 4227 1733 4297 qui

162 4296 347 4353 faciunt
394 4317 573 4371 opera
605 4296 839 4369 justitaz.
875 4304 931 4352 et
979 4315 1087 4371 non
1127 4298 1336 4352 habent
1358 4296 1582 4361 'veram,
1614 4296 1735 4368 quae

158 4379 414 4447 operatur,
433 4369 773 4447 scientiam.
809 4371 884 4423 Ea
909 4369 1132 4447 interim
1158 4371 1427 4447 expositio
1458 4371 1621 4440 longe
1647 4387 1736 4440 pe-

162 4441 247 4493 tita
272 4443 509 4507 videtur,
538 4444 859 4495 Graecorum
888 4442 1206 4507 praecedens
1230 4441 1443 4501 melior,
1476 4449 1537 4494 ut
1568 4445 1734 4507 agni-

166 4459 247 4493 Lua
272 4459 509 4507 videtur,
538 4459 859 4495 urzecorum
927 4459 1206 4494 raeccuens
1230 4459 1443 4501 meuor,
1476 4459 1537 4494 nt
1568 4459 1734 4507 agm-

166 4514 226 4583 ρο
245 4528 335 4581 pro
362 4530 557 4566 anmrc
581 4512 855 4583 capiatur.
885 4459 1201 4564 {iidendum
1234 4512 1478 4575 interim,
1515 4529 1659 4565 anne
1682 4519 1737 4564 et

164 4581 243 4664 illa
271 4584 393 4637 huic
420 4584 569 4664 bene
596 4581 917 4664 conveniret
941 4583 1227 4664 expositio.
1252 4600 1361 4664 qua
1396 4600 1608 4663 noscere
1636 4600 1735 4653 pro

166 4654 316 4714 facere
344 4655 637 4725 accipitur,
673 4654 981 4708 secundum
1012 4654 1184 4707 illud:
1227 4675 1247 4704 ε
1283 4655 1442 4717 Eum,
1480 4654 1571 4723 qui
1616 4671 1734 4725 non

166 4732 368 4779 noverat
388 4724 684 4797 peccatum
704 4744 713 4776 :
737 4744 762 4775 ι
792 4725 938 4795 quod
962 4725 1363 4795 interpretatur
1387 4724 1735 4797 Augustinus

166 4802 227 4867 et
248 4797 518 4867 plerique,
552 4797 679 4850 Non
729 4800 936 4849 iecerat
993 4802 1296 4866 peccatum,
1324 4802 1380 4849 et
1424 4796 1502 4849 sic
1542 4813 1738 4849 sensus

168 4865 281 4918 erit:
314 4868 375 4921 In
400 4865 729 4938 operatione
758 4867 941 4920 omnis
956 4865 1112 4919 beni:
1135 4868 1287 4938 etsic
1314 4868 1460 4937 quod
1493 4868 1734 4925 additur.

167 4941 334 5018 epam,
359 4937 471 5018 erit
488 4945 723 5018 taptum
754 4937 1335 5018 velut‘explanationis
1362 4938 1547 5007 gratia
1588 4939 1740 5018 addi-

168 5011 285 5059 tum.
304 5010 467 5080 Apud
488 5009 823 5063 Primasium
849 5009 1073 5061 interim
1091 5015 1175 5061 est
1193 5016 1248 5061 et
1262 5009 1367 5062 ista
1387 5025 1499 5062 non
1512 5009 1739 5062 omnino

169 5081 572 5150 contemnenda,
606 5086 670 5133 ut
696 5080 929 5144 videtur,
965 5080 1251 5150 expositio.
1278 5086 1339 5133 ut
1368 5081 1742 5133 communica-

169 5147 237 5220 tio,
254 5151 375 5204 ﬁdei
409 5160 521 5205 ture
540 5151 765 5204 evidens
796 5152 895 5204 ﬁat
924 5150 978 5203 in
1007 5147 1292 5220 agnitione
1322 5151 1502 5204 omnis
1534 5150 1662 5203 boni
1685 5152 1739 5203 in

171 5219 320 5294 nobis,
351 5229 411 5294 et
434 5222 493 5276 in
526 5222 766 5285 Christo,
802 5222 856 5275 id
887 5230 989 5277 est.
1012 5219 1076 5275 ut
1106 5238 1298 5275 omnes
1320 5222 1466 5275 inter
1482 5239 1581 5274 nos
1613 5222 1741 5275 boni

171 5292 456 5375 ip‘Christo
479 5294 775 5375 evidenter
867 5294 1088 5375 ﬁdelem
1130 5310 1249 5346 esse
1278 5298 1609 5375 agnoscant:
1638 5293 1743 5346 Ad-

173 5358 303 5414 ditur
331 5372 540 5425 autem,
572 5385 598 5415 α
632 5364 689 5418 in
717 5365 937 5418 Christo
983 5365 1134 5428 Jesu,
1173 5382 1198 5415 »
1241 5358 1371 5434 quia
1394 5365 1532 5418 bene
1561 5364 1742 5417 vivere

173 5438 215 5481 et
233 5434 393 5506 ﬁdem
434 5435 640 5489 habere
662 5452 761 5506 per
784 5435 1140 5489 dilectionem
1170 5444 1493 5506 Operantem
1521 5452 1631 5488 non
1660 5444 1743 5488 est

174 5502 311 5557 nobis
338 5506 445 5560 nisi
469 5523 504 5559 a
532 5502 781 5571 Christo;
806 5511 867 5560 ut
898 5506 1111 5560 notavit
1138 5502 1305 5559 etiam
1330 5508 1432 5559 hoc
1464 5509 1582 5560 loco
1604 5507 1736 5559 Hie-

176 5587 439 5646 ronymus.
466 5578 755 5633 Notandus
784 5584 971 5632 autem
1000 5578 1109 5630 iste
1139 5578 1291 5647 locus
1311 5584 1506 5631 contra
1535 5594 1741 5646 negan-

178 5648 244 5718 tes
268 5663 438 5718 opera.
468 5649 536 5703 ad
566 5650 733 5703 ﬁdem
762 5649 1095 5709 necessaria.
1129 5654 1187 5701 et
1215 5648 1474 5703 similiter
1506 5649 1563 5702 in
1595 5650 1742 5702 hunc

179 5711 338 5792 locum
347 5720 736 5792 commentarii
748 5720 1103 5792 potissimum
1123 5736 1247 5792 quae
1264 5719 1431 5774 habet
1450 5720 1744 5792 Theophy-

182 5782 334 5842 hctus
357 5789 469 5844 hoc
489 5790 626 5847 loco.

555 5892 824 5955 Pauor“
854 5891 1010 5955 CXII

963 217 1541 275 ENARRATIONUM
1576 219 1655 274 IN
1692 218 1845 274 EPP.
1888 217 2103 274 PAULI
2141 218 2524 275 APPENDIX.

147 366 233 421 per
256 347 592 421 dilectionem
622 348 895 421 aperante
920 341 1359 421 i_psis_subvenit.
1391 343 1488 396 Est
1519 346 1770 421 autemA

3282 216 3386 277 842

1864 364 1887 391 (ε
1947 342 2227 396 Gaudium
2281 343 2430 395 enim
2480 358 2747 412 magnum
2804 342 2993 407 habui,
3026 350 3081 398 et
3130 347 3385 399 consola-

1791 414 2000 467 tionem
2032 414 2087 467 in
2119 413 2391 466 charitate
2410 420 2527 466 tua.
2568 434 2590 464 ›)
2620 414 2728 466 Pro
2746 431 2810 467 eo
2830 415 2977 485 quod
2999 432 3099 469 nos
3113 416 3385 471 habemus

1790 488 2081 557 gaudium,
2161 486 2353 537 Grieca
2418 484 2689 537 modema
2770 484 3111 556 exemplaria
3189 488 3387 557 legunt

1792 558 1966 633 χάριη,
1993 556 2046 608 id
2070 562 2171 619 est,
2205 560 2445 621 gratiam
2478 575 2492 608 :
2524 573 2714 608 verum
2747 564 3025 627 corrupte,
3061 564 3126 611 ut
3142 556 3379 623 videtur,

1794 632 1918 689 cum
1949 636 2092 688 sicut
2118 642 2308 709 noster
2349 635 2643 709 interpres,
2693 636 2771 689 sic
2813 632 3409 709 constanterilegant,‘

1793 724 1905 759 non
1971 712 2193 759 tantum
2270 707 2475 770 Latini,
2562 707 3381 777 Hieronymus,»Ambro'sius.

1795 778 2121 837 Primasius.
2157 778 2253 830 sed
2285 784 2339 829 et
2368 778 2543 830 δι’ωοί
2585 794 2779 830 omnes
2811 786 3149 839 constanter.
3186 781 3299 834 imo
3330 788 3386 834 et

1796 866 1919 902 eam
1954 849 2245 902 lectionem
2278 849 2739 918 interpretantur.
2774 850 3010 903 Videtur
3033 857 3222 904 autem
3258 853 3385 906 huic

1796 920 2051 973 varietati
2083 920 2428 972 occasionem
2459 920 2676 972 dedisse
2698 921 3006 974 similitudo
3024 922 3174 975 vocis
3187 924 3381 1002 χαρὰν,

1794 1016 1915 1069 quae
1947 1002 2215 1064 gaudium
2248 999 2543 1067 signiﬁcat.
2580 1002 2785 1053 Sensus
2816 1008 3003 1053 autem
3041 1008 3126 1054 est
3164 999 3287 1067 iste,
3323 1020 3387 1056 ac

1795 1070 1841 1123 si
1874 1071 2058 1123 dicat:
2088 1072 2212 1123 Non
2242 1070 2522 1122 immerito
2559 1070 2770 1139 gratias
2801 1088 2906 1139 ago
2932 1073 3046 1125 Deo
3076 1089 3203 1125 meo
3237 1090 3385 1126 sem-

1796 1158 1897 1211 per
1925 1141 2384 1211 quotiescumque
2408 1141 2489 1194 tui
2522 1142 2765 1194 occurrit
2792 1143 3064 1196 memoria
3096 1161 3107 1195 :
3145 1161 3257 1197 non
3304 1162 3388 1198 so-

1797 1213 1912 1265 lum
1940 1213 2088 1265 enim
2120 1213 2392 1279 lmtamur,
2425 1212 2521 1265 sed
2542 1218 2701 1265 tanta
2720 1214 2934 1267 accedit
2953 1213 3111 1267 nobis
3126 1232 3190 1267 ex
3212 1216 3388 1269 chari-

1797 1289 1913 1336 tate
1933 1290 2031 1335 tua
2060 1284 2152 1336 illa
2178 1284 2449 1353 voluptas.
2482 1291 2547 1336 ut
2576 1283 2742 1336 etiam
2772 1286 3210 1339 consolationem
3230 1287 3389 1341 nobis

1799 1354 1968 1407 addat
1994 1354 2049 1406 in
2082 1355 2333 1407 vinculis.
2368 1355 2560 1417 Qualis
2596 1372 2725 1407 vero
2768 1355 2875 1409 ista
2924 1357 3166 1410 Charitas
3196 1357 3384 1413 fuerit.

1799 1425 1922 1478 aliis
1954 1425 2155 1479 iterum
2180 1425 2329 1479 hisce
2361 1425 2543 1479 verbis
2572 1426 2810 1495 explicat
2845 1445 2855 1479 :

1874 1518 1897 1546 «
1934 1497 2075 1559 Quia
2117 1497 2328 1570 viscera
2375 1505 2695 1570 sanctorum
2732 1498 3128 1567 requieverunt
3174 1518 3275 1570 per
3310 1507 3385 1568 te,

1800 1568 1973 1621 frater
2004 1609 2013 1618 .
2048 1586 2072 1618 ι
2109 1568 2411 1620 Considera
2432 1568 2575 1637 quod
2609 1586 2737 1621 cum
2766 1570 2899 1621 velit
2925 1570 3107 1623 dicere
3143 1568 3243 1624 {Si
3267 1572 3389 1625 aliis

1798 1638 2040 1709 gratiam
2071 1646 2317 1710 przestas,
2347 1640 2522 1691 multo
2548 1639 2727 1707 magis
2748 1640 2883 1692 mihi
2908 1650 3154 1710 praestes,
3178 1659 3287 1695 non
3314 1643 3394 1696 ita

1800 1717 1989 1762 tamen
2018 1709 2172 1783 dicit.
2202 1710 2295 1783 sed
2318 1710 2680 1783 commodiori
2711 1709 2920 1783 modo;
2940 1713 3044 1783 scit
3065 1712 3210 1765 enim
3244 1715 3389 1783 quod

1804 1781 2075 1833 memoria
2104 1779 2503 1832 beneﬁciorum
2535 1797 2669 1849 erga
2698 1781 2836 1833 alios
2867 1782 3237 1837 exhibitorum
3260 1779 3390 1837 ina-

1802 1853 1887 1920 gis
1918 1852 2285 1919 obsequentes
2316 1851 2498 1903 reddit
2535 1868 2629 1903 eos
2662 1869 2798 1921 quos
2831 1869 3143 1921 precamur.
3182 1856 3288 1907 Pro
3328 1874 3393 1909 eo

1805 1929 1993 1976 autem
2037 1922 2184 1991 quod
2240 1939 2340 1975 nos
2394 1921 2682 1983 habemus,
2748 1927 3149 1989 rcqm'cvcrunt,
3194 1926 3393 1979 'Gramc

1807 2001 1891 2047 est
1920 1994 2309 2067 ἁναπέπανται,
2357 1994 2504 2062 quod
2547 1992 2715 2046 etiam
2755 1993 3052 2062 signiﬁcat.
3085 1999 3393 2062 rcfocz'llata

1806 2079 1935 2125 sunt
1961 2092 1972 2131 :
2006 2080 2175 2143 atque
2207 2072 2288 2125 sic
2308 2073 2544 2142 explicat
2571 2073 3175 2127 (Ecumenius.Sensus
3206 2076 3393 2143 itaque

1808 2151 1911 2225 est,
1940 2145 2071 2225 quia
2110 2145 2393 2197 internum
2443 2143 2624 2196 cordis
2671 2145 2944 2225 affectum‘
2986 2152 3041 2197 et
3090 2143 3394 2215 profundos

1807 2214 1977 2268 animi
2001 2222 2321 2268 sanctorum
2352 2214 2984 2283 recessus,suscipiendo
3015 2214 3127 2279 eos,
3154 2217 3393 2270 refecisti

1807 2292 1863 2339 et
1890 2286 2225 2339 refocillasti.
2259 2286 2374 2337 Hoc
2405 2285 2554 2337 enim
2586 2285 2791 2338 idioma
2821 2287 3184 2355 apostolicum
3215 2295 3318 2351 est,
3335 2293 3396 2341 ut

1806 2374 2029 2427 semper
2056 2357 2269 2409 viscera
2296 2362 2469 2419 vocet,
2503 2355 2692 2408 volens
2722 2357 2941 2426 plenam
2984 2357 3184 2410 mentis
3215 2366 3396 2412 osten-

1808 2429 1939 2481 dere
1981 2445 2080 2498 per
2106 2428 2457 2480 charitatem.
2493 2427 2581 2479 Sic
2613 2428 2718 2480 ctI
2760 2429 2919 2480 Joan.
2958 2445 3045 2481 HI:
3085 2450 3104 2477 α
3156 2430 3222 2482 Et
3250 2430 3396 2483 clau-

1809 2500 1946 2553 serit
1982 2497 2193 2551 viscera
2222 2516 2323 2551 sua
2365 2498 2434 2551 ab
2484 2515 2566 2561 eo,
2606 2516 2629 2549 n
2664 2497 2717 2550 id
2757 2504 2859 2563 est,
2901 2498 3073 2551 animi
3112 2502 3392 2554 allectum.

1810 2572 2085 2624 Notanter
2113 2575 2300 2622 autem
2320 2569 2529 2636 adjicit.
2572 2588 2595 2617 «
2629 2568 2817 2627 frater.
2857 2590 2878 2618 ιι
2911 2586 3043 2622 nam
3086 2569 3207 2623 istis
3236 2572 3396 2625 factis

1810 2659 1937 2695 vere
1961 2658 2018 2693 se.
2047 2640 2279 2693 fratrem
2300 2639 2635 2692 declarabat.

1887 2730 1910 2761 (ι
1940 2713 2171 2780 PrOpter
2200 2711 2345 2780 quod
2370 2711 2606 2763 multam
2639 2710 2901 2764 ﬁduciam
2923 2711 3134 2765 habens
3164 2712 3221 2766 in
3244 2713 3401 2766 Chri-

1815 2800 1841 2833 ι
1874 2788 1958 2854 sto
1994 2782 2303 2854 imperandi
2330 2781 2631 2854 tibi,»quod
2654 2782 2723 2834 ad
2756 2799 2870 2835 rem
2899 2784 3403 2854 pertinet,propter

1814 2871 1840 2904 «
1874 2853 2204 2926 charitatem
2229 2853 2404 2926 magis
2425 2852 2669 2926 obsecro:
2686 2852 2951 2926 »Sensum
2977 2852 3205 2923 pulchre
3227 2852 3405 2926 expri-

1813 2924 1917 2976 mit
1945 2924 2143 2989 versio,
2179 2940 2346 2993 quam
2385 2923 2554 2977 habet
2602 2930 2657 2977 et
2690 2925 2944 2994 sequitur
2990 2923 3350 2979 CEcumenius
3386 2944 3397 2978 :

1815 3002 2290 3065 quaproptercum
2307 2995 2539 3048 multam
2556 2995 2812 3049 ﬁduciam
2828 2996 3059 3049 habeam
3074 2996 3404 3066 injungendi

1814 3066 1916 3120 tibi
1948 3067 2001 3119 id
2024 3066 2169 3137 quod
2200 3066 2402 3138 decens
2451 3073 2552 3138 est,
2587 3074 2814 3137 prepter
2851 3068 3181 3121 charitatem
3222 3069 3406 3138 potius

1754 3126 1971 3205 Crogo.
2020 3126 2209 3191 Multis
2246 3137 2396 3190 enim
2448 3137 2505 3190 in
2559 3126 2939 3191 Philemonem
2988 3126 3405 3193 laudibus‘ante

1811 3209 2128 3279 praemissis,
2163 3225 2289 3261 cum
2319 3225 2407 3261 res
2435 3208 2563 3261 talis
2595 3209 2668 3262 sit
2708 3226 2805 3278 pro
2838 3227 2948 3279 qua
2986 3218 3287 3279 rogaturus
3320 3216 3404 3263 est

1812 3297 1934 3350 qua}
1964 3287 2020 3332 et
2050 3279 2338 3349 praestanti
2358 3279 2431 3331 sit
2450 3280 2602 3332 utilis
2618 3286 2675 3331 et
2699 3281 2936 3349 roganti.
2957 3287 3176 3350 poterat
3200 3283 3406 3335 Paulus

1812 3352 1991 3417 magis
2027 3350 2304 3420 imperare
2360 3366 2527 3420 quam
2567 3358 2755 3420 petere
2804 3370 2814 3403 :
2860 3351 3027 3421 idque
3069 3370 3135 3405 ex
3178 3354 3401 3417 ﬁducia,

1813 3423 1959 3492 quod
1982 3422 2074 3490 qui
2108 3428 2265 3474 tanta
2297 3421 2366 3473 ob
2390 3421 2673 3474 Christum
2703 3438 2872 3491 opera
2904 3430 3273 3491 perpetrarat.
3302 3425 3407 3477 uti-

1813 3510 1919 3562 que
1950 3492 2132 3562 impar
2157 3492 2241 3545 sui
2272 3492 2327 3544 in
2358 3492 2571 3544 caeteris
2596 3509 2716 3544 esse
2746 3509 2854 3544 non
2888 3500 3126 3561 poterat,
3161 3496 3254 3547 sed
3288 3496 3408 3548 vult

1807 3564 1984 3631 magis
2014 3570 2203 3631 petere
2223 3578 2391 3631 quam
2417 3562 2635 3629 jubere.
2662 3564 2807 3615 Nota
2827 3563 3052 3616 interim
3076 3564 3133 3617 in
3153 3565 3405 3618 versione

1810 3634 2119 3687 (Ecumenii
2163 3633 2307 3705 quod
2340 3649 2440 3701 pro
2456 3649 2525 3705 eo
2556 3633 2701 3705 quod
2732 3650 2833 3686 nos
2881 3633 3169 3705 habemus.
3207 3654 3231 3684 ιι
3258 3635 3405 3705 quod

1812 3706 1880 3757 ad
1927 3722 2060 3786 rem‘
2092 3704 2356 3784 pertinet,
2396 3722 2415 3750 ι
2454 3703 2603 3783 legat
2657 3704 2794 3772 ipse,
2832 3722 2856 3755 «
2908 3704 2965 3757 id
3018 3706 3164 3786 quod
3204 3703 3405 3760 decens

1813 3781 1915 3839 est,
1952 3796 1977 3827 ν
2012 3776 2063 3827 id
2090 3774 2146 3827 in
2198 3774 2599 3847 commentario
2639 3791 2938 3843 exponens.
2974 3794 2997 3823 α
3030 3774 3086 3828 in
3135 3793 3251 3829 rem
3284 3794 3405 3847 qua)

1813 3846 2287 3916 expediat.»Unde
2306 3851 2361 3897 et
2382 3846 2813 3915 Chrysostomus
2832 3847 3140 3917 legit,quod
3162 3846 3401 3917 expedit.

1816 3919 1883 3971 Et
1910 3918 2169 3969 similiter
2198 3916 2591 3986 Hieronymus,
2628 3937 2651 3965 ι(
2678 3916 2825 3987 quod
2858 3916 3103 3988 prodest.
3144 3939 3167 3968 ν)
3203 3916 3407 3973 Secun-

1814 3988 1947 4041 dum
1977 3995 2229 4041 nostrum
2262 3988 2703 4060 itaquetextum,
2739 3988 2925 4042 minus
2954 3990 3088 4042 dicit
3109 3990 3407 4060 plusintel-

1815 4060 1991 4127 ligens
2015 4078 2026 4112 :
2046 4066 2213 4129 atque
2236 4060 2337 4111 hoc
2366 4059 2577 4111 addens
2598 4060 2844 4113 ostendit
2871 4079 2929 4113 se
2943 4068 3102 4115 tanto
3122 4062 3405 4115 conﬁden-

1813 4131 1926 4203 tius
1955 4132 2249 4203 imperare.
2284 4146 2347 4182 eo
2369 4131 2515 4203 quod
2546 4148 2657 4183 non
2686 4131 2789 4185 sibi
2823 4133 3137 4193 solum.sed
3158 4133 3209 4185 ei
3240 4134 3409 4203 potis-

1818 4202 2019 4255 simum
2040 4202 2391 4274 profuturum
2413 4201 2693 4272 sit.Atque
2716 4204 2827 4255 haec
2840 4204 3108 4274 expositio
3126 4201 3411 4273 sequenda

1818 4280 1921 4354 est.
1954 4272 2353 4354 Theo‘plixlacti
2384 4289 2515 4354 vero
2565 4275 2743 4354 paulo
2764 4272 3039 4354 diversam
3087 4272 3275 4354 habet,
3311 4275 3407 4354 sed

1819 4345 2023 4403 minus.
2056 4351 2119 4397 ut
2138 4345 2374 4406 videtur,
2408 4345 2584 4396 textui
2602 4352 3054 4397 consentaneam.
3087 4346 3145 4398 Id
3182 4345 3407 4397 interim

1819 4417 1908 4469 hic
1928 4416 2150 4469 silentio
2182 4433 2291 4468 non
2321 4415 2771 4484 przetereundum
2802 4416 2939 4467 mire
2980 4416 3083 4467 hoc
3118 4416 3235 4467 loco
3285 4432 3407 4468 cor-

1750 4477 1797 4534 D
1817 4494 2040 4568 ruptam
2070 4487 2239 4539 fuisse
2268 4477 2597 4568 germanam
2613 4486 3011 4568 'l‘heophylacti
3031 4486 3342 4548 lectionem,
3376 4504 3409 4540 a

1818 4557 1998 4628 primo
2030 4559 2332 4627 interprete
2364 4557 2763 4626 Christophoro
2785 4558 3047 4615 Porsena,
3082 4562 3143 4609 ut
3164 4562 3293 4626 pote
3314 4559 3407 4628 qui

1818 4636 2011 4682 contra
2026 4645 2192 4698 quam
2212 4628 2393 4697 ipsum
2411 4630 2662 4679 Grzecum
2685 4628 3085 4697 Theophylacti
3102 4630 3405 4697 exemplar,

1818 4707 1985 4769 atque
2014 4697 2207 4751 contra
2255 4698 2590 4751 sententiam
2621 4697 2869 4750 omnium
2896 4703 3166 4762 veterum,
3209 4716 3312 4769 pro
3346 4717 3409 4752 eo

1823 4772 1965 4840 quod
1984 4788 2082 4823 nos
2102 4770 2425 4834 habemus,a
2448 4769 2591 4838 quod
2606 4769 2674 4821 ad
2692 4785 2808 4840 rem
2824 4769 3081 4838 pertinet.
3102 4790 3126 4819 »
3143 4776 3406 4834 verterat,

1826 4839 1855 4894 (ἱ
1869 4842 2012 4911 quod
2028 4842 2097 4893 ad
2118 4859 2232 4894 rem
2250 4857 2362 4893 non
2386 4840 2653 4909 pertinet:
2680 4860 2699 4886 ιι
2724 4839 2943 4893 videtur
2957 4841 3105 4893 enim
3135 4841 3411 4910 accepisse

1823 4918 1881 4970 τὸ
1915 4919 2123 4985 ἀνῆκον,
2160 4912 2316 4981 quasi
2350 4919 2407 4963 et
2434 4911 2701 4980 privativa
2723 4911 2994 4981 particula
3017 4920 3195 4965 esset:
3217 4929 3325 4982 quo
3356 4912 3410 4964 in

1823 5009 2011 5045 errore
2040 5009 2296 5061 pergens.
2329 4996 2503 5043 totam
2534 4991 2799 5063 pervertit
2818 4992 3217 5063 TheOphylacti
3246 4991 3414 5061 expli-

1823 5063 2117 5117 cationem.
2154 5071 2216 5115 ut
2244 5068 2390 5114 recte
2433 5062 2719 5114 adnotavit
2750 5062 3059 5133 Philippus
3092 5065 3407 5121 Montanus.

1824 5136 1983 5202 cujus
2016 5134 2245 5204 proinde
2272 5133 2659 5202 interpretatio
2680 5134 2734 5186 in
2773 5134 2921 5187 hunc
2951 5137 3151 5191 locum.
3188 5150 3413 5203 prorsus

1825 5208 2031 5274 rejecta
2063 5206 2258 5263 altera.
2281 5204 2565 5273 sequenda
2588 5210 2689 5267 est,
2724 5204 2867 5257 sicut
2890 5211 2944 5257 et
2975 5205 3030 5257 in
3061 5205 3185 5257 aliis
3214 5205 3412 5275 pleris-

1826 5294 1952 5347 que.
1985 5277 2187 5330 Mirum
2220 5286 2304 5328 est
2323 5282 2511 5328 autem
2540 5276 2687 5328 unde
2710 5275 2785 5327 illi
2818 5293 2974 5329 error
2994 5277 3083 5329 ille
3106 5283 3295 5330 tantus
3324 5276 3416 5329 ob-

1826 5348 2057 5411 venerit,
2076 5365 2199 5400 cum
2236 5352 2427 5414 ἀνῆκον
2453 5347 2636 5415 potius
2664 5366 2684 5396 σ
2703 5347 3045 5400 contrarium
3066 5368 3087 5397 p
3116 5347 3409 5417 signiﬁcet,

1825 5444 2044 5497 nempe.
2081 5445 2101 5473 (ι
2132 5426 2275 5494 quod
2301 5426 2367 5498 ad
2391 5443 2507 5477 rem
2537 5425 2796 5498 pertinet,
2838 5446 2858 5475 ι
2895 5426 3026 5489 sive,
3067 5448 3087 5477 ι
3140 5427 3287 5498 quod
3318 5428 3415 5480 de-

1825 5505 1913 5552 cet
1944 5496 1970 5550 s
2007 5505 2088 5564 (ut
2118 5497 2195 5549 ait
2228 5496 2469 5560 Suidas),
2496 5516 2517 5545 «
2544 5497 2691 5566 quod
2722 5497 2995 5563 convenit,
3018 5520 3039 5547 ι
3074 5496 3253 5569 ἀνῆκω
3268 5500 3417 5553 enim

1823 5583 1909 5633 est
1937 5581 2159 5640 atlinro,
2182 5581 2445 5644 pcrtinco,
2479 5583 2667 5644 specto.
2697 5577 2840 5631 Illud
2867 5585 3075 5637 autem,
3106 5597 3131 5630 (‹
3166 5580 3220 5632 in
3255 5580 3417 5634 Chri-

1824 5656 1929 5715 sto,
1956 5668 1982 5720 ν»
2008 5654 2194 5720 potest
2212 5648 2407 5702 referri
2429 5650 2512 5701 vel
2528 5649 2597 5702 ad
2622 5648 2778 5720 illud,
2808 5668 2833 5700 (‹
2857 5650 3117 5704 ﬁduciam
3138 5649 3368 5714 habens,
3392 5670 3413 5699 ι

1830 5727 1896 5775 ut
1922 5719 1995 5774 sit
2021 5719 2255 5776 Sensus:
2288 5720 2415 5793 Nen
2462 5720 2611 5793 quod
2640 5720 2716 5774 sis
2760 5719 2817 5775 in
2848 5722 3048 5793 saeculo
3080 5720 3297 5793 clarior;
3305 5719 3421 5793 ista

1830 5792 2239 5864 praesumimus,
2273 5789 2499 5929 φῖ
2534 5791 2717 5858 “dem,
2754 5809 2920 5863 quam
2950 5792 3121 5846 habes
3163 5791 3223 5844 in
3257 5789 3419 5843 Chri-

3028 5889 3104 5929 αυτ

2262 5889 2321 5945 κ’
3028 5889 3104 5953 I7
