3848 6164
222 246 298 301 345

984 232 1561 289 ENARRATIONUM
1599 232 1677 287 IN
1716 232 1869 287 EPP.
1912 233 2126 288 PAULI
2165 234 2552 288 APPENDIX.

3296 236 3402 295 846

217 360 483 421 sententiam
503 372 621 408 eum
638 354 957 429 l'etlgewmv
982 371 1335 425 ηθίιυειίιιιητη
1356 362 1411 409 ἵε
1433 357 1785 429 οοηῐνΐὶεῐθι-λὶ
1808 358 2071 420 laudavit,
2107 357 2343 426 particip
2358 374 2433 410 3m
2465 373 2631 410 suum
2645 357 2795 412 dicat
2824 358 2923 424 (sic
2942 358 3091 413 enim
3124 358 3261 429 legit“
3274 362 3403 419 Am-

217 436 562 490 renuattamcn
592 443 657 478 ne
691 425 972 477 videretur
1000 444 1062 478 ex
1093 428 1421 480 necessitate
1456 428 1592 487 fieri.
1629 445 1724 479 no—

216 508 273 561 lui
300 504 340 557 id
359 498 755 572 facere.'_l‘ra_ctat
770 504 959 549 autem
976 498 1069 572 hu
1080 514 1143 550 us
1157 498 1693 572 occasionequzestio

214 593 311 630 nem
342 574 424 624 hoc
460 569 551 622 loci
584 569 955 637 Hieronymus
992 586 1001 618 :
1036 569 1219 631 Quare
1263 571 1409 623 Deus
1440 569 1725 622 hominem

214 664 296 700 non
340 640 577 696 creaverit
620 639 949 691 necessitate
992 639 1196 692 bonum
1218 642 1240 691 ’ἶ
1301 642 1366 694 Et
1408 641 1609 693 similis
1645 646 1730 693 est

216 716 394 788 quastio
422 731 431 763 :
463 713 649 788 Utrum
678 710 955 779 potuisset
1010 712 1194 788 homo,
1225 713 1311 788 vel
1367 713 1600 781 angelus
1652 712 1728 763 sic

212 782 363 849 dreari,
396 789 449 836 ut
475 782 647 835 malus
677 798 797 834 esse
836 798 949 834 non
970 790 1159 851 posset
1173 783 1195 833 ’?
1224 784 1521 851 Tractatur
1539 790 1729 835 autem

212 858 361 912 eadem
372 853 580 923 quaestio
596 852 663 905 ab
688 850 1003 921 Augustino
1026 853 1082 905 in
1106 850 1442 918 Enchiridio,
1472 871 1593 923 cap.
1632 854 1729 906 1Οό

209 937 249 982 et
288 926 381 988 “)6,
405 925 485 977 ubi
510 940 934 993 przesupponere
964 923 1182 977 videtur
1212 925 1358 993 quod
1377 925 1572 1049 (potuit
1603 924 1727 993 qui-

209 1000 302 1049 dem
324 996 443 1049 tales
469 1012 552 1046 res
592 996 738 1047 Deus
776 1012 985 1049 creare.
1027 996 1121 1048 sed
1145 996 1342 1049 noluit.
1430 997 1528 1048 rdo
1557 995 1727 1049 enim.

208 1000 302 1053 dem
324 996 443 1049 tales
469 1012 552 1046 res
592 996 738 1047 Deus
776 1012 985 1056 creare,
1027 996 1121 1048 scd
1145 996 1342 1049 noluit.
1377 995 1528 1049 Ordo
1557 995 1727 1058 enim,

207 1068 363 1138 inquit.
384 1065 876 1138 prmtermittendus
898 1083 1007 1119 non
1029 1067 1150 1127 fuit.
1181 1068 1235 1119 in
1251 1084 1360 1138 quo
1378 1068 1526 1120 Deus
1556 1066 1731 1119 voluit

204 1136 444 1193 ostendere
472 1154 636 1206 quam
671 1136 874 1189 bonum
914 1138 989 1189 sit
1034 1138 1223 1191 anima
1265 1136 1571 1197 rationalis,
1610 1154 1731 1206 quae

205 1211 334 1263 etiam
355 1225 562 1279 peccare
590 1208 783 1278 possit.
822 1208 1074 1278 quamvis
1102 1209 1175 1262 sit
1204 1210 1404 1262 melius
1435 1209 1581 1279 quod
1605 1225 1731 1278 pec-

203 1298 417 1359 carciion
436 1280 623 1359 possit.
648 1279 920 1359 Similiter
950 1279 1063 1359 fere
1084 1288 1141 1333 et
1172 1281 1587 1359 Hieronymus":
1624 1280 1731 1332 Po-

201 1353 295 1414 tuit,
312 1350 488 1420 inquit.
516 1350 955 1403 Deushominem
970 1351 1087 1403 sine
1112 1352 1399 1404 voluntate
1414 1352 1536 1419 ejus
1550 1351 1730 1402 facere

200 1423 360 1475 bonum
390 1439 399 1471 :
432 1438 591 1491 porro
623 1421 667 1473 si
698 1421 802 1473 hoc
848 1422 1083 1479 fecisset.
1110 1440 1219 1475 non
1263 1430 1384 1474 erat
1406 1422 1613 1474 bonum
1646 1438 1732 1475 vo-

201 1493 470 1556 luntarium,
490 1492 583 1543 sed
607 1493 982 1545 necessitatis:
1016 1495 1160 1562 quod
1184 1499 1373 1545 autem
1402 1492 1732 1545 necessitate

200 1564 359 1617 bonum
388 1569 481 1623 est,
500 1580 609 1615 non
636 1563 954 1623 estbonum.
975 1570 1031 1615 et
1052 1565 1160 1616 alio
1180 1582 1386 1633 genere
1401 1565 1610 1616 malum
1640 1580 1732 1614 ac-

199 1636 373 1705 cipitur.
395 1634 563 1703 Igitur
582 1634 805 1704 preprio
824 1634 1053 1687 arbitrio
1070 1652 1167 1687 nos
1181 1636 1521 1705 relinquens,
1558 1633 1734 1702 magis

1808 429 2023 483 brosius
2082 434 2137 481 et
2180 429 2441 481 similiter
2470 428 2829 482 (Ecumenius
2872 452 2895 480 (ι
2930 436 3245 495 consortem
3276 438 3324 497 n)
3356 432 3403 487 si

1818 504 1986 555 istum
2039 499 2114 551 sic
2155 500 2482 569 susceperit.
2510 505 2571 551 ut
2595 501 2919 568 Apostolum
2946 519 2957 563 ;
3003 501 3109 553 hoc
3139 510 3225 556 est
3253 503 3406 565 enim

1848 573 1953 625 uod
1978 571 2118 623 dixit
2138 572 2400 640 Sapiens:
2437 590 2459 620 α
2491 571 2655 623 Serva
2674 570 2910 639 sapienti
2926 570 3086 624 liberi
3101 574 3402 628 serviant.»

1848 593 1953 625 UOG
1978 593 2118 623 (lleL
2138 593 2400 640 cupiens:
2437 593 2459 620 (ι
2491 593 2655 623 DCI'VH
2674 593 2910 639 SHPICUU
2926 593 3086 624 uuen
3101 593 3402 628 ὃθιὛιὸηῐι.»

1809 593 1972 708 ἓὶυοι]
2000 642 2211 694 dictum
2238 641 2437 694 terrori
2496 647 2580 694 est
2630 641 2957 705 Philemoni,
3000 649 3061 696 ut
3092 644 3291 699 saltem
3320 646 3405 699 vel

1816 717 1917 768 hac
1940 730 2109 766 causa
2135 720 2448 765 assumeret
2466 728 2594 766 eum
2620 712 2667 765 si
2698 730 2761 765 ex
2784 713 3055 767 charitate
3085 730 3197 769 non
3218 716 3400 769 vellet.

1810 786 2169 865 Nihilautem
2191 783 2733 865 talitainimpera_ndi
2756 783 2865 865 vim
2886 784 3072 865 habet,
3102 802 3271 865 quam
3292 804 3405 865 non
3481 852 3487 858 _

1812 857 1980 911 simul
2000 854 2191 907 omnia
2218 862 2424 924 petere.
2463 854 2554 907 Sic
2593 860 2650 908 et
2670 855 2877 909 Paulus
2906 856 2997 910 hic
3022 854 3135 910 non
3156 857 3261 910 nisi
3283 863 3408 924 post

1812 927 2055 999 plurima
2084 925 2195 978 alia
2225 926 2529 980 maximum
2561 927 2666 980 hoc
2694 927 2899 995 posuit,
2929 946 2955 981 «
2988 928 3207 997 suscipe
3246 925 3406 989 illum

1813 1000 1960 1053 sicut
1980 1014 2086 1050 me.
2124 1015 2150 1049 λ)

1889 1090 1911 1120 ((
1938 1070 1997 1123 Si
2036 1075 2227 1147 autem
2268 1066 2478 1147 aliquid
2521 1066 2717 1147 nocuit
2747 1066 2867 1147 tibi,
2901 1073 3008 1147 aut
3040 1069 3232 1147 debet,
3268 1071 3406 1134 mihi

1820 1162 1841 1193 ι
1870 1142 2103 1212 imputa.
2134 1160 2155 1189 ι
2182 1139 2305 1212 Non
2327 1138 2491 1191 dixit:
2520 1139 2760 1212 Furatus
2781 1143 2892 1212 est.
2914 1139 3013 1192 sed
3037 1141 3238 1205 lenius,
3264 1162 3285 1191 ι
3303 1160 3407 1196 no-

1814 1209 2010 1275 cuitf»
2043 1210 2156 1263 sive
2206 1209 2413 1277 injuste
2451 1210 2581 1278 egit,
2622 1231 2641 1257 ι
2678 1215 2775 1261 aut
2808 1209 2974 1263 debet
3024 1231 3048 1261 ι)
3087 1212 3408 1269 Verisimile

1816 1287 2174 1360 namque'cst
2188 1280 2376 1360 ipsum
2384 1280 2749 1360 insulnpsisse
2762 1297 2884 1349 qua;
2905 1281 3252 1360 suiqggemt;
3279 1302 3408 1355 Ρω-

1816 1350 2027 1424 pterea,
2070 1350 2269 1424 inquit.
2306 1350 2439 1424 mihi
2472 1350 2849 1424 hocidebitum
2882 1350 3116 1420 ascribe,
3154 1373 3242 1408 me
3267 1350 3409 1417 habe

1815 1422 2143 1479 debitorem.
2180 1422 2267 1475 Sic
2314 1423 2762 1492 Theophylactus
2803 1429 2860 1476 et
2902 1424 2958 1477 id
3005 1425 3284 1493 signiﬁcat
3308 1444 3411 1482 vox

1816 1507 2026 1561 Graeca.
2062 1498 2282 1575 ἐλλόγει.
2337 1502 2608 1575 Similiter
2634 1508 2822 1575 autem
2856 1508 2911 1556 et
2946 1504 3325 1575 Hieronymus
3354 1507 3412 1560 id

1815 1577 1943 1630 hinc
1973 1574 2202 1643 colligit,
2250 1573 2398 1647 quod
2448 1573 2595 1626 furto
2620 1573 2906 1647 sublatam
2955 1573 3250 1644 pecuniam
3290 1578 3411 1647 jam

1817 1650 2240 1718 consumpserat
2269 1646 2583 1718 Onesimus.
2619 1645 2733 1718 Nec
2757 1644 2905 1718 enim
2938 1644 3405 1718 sponsor.inquit,

197 1705 1731 1785 adsuamimaginemetsimilitudinen‘ifecit:Deusenim
1754 1717 1795 1774 Β
1817 1719 1895 1771 rei
1922 1720 1952 1770 ﬁ
1974 1705 2083 1769 me}
2098 1716 2314 1769 ablatae.
2336 1715 2439 1767 nisi
2472 1723 2619 1768 esset
2638 1716 2712 1779 id.
2746 1716 2893 1784 quod
2931 1705 3408 1785 ablatum’tuelrat,

198 1776 456 1829 ideobonus
485 1782 587 1839 est.
616 1776 745 1846 quia
776 1778 911 1837 vult.
942 1794 1051 1829 non
1084 1777 1215 1847 quia
1254 1777 1488 1845 cogitur.
1520 1776 1576 1829 Si
1602 1793 1733 1844 ergo

198 1858 427 1916 quaiatur
453 1864 521 1899 an
554 1848 774 1899 nullum
795 1847 1002 1900 bonum
1032 1848 1105 1901 sit
1134 1866 1197 1901 ex
1220 1848 1589 1901 necessitate?
1613 1865 1735 1899 cer-

195 1914 282 1970 tain
300 1918 527 1987 estquod
544 1918 645 1990 sic.
669 1926 731 1971 ut
758 1926 911 1989 patet
940 1920 998 1972 in
1022 1920 1381 1990 martyribus.
1403 1919 1605 1989 quibus
1636 1918 1733 1969 bo-

193 2006 295 2042 num
334 1990 430 2042 fuit
477 1989 614 2059 pati,
650 1996 705 2042 et
748 1996 935 2043 tamen
986 2009 1049 2042 ex
1100 1989 1429 2044 necessitate
1465 2010 1474 2042 :
1513 1990 1735 2059 quando

194 2060 372 2129 quidem
392 2060 567 2126 multi,
584 2061 806 2114 etiamsi
837 2062 891 2114 in
913 2063 1205 2115 tormentis
1226 2063 1510 2114 Christum
1543 2078 1737 2129 negas-

191 2140 299 2193 sent,
354 2140 582 2203 mortem
636 2148 747 2185 non
796 2134 1100 2186 evasissent
1141 2154 1150 2186 :
1197 2134 1451 2203 quamvis
1508 2131 1735 2184 interim

191 2203 324 2254 etiam
366 2203 493 2256 illud
526 2202 736 2256 bonum
777 2205 1187 2273 quodammodo
1216 2202 1613 2257 ’voluntarium
1643 2202 1733 2265 sit,

190 2273 290 2342 quia
315 2276 372 2326 fit
397 2291 502 2327 non
532 2275 811 2327 renitente
842 2276 1146 2330 voluntate.
1228 2288 1231 2291 ‘

241 2382 259 2411 ι
281 2362 515 2416 Forsitan
550 2363 705 2416 enim
736 2364 860 2417 ideo
892 2366 961 2417 ad
991 2365 1187 2425 horam
1218 2364 1475 2417 discessit
1504 2382 1538 2417 a
1564 2370 1640 2425 te.
1676 2369 1739 2417 ut

187 2450 205 2481 ε
230 2434 652 2505 aeternumillum
682 2436 976 2504 reciperes.
1006 2458 1030 2487 ν
1063 2438 1481 2505 Nonnunquam
1524 2436 1736 2487 malum

182 2503 357 2577 gccasio
386 2506 445 2557 fit
475 2504 629 2571 boni,
665 2513 721 2559 et
748 2503 1036 2561 hominum
1063 2524 1231 2577 prava
1256 2503 1488 2560 consilia
1508 2506 1564 2559 in
1586 2511 1738 2560 recta

181 2572 299 2647 licus
324 2578 610 2630 convertit.
645 2578 735 2630 Sic
763 2578 831 2630 ad
875 2572 1077 2631 fratres
1115 2595 1244 2631 suos
1274 2579 1479 2647 Joseph
1503 2578 1687 2647 inquit
1718 2595 1729 2628 :

184 2644 268 2697 Vos
292 2648 563 2714 cogitastis
596 2649 665 2701 de
698 2666 786 2701 me
808 2650 974 2713 mala,
1009 2651 1157 2703 Deus
1178 2656 1368 2702 autem
1390 2644 1735 2715 cogitavitde

180 2731 247 2793 uie
272 2716 417 2793 bona.
441 2719 643 2793 Simile
656 2720 789 2793 quid
815 2726 871 2773 et
898 2721 954 2773 in
973 2721 1238 2793 Onesimo
1261 2738 1557 2790 possumus
1578 2720 1737 2772 intel-

178 2785 408 2865 ligere.§i
438 2792 590 2843 enim
613 2785 904 2865 dominum
924 2809 1037 2865 non
1055 2785 1305 2865 fugisset,
1330 2807 1617 2865 nunquam
1643 2808 1737 2843 ve-

180 2860 321 2911 nisset
339 2860 594 2916 Romam.
632 2861 723 2914 ubi
762 2870 884 2916 erat
920 2860 1133 2917 Paulus
1166 2864 1380 2916 vinctus
1404 2860 1473 2915 in,
1490 2878 1729 2914 carcere.

180 2928 230 3002 Si
250 2929 463 3002 Paulum
496 2933 555 2986 in
588 2933 826 2986 vinculis
858 2950 967 2987 non
1000 2934 1246 2995 vidisset,
1272 2951 1381 2987 non
1412 2934 1732 3002 recepisset,

179 2998 311 3053 [idem
325 3001 376 3054 in
406 3004 717 3057 Christum.
753 3005 808 3057 Si
833 3005 1039 3058 Christi
1076 3006 1243 3058 ﬁdem
1274 3022 1387 3058 non
1411 2998 1730 3074 recepisset,

174 3085 418 3141 nunquam
442 3075 610 3129 Pauli
640 3075 785 3129 filius
807 3076 1033 3129 effectus
1054 3076 1111 3129 in
1134 3094 1274 3145 opus
1299 3075 1577 3145 Evangelii
1604 3076 1736 3128 mit-

173 3148 369 3196 teretur.
402 3147 646 3199 Pulchre
662 3152 852 3199 autem
882 3148 1110 3209 addens,
1132 3147 1427 3210 «forsitan,
1460 3168 1479 3195 ι)
1516 3152 1738 3201 senten-

174 3211 283 3265 tiam
309 3218 660 3286 temperavit.
678 3218 908 3272 Occulta
930 3219 1134 3288 quippe
1155 3224 1287 3271 sunt
1309 3218 1521 3286 judicia
1542 3216 1659 3277 Dei,
1682 3223 1739 3270 et

171 3288 497 3358 temerarium
536 3294 645 3349 est.
682 3290 839 3358 quasi
871 3290 940 3342 de
992 3297 1144 3343 certo
1194 3288 1557 3358 pronuntiare
1589 3288 1738 3358 quod

171 3353 366 3430 dubium
398 3367 508 3425 est;
556 3353 743 3422 caute,
788 3361 1038 3429 inquam,
1084 3353 1434 3429 trepidanter
1455 3367 1512 3412 et
1541 3353 1738 3413 timide

167 3424 211 3476 id
229 3426 367 3501 dixit.
403 3448 472 3483 ne
501 3424 547 3484 Si
587 3448 698 3484 non
742 3424 1036 3501 posuisset,
1077 3452 1097 3482 ε
1135 3424 1385 3491 forsitan.
1424 3451 1445 3480 ι
1476 3430 1735 3484 omnibus

168 3499 310 3572 servis
346 3502 679 3569 fugiendum
727 3499 1042 3571 putaretur.
1078 3510 1141 3556 ut
1193 3503 1481 3572 apostolici
1518 3504 1733 3555 fierent.

169 3568 299 3628 Quod
328 3568 513 3631 autem
546 3574 619 3626 ad
647 3568 839 3626 horam
869 3575 1102 3635 addidit.
1132 3568 1328 3627 horam
1357 3592 1453 3643 pro
1486 3580 1738 3643 tempore

165 3646 399 3704 debemus
430 3654 711 3723 accipere.
750 3655 941 3707 Graece
971 3654 1119 3707 enim
1155 3647 1263 3721 ὥρα
1288 3662 1509 3723 tempus
1534 3653 1741 3719 signiti-

165 3724 251 3773 cat.
280 3724 366 3774 sed
421 3724 613 3787 breve,
652 3732 707 3777 et
763 3727 831 3777 ad
879 3726 1353 3795 comparationem
1412 3723 1740 3776 mternitatis

165 3804 303 3866 cuine
325 3800 546 3864 tempus
583 3796 746 3847 breve
792 3806 893 3849 est.
935 3798 1125 3866 Neque
1157 3797 1254 3854 ait.
1290 3796 1414 3848 ideo
1446 3796 1607 3864 fugit.
1644 3795 1738 3849 sed

166 3860 268 3912 ideo
297 3860 597 3933 separatus
635 3875 737 3927 est.
784 3860 1088 3919 honestmri
1120 3885 1255 3919 usus
1279 3860 1560 3920 vocabulo.
1598 3866 1742 3928 Quia

166 3938 329 4006 autem
351 3938 541 3990 nullus
582 3946 825 3991 aeternus
851 3939 1169 3991 dominisui
1201 3956 1391 3991 servus
1424 3944 1525 3998 est,
1552 3943 1740 4006 potes-

164 4005 445 4080 Pisquippe
472 4010 609 4077 ejus
640 4018 697 4061 et
724 4009 1015 4079 utriusque
1047 4010 1292 4063 conditio
1325 4016 1504 4062 morte
1524 4005 1737 4072 finitur,

161 4070 274 4127 hinc
295 4070 484 4132 subdit
501 4070 518 4131 ἶ

223 4182 243 4207 α
274 4164 343 4217 Ut
371 4176 652 4241 aeternum
695 4169 849 4221 illum
891 4170 1188 4241 reciperes,
1232 4171 1351 4238 jam
1392 4184 1505 4221 non
1534 4174 1598 4221 ut
1625 4184 1743 4241 serf

163 4250 343 4310 «uvam.
376 4240 476 4291 sed
512 4257 617 4309 pro
644 4257 801 4293 servo
839 4238 1228 4294 charissimam
1252 4241 1502 4293 fratrem.
1543 4258 1566 4288 υ
1599 4241 1675 4291 Ac
1696 4238 1743 4290 si

159 4302 320 4358 dicat:
359 4302 605 4364 Servum
651 4312 721 4364 ad
778 4312 1057 4366 modicum
1099 4313 1387 4372 amiseras,
1423 4317 1481 4363 at
1512 4310 1742 4363 fratrem

159 4385 405 4459 perpetuo
441 4382 728 4459 reperisti.
755 4388 866 4459 tam
893 4383 979 4459 hic
1009 4401 1174 4459 quam
1205 4383 1257 4459 in
1290 4382 1507 4459 saeculo
1532 4381 1738 4459 futuro.

160 4446 308 4528 Addit.
334 4446 530 4528 autem
567 4454 737 4528 istud,
772 4446 1327 4528 inquitA‘mbrosius,
1356 4472 1426 4528 ne
1452 4453 1741 4528 Phillimon
1764 4472 1810 4528 D

158 4516 382 4595 aliquod.
418 4530 484 4576 ut
515 4516 917 4594 assolet,quasi
939 4523 1743 4579 dominusfastidiuminflatio-

157 4600 561 4665 nispateretur,
588 4612 761 4664 quare
794 4603 849 4648 et
871 4597 1050 4665 ipsum
1066 4597 1342 4653 humiliat.
1363 4604 1588 4648 fratrem
1613 4612 1742 4648 eum

158 4661 312 4725 ipsius
352 4661 719 4735 appellando.
755 4667 861 4720 Pro
882 4661 947 4720 eo
979 4668 1122 4737 quod
1158 4685 1257 4720 nos
1285 4666 1571 4723 habemus.
1593 4686 1613 4716 (ί
1644 4682 1742 4736 pro

154 4746 313 4807 servo,
346 4760 366 4785 υ
414 4738 802 4807 Hieronymus
856 4740 1009 4806 legit.
1050 4760 1068 4787 α
1106 4740 1230 4809 plus
1278 4755 1465 4797 servo;
1511 4759 1528 4786 ι)
1566 4737 1740 4790 Graeci

154 4810 289 4858 item.
320 4825 543 4878 esupra
566 4826 842 4861 servum.»
858 4810 1250 4873 Additautem,
1276 4833 1292 4858 α
1318 4811 1373 4863 in
1406 4816 1695 4862 aatcrnum.
1716 4827 1739 4857 ι)

153 4877 443 4952 sefrundum
490 4881 758 4952 eumdem
813 4881 1237 4951 Hieronymum,
1272 4882 1415 4952 quia
1437 4879 1742 4933 Christiani

148 4946 330 5011 spiritu
348 4949 680 5003 dilectionis
707 4953 761 5004 in
792 4946 1062 5006 aeternum
1080 4946 1633 5019 conglutinabuntur.

199 5038 229 5093 ,ι
254 5019 501 5103 Blaxime
536 5023 695 5103 mihi,
731 5032 938 5103 quanto
971 5025 1278 5103 inagisntibi
1311 5030 1367 5077 et
1390 5024 1441 5075 in
1479 5038 1663 5103 carnne.
1690 5026 1743 5074 et

152 5102 171 5131 τέ
197 5090 247 5139 in
276 5090 550 5165 Domino.
578 5116 596 5142 ι
624 5094 680 5148 Si
714 5090 889 5159 meus,
924 5090 1122 5165 inquit,
1159 5096 1330 5148 frater
1359 5102 1459 5159 est,
1497 5095 1741 5165 profecto

148 5172 241 5233 non
272 5163 585 5218 erubesces
614 5171 669 5218 et
698 5172 759 5219 tu
780 5167 935 5219 illum
966 5163 1171 5219 habere
1192 5166 1442 5227 fratrem.
1483 5163 1732 5233 inquam,

147 5236 193 5279 et
218 5230 495 5307 injcarne.
536 5236 669 5289 etin
686 5238 1454 5307 Domino,idest,quicurare
1492 5230 1665 5305 possit
1683 5242 1752 5289 et

144 5304 516 5380 seculariaet
534 5307 851 5380 spiritualia
870 5309 1111 5376 negotia.
1150 5304 1411 5378 Exemplo
1432 5304 1622 5359 autem
1637 5308 1738 5380 hn-

146 5372 388 5448 inilitatis
432 5372 621 5439 Pauli,
646 5395 757 5446 qua
789 5372 1079 5448 tantopere
1110 5372 1337 5432 servuni
1361 5379 1733 5441 commendat.

144 5448 198 5519 ut
224 5446 393 5519 etiam
427 5465 606 5499 suum
636 5448 863 5501 fratrem
894 5446 1066 5513 vocet,
1111 5450 1491 5519 pulcherrima
1532 5455 1620 5502 est
1654 5449 1740 5502 hic

140 5516 425 5594 etprolixa
444 5519 514 5572 D.
544 5519 926 5589 Chrysostomi
956 5516 1258 5591 disputatio
1288 5522 1346 5575 in
1380 5521 1600 5573 Iaudem
1637 5521 1741 5572 hu-

144 5590 391 5642 militatis
403 5631 414 5641 .

207 5683 231 5716 ι
260 5667 321 5719 Si
352 5686 497 5739 ergo
553 5668 723 5723 habes
767 5687 855 5722 me
902 5671 1133 5733 socium,
1166 5672 1382 5741 suscipe
1414 5672 1571 5724 illum
1601 5670 1748 5723 sicut

184 5752 288 5813 me.
306 5761 353 5813 ’ξ
387 5742 648 5794 Tantum
669 5758 727 5813 se
758 5742 1016 5813 affectum
1037 5759 1170 5813 erga
1189 5744 1515 5797 Onesimum
1540 5741 1744 5795 habere

139 5809 397 5879 ostendit,
422 5823 495 5867 ut.
503 5816 647 5866 tunc
666 5812 1072 5883 Philemonem,
1088 5809 1257 5885 ciuem
1277 5831 1449 5887 supra
1458 5814 1745 5870 intentum

1815 1790 2182 1860 dissipatum.
2204 1787 2347 1860 Quia
2368 1786 2555 1855 itaque
2572 1787 2812 1860 maxime
2827 1788 3052 1860 jactura
3063 1791 3141 1844 rei
3155 1791 3415 1860 pecunia-

1816 1862 1931 1920 riae.
1956 1858 2139 1928 inquit
2159 1858 2608 1932 Chryso‘stomus,
2626 1858 2756 1932 angi
2782 1859 3039 1913 homines
3061 1858 3260 1924 solent.
3296 1861 3414 1932 ipse

1816 1950 1917 2002 pro
1949 1949 2013 1983 eo
2046 1930 2300 2002 spondet.
2337 1930 2510 1982 Caute
2560 1929 2785 1982 interim
2838 1936 3122 1998 postremo
3161 1929 3413 1987 omnium

1818 2001 2035 2056 addidit
2060 2001 2300 2069 culpam.

1894 2096 1914 2123 ι
1944 2074 2057 2141 Ego
2090 2072 2295 2124 Paulus
2333 2068 2526 2139 scripsi
2570 2085 2696 2141 mea
2735 2086 2924 2129 manu.
2962 2088 3064 2141 ego
3094 2073 3345 2128 reddam.
3380 2093 3408 2127 ι

1819 2140 2030 2198 Blande
2086 2150 2141 2195 et
2194 2142 2387 2194 festive
2429 2140 2747 2213 haeckdicit,
2792 2158 2919 2195 cum
2954 2140 3195 2212 spiritali
3228 2145 3415 2213 gratia

1821 2215 2088 2275 scribens,
2124 2231 2187 2266 ac
2209 2214 2255 2266 si
2285 2214 2520 2266 diceret:
2545 2211 2626 2264 En
2653 2212 2723 2265 ad
2751 2211 3023 2281 majorem
3052 2211 3414 2270 securitatem

1821 2286 2255 2355 chirographum
2278 2281 2655 2355 meumihabes
2672 2283 3001 2355 haslitteras
3019 2300 3173 2339 meas
3185 2287 3415 2355 propria
3498 2290 3501 2297 λ

1821 2353 2336 2426 manu—descriptas,
2370 2354 2517 2408 unde
2552 2353 2701 2407 istud
2725 2355 3009 2424 peculiare
3034 2362 3120 2410 est
3138 2353 3268 2411 huic
3289 2353 3414 2428 Epi-

1820 2430 1994 2483 stolaa.
3062 2470 3067 2477 .

1896 2531 1914 2558 c
1949 2510 2024 2561 Ut
2053 2522 2163 2559 non
2174 2505 2355 2558 dicam
2366 2503 2642 2573 tibi,quod
2659 2508 2716 2557 et
2733 2505 2978 2575 teipsum
3000 2505 3137 2558 mihi
3153 2505 3343 2561 debes.
3388 2528 3411 2555 ιο

1820 2581 1900 2633 Ne
1930 2580 2185 2632 videatur
2199 2576 2425 2645 indigne
2446 2576 2514 2628 de
2532 2575 2625 2628 illo
2647 2575 2874 2639 sentire.
2902 2577 3048 2646 quod
3070 2594 3182 2630 non
3211 2579 3418 2632 audeat

1818 2651 1993 2704 libere
2028 2650 2210 2719 ipsum
2262 2647 2477 2717 precari
2518 2663 2617 2719 pro
2659 2646 2987 2719 remissione
3038 2647 3225 2702 furtia
3256 2666 3416 2703 servo

1819 2717 2101 2775 commissi
2119 2730 2269 2784 (nam
2292 2720 2393 2783 hac
2423 2717 2705 2771 crudelem
2739 2718 3151 2787 quodammodo
3179 2719 3415 2776 demon-

1820 2798 2026 2846 straret
2048 2791 2471 2857 Philemonem),
2500 2789 2746 2842 ostendit
2773 2790 2923 2859 quod
2966 2790 3326 2845 vehementer
3346 2793 3415 2845 de

1821 2864 1941 2933 ipso
1969 2863 2231 2917 confidat.
2261 2863 2383 2915 Non
2413 2861 2616 2933 solum,
2636 2860 2837 2930 inquit.
2874 2877 2996 2930 quae
3020 2867 3121 2915 tua
3142 2867 3292 2927 sunt,
3317 2863 3417 2917 sed

1820 2931 1877 2988 et
1894 2935 2138 3005 teipsum
2170 2931 2536 3005 mihiidebes,
2580 2940 2809 3005 propter
2848 2948 3167 3005 sermonem
3214 2951 3417 3005 nempe

1820 3003 2046 3066 Christi.
2073 3021 2237 3075 quem
2270 3004 2371 3057 tibi
2406 3003 2796 3076 evangelizavi.
2847 3003 3128 3076 Poteram,
3161 3003 3413 3076 inquam,

1819 3096 1884 3130 eo
1920 3079 2049 3147 jure
2078 3074 2180 3139 uti,
2216 3075 2312 3129 sed
2362 3075 2534 3139 nolui,
2571 3079 2635 3127 ut
2672 3074 2987 3128 mercedem
3034 3074 3419 3147 habeasiigno-

1818 3149 2041 3203 scendo.

1898 3241 1921 3275 α
1958 3221 2045 3273 Ita
2098 3217 2273 3271 frater
2317 3233 2420 3285 ego
2448 3222 2503 3269 te
2545 3216 2701 3269 fruar
2729 3216 2787 3268 in
2834 3216 3092 3271 Domino.
3122 3237 3146 3269 ι)
3198 3219 3307 3272 Pro
3336 3219 3417 3273 ita

1820 3300 2009 3352 Graece
2052 3303 2154 3360 est,
2188 3290 2294 3361 ναὶ,
2342 3296 2491 3365 quod
2539 3295 2896 3359 aflirmantis,
2938 3296 3053 3349 sive
3086 3296 3420 3352 obtestantis

1821 3376 1905 3423 est
1943 3368 2287 3423 adverbium.
2314 3368 2691 3436 Hieronymus
2720 3368 2954 3420 adnotat
2983 3385 3103 3421 esse
3132 3368 3420 3424 blandien-

1818 3443 1909 3503 tis,
1945 3442 2107 3511 quale
2140 3439 2269 3508 quid
2312 3445 2369 3490 et
2397 3437 2592 3511 reliqui
2624 3438 3015 3511 commentarii
3046 3444 3159 3511 tam
3180 3439 3419 3493 Ambro-

1821 3514 1885 3564 sii
1910 3509 2077 3581 quam
2103 3511 2422 3581 Graecorum
2453 3509 2827 3581 subindicant.
2855 3510 3011 3581 Unde
3028 3510 3107 3562 sic
3128 3526 3416 3581 commen-

1822 3579 1976 3636 tatur
2006 3583 2093 3635 hic
2121 3579 2447 3633 Ambrosius
2480 3596 2494 3628 :
2529 3579 2691 3631 Modo
2711 3579 3011 3643 blanditur,
3037 3586 3099 3632 ut
3129 3580 3417 3635 obauditio

1824 3656 1944 3723 ejus
1974 3651 2285 3706 voluntaria
2318 3651 2410 3723 sit,
2454 3656 2515 3702 ut
2544 3650 2720 3721 possit
2764 3649 3007 3703 fructum
3050 3649 3272 3715 habere,
3309 3659 3415 3705 etc.

1824 3722 1979 3779 Unde
2011 3725 2246 3800 adnotat
2292 3722 2665 3800 Hieronymus
2716 3737 2825 3800 non
2860 3737 3243 3800 posseﬁvocem
3275 3723 3419 3777 hanc

1823 3797 2110 3849 commode
2132 3794 2327 3847 Latina
2352 3810 2479 3845 voce
2516 3792 2777 3861 exprimi;
2828 3791 2971 3844 sicut
3017 3791 3195 3845 Graeci
3228 3810 3419 3848 vocem

1827 3876 2115 3928 llzebream
2142 3881 2287 3934 nas
2308 3889 2417 3924 non
2450 3878 2754 3942 potuerunt
2792 3871 3083 3924 commode
3118 3874 3420 3929 transferre

1824 3955 1917 4007 sed
1937 3955 2129 4021 legunt
2146 3971 2244 4023 pro
2259 3953 2371 4016 illa,
2400 3973 2418 3997 ι
2440 3951 2688 4004 obsecro.
2713 3970 2737 4003 »
2752 3951 3050 4004 Tractatur
3065 3958 3251 4006 autem
3270 3953 3418 4009 istud

1826 4025 1894 4077 ab
1912 4024 2225 4093 Augustino
2241 4024 2461 4093 quando
2475 4023 2725 4093 disputat
2736 4023 3015 4092 quomodo
3034 4026 3183 4078 utiet
3202 4030 3324 4087 frui
3339 4026 3420 4079 in—

1826 4102 1981 4149 terse
1993 4095 2270 4148 differant.
2292 4094 2576 4164 Imprimis
2588 4100 2777 4147 autem
2791 4094 2859 4147 de
2872 4094 3127 4149 doctrina
3155 4096 3420 4151 Christia-

1828 4167 2102 4237 nacap.4.
2130 4174 2187 4219 et
2212 4165 2578 4238 similiterlib.
2618 4166 3072 4238 l.XXXlIIQl1€BSt.,
3106 4174 3284 4238 quaest
3328 4168 3414 4224 30.

1828 4240 1982 4319 Frui,
2016 4237 2167 4297 dicit.
2194 4256 2313 4291 esse
2344 4237 2511 4289 alicui
2552 4237 2633 4290 rei
2669 4237 3176 4321 amore.in'hzerere‘
3187 4248 3419 4321 propter

1826 4311 2103 4380 seipsum;
2138 4312 2223 4360 uti
2247 4316 2455 4371 autem,
2484 4314 2711 4380 propter
2731 4309 2902 4361 aliud.
2940 4310 3008 4362 Et
3033 4309 3237 4363 similia
3250 4309 3420 4364 habet

1826 4380 1954 4451 libri
1987 4380 2234 4450 ejusdem
2267 4381 2335 4433 de
2367 4381 2550 4432 Doctr.
2599 4381 2801 4433 Christ.
2838 4397 2959 4449 cap.
2994 4380 3080 4445 2?,
3124 4386 3180 4432 et
3203 4381 3272 4434 de
3301 4381 3419 4434 Tri-

1828 4448 2025 4511 nitate.
2049 4452 2141 4504 lib.
2169 4469 2220 4515 x,
2255 4468 2374 4520 cap.
2426 4451 2504 4504 10.
2541 4451 2697 4512 Quod
2728 4448 2923 4503 tamen,
2945 4451 3267 4520 frequenter
3294 4453 3420 4518 frui

1825 4523 2045 4576 dicatur
2084 4539 2206 4576 cum
2264 4522 2633 4574 delectatione
2675 4522 2775 4581 uti.
2807 4521 2974 4574 habet
3006 4521 3153 4573 idem
3208 4522 3418 4576 ibidem

1825 4612 1944 4665 cap.
1982 4594 2068 4658 33,
2091 4594 2183 4645 sed
2212 4593 2515 4663 improprie
2538 4593 2833 4665 concludit,
2859 4593 3047 4665 itaque
3073 4593 3419 4665 quandoqui-

1824 4662 1950 4719 dem
1985 4666 2149 4717 homo
2168 4662 2473 4735 propter'se
2487 4680 2597 4715 non
2619 4663 2693 4715 sit
2714 4662 3046 4735 diligendus.
3073 4664 3169 4716 sed
3189 4662 3420 4735 propter

1826 4737 1995 4799 aliud.
2018 4735 2242 4807 homine
2260 4734 2524 4807 nimirum
2546 4734 2765 4807 proprie
2796 4734 2923 4807 frui.
2951 4734 3089 4807 Cum
3122 4734 3313 4807 itaque
3340 4736 3419 4790 illi

1826 4808 2116 4860 sententia:
2137 4806 2357 4861 obstare
2378 4805 2659 4858 videretur
2683 4805 2836 4857 locus
2866 4804 2989 4871 iste,
3022 4804 3257 4861 citatum
3289 4824 3419 4861 eum

1827 4880 1943 4958 ipse
1961 4879 2039 4930 sic
2070 4878 2250 4958 solvit.
2277 4877 2570 4958 quodcum
2600 4876 2769 4958 addit.
2793 4897 2814 4925 ‹
2842 4876 2895 4928 in
2932 4877 3188 4945 Domino,
3211 4904 3230 4923 η
3266 4880 3418 4958 Apo-

1828 4951 2003 5003 stolus
2031 4950 2167 5003 satis
2200 4948 2413 5002 indicat
2436 4966 2495 5001 se
2525 4948 2579 5000 in
2622 4948 2847 5000 homine
2880 4964 3035 5003 spem
3066 4964 3176 5001 non
3209 4948 3419 5003 conSti-

1829 5030 2004 5074 tuere.
2021 5024 2157 5074 Cum
2177 5022 2344 5081 enim.
2362 5019 2560 5089 inquit,
2588 5018 2811 5071 homine
2830 5019 2885 5071 in
2908 5018 3020 5072 Deo
3054 5019 3277 5085 frueris,
3303 5021 3418 5074 Deo

1827 5093 2012 5164 potius
2044 5110 2209 5162 quam
2254 5091 2498 5164 homine
2527 5090 2745 5164 frueris.
2782 5091 3019 5164 Sensum
3051 5097 3240 5164 autem
3270 5092 3421 5145 hunc

1825 5161 2103 5235 explicant
2131 5163 2326 5226 Grazci,
2355 5168 2410 5214 et
2430 5161 2631 5235 alludit
2662 5162 2731 5235 ad
2768 5177 2895 5235 eum
2930 5161 3098 5213 etiam
3128 5161 3418 5235 _IIierony-

1822 5232 1946 5290 mus
1976 5255 1986 5288 :
2022 5237 2199 5290 Fruor
2229 5252 2330 5303 ego
2360 5240 2417 5287 te
2445 5234 2501 5287 in
2534 5233 2791 5296 Domino,
2825 5232 2879 5284 id
2911 5238 2996 5285 est
3020 5232 3237 5302 capiam
3266 5250 3330 5288 ex
3356 5232 3417 5288 te

1822 5308 2175 5360 commodum
2208 5302 2454 5358 inirebus
2477 5321 2599 5374 quae
2630 5303 2937 5357 secundum
2958 5302 3245 5357 Christum
3261 5311 3411 5371 sunt,

1820 5380 2065 5432 delector
2098 5378 2208 5430 tuis
2232 5376 2509 5447 praeclaris
2540 5375 2596 5428 in
2618 5374 3169 5447 ADomino‘operibus,
3200 5376 3417 5430 videam

1822 5468 1924 5519 ego
1949 5456 2003 5503 te
2047 5445 2411 5501 ditescentem
2455 5445 2915 5519 omnibus‘bonis
2963 5446 3329 5519 spiritalibus,
3363 5453 3420 5501 et

1823 5517 1901 5573 sic
1924 5522 1982 5593 id
2018 5520 2165 5593 quod
2196 5519 2450 5589 sequitur
2469 5518 2578 5571 erit
2607 5517 3019 5588 quodammodo
3054 5518 3218 5572 istius
3248 5519 3419 5589 expli—

1824 5592 1989 5645 catio.

1903 5690 1927 5720 α
1962 5672 2145 5723 Refice
2172 5670 2382 5723 viscera
2414 5686 2537 5722 mea
2580 5669 2638 5721 in
2670 5668 2914 5721 Christo.
2944 5687 2968 5720 »
3010 5669 3231 5739 Repetit
3270 5669 3419 5723 idem

1828 5741 1973 5823 quod
2004 5758 2191 5823 supra,
2215 5748 2279 5795 ut
2300 5740 2761 5823 magis‘ai‘fectum
2778 5741 2900 5823 ejus
2915 5747 3151 5823 moveat,
3174 5739 3269 5792 ubi
3290 5756 3420 5794 eum

1825 5810 1932 5866 sibi
1950 5810 2325 5870 tam’charum
2342 5812 2714 5883 intelligeret;
2747 5818 2835 5867 est
2860 5811 3037 5882 igitur
3061 5810 3211 5865 idem
3221 5826 3419 5865 sensus
