3848 6164
417 251 520 310 847
1021 253 1084 306 Β.
1125 251 1397 306 ΒΑΒΑΝΙ
1435 251 1666 306 MAURI
1703 251 1936 306 ARCHI:

2088 251 2406 307 MOGUNT.
2449 251 2748 308 OPERUM
2785 253 2983 308 PARS'
3005 254 3080 309 III
3525 263 3607 318 848

421 378 518 449 qui
537 393 710 449 supra
740 395 752 432 :
783 375 1054 431 Refocilla
1072 392 1257 449 meam
1271 393 1410 449 erga
1434 383 1490 431 te
1519 376 1875 449 dilectionem
1889 372 2014 447 pro-
2028 378 2072 436 Α
2098 382 2164 449 et
2178 376 2360 430 Graeci
2372 377 2600 446 quidem
2612 377 2701 430 vix
2715 377 3025 449 attingunt:
3048 377 3395 449 Hieronymus
3408 384 3610 440 multum

420 446 548 520 pter
566 446 882 514 Christum;
906 464 1016 500 non
1045 446 1341 504 mihienim
1353 446 2008 518 beneﬁciumimpendes,
2095 447 2313 520 laborat
2340 467 2350 500 :
2379 449 2550 520 iaﬂ'ert
2579 455 2768 501 autem
2805 447 3046 519 primum
3083 446 3311 502 fabulam
3339 455 3608 520 quamdam.

417 518 516 574 sed
543 521 784 594 Christo.
888 590 898 594 _
1005 590 1020 594 _
1094 592 1127 594 υ
1238 590 1248 594 _
1542 591 1552 594 _
1631 591 1641 594 _
1893 589 1903 594 _
2093 518 2171 594 sic
2203 519 2492 594 enimﬁipse
2515 520 2780 594 appellat,
2801 518 2914 594 qua
2936 520 3133 594 annuit
3161 518 3611 594 parentesapostoli

494 610 518 643 (‹
551 591 850 645 Conﬁdens
885 590 942 644 in
971 590 1289 645 obedientia
1319 595 1418 644 tua
1449 591 1644 661 scripsi
1675 589 1796 656 tibi,
1831 589 2010 644 sciens
2093 589 2250 642 Pauli
2274 590 2342 642 de
2362 589 2585 643 Siscalis
2614 589 2842 659 regione
2879 590 3046 643 fuisse
3075 589 3282 657 Iudaea},
3311 599 3362 645 et
3387 589 3485 659 eos,
3511 614 3614 651 cum

423 662 738 735 (quoniam
783 669 841 716 et
896 679 1066 734 super
1119 663 1196 726 id,
1229 663 1374 735 quod
1413 662 1556 735 dico,
1610 661 1796 714 facies.
1832 680 1857 713 υ
1893 662 2010 716 Hoc
2092 661 2515 735 totaprovincia
2552 663 2817 735 Romana
2842 667 3169 735 vastaretur,
3200 669 3253 715 et
3279 663 3615 735 dispergeren-

417 731 584 814 modo
605 740 867 814 provocat
879 731 1038 814 _euin,
1061 738 1128 814 ut
1153 731 1395 814 amplius
1423 733 1598 814 faciat
1622 749 1790 814 quam
1820 738 2009 814 pestu-
2090 738 2186 814 tur
2215 732 2271 785 in
2325 731 2515 814 orbem
2563 733 2760 798 Judaei,
2805 731 2861 785 in
2919 733 3206 814 Tharsum,
3237 731 3416 814 urbem
3449 731 3616 793 Cilicia

418 805 568 858 latur
586 802 656 858 ab
685 821 770 858 eo.
804 805 959 859 Solet
985 805 1135 858 enim
1156 802 1278 857 ﬁeri
1309 810 1372 857 ut
1389 805 1483 874 qui
1513 804 1663 856 videt
1681 802 1917 858 bene'de
1949 822 2007 856 se
2089 802 2260 856 fuisse
2283 804 2605 864 translatos,
2643 809 2940 873 parentum
2969 804 3488 860 conditionemetiam
3509 809 3620 862 Pau-

416 875 630 948 sentiri,
665 875 956 948 meliorem
987 893 1046 929 se
1061 875 1407 948 praebeat,iet
1436 875 1670 946 proinde
1691 875 1738 928 si
1783 875 1887 948 scit
1915 875 2006 928 ille
2090 874 2206 948 lum
2233 875 2405 928 fuisse
2426 882 2698 948 secutum,
2725 881 2781 928 et
2807 875 2886 928 sic
2915 892 3074 944 posse
3094 877 3406 948 starequod
3441 877 3541 948 ipse
3564 881 3617 934 de

417 947 513 1018 qui
543 947 790 1029 postulat
807 948 934 1029 plus
954 945 1122 1028 quam
1155 947 1370 1029 rogavit
1403 945 1662 1016 regatum
1692 946 2010 1029 esse‘factu-
2091 945 2273 1027 seipso
2291 951 2552 1029 testatur,
2591 946 2885 1029 Hebraeum
2915 963 2972 998 se
3007 963 3209 1029 esseex
3246 945 3488 1029 Hebrmis,
3516 967 3616 1004 cum

419 1016 566 1083 rum,
597 1017 724 1071 ideo
743 1016 1154 1089 minora’petit,
1186 1025 1249 1089 ut
1270 1017 1476 1070 habeat
1504 1023 1734 1086 rogatus
1753 1017 2008 1070 volunta-
2092 1017 2307 1069 caeteris
2329 1033 2451 1089 quae
2473 1017 2631 1089 illum
2647 1019 3016 1071 Tharsensem
3037 1016 3294 1070 indicant.
3317 1019 3458 1081 Quod
3476 1021 3514 1072 si
3540 1021 3616 1085 ita,

415 1089 560 1170 riam
581 1093 638 1142 et
656 1089 925 1170 majorem
957 1087 1313 1170 praestatione
1341 1089 1678 1170 mercedem:
1689 1089 1807 1170 _Hoc
1821 1094 2010 1142 autem
2093 1104 2409 1169 possumus,
2427 1088 2628 1158 inquit,
2643 1095 2710 1170 et
2733 1089 3410 1170 Epaphramillotempore
3435 1099 3620 1170 captum

416 1165 551 1232 nota
579 1160 730 1230 quod
758 1177 928 1232 super
956 1159 1012 1214 id
1039 1160 1187 1232 quod
1230 1159 1353 1213 dico
1384 1159 1537 1214 aliud
1565 1159 1704 1212 nihil
1741 1159 1814 1212 sit
1842 1176 2011 1230 quam
2093 1159 2390 1232 suspicari,
2407 1165 2727 1232 quocaptus
2752 1165 2840 1212 est
2870 1160 3098 1232 Paulus,
3126 1165 3319 1212 etcum
3348 1159 3622 1230 parentibus

415 1231 543 1303 plus
557 1229 728 1303 quam
755 1229 897 1285 dico.
1055 1229 1075 1232 “
1325 1302 1350 1303 η
1386 1301 1393 1303 _
1590 1301 1598 1303 _
1637 1301 1644 1303 _
1859 1229 1894 1303 λ
1961 1301 1968 1303 _
2093 1231 2149 1284 in
2182 1229 2424 1283 Colossis
2452 1229 2588 1282 urbe
2621 1230 2766 1284 Asiae
2802 1231 3150 1303 collocatum,
3171 1229 3372 1303 _postea
3401 1233 3624 1303 Christia-

493 1321 519 1353 «
554 1300 734 1356 Simul
761 1309 950 1356 autem
975 1308 1034 1356 et
1076 1319 1215 1372 para
1259 1301 1400 1355 mihi
1444 1301 1768 1372 hospitium.
1805 1321 1834 1352 ι)
1867 1301 2011 1365 Quia
2094 1319 2228 1356 num
2250 1303 2457 1354 factum
2489 1319 2628 1353 esse.
2667 1303 2783 1354 Hoc
2805 1301 2850 1354 si
2882 1301 2963 1355 ita
3005 1319 3064 1355 se
3098 1300 3312 1361 habeat,
3351 1302 3501 1355 etiam
3529 1305 3625 1357 Ari-

418 1373 692 1444 suspicari
722 1373 998 1444 potuisset
1035 1372 1348 1436 Philemon,
1373 1373 1505 1444 nisi
1554 1372 1802 1427 Onesimi
1841 1389 2012 1426 causa
2092 1373 2366 1444 starchus.
2400 1389 2527 1425 cum
2558 1372 2614 1425 in
2644 1373 2794 1444 dicta
2811 1373 3066 1444 Epistola
3085 1373 3422 1443 concaptivus
3439 1375 3543 1443 ejus
3557 1375 3625 1429 di-

417 1443 749 1515 scripsisset,
781 1461 852 1498 ne
879 1443 1045 1498 verbo
1074 1445 1300 1515 quidem
1329 1443 1592 1514 dignatus
1611 1461 1698 1497 me
1711 1449 1859 1497 esset
1872 1445 2012 1497 Pau-
2092 1445 2255 1509 citur,
2291 1443 2358 1496 ad
2399 1444 2654 1496 eamdem
2687 1443 3118 1515 intelligentiam
3161 1445 3458 1498 reducetur.
3483 1446 3622 1511 Alios,

417 1514 703 1585 lus,’hanc
733 1514 1108 1587 suspicionem
1137 1515 1356 1587 diluens
1381 1533 1398 1587 :7
1434 1515 1558 1568 Non
1603 1521 1830 1587 propter
1850 1515 2009 1568 illum
2092 1516 2319 1587 indicat,
2365 1515 2712 1587 reconditum
2755 1514 3054 1587 aliquidiet
3093 1521 3360 1587 secretum
3399 1515 3452 1569 in
3491 1517 3625 1571 verbo

417 1585 1061 1658 tantummodoiscripsi,
1100 1586 1534 1658 inquit,sedeam
1564 1585 1734 1639 etiam
1765 1585 1836 1638 ob
1865 1603 2004 1658 rem,
2090 1585 2431 1658 captivitatis
2458 1585 2812 1658 intelligere,
2841 1586 2984 1654 quod
3019 1586 3166 1656 capti
3197 1586 3396 1656 pariter
3421 1593 3470 1640 et
3491 1587 3624 1641 vincti

417 1663 485 1711 ut
504 1673 668 1728 pares
690 1657 2003 1728 mihihosﬁtiumﬁotantautemcommentarii,
2090 1657 2147 1711 in
2171 1658 2312 1710 valle
2369 1657 2592 1728 adducti
2637 1657 2749 1728 sint
2801 1657 3198 1728 lacrymarum.
3259 1658 3450 1710 Verum
3496 1675 3550 1711 ex
3574 1675 3624 1711 eo

415 1727 535 1783 tam
546 1729 866 1784 Graecorum
881 1727 1048 1799 quam
1062 1728 1410 1790 Latinorum,
1425 1733 1481 1780 et
1503 1728 1854 1798 potissimum
1869 1728 2003 1781 Hie-
2025 1735 2070 1793 Β
2090 1729 2238 1799 quod
2267 1727 2520 1780 additum
2551 1727 2625 1799 sit
2652 1727 2761 1790 hic,
2795 1727 2852 1781 in
2867 1727 3093 1782 Christo
3121 1729 3149 1781 J
3155 1745 3250 1780 esu
3281 1736 3518 1782 neutrum
3535 1730 3626 1799 pla-

417 1816 705 1872 ronymus,
729 1798 1058 1872 Apostolum
1085 1815 1197 1872 non
1227 1799 1841 1872 tantispfuissesarcinis
1870 1816 2004 1872 one-
2088 1798 2176 1853 cet
2198 1817 2208 1850 :
2231 1815 2528 1872 possumus
2547 1798 2744 1872 itaque
2768 1799 3070 1872 suspicari,
3099 1799 3295 1872 inquit,
3321 1801 3496 1872 eadem
3523 1798 3624 1872 eum

417 1869 632 1953 ratum,
647 1869 1182 1953 utpraeparando
1198 1870 1660 1953 agerethospitio,
1675 1871 1772 1923 sed
1794 1871 2007 1953 utdqm
2087 1869 2276 1953 139m
2297 1887 2396 1940 pro
2427 1869 2650 1923 Christo
2685 1869 2904 1953 vincula
2929 1870 3268 1953 sustinuisse
3291 1887 3411 1953 quae
3439 1871 3624 1952 Paulus.

418 1947 703 2012 exspectat
721 1941 1013 1996 Philemon
1035 1941 1105 1995 ad
1125 1959 1184 1995 se
1206 1941 1327 1994 esse
1353 1945 1671 2005 venturum,
1706 1941 1884 2011 magis
1921 1942 2006 1994 fa-
2087 1943 2170 1995 Ad
2205 1958 2371 2012 quem
2399 1957 2623 1994 sensum
2647 1942 2890 1994 multum
2925 1941 3104 1998 Graeci
3147 1943 3424 2000 accedunt.
3455 1959 3562 1996 cum
3583 1943 3626 1994 in

417 2013 529 2066 ciat
572 2013 718 2083 quod
760 2020 989 2083 rogatus
1025 2019 1127 2066 est.
1188 2013 1246 2067 Si
1271 2018 1480 2079 autem,
1507 2012 1664 2065 addit
1692 2012 1860 2074 idem,
1895 2029 2005 2066 non
2089 2013 2236 2066 hunc
2267 2014 2448 2065 locum
2487 2019 2944 2065 commentantur
2985 2013 3092 2066 hoc
3135 2013 3318 2066 modo.
3362 2014 3453 2066 His
3478 2012 3627 2066 verbis

417 2083 824 2166 dj‘spe‘risaterie
851 2084 948 2138 sed
981 2101 1109 2137 vere
1139 2083 1264 2154 quis
1285 2083 1566 2166 existimat
1583 2083 1922 2164 imperatum
1943 2090 2008 2136 ut
2089 2084 2272 2166 ipsum
2301 2084 2519 2164 pudore
2535 2083 2722 2147 afﬁcit,
2745 2083 2792 2136 si
2814 2084 3106 2166 Epaphras
3134 2085 3300 2166 etiam
3327 2101 3431 2166 una
3473 2101 3628 2164 secum

417 2153 876 2226 sibiihospitium
923 2153 1284 2226 praepararet,
1332 2155 1597 2226 Apostolo
1628 2155 1807 2224 magis
1837 2172 2004 2224 quam
2089 2153 2306 2208 vinctus
2335 2161 2474 2226 erat,
2507 2154 2624 2224 ipse
2654 2171 2783 2207 vero
2803 2153 2874 2208 ne
2893 2153 3139 2226 gratiam
3170 2155 3386 2226 quidem
3415 2157 3468 2208 in
3485 2155 3628 2226 susci-

418 2225 593 2280 Paulo
621 2219 1534 2297 hospitium'praeparandum-erat.
1562 2219 2006 2280 Venturusenim
2090 2226 2294 2297 piendo
2315 2219 2576 2280 Onesinio
2595 2219 3005 2348 Eraestaretilli,
3032 2227 3131 2298 qui
3153 2219 3254 2298 pro
3275 2227 3484 2280 nomine
3502 2225 3629 2279 Chri-

418 2297 487 2348 ad
517 2300 719 2348 novam
756 2295 1058 2348 civitatem.
1105 2296 1506 2348 nraadicaturus
1563 2296 1920 2348 Crucilixum.
1952 2303 2010 2348 et
2091 2297 2162 2348 sti
2187 2297 2439 2348 cantivus
2468 2303 2596 2348 tene
2635 2302 2786 2348 atur.
2827 2295 2834 2304 “

417 2297 487 2350 ad
517 2295 1080 2362 novam—civitatem,'
1105 2296 1506 2367 praedicaturus
1563 2296 1920 2359 Crucilixum,
1952 2303 2010 2349 et
2090 2295 2162 2351 sti
2187 2297 2439 2367 captivus
2468 2295 2786 2350 tenebatur.
2827 2295 2834 2304 “

417 2367 557 2422 Novi
583 2368 927 2422 Testamenti
971 2368 1254 2437 dogmata,
1308 2367 1502 2421 scribit
1542 2368 1612 2420 ad
1641 2385 1700 2421 se
1737 2367 2008 2438 plurimos
2167 2390 2187 2416 α
2207 2369 2445 2429 Marcus,
2469 2368 2845 2430 Aristarchus,
2871 2369 3079 2421 Demas
3097 2375 3152 2421 et
3182 2370 3371 2434 Lucas,
3391 2368 3632 2437 adjutores

417 2455 803 2510 concursuros,
835 2444 892 2492 et
921 2439 1000 2510 ita
1021 2456 1264 2510 necesse
1293 2445 1417 2492 erat
1441 2438 1684 2509 primum
1718 2446 1780 2492 ut
1808 2439 2010 2510 domus
2095 2460 2118 2489 (ι
2145 2439 2274 2492 mei.
2301 2459 2320 2488 ι
2340 2439 2680 2492 Marcusiste
2707 2439 2800 2492 ille
2832 2439 3023 2509 estqui
3050 2441 3404 2508 Evangelium
3421 2439 3630 2510 scripsit:

414 2508 474 2562 in
504 2509 707 2563 celebri
737 2515 886 2564 esset
908 2509 1062 2580 urbis
1091 2511 1231 2574 loco,
1264 2510 1334 2563 ad
1365 2508 1531 2580 quem
1554 2510 1714 2562 facile
1743 2509 2007 2563 conveni-
2089 2511 2399 2564 Aristarchi
2444 2510 2500 2562 in
2555 2511 2802 2580 Epistola
2854 2510 2924 2563 ad
2951 2508 3316 2565 'Colossenses
3346 2513 3406 2564 ﬁt
3440 2508 3632 2564 mentio.

416 2586 594 2652 retur.
634 2581 846 2636 Deinde
867 2587 931 2652 ut
966 2579 1036 2634 ab
1071 2581 1222 2634 omni
1253 2579 1677 2651 importunitate
1707 2598 1912 2634 vacua:
1947 2587 2011 2634 ut
2093 2582 2238 2652 quod
2279 2579 2635 2652 concaptivus
2683 2580 2840 2634 Pauli
2895 2581 3068 2652 fuerit
3102 2601 3112 2634 :
3150 2583 3296 2635 sicut
3321 2583 3406 2635 hic
3430 2581 3558 2633 idem
3579 2581 3635 2652 de

416 2651 621 2722 ampla,
645 2665 766 2726 quae
784 2651 1052 2726 plprimos
1081 2658 1306 2722 caperet
1327 2650 1734 2726 audientes,ene
1755 2652 2010 2726 proxima
2095 2650 2354 2726 Epaphra
2381 2650 2602 2705 dicitur.
2656 2653 2860 2726 Demeas
2905 2651 3052 2726 ide_m
3103 2659 3189 2726 est
3226 2655 3379 2722 cujus
3408 2652 3556 2726 etiam
3577 2650 3635 2703 ibi

416 2722 861 2792 spectaculorum
902 2722 1067 2786 ludis,
1100 2739 1171 2775 ne
1209 2723 1359 2792 turpi
1391 2723 1592 2787 vicinia
1635 2722 2000 2776 detestabilis.
2091 2722 2366 2784 meminit,
2411 2729 2469 2778 et
2503 2739 2728 2776 rursum
2783 2725 2831 2776 II
2875 2723 2944 2776 ad
2976 2723 3373 2777 Timoth.ult.:
3409 2743 3430 2773 ι
3470 2724 3638 2776 Demas

419 2793 713 2864 Postremo
739 2799 803 2848 ut
823 2793 881 2846 in
901 2793 1070 2864 plano
1095 2793 1280 2863 potius
1310 2800 1457 2846 esset
1475 2794 1582 2846 sita
1611 2811 1780 2864 quam
1810 2794 1866 2847 in
1894 2811 2004 2847 coe-
2088 2812 2177 2848 me
2210 2795 2436 2864 reliquit
2458 2794 2696 2863 diligens
2716 2795 2820 2848 hoc
2844 2795 3133 2848 saeculum.
3167 2817 3187 2843 ι
3207 2796 3378 2849 Lucas
3405 2801 3483 2847 est
3501 2809 3637 2864 evan:

416 2863 640 2936 naculo:
659 2863 841 2926 Quam
861 2863 931 2917 ob
944 2879 1172 2936 causam
1198 2880 1326 2936 eum
1356 2864 1612 2918 existimo
1629 2863 1802 2919 etiam
1819 2866 2006 2919 Romae
2086 2866 2308 2934 gelista.
2335 2863 2438 2935 qui
2469 2871 2525 2918 et
2549 2868 2719 2918 Actus
2747 2865 3083 2936 conscripsit
3110 2863 3638 2936 apostolorum,Pauli

413 2933 475 2988 in
502 2934 776 3007 conducto
822 2933 1093 3007 mansisse
1121 2933 1366 3007 biennio,
1400 2951 1500 2988 nec
1533 2952 1722 3007 parva,
1768 2943 1832 2989 ut
1859 2953 2004 3000 reor,
2089 2933 2408 2990 individuus
2429 2954 2632 2990 comes.
2679 2937 2754 2990 Eo
2791 2933 2986 2990 autem
3011 2933 3163 3007 quod
3188 2938 3276 2990 hic
3295 2939 3510 2992 Demam
3537 2951 3638 2988 cum

415 3010 551 3078 erat,
571 3005 810 3078 mansio,
841 3005 912 3058 ad
965 3021 1134 3076 quam
1172 3005 1492 3060 Iudaeorum
1532 3005 1712 3059 turbte
1761 3007 2009 3077 quotidie
2091 3008 2322 3078 reliquis
2339 3007 2981 3077 adhucinteradjutores
3011 3005 3149 3061 suos
3168 3010 3479 3073 constituat,
3502 3021 3637 3078 quem

412 3075 789 3158 configebant.
840 3146 851 3158 .
987 3075 990 3076 ⁷
1213 3146 1245 3158 ι.
1539 3154 1544 3158 ι
1707 3149 1722 3158 _
1778 3075 1796 3077 ⁷
1872 3148 1883 3158 Ι
2025 3099 2068 3158 C
2090 3078 2147 3132 in
2172 3075 2426 3158 Epistola
2440 3079 2510 3158 ad
2524 3075 2879 3158 Timotheum
2897 3078 3032 3158 dicit
3047 3095 3110 3132 se
3140 3080 3444 3158 reliquisse,
3473 3075 3574 3158 aut,
3593 3083 3642 3158 ut

489 3164 516 3197 ((
539 3146 914 3220 _Spei‘oienim
962 3146 1388 3220 perorationes
1436 3154 1647 3202 vestras
1675 3148 1888 3220 donari
1920 3164 2008 3220 me
2028 3146 2068 3158 ’⁸
2091 3146 2319 3220 quidam
2349 3149 2526 3211 aiunt,
2560 3150 2708 3220 quod
2738 3149 2805 3202 ad
2837 3150 3048 3203 cultum
3071 3151 3409 3220 gentilitium
3432 3149 3639 3220 redierit.

422 3217 642 3293 «_vobis.
665 3239 682 3267 ι
721 3217 1010 3293 Colligu_nt
1036 3217 1165 3293 hine
1193 3218 1818 3293 plerique,recen_tiores
1832 3219 2007 3288 potis-
2090 3217 2146 3273 et
2189 3220 2448 3293 sacerdos
2490 3217 2766 3293 idolorum
2795 3221 2976 3293 factus
3003 3217 3103 3286 sit,
3131 3230 3233 3276 aut
3269 3222 3410 3293 quod
3441 3219 3642 3293 propria:

415 3288 642 3361 simum,
659 3289 898 3361 etetiam
924 3289 1251 3361 Primasius,
1265 3289 1431 3342 simul
1450 3307 1578 3343 cum
1603 3289 1697 3342 illo
1728 3306 2007 3343 commen-
2089 3291 2269 3361 magis
2289 3291 2669 3345 commoditati
2684 3299 2741 3345 ct
2757 3291 2870 3346 otio
2899 3293 3202 3351 studuerit,
3237 3288 3390 3347 notat
3412 3288 3493 3345 hic
3515 3288 3645 3345 (Ecu-

415 3359 580 3434 tario,
595 3359 690 3430 qui
705 3359 1370 3434 Hieronymoascribitur,
1394 3377 1560 3434 quem
1587 3361 1849 3434 eumdem
1877 3378 2006 3434 cum
2089 3359 2338 3434 menius,
2355 3363 2500 3432 quod
2531 3363 2578 3415 si
2599 3363 2696 3416 illa
2717 3364 2787 3416 ad
2804 3363 3168 3418 Timotheum
3196 3365 3347 3434 prior
3365 3363 3523 3418 fuerit
3539 3362 3639 3414 ista.

414 3430 511 3506 illo
531 3446 653 3484 esse
673 3430 956 3506 egistimo,
975 3430 1716 3506 scriptam_hanciepistelan1
1749 3432 1806 3506 in
1835 3432 2006 3506 priori
2089 3430 2444 3506 postmodum
2468 3434 2768 3506 resipuisse
2791 3435 2865 3506 ;si
2880 3451 3017 3506 ivero
3034 3430 3645 3506 postei-ior,posteaApo-

415 3501 512 3555 illa
539 3501 879 3574 captivitate,
896 3501 964 3555 de
986 3517 1097 3572 qua
1116 3501 1255 3574 inill
1283 3501 1626 3574 adiTimoth.
1650 3521 1660 3554 :
1689 3523 1709 3552 ι
1748 3505 1811 3558 In
1829 3501 2012 3574 prima
2089 3501 2296 3558 stolam
2320 3501 2632 3574 reliquisse.
2651 3506 2773 3558 Non
2804 3501 3284 3560 videtur—interim
3316 3501 3644 3560 dubitandum

415 3588 544 3648 mea
571 3572 1089 3648 detensionepemo
1110 3572 1248 3625 mihi
1277 3573 1491 3639 adfuit;
1531 3593 1552 3623 ι
1582 3575 1745 3644 quale
1777 3572 1924 3645 quod
1955 3579 2012 3626 et
2094 3575 2229 3648 quin
2251 3576 2367 3629 haec
2397 3572 2551 3648 prior
2579 3576 2652 3648 sit
2673 3576 2784 3636 illa,
2802 3582 2934 3648 tum
2966 3579 3116 3648 quod
3138 3578 3228 3630 hic
3249 3585 3432 3648 sperat
3462 3594 3514 3630 se
3541 3574 3645 3648 libe-

416 3643 794 3720 yieronymus
809 3643 1054 3720 indicat,
1107 3661 1428 3720 quanquam
1459 3643 1745 3720 nontam
1763 3717 1773 3720 _
1793 3643 2008 3720 aperte.
2096 3643 2332 3720 randum
2357 3643 2538 3720 adhuc
2560 3664 2589 3720 e
2609 3643 2999 3720 vinculis.tuni
3020 3649 3170 3718 quod
3194 3643 3384 3720 aperte
3407 3649 3458 3702 id
3480 3646 3645 3700 habeat

415 3713 748 3790 Duopau'tem
767 3714 856 3790 hic
885 3713 1156 3790 discimus
1175 3733 1193 3790 :_
1215 3713 1455 3790 altegum
1489 3715 1637 3786 quod
1663 3717 1738 3770 sit
1761 3713 2012 3790 ins-ervis
2095 3719 2197 3770 hoc
2218 3719 2338 3790 loco
2366 3718 2836 3790 Theophylactus,
2864 3719 3016 3772 illam
3036 3713 3425 3790 proculdubio
3437 3721 3529 3772 hac
3551 3731 3646 3770 esse

415 3785 738 3861 orationum
764 3785 940 3861 virtus
975 3803 986 3838 :
1014 3785 1289 3861 siquidem
1323 3785 1530 3840 Paulus
1559 3793 1752 3861 tantus
1773 3787 2012 3858 talisque
2097 3789 2483 3861 posteriorem.
2503 3785 2644 3842 Cum
2664 3796 2851 3842 autem
2884 3785 3134 3860 appellat
3155 3791 3293 3844 istos
3305 3795 3646 3861 coolieratorcs

416 3872 592 3929 epere
604 3856 864 3929 indigeat
875 3857 1135 3929 illarum:
1168 3858 1429 3929 alterum,
1456 3858 1603 3928 quod
1625 3863 1882 3929 oporteat
1911 3856 2012 3911 nos
2094 3856 2151 3912 et
2179 3859 2466 3928 adjutores
2504 3876 2652 3926 suos,
2685 3856 2933 3914 ostendit
2957 3856 3053 3914 eos
3082 3863 3256 3916 simul
3284 3856 3462 3916 secu’m
3483 3873 3648 3929 rogare

417 3927 618 4003 humili
651 3927 788 4003 esse
803 3927 1024 3998 spiritu,
1051 3927 1274 3998 quando
1295 3927 1520 3999 quidem
1543 3927 1752 3982 Paulus
1774 3929 2013 4000 discipu-
2095 3930 2477 4003 Philemonem
2501 3949 2600 4001 pro
2615 3932 2899 3996 Unesimo,
2918 3949 2981 3986 ac
3001 3933 3048 3985 si
3075 3933 3302 3998 inferat,
3319 3927 3642 4003 Dignum-est.

416 3997 600 4073 lorum
621 3997 904 4073 precibus_
909 3997 1090 4073 egeat.
1312 3997 1327 3999 ἡ
1411 4068 1421 4073 _
1723 4071 1729 4073 _
1841 4071 1849 4073 Α
2096 4001 2286 4073 igitur,
2311 4008 2376 4056 ut
2393 3997 2542 4055 hisce
2571 4003 2742 4056 tantis
2773 4003 2904 4056 viris
2931 4005 3257 4073 gratularis.

494 4088 517 4144 ς
547 4068 768 4144 Salutat
790 4073 843 4121 te
865 4069 1152 4144 Epaphras
1173 4068 1530 4144 co_nea_pt_i_v_us
1549 4071 1776 4125 meusin
1792 4071 2014 4144 Christo
2119 4068 2144 4072 ⁷
2173 4091 2196 4122 ι(
2231 4072 2426 4126 Gratia
2457 4074 2677 4128 Domini
2707 4074 2882 4127 nostri
2913 4068 3045 4128 J'esu
3093 4075 3303 4130 Christi
3340 4093 3458 4129 cum
3485 4072 3649 4144 spiritu

422 4157 450 4192 ο
482 4139 973 4217 Jesu._»_Rursum
1004 4139 1134 4217 _hinc
1164 4139 1376 4208 colligit
1400 4141 1774 4217 Hieronymus
1795 4160 1916 4196 esse

2130 4162 2136 4193 ξ
2167 4149 2284 4217 tuo_.
2301 4146 2581 4217 Aniena.»
2605 4146 2734 4198 Haec
2753 4145 3086 4215 subscriptio
3113 4147 3368 4217 Apostoli
3391 4153 3472 4200 est
3488 4139 3649 4217 c'onfuj

418 4209 539 4296 mu‘l
554 4208 822 4296 scriptum
845 4225 970 4296 eum
1003 4209 1112 4263 ista
1139 4217 1197 4262 et
1223 4227 1323 4280 per
1342 4208 1865 4296 eumdem-missam
1899 4213 2024 4284 Epi-
2106 4215 2315 4296 mantis
2341 4215 2642 4296 Epistulam
2673 4233 2708 4269 a
2725 4208 3063 4296 se‘rnissam.
3088 4224 3152 4271 ut
3167 4208 3300 4296 pote
3327 4217 3418 4296 qui
3445 4217 3548 4269 fere
3573 4211 3650 4266 tali

416 4280 621 4356 stolam
649 4281 720 4334 ad
767 4281 1140 4356 Colessenses,
1201 4297 1267 4333 eo
1296 4281 1446 4356 quod
1475 4282 1532 4336 in
1561 4284 1898 4338 salutatione
1929 4280 2023 4338 ἑο·-
2107 4280 2510 4356 subscriptione
2541 4293 2750 4341 utatur.
2782 4288 2956 4340 Notat
2982 4280 3188 4342 autem.
3209 4289 3298 4342 hic
3321 4280 3652 4356 Hieronymus

419 4353 684 4430 ru_m_dem_
714 4351 1055 4430 meminerit,
1079 4423 1092 4430 _
1115 4368 1353 4422 quorum
1394 4352 1502 4430 hie,
1543 4371 1669 4407 cum
1715 4356 1980 4430 scribitur
2007 4376 2021 4410 :
2107 4357 2254 4427 quod
2284 4351 2427 4410 sicut
2457 4375 2492 4410 a
2523 4359 2757 4430 meliore
2788 4365 2947 4429 parte
2975 4359 3242 4420 hominis,
3271 4359 3445 4430 capite
3465 4351 3648 4426 nempe.

422 4443 445 4474 ι
468 4423 692 4478 Salutat
713 4439 812 4501 γοβ
827 4423 1185 4501 Aristarchus
1213 4423 1570 4501 concaptivus
1599 4432 1855 4501 meus,_ut
1882 4426 2026 4480 Mar—
2108 4423 2814 4501 numeraturprincipatus',
2846 4430 3064 4484 dicente
3088 4423 3378 4501 Scriptura
3404 4447 3414 4480 :
3449 4449 3471 4478 (ι
3495 4423 3652 4481 secun-

417 4510 515 4576 eus
540 4493 1220 4576 consobrinu§_Barnabze,
1243 4500 1323 4576 ‘et
1353 4493 1663 4576 Epaphras,
1695 4497 1790 4566 qui
1820 4515 1884 4576 εξ
1916 4501 2076 4576 \_'o-D
2095 4499 2228 4552 dum
2258 4493 2708 4576 capita-eorum”
2738 4501 2829 4576 _ita
2857 4501 2910 4554 in
2940 4507 3058 4576 toto
3074 4493 3306 4576 quidem
3334 4501 3652 4576 homineset:-

416 4563 503 4618 bis
530 4571 634 4626 est,
658 4581 850 4637 servus
871 4564 1076 4620 Christi
1103 4583 1116 4632 ;
1150 4583 1174 4617 »
1205 4569 1260 4637 et
1293 4563 1487 4637 paulo’
1505 4563 1762 4621 inferius:
1803 4587 1827 4617 «
1851 4569 2012 4622 Salu—
2101 4577 2187 4624 cto
2215 4563 2398 4636 gratia
2427 4571 2500 4624 sit
2529 4571 2751 4626 Domini
2784 4573 2960 4625 nostri
2991 4563 3122 4626 Jesu
3155 4573 3383 4637 Christi,
3406 4571 3540 4626 seda
3564 4583 3653 4621 me-

414 4640 504 4689 tat
529 4652 626 4689 vos
654 4636 831 4714 Lucas
844 4636 1492 4714 medicuscharissimus,
1513 4645 1571 4691 et
1593 4638 1820 4714 Demas.
1857 4661 1877 4689 ι
1910 4641 2012 4692 At-
2095 4641 2221 4714 liori
2249 4648 2305 4695 et
2327 4642 2528 4710 majori
2560 4650 2736 4712 parte,
2771 4643 2827 4696 id
2860 4649 2945 4714 est
2975 4644 3196 4714 spiritu,
3235 4645 3304 4698 de
3326 4636 3438 4698 tOto
3463 4638 3652 4695 homine

417 4721 526 4795 que
573 4705 770 4795 eadem
797 4707 969 4760 etiam
991 4707 1205 4795 ctell'igit
1226 4714 1559 4795 argumento
1583 4710 2014 4795 Clin'sostqmus
2097 4713 2315 4795 dicatur
2342 4731 2353 4769 :
2386 4705 2513 4794 cum
2535 4705 2692 4795 enim
2728 4715 2782 4795 ia
2813 4705 3021 4795 spiritu
3044 4715 3235 4785 gratia
3283 4715 3464 4776 fuerit,
3502 4717 3652 4765 totum

416 4777 588 4854 etiam
599 4776 990 4854 Philemonem
1005 4776 1390 4854 Colossensem
1412 4778 1602 4854 fuisse,
1621 4776 1848 4854 eoquod
1871 4783 2015 4854 Epa-
2097 4783 2382 4838 hominem
2413 4784 2722 4854 spiritalem
2754 4776 2904 4838 facit.

414 4847 586 4971 phras
627 4847 735 4901 iste
777 4848 1120 4903 Colossensis
1149 4849 1336 4902 fuerit.
1363 4850 1568 4904 missus
1599 4868 1632 4904 a
1677 4847 2015 4905 Colossensi-
2169 4875 2188 4902 ε
2217 4855 2386 4908 Missa
2414 4847 2457 4909 θ’
2474 4856 2650 4909 Roma
2678 4873 2778 4926 per
2805 4856 3131 4910 Onesimum
3163 4874 3404 4911 servum.
3431 4873 3454 4906 ι
3485 4855 3653 4917 Quem-

452 4936 520 4971 us
547 4918 618 4971 ad
645 4919 996 4971 Anostolum.
1023 4920 1117 4971 aui
1162 4920 1376 4971 Drimus
1415 4921 1800 4971 videturinsos
1823 4924 1875 4971 in
1906 4924 2014 4971 ﬁde
2097 4924 2395 4971 admodum
2422 4943 2523 4971 mm
2553 4927 2606 4971 in
2641 4928 2765 4971 aliis
2791 4928 3054 4971 anismlig.
3097 4928 3176 4971 sic
3193 4945 3294 4971 non
3327 4929 3378 4971 in
3401 4927 3545 4971 istius
3565 4923 3652 4971 line

452 4936 520 4997 us
547 4918 618 4972 ad
641 4919 996 4997 _Apostolum,
1023 4920 1117 4991 qui
1141 4920 1376 4997 _primus
1415 4921 1800 4997 videturipsos
1821 4924 1878 4977 in
1905 4924 2014 4997 ﬁde
2097 4924 2398 4997 admodum
2421 4943 2523 4980 nec
2553 4927 2609 4980 in
2640 4918 2765 4980 aliis
2791 4928 3058 4997 epistolis.
3097 4928 3176 4982 sic
3192 4945 3295 4982 nec
3326 4929 3380 4982 in
3401 4927 3545 4980 istius
3565 4923 3652 4997 line

414 4989 766 5068 instruxisse,
790 5007 877 5068 _ex_
908 5008 972 5068 eo
1011 4989 1178 5068 ququ
1197 4991 1406 5068 dicitur
1422 4993 1520 5068 ad
1554 4989 1963 5068 Colossensesl
1997 5013 2007 5048 :
2099 4994 2214 5068 haec
2249 4996 2580 5068 subscriptio
2612 4999 2669 5051 in
2701 4989 2914 5052 Latinis
2945 4999 3232 5054 codicibus
3262 4998 3544 5054 invenitur,
3574 4989 3652 5045 sed

419 5079 444 5109 κ
473 5061 630 5138 Sicut
646 5061 987 5116 etdidicistis
1009 5061 1079 5116 ab
1097 5063 1373 5138 Epaphra.
1417 5064 1524 5116 Sed
1563 5065 1682 5133 jam
1713 5066 2013 5138 difﬁcultas
2094 5066 2150 5119 in
2181 5067 2386 5121 Graecis
2416 5061 2658 5122 tantum.
2687 5070 2996 5123 Primasius
3023 5071 3252 5123 interim
3274 5071 3438 5123 etiam
3466 5069 3651 5138 partem

417 5137 521 5199 est,
543 5131 728 5204 primo
743 5139 904 5187 vocat
927 5149 1056 5186 eum
1085 5131 1471 5204 concaptivum
1505 5131 1668 5188 suum
1710 5136 1766 5189 in
1790 5137 2010 5191 Christo
2094 5138 2264 5207 hujus
2295 5139 2431 5209 legit
2459 5140 2625 5194 istam
2663 5159 2674 5192 :
2711 5141 2930 5211 Scripta
2949 5140 3019 5194 ab
3033 5141 3177 5195 urbe
3205 5141 3399 5196 Roma.

488 5267 512 5295 ει
541 5258 734 5322 Amen,
766 5257 952 5328 inquit
975 5256 1248 5324 Justinus,
1279 5259 1438 5331 Apol.
1477 5275 1518 5314 Ῑῐ
1549 5261 1618 5314 ad
1646 5262 2011 5326 Antoninum,
2038 5263 2312 5318 Hebraica
2341 5265 2532 5334 lingua
2561 5267 2711 5320 idem
2741 5272 2825 5321 est
2845 5268 2994 5338 quod
3019 5269 3156 5321 Fiat.
