3848 6164
232 322 309 377 849

1084 315 1514 370 ALLEGORIAE
1553 318 1629 372 IN
1673 318 1961 373 SAGRAM
2001 319 2479 375 SCRIPTURAM.

3310 323 3414 379 850

573 607 1219 705 BEATI
1305 609 2161 708 RABANI
2245 612 2981 714 MAURI

814 817 1207 871 FULDENSIS
1246 818 1549 873 ABBATIS
1600 819 1688 872 ET
1726 818 2140 875 MOGUNTINI
2179 822 2738 880 ARCHIEPISCOPI

253 997 915 1116 ALLEGORIE
980 1002 1113 1117 IN
1180 1002 1917 1119 UNIVERSAM
1984 1006 2473 1123 SACRAM
2542 1011 3321 1128 SCRIPTURAM
3386 1017 3415 1055 ³

257 1335 475 1405 Quisquis
500 1336 566 1389 ad
605 1354 776 1392 sacrm
815 1339 1113 1411 Scripturee
1145 1342 1402 1395 notitiam
1454 1342 1735 1396 desiderat
1752 1346 1799 1403 A
1822 1343 1955 1396 dum
1981 1361 2081 1414 per
2105 1347 2713 1413 allegorz'a’exercitium
2744 1347 2873 1400 ﬁdei
2902 1347 3170 1418 mysteria
3202 1348 3412 1418 pandit,

208 1424 452 1491 pervenire,
475 1424 625 1494 prius
654 1426 952 1496 diligenter
979 1431 1295 1484 consideret
1321 1431 1542 1501 quando
1566 1431 1737 1484 histo-

208 1511 300 1562 rice.
329 1513 524 1581 quando
554 1514 873 1584 allegorice,
901 1520 1122 1587 quando
1157 1520 1479 1590 anagogice,
1513 1520 1734 1589 quando

207 1600 480 1669 tropologice
499 1617 659 1655 suam
676 1607 1053 1661 narrationem
1067 1614 1341 1661 contexat.
1367 1610 1478 1662 Has
1491 1625 1734 1679 namque

206 1696 391 1757 quatuor
439 1691 856 1762 intelligentias,
891 1696 1146 1750 videlicet
1177 1699 1489 1763 historiam,
1538 1702 1735 1765 allego—

207 1778 328 1839 riam,
358 1784 721 1848 lropologiam,
764 1789 1117 1853 anagogiam,
1147 1794 1389 1857 quatuor
1427 1788 1623 1840 matris
1652 1804 1736 1840 sa-

205 1864 373 1933 pientia:
414 1870 551 1922 ﬁlias
610 1887 889 1937 vocamus,
934 1875 958 1913 ι)
1007 1876 1076 1928 ad
1105 1878 1265 1945 cujus
1313 1876 1730 1946 inquisitionem

203 1953 325 2021 plena
346 1957 574 2027 ipsarum
607 1962 823 2029 agnitio
846 1964 1036 2029 totius,
1066 1965 1213 2034 quod
1245 1966 1295 2018 ei
1335 1965 1495 2030 inest,
1534 1966 1733 2020 secreti

199 2042 256 2094 sic
284 2046 629 2102 manifestatio
662 2051 769 2103 nisi
800 2052 1024 2106 illarum
1070 2054 1223 2124 prius
1252 2054 1517 2124 inquisita
1549 2056 1734 2125 cogni-

200 2130 327 2189 tione.
347 2136 648 2206 pertingere
678 2140 994 2209 nequimus.
1028 2143 1207 2196 Mater
1224 2142 1427 2213 quippe
1447 2142 1732 2211 Sapientia

196 2235 271 2287 per
286 2221 368 2274 bos
394 2225 708 2296 adoptionis
738 2228 881 2282 ﬁlios
912 2231 1106 2300 pascit,
1142 2231 1433 2284 conferens
1462 2232 1732 2302 insipien-

196 2307 306 2362 tibus
333 2309 762 2387 [incipientibus]
810 2326 977 2389 atque
1014 2321 1224 2373 teneris
1267 2327 1460 2390 potum
1491 2321 1550 2374 in
1592 2321 1732 2375 lacte

196 2396 477 2464 historizgin
500 2406 611 2457 ﬁde
634 2412 825 2460 autem
852 2409 1288 2478 proﬁcientibus,
1305 2410 1490 2463 cibum
1511 2410 1567 2463 in
1590 2428 1733 2481 pane

193 2489 447 2555 ailr’yorie;
495 2493 661 2547 bonis
694 2513 820 2548 vero
872 2503 929 2550 et
976 2504 1202 2552 strenue
1251 2500 1632 2569 operantibus,
1678 2506 1735 2553 et

194 2576 402 2641 operibus
430 2579 589 2636 bonis
637 2584 1048 2653 insudantibus,
1086 2588 1404 2641 satietatem
1451 2590 1510 2642 in
1539 2589 1735 2660 sapida

1819 1432 2083 1486 fabricam
2112 1435 2318 1487 mentis
2342 1435 2400 1488 in
2442 1452 2692 1489 amorem
2733 1436 2984 1490 veritatis
3031 1436 3244 1490 extollit
3281 1437 3417 1492 dum

1820 1538 1947 1575 vero
1976 1540 2078 1592 per
2097 1527 2378 1591 anagogia’
2404 1523 2807 1579 sublimitatem
2829 1524 2898 1578 de
2918 1524 3140 1579 aetemis
3160 1543 3221 1580 su
3230 1542 3415 1597 perna

1818 1611 2013 1680 patriae
2026 1612 2250 1681 gaudiis
2276 1612 2520 1677 disserit,
2552 1614 2965 1684 quodammodo
2988 1620 3201 1668 tectum
3226 1631 3416 1686 super-

1816 1700 1975 1770 ponit
2004 1719 2014 1753 :
2051 1701 2186 1755 dum
2223 1707 2414 1755 autem
2444 1702 2741 1773 mysticum
2770 1703 2827 1756 in
2854 1708 3174 1772 tropologia,
3204 1704 3421 1758 intelle-

1817 1794 1969 1842 ctum
2001 1806 2101 1859 per
2128 1791 2664 1861 contemplationum
2710 1792 3013 1862 investigat
3068 1794 3412 1861 exercitium,

1816 1878 1885 1931 de
1916 1895 2025 1949 quo
2054 1879 2358 1949 loquimur,
2391 1880 2681 1950 spirituale
2715 1880 3012 1934 mitiﬁcium
3049 1882 3283 1935 diversis
3312 1882 3420 1936 vir-

1815 1967 2049 2032 tutibus,
2083 1974 2201 2021 tam
2231 1968 2301 2021 iis
2322 1985 2443 2038 qua
2468 1969 2618 2022 intus
2657 1970 2726 2023 ad
2758 1970 3061 2023 Dominum
3094 1986 3264 2040 quam
3296 1988 3417 2043 quae

1816 2061 1973 2109 extra
2020 2056 2305 2126 pertinent
2341 2058 2409 2110 ad
2441 2058 2773 2128 proximum.
2806 2074 2907 2129 per
2924 2059 3285 2113 mortalitatis
3330 2076 3420 2114 ve-

1815 2150 2100 2199 nustatem
2114 2146 2272 2217 quasi
2300 2146 2574 2200 distinctis
2589 2148 2949 2217 pulchrorum
2965 2146 3215 2201 colorum
3245 2148 3421 2201 varie-

1816 2233 2026 2287 tatibus
2057 2240 2238 2287 ornat.
2265 2236 2405 2288 Cum
2426 2234 2600 2304 igitur
2622 2242 2838 2289 constet
2865 2236 2963 2288 bas
2980 2240 3221 2305 quatuor
3246 2245 3418 2288 sacrm

1818 2322 2117 2392 Scriptura
2160 2323 2577 2393 intelligendas,
2601 2340 2766 2378 omne
2779 2324 2927 2395 quod
2959 2330 3017 2378 et
3060 2325 3139 2395 [F.
3167 2324 3239 2394 ei]
3271 2324 3418 2378 inest

1816 2418 2093 2465 secretum
2124 2412 2390 2477 revelare,
2406 2412 2567 2466 nobis
2589 2413 3059 2467 considerandum
3085 2419 3172 2467 est
3192 2412 3416 2484 quando

1814 2500 2120 2554 secundum
2166 2517 2338 2555 unam
2390 2501 2585 2567 solam,
2617 2502 2839 2572 quando
2888 2501 3194 2556 secundum
3251 2502 3410 2566 duas,

1820 2589 2043 2658 quando
2075 2589 2383 2644 secundum
2422 2597 2556 2656 tres,
2622 2591 2847 2661 quando
2892 2591 3065 2646 etiam
3107 2591 3417 2645 secundum

191 2662 433 2721 refectione
471 2675 785 2740 lropologim
800 2693 816 2735 ;
862 2675 970 2727 illis
1004 2650 1245 2747 denique
1292 2678 1387 2747 qui
1428 2684 1485 2731 et
1512 2678 1582 2731 ab
1605 2650 1740 2731 imis
1756 2650 1802 2707 B
1821 2650 2015 2730 omnes
2033 2677 2198 2730 simul
2211 2683 2453 2747 quatuor
2472 2650 2709 2749 intelligi
2724 2679 2875 2732 velit.
2896 2680 3149 2749 Cumque
3170 2679 3417 2750 primum

192 2765 268 2819 per
291 2764 654 2831 contemptum
684 2770 1040 2818 terrenorum
1063 2767 1340 2836 suspensi,
1357 2772 1414 2820 et
1431 2768 1499 2820 ad
1522 2784 1743 2820 summa

191 2855 265 2907 per
285 2846 485 2900 cmlcste
514 2851 863 2906 desiderium
885 2859 1017 2908 sunt
1036 2856 1298 2925 provecti.
1322 2855 1564 2909 sobriam
1580 2857 1739 2909 theo-

192 2928 287 2983 ricze
310 2940 787 3010 contemplationis
816 2943 1145 2997 ebrietatem
1188 2944 1245 2997 in
1281 2944 1409 2997 vino
1435 2948 1735 3011 anagogia’.

188 3018 385 3077 Historia
402 3028 469 3080 ad
491 3037 689 3099 aptam
714 3049 900 3085 rerum
912 3039 1199 3102 gestarum
1217 3033 1599 3086 narrationem
1620 3050 1741 3103 per-

187 3107 311 3176 tinet,
341 3132 452 3184 qum
482 3126 537 3172 et
565 3119 627 3172 in
657 3122 948 3190 superﬁcie
973 3122 1175 3176 litterze
1206 3123 1544 3187 continetur,
1578 3129 1634 3181 et
1662 3122 1741 3176 sic

186 3192 467 3271 intelligitur
500 3207 653 3260 sicut
703 3209 923 3277 legitur.
972 3212 1248 3277 Allcgoria
1280 3228 1408 3264 vero
1439 3211 1651 3282 aliquid
1680 3210 1739 3264 in

186 3286 612 3360 sepluscontinet,
633 3298 776 3366 quod
800 3316 900 3369 per
920 3300 1023 3353 hoc
1044 3301 1189 3370 quod
1214 3302 1368 3355 locus
1391 3302 1465 3371 [Ρ.
1482 3300 1738 3371 loquens]

182 3371 233 3425 de
254 3378 319 3431 rei
344 3383 570 3439 veritate
604 3387 676 3439 ad
708 3388 971 3457 quiddam
1000 3390 1098 3443 dat
1123 3391 1550 3460 intelligendum
1580 3392 1648 3445 de
1680 3392 1741 3444 ﬁ-

183 3463 248 3517 dei
273 3471 516 3539 puritate,
551 3482 615 3529 et
643 3482 847 3530 sanctae
874 3478 1126 3532 Ecclesiae
1158 3481 1444 3551 mysteria,
1461 3482 1573 3534 sive
1593 3498 1738 3551 prae-

181 3557 340 3625 sentia,
370 3562 477 3616 sive
516 3566 732 3630 futura,
765 3567 913 3620 aliud
948 3568 1155 3631 dicens,
1198 3569 1349 3623 aliud
1395 3570 1731 3639 signiﬁcans,

180 3656 359 3713 semper
372 3658 560 3706 autem
594 3655 881 3723 ﬁgmentis
900 3661 956 3709 et
976 3657 1170 3710 velatis
1201 3657 1465 3710 ostendit.
1491 3660 1736 3726 Tropolo-

176 3732 247 3793 θεά
273 3751 476 3808 quoque
506 3748 565 3795 et
580 3741 721 3812 ipsa,
746 3744 889 3797 sicut
903 3744 1188 3814 allegoria,
1224 3746 1281 3798 in
1317 3746 1587 3815 ﬁguratis,
1622 3746 1735 3800 sive

180 3817 325 3888 ἀίοίίδς
357 3827 467 3882 Sive
512 3831 697 3897 factis,
730 3838 949 3885 constat
980 3851 991 3885 :
1028 3834 1125 3887 sed
1157 3835 1214 3887 in
1244 3833 1349 3887 hoc
1377 3834 1445 3887 ab
1473 3833 1743 3903 allegoria

184 3906 321 3964 distat
348 3918 488 3985 quod
520 3924 793 3986 allegoria
823 3922 1046 3993 quidem
1062 3923 1249 3989 ﬁdem,
1286 3926 1586 3991 trupologia
1616 3939 1744 3976 vero

181 4000 381 4057 Niﬁcat
400 4010 801 4065 moralitatem.
836 4014 1118 4078 Anagogia
1149 4018 1358 4077 autem,
1392 4013 1505 4065 sive
1527 4012 1740 4078 velatis,

182 4086 268 4141 sive
289 4096 486 4163 apertis
528 4099 716 4161 dictis,
752 4100 819 4152 de
850 4100 1071 4153 aeternis
1103 4118 1357 4171 superna:
1387 4100 1582 4171 patriae
1609 4117 1744 4170 gau-

177 4174 259 4229 diis
284 4191 511 4252 constat,
543 4196 604 4241 et
634 4205 755 4258 quae
788 4206 999 4242 merces
1018 4190 1103 4241 vel
1124 4190 1293 4242 ﬁdem
1322 4191 1652 4255 rectam,vel
1670 4190 1744 4243 vi-

178 4274 269 4319 tam
297 4282 516 4329 maneat
544 4284 818 4343 sanctam,
853 4278 1035 4331 verbis
1057 4280 1141 4331 vel
1171 4279 1400 4348 opertis,
1418 4280 1503 4331 vel
1532 4279 1742 4349 apertis

175 4352 507 4417 demonstrat.
535 4369 785 4420 Historia
814 4384 1056 4437 namque
1086 4368 1459 4438 perfectorum
1491 4368 1743 4438 exempla

177 4457 273 4510 qua
300 4462 505 4519 narrat,
540 4456 819 4523 legentem
844 4457 913 4510 ad
935 4457 1307 4510 imitationem
1329 4457 1641 4510 sanctitatis
1657 4475 1745 4510 ex-

174 4532 314 4601 citat;
342 4545 617 4609 allegoria
649 4544 705 4596 in
732 4544 858 4598 ﬁdei
898 4546 1234 4599 revelatione
1265 4546 1333 4598 ad
1365 4545 1738 4615 cognitionem

174 4624 391 4682 Veritatis
414 4650 425 4693 ;
451 4636 759 4701 lropologia
788 4634 843 4687 in
864 4635 1231 4688 instructione
1262 4651 1479 4693 morum
1508 4635 1578 4687 ad
1590 4652 1741 4687 amo-

175 4726 267 4765 rcm
292 4716 541 4787 virtutis;
573 4726 849 4790 anagogia
892 4725 950 4777 in
980 4724 1431 4776 manifestatione
1452 4724 1743 4794 sempiter-

176 4812 343 4858 norum
364 4810 709 4877 gaudiorum
738 4811 807 4863 ad
824 4812 1163 4865 desiderium
1193 4818 1414 4865 aeternae
1439 4812 1741 4865 felicitatis.

174 4883 221 4938 In
246 4902 437 4949 nostrze
465 4914 604 4967 ergo
634 4898 834 4952 animze
860 4900 1025 4953 domo
1055 4902 1287 4954 historia
1316 4901 1745 4955 fundamentum

174 4978 320 5040 ponit.
344 4988 616 5053 allegoria
646 4988 888 5057 parietes
905 4988 1089 5057 erigit,
1112 4994 1382 5057 anagogia
1396 4996 1606 5044 tectum
1621 5007 1747 5061 sup—

173 5069 319 5135 ponit,
372 5078 679 5143 lropologia
726 5093 851 5129 vero
889 5084 1005 5130 tam
1055 5078 1289 5131 interius
1328 5097 1428 5149 per
1482 5080 1743 5133 allectum

173 5170 313 5221 quam
344 5165 595 5218 exterius
625 5183 727 5236 per
755 5166 1012 5220 eﬁectum
1040 5167 1171 5220 boni
1201 5169 1403 5238 operis,
1452 5168 1618 5222 variis
1652 5184 1743 5221 or-

173 5247 366 5305 natibus
393 5253 670 5325 depingit.
702 5256 847 5309 Dum
878 5256 1024 5309 enim
1048 5258 1184 5322 haec,
1216 5257 1284 5310 de
1302 5275 1412 5327 qua
1442 5258 1742 5328 loquimur,

171 5350 304 5391 sacra
335 5344 631 5414 Scriptura
677 5344 843 5398 verba
888 5346 1129 5399 historiae
1169 5346 1499 5417 simpliciter
1529 5353 1741 5413 narrat,

172 5428 305 5492 quasi
359 5430 678 5487 inchoando
717 5434 1144 5489 fundamentum
1196 5436 1416 5490 aediﬁcii
1449 5438 1646 5506 jactat,
1688 5440 1745 5490 et

175 5599 206 5649 Ο
224 5544 245 5568 ³
274 5535 347 5588 Ex
377 5540 620 5609 antiquo
653 5558 755 5595 ms.
796 5558 946 5596 nunc
982 5542 1227 5612 primum
1256 5542 1313 5597 in
1343 5544 1525 5599 lucem
1557 5543 1738 5598 editae.

209 5616 370 5649 OLVPX

209 5616 370 5660 OLVEN
380 5649 390 5660 .

1822 2766 1937 2819 haec
1968 2766 2157 2819 omnia
2177 2766 2281 2819 hoc
2300 2767 2485 2832 modo,
2520 2768 2658 2822 duce
2688 2768 2814 2838 ipsa
2838 2768 3089 2833 veritate,
3122 2768 3419 2838 indagave-

1822 2854 1998 2907 rimus
2032 2872 2042 2906 :
2077 2855 2321 2909 secundo
2343 2871 2567 2909 necesse
2587 2861 2672 2910 est
2691 2861 2755 2910 ut
2774 2856 2975 2926 quibus
3006 2862 3208 2928 quotve
3237 2857 3419 2912 modis

1821 2960 1909 2995 res
1937 2943 2006 2997 de
2054 2943 2256 3013 quibus
2292 2949 2500 2997 tractat
2536 2944 2787 3015 accipere
2826 2945 3121 3015 possimus,
3168 2945 3418 3001 studiose

1822 3038 2254 3101 perscrutemur.
2291 3033 2399 3087 Pro
2441 3049 2507 3086 eo
2530 3049 2774 3103 namque
2824 3034 2971 3104 quod
3002 3050 3116 3088 una
3154 3051 3418 3089 nonnun-

1822 3138 1991 3191 quam
2021 3121 2328 3192 eademque
2360 3138 2448 3175 res
2478 3121 2618 3175 nihil
2660 3120 2767 3176 sibi
2805 3123 3140 3178 naturaliter
3183 3123 3416 3178 insitum

1821 3209 1991 3263 habet
2018 3211 2185 3280 quod,
2212 3216 2486 3281 quantum
2507 3212 2577 3264 ad
2598 3212 2909 3266 humanum
2937 3213 3209 3266 duntaxat
3227 3198 3419 3284 corpo-

1822 3299 1938 3351 rale
1964 3300 2321 3353 commodum
2343 3300 2826 3354 etincommodum
2857 3306 3086 3372 spectat,
3114 3306 3172 3356 et
3190 3300 3419 3372 probari

1820 3395 1878 3441 et
1902 3386 2190 3457 reprobari
2213 3389 2359 3442 valet
2390 3407 2401 3441 :
2427 3389 2551 3459 ipsa
2567 3389 2835 3442 nimirum
2859 3406 2971 3443 una
2996 3391 3305 3461 eademque
3326 3406 3417 3445 res

1820 3493 1932 3530 non
1956 3476 2135 3529 solum
2167 3476 2464 3542 diversam,
2497 3478 2594 3530 sed
2624 3483 2679 3530 et
2711 3478 3001 3531 adversam
3030 3478 3333 3549 aliquando
3358 3478 3417 3532 in

1821 3565 2108 3635 Scriptura
2137 3581 2298 3618 sacra
2337 3565 2803 3634 signiﬁcationem
2846 3566 3052 3620 habere
3093 3572 3295 3637 potest.
3343 3567 3420 3621 Ut

1818 3654 1986 3717 enim,
2011 3654 2258 3723 {exempli
2314 3669 2499 3720 causa,
2532 3655 2600 3707 de
2652 3654 2962 3708 innumeris
3006 3654 3117 3709 tria
3166 3654 3417 3725 profera-

1823 3760 1946 3795 mus
1986 3761 1996 3795 :
2058 3748 2115 3794 et
2155 3759 2332 3812 aquae,
2391 3743 2550 3812 cujus
2590 3742 2824 3796 ﬂumina
2874 3744 3061 3797 ﬂuunt
3101 3743 3169 3797 de
3222 3748 3417 3798 ventre

1823 3831 2118 3895 credentis,
2163 3838 2247 3885 est
2292 3848 2439 3902 aqua
2475 3837 2670 3885 contra
2723 3848 2891 3902 quam
2936 3832 3186 3903 psalmus
3243 3833 3418 3903 [Psal-

1828 3921 2190 3991 mographus]
2256 3927 2397 3987 orat,
2431 3937 2501 3974 ne
2562 3938 2719 3992 aquae
2773 3938 2903 3976 eum
2956 3927 3262 3994 tempestas
3327 3922 3421 3976 de-

1765 3991 2046 4079 Ctmergat
2077 4028 2089 4076 ;
2124 4015 2181 4062 et
2208 4008 2343 4062 item
2375 4010 2638 4076 camelus,
2675 4010 2771 4081 qui
2824 4028 2925 4081 per
2978 4012 3231 4065 foramen
3287 4027 3420 4065 acus

1826 4099 2045 4163 transit,
2071 4106 2157 4152 est
2177 4104 2234 4151 et
2251 4099 2497 4152 camenis
2545 4099 2613 4152 de
2657 4116 2765 4170 quo
2788 4099 3054 4167 Rebecca,
3090 4100 3205 4153 viso
3240 4101 3417 4166 Isaac,

1825 4187 2142 4241 descendit:
2191 4194 2276 4240 est
2319 4204 2540 4258 quoque
2570 4189 2655 4242 leo
2677 4189 2772 4260 qui
2792 4189 2923 4243 vicit
2951 4189 3021 4243 de
3050 4188 3201 4242 tribu
3225 4189 3370 4243 Juda
3405 4206 3417 4255 ;

1825 4282 1910 4330 est
1928 4277 2014 4330 leo
2063 4276 2159 4347 qui
2210 4276 2425 4343 circuit,
2473 4294 2726 4347 quaerens
2772 4295 2938 4348 quem
2988 4278 3233 4331 devoret.
3285 4276 3421 4339 Quis

1827 4366 1974 4419 enim
2004 4366 2232 4429 nesciat,
2292 4371 2565 4436 quantum
2615 4368 2821 4420 horum
2874 4366 3047 4419 trium
3108 4364 3423 4433 signiﬁcata

1827 4455 1897 4508 ad
1926 4454 2160 4508 invicem
2178 4455 2403 4521 distent,
2429 4472 2555 4509 cum
2584 4461 2771 4509 tamen
2800 4453 3239 4524 unumquodque
3252 4452 3422 4523 signi-

1821 4544 2109 4598 ﬁcantium
2142 4561 2317 4597 unum
2345 4550 2514 4613 atque
2537 4543 2686 4596 idem
2708 4543 3066 4612 sit.Cumque
3094 4541 3174 4595 ita
3201 4558 3421 4596 sacram

1825 4634 2171 4703 Scripturam
2191 4632 2258 4685 de
2285 4632 2453 4686 rebus
2474 4633 2795 4703 loquentem
2817 4631 3096 4697 audimus,
3113 4632 3423 4703 proprieta-

1827 4730 1911 4776 tes
1954 4721 2289 4791 qualitatum
2345 4721 2546 4774 iisdem
2602 4720 2768 4775 rebus
2813 4720 3149 4775 naturaliter
3196 4721 3422 4775 visitare

1829 4810 2071 4881 [insitas]
2109 4809 2358 4863 studiose
2401 4809 2785 4880 inspiciamus,
2837 4816 2895 4864 et
2948 4816 3084 4864 tunc
3134 4810 3423 4864 evidenter

1829 4900 1970 4953 scire
1991 4899 2317 4970 poterimus,
2351 4914 2463 4969 qua
2484 4898 2598 4951 sive
2628 4898 2687 4951 in
2724 4898 2873 4953 bona
2922 4899 3181 4954 videlicet
3225 4898 3338 4953 sive
3363 4898 3423 4951 in
3461 4882 3474 4897 ’

1830 4989 1981 5042 mala
1999 4987 2422 5058 signiﬁcatione,
2454 4988 2617 5058 juxta
2653 4988 2800 5059 quod
2858 4988 3194 5042 narrationis
3251 5002 3422 5057 quam

1826 5078 2072 5131 contexit
2098 5076 2269 5131 series
2288 5093 2382 5130 eas
2406 5076 2594 5147 exigit,
2634 5078 2855 5148 exigere
2880 5077 3200 5132 debeamus.
3232 5074 3421 5130 Tertio

1827 5172 2049 5238 oportet
2069 5172 2134 5220 ut
2162 5165 2363 5236 quibus
2407 5172 2608 5236 quotve
2637 5168 2818 5221 modis
2845 5166 3075 5221 nomina
3101 5165 3169 5218 de
3220 5163 3422 5235 quibus

1827 5262 2048 5321 tractat,
2109 5261 2225 5309 tam
2269 5254 2559 5308 hominum
2606 5273 2774 5327 quam
2835 5257 3102 5321 locorum,
3148 5253 3424 5308 Hebraica

1827 5346 1941 5400 sive
1959 5346 2154 5400 Graeca
2170 5344 2530 5414 interpretari
2555 5344 2814 5411 debeant,
2847 5342 3257 5414 perquiramus,
3273 5342 3421 5414 quod

1825 5452 2086 5505 magnam
2115 5432 2273 5489 nobis
2292 5432 2847 5504 interpretationibus
2858 5432 3215 5505 propriorum
3243 5431 3423 5487 nomi-

1898 5544 1924 5583 b
1953 5544 2132 5597 Locus
2160 5546 2475 5612 corruptus.
