3854 6164
457 311 555 366 851
1043 311 1108 366 Β.
1149 309 1421 364 RABANI
1459 310 1690 366 MAURI
1735 310 2073 366 ARCHIEP.
2115 309 2440 366 MOGUNT.
2481 308 2782 364 OPERUM
2819 308 3003 363 PARS
3040 309 3136 364 III.
3549 319 3630 376 85-2

459 435 1048 490 num'mdiﬁcationem
1073 435 1351 505 pmponit.
1369 436 1448 488 De
1463 432 1573 488 illis
1590 441 1778 488 autem
1792 436 2056 490 rerumsi-
2075 439 2120 495 A
2137 435 2366 503 angelos
2387 441 2515 487 tuos
2543 435 2774 504 spiritus
2802 433 2825 466 ⁴
2854 452 2864 486 :
2904 452 2926 483 ι
2959 433 3103 504 quod
3133 435 3291 487 sancti
3320 437 3522 506 Spiritus
3537 458 3636 495 cum

455 524 2056 595 gniﬁcationibusetnominuminterpretationibussecun-
2140 524 2461 584 mittuntur,
2514 523 2698 590 angeli
2739 527 2888 575 sunt.
2922 526 3157 590 Angelus
3177 524 3385 592 quilibet
3415 530 3634 582 sacerdos.

395 672 409 687 ο
457 614 594 666 dum
619 629 750 665 suas
781 613 933 666 duasi
947 613 1367 682 intelligentias,
1389 613 1552 665 modo
1585 614 1889 667 secundum
1914 621 2050 679 tres,
2135 619 2200 666 ut
2225 613 2280 666 in
2303 612 2595 676 Malacliia,
2637 613 2782 682 quod
2803 635 2822 656 σι
2861 612 3104 681 Angelus
3133 613 3333 666 Domini
3360 616 3638 671 exercituum

456 701 622 754 modo
654 718 780 755 vero
820 701 1129 755 secundum
1176 719 1370 755 omnes
1409 707 1652 771 quatuor
1686 701 1756 755 ad
1803 709 2052 756 nostram
2137 709 2220 754 est
2235 701 2275 766 ⁵,
2322 721 2346 752 ›)
2390 701 2444 753 id
2469 707 2572 766 est,
2598 701 2896 754 Dominum
2926 701 3160 754 nuntiat.

455 790 878 844 aedificationem
903 791 1297 855 tractat.Quod
1321 807 1449 844 vero
1461 791 1530 844 de
1551 797 1794 861 quatuor
1813 791 1880 844 iis
1895 793 2055 845 intel-
2205 793 2411 845 Anima
2441 791 2689 844 luunana
2719 796 2950 861 propter
2974 790 3212 844 diversas
3240 790 3520 846 efﬁcientias
3543 812 3642 848 suas

453 879 698 948 ligentiis
719 879 960 934 breviter
989 880 1244 951 quaedam
1273 879 1530 950 superius
1560 879 1820 943 diximus,
1845 881 2054 951 plures—
2135 879 2354 932 diversa
2383 879 2651 933 vocabula
2679 881 2930 933 sortitur.
2955 880 3098 933 Dum
3116 879 3255 932 enim
3277 879 3497 934 membra
3518 900 3644 951 vege-

454 984 564 1038 que
592 970 963 1039 quarumdam
983 969 1304 1038 hujusmodi
1335 985 1685 1038 rerum,quae
1709 969 1776 1021 ad
1807 987 2052 1040 praesens
2135 974 2237 1027 tat,
2272 973 2488 1031 anima,
2520 969 2653 1022 dum
2689 968 3044 1022 sensibilibus
3074 969 3325 1033 adheret,
3355 975 3642 1035 sensualilus,

454 1057 645 1111 animo
659 1074 946 1112 occurrere
967 1062 1288 1128 potuerunt,
1303 1058 1757 1128 poneresimulet
1778 1075 2052 1128 exponere
2135 1057 2269 1110 dum
2308 1058 2496 1122 sentit,
2542 1077 2564 1107 .ι;
2600 1076 2747 1118 mm,
2781 1058 2913 1110 dum
2967 1058 3256 1116 consentit.
3286 1062 3519 1126 colaphis,
3545 1059 3648 1112 dum

453 1147 800 1202 decrevimus
821 1147 1192 1208 diversitates,
1211 1152 1267 1200 et
1295 1148 1570 1218 quasdam
1601 1148 1925 1216 hujusmodi
1957 1165 2052 1201 no—
2134 1147 2477 1207 recordatur,
2516 1151 2800 1210 “mum-ia,
2833 1147 2966 1199 dum
2997 1147 3406 1216 contemplatur,
3445 1151 3646 1214 spirilm,

454 1236 671 1289 minum
693 1236 749 1289 in
778 1235 1025 1289 medium
1059 1237 1308 1306 proferre
1331 1237 1843 1306 interpretationes,
1877 1243 1942 1290 ut
1987 1254 2050 1290 ex
2133 1236 2266 1288 dum
2297 1236 2460 1306 sapit,
2496 1239 2742 1294 am'mus,
2767 1235 2900 1287 dum
2932 1235 3209 1304 intelligit,
3243 1253 3392 1291 H'u‘ns,
3424 1235 3537 1288 dum
3571 1236 3652 1288 dis-

456 1324 570 1394 [iis]
603 1341 724 1395 quae
756 1324 810 1378 in
842 1332 1166 1379 sanctorum
1221 1326 1448 1380 Patrum
1498 1325 1937 1396 expositionibus
1970 1325 2052 1378 in-
2133 1325 2329 1389 cernit,
2357 1329 2500 1376 ratio
2531 1331 2632 1376 est.
2663 1326 2868 1376 Anima
2898 1325 3196 1394 aliquando
3221 1331 3360 1377 totus
3383 1324 3598 1388 homo,ut
3611 1325 3652 1377 in

453 1412 642 1466 venire
685 1413 1012 1484 poterimus,
1058 1420 1306 1468 nostram
1339 1413 1627 1484 nostrique
1661 1414 1951 1479 similium,
2004 1415 2050 1466 si
2137 1413 2340 1466 Genesi
2375 1433 2384 1465 :
2423 1432 2448 1464 (‹
2484 1413 2782 1467 Descendit
2821 1413 2989 1467 Jacob
3017 1414 3074 1466 in
3105 1415 3389 1484 .Egyptum
3415 1413 3464 1466 in
3490 1413 3657 1466 anima-

457 1501 550 1573 qui
567 1507 757 1554 tamen
785 1507 935 1567 sunt,
961 1503 1300 1574 imperitiam
1327 1503 1692 1556 instruamus.
2136 1502 2239 1556 bus
2261 1503 2621 1573 septuaginta
2638 1503 2678 1562 δ,
2707 1525 2728 1551 υ
2754 1503 2809 1555 id
2840 1509 2943 1560 est.
2968 1520 3095 1556 cum
3126 1503 3348 1556 totidem
3375 1501 3654 1555 hominibus.

523 1591 598 1645 Ut
620 1597 809 1646 autem
839 1593 1037 1645 Lector
1091 1592 1324 1662 quaesita
1358 1593 1533 1646 totius
1564 1594 1643 1662 [F.
1674 1592 1848 1661 ocius]
1879 1592 2055 1663 possit
2136 1595 2363 1658 Anima,
2398 1599 2484 1645 est
2507 1592 2861 1657 sensualitas,
2897 1597 2959 1646 ut
2986 1593 3044 1645 in
3067 1592 3304 1662 Epistula
3327 1591 3468 1644 Pauli
3491 1591 3548 1644 ad
3573 1591 3658 1644 lle-

449 1677 720 1744 invenire,
757 1679 960 1732 docens
1009 1681 1087 1749 [1".
1126 1680 1304 1750 voces]
1339 1681 1408 1733 ad
1442 1698 1536 1734 eas
1585 1681 1932 1751 pertinentes
1955 1697 2053 1733 res
2138 1680 2314 1734 braeos
2344 1701 2359 1734 :
2397 1701 2418 1730 «ι
2457 1682 2650 1734 Sermo
2680 1681 2778 1734 Dei
2803 1682 3128 1751 pertingens
3159 1682 3226 1734 ad
3257 1680 3549 1734 divisionem
3572 1681 3660 1732 ani-

455 1768 524 1820 de
553 1785 794 1838 quarum
823 1768 1055 1824 diversis
1085 1769 1585 1838 signiﬁcationibus
1607 1770 1760 1839 loqui
1793 1769 2050 1840 proponi-
2076 1757 2121 1814 Β
2141 1787 2242 1824 ma:
2265 1778 2320 1823 et
2349 1770 2580 1840 spiritus
2611 1771 2649 1830 7,
2689 1791 2712 1822 »
2744 1771 2887 1840 quod
2919 1771 3161 1840 Spiritus
3177 1770 3406 1833 Domini,
3435 1768 3659 1839 quomodo

454 1873 601 1922 mus,
625 1857 932 1911 secundum
972 1858 1226 1912 ordinem
1257 1876 1366 1929 quo
1397 1859 1596 1912 litterae
1611 1859 1970 1912 semivocales
2000 1865 2055 1912 et
2135 1859 2470 1912 sensualitas
2491 1878 2525 1912 a
2538 1859 3658 1929 rationedividatur,comprehenditAruma

457 1945 917 2000 mutazvocalibus
928 1949 1476 2018 conjungunturdnoc
1491 1949 1655 2002 modo
1669 1949 2048 2019 prOponimus:
2137 1955 2223 2002 est
2249 1949 2590 2014 animalitas,
2613 1955 2676 2002 ut
2703 1949 2758 2002 in
2779 1949 3043 2002 Psalmis:
3072 1970 3096 1998 (ε
3121 1948 3267 2003 Misit
3296 1947 3601 2001 saturitatem
3619 1945 3662 1998 in

1233 2039 1284 2092 A
2135 2038 2354 2091 animas
2383 2054 2574 2091 eorum
2595 2039 2636 2103 ⁸,
2675 2058 2698 2090 ›)
2731 2038 2788 2090 id
2820 2044 2922 2102 est,
2951 2038 3006 2090 in
3034 2038 3666 2105 animalitatem,quzecor-

1531 2111 1762 2198 Γτξξνίῖα·
2139 2127 2321 2198 poreis
2353 2127 2493 2179 escis
2519 2133 2886 2180 sustentatur.
2925 2148 2949 2176 ι)
2980 2129 3206 2191 Anima,
3233 2127 3342 2180 vita
3370 2142 3594 2195 prmsens,
3619 2129 3666 2174 ut

994 2181 1344 2319 ﬁiigatizplia.
2138 2175 2196 2268 irn
2229 2216 2555 2285 Evangelio:
2581 2239 2602 2266 ‹‹
2636 2217 2840 2270 Anima
2859 2217 2982 2286 plus
3001 2221 3086 2269 est
3107 2175 3271 2287 quam
3288 2175 3450 2268 escla".
3469 2237 3488 2263 ι
3507 2216 3667 2308 Anima

459 2320 704 2373 Acetum.
997 2305 1374 2377 Amé'mﬁmje.
1544 2305 1752 2376 Αῖιανε,
2140 2311 2230 2358 est
2253 2305 2599 2368 animositas,
2636 2311 2699 2358 ut
2727 2305 2784 2358 in
2815 2305 3054 2358 Psalmis
3092 2324 3102 2358 :
3143 2325 3164 2355 ι
3198 2305 3395 2375 Operui
3421 2305 3472 2355 in
3496 2305 3668 2370 jejunio

459 2388 775 2463 Accubitus.
997 2394 1268 2460 Angulus.
1541 2395 1788 2447 Alienus.
2139 2393 2386 2446 animam
2419 2410 2604 2446 meam
2635 2393 2699 2458 ¹⁰,
2735 2412 2760 2445 ν
2795 2395 2942 2463 quod
2971 2411 3042 2447 ne
3062 2412 3155 2447 me
3175 2389 3671 2456 vindicarem,celans

464 2459 896 2552 Adolescentula.
1000 2459 1164 2552 per.
1542 2466 1769 2552 Allia-go.

2146 2481 2554 2535 animositatem
2585 2498 2787 2534 meam.
2831 2484 3054 2540 Anima,
3107 2482 3226 2552 ipse
3268 2481 3518 2541 Christus,
3549 2483 3597 2530 ut
3625 2476 3668 2528 in

458 2532 784 2661 ἓξὲξηιωη.
993 2535 1260 2658 ῗέῖέἱῗτιυε.
1534 2537 1762 2661 ῗὲιῗιῖξέῗιζ
2143 2570 2447 2661 Ρνοριιευλε
2470 2590 2490 2620 ι
2515 2532 3150 2661 Νοηθιέάίςίρικυευιίιῖεῖ
3171 2564 3671 2661 enumerem“

460 2618 784 2669 argentum.
998 2618 1260 2658 Arturus.
1549 2618 1762 2661 Amica.
2143 2618 2203 2669 ξ’
2223 2618 2446 2640 ’¹““’“”’
2477 2618 2484 2620 ’
2515 2618 2533 2622 “
2551 2618 2558 2622 ’
2575 2618 2878 2668 ’“““”“¹”’,”
2903 2618 2983 2623 ’⁷⁷
3003 2618 3100 2623 ”””
3116 2618 3150 2622 ’⁷
3171 2618 3490 2669 ’ξ’““””““’,”’⁷
3509 2618 3528 2619 ⁷⁷

460 2673 727 2728 Annium
1005 2678 1252 2730 Αινίωη,
1561 2679 1841 2732 Annal”.
2141 2660 2196 2712 1d
2227 2666 2330 2724 est,
2367 2675 2478 2712 non
2535 2658 2856 2729 reprobablt
2909 2676 3004 2712 vos
3061 2659 3316 2713 Christus
3353 2659 3489 2710 ﬁlius
3529 2668 3670 2707 meus.

461 2743 659 2818 Arma.
1006 2750 1222 2800 Auster.
1560 2751 1783 2803 Areola’.
2142 2749 2370 2814 Anima,
2404 2748 2502 2801 illa
2529 2748 2609 2801 vis
2639 2753 2724 2802 est
2755 2747 2874 2813 Dei,
2909 2765 3022 2818 qua
3049 2749 3172 2818 ipse
3208 2747 3391 2802 omnia
3426 2749 3673 2816 penetrat:

462 2813 663 2908 Arul‘a.
1005 2818 1195 2908 Auris.
1554 2823 1841 2908 Araricum.

2151 2855 2170 2889 ι
2203 2837 2406 2891 Anima
2435 2838 2575 2906 ejus,
2628 2813 2970 2908 quaecunque
3018 2813 3214 2904 voluit,
3264 2838 3374 2891 haec
3415 2813 3531 2888 fecit
3557 2831 3593 2865 ¹²
3619 2849 3627 2881 :
3655 2849 3673 2879 ι

474 2906 476 2908 ,
581 2889 592 2899 -
1105 2892 1114 2901 .
2148 2883 2169 2889 -
2203 2883 2406 2891 -κ---κν
2438 2883 2575 2906 ..ν-η,
2631 2883 2970 2908 την-.--ιη
3030 2883 3214 2904 --η---τ
3265 2883 3372 2891 ...μ
3415 2883 3527 2888 -----

460 2883 698 3011 ἀπ’
2141 2927 2289 2997 quod
2311 2926 2391 2979 vis
2413 2926 2509 2979 illa
2519 2926 2743 2980 interna
2770 2926 2827 2978 in
2851 2927 3136 2980 voluntate
3155 2943 3258 2980 sua
3273 2920 3676 2995 omnipotentiam

461 2975 625 3011 area.
1007 2975 1240 3026 azyma.
1555 2975 1840 3016 Ascensus.
2147 2975 2289 2997 νη
2324 2975 2389 2979 '“
2413 2975 2741 2980 """""""'
2864 2975 3132 3026 "‘"T"
3157 2975 3257 2980 ‘““
3278 2975 3437 3024 'fm‘
3469 2975 3474 2976 '

461 3027 682 3125 Agnus;
1009 3031 1206 3125 Arbor.
1559 3031 1784 3087 Asinus,
2073 3064 2116 3125 Ο
2139 3014 2326 3068 habet.
2362 3018 2568 3069 Anima
2613 3020 2843 3068 vocatur
2881 3015 3159 3082 doctrina,
3209 3021 3270 3070 ut
3311 3032 3365 3068 ιιι
3395 3011 3676 3125 Proph‘etqz

513 3101 658 3125 ημέιυι
690 3115 716 3125 Α
1059 3103 1212 3125 μέμ,-
1578 3106 1779 3125 ΔμΑιη..
2161 3124 2166 3125 ,
2195 3104 2472 3125 17-1-..J-.-
2496 3121 2555 3125 η,
2579 3110 2704 3125 4..--
2745 3104 2852 3125 -.ΠΛ
2879 3104 3056 3125 -..2----
3082 3122 3132 3125 ___
3155 3122 3204 3125 -_
3233 3104 3272 3125 I2
3371 3103 3383 3125 ε
3453 3106 3522 3125 Aha
3575 3115 3618 3125 ηδ
3643 3113 3674 3125 μ

461 3100 738 3170 Agricola.
1003 3098 1232 3156 Anima.
1558 3106 1800 3158 Ancilla.
2073 3096 2116 3125 υ
2144 3124 2166 3153 α
2194 3104 2474 3157 Kalendas
2496 3110 2707 3157 vestras
2738 3104 2858 3157 odit
2875 3104 3064 3157 anima
3082 3122 3213 3157 mea
3232 3104 3291 3170 ιθ,
3317 3127 3338 3150 ιι
3369 3102 3420 3155 id
3450 3106 3540 3163 est,
3556 3096 3678 3150 festi-

459 3167 709 3264 45%;mL
1555 3176 1867 3264 ᾼξέίτηαίία·
2138 3193 2338 3246 vitates
2369 3199 2580 3246 vestras
2609 3193 2912 3246 exteriores
2952 3193 3275 3264 reprobavit
3301 3192 3540 3245 voluntas
3565 3203 3676 3240 mea.

460 3242 730 3366 do.
1005 3245 1294 3370 ﬁgﬁfwr'
1546 3247 1784 3370 a133,,“
2137 3285 2364 3347 Anima,
2398 3282 2603 3336 mentis
2622 3282 2879 3348 intentio,
2904 3289 2967 3335 ut
2987 3242 3044 3335 in
3063 3283 3205 3336 Job:
3241 3303 3264 3333 (ι
3301 3279 3472 3350 Elegit
3496 3291 3680 3370 suspen-

1007 3335 1180 3440 23f:
2137 3371 2294 3425 dium
2323 3388 2514 3424 anima
2541 3388 2668 3424 mea
2693 3371 2754 3438 1‘,
2794 3391 2818 3420 n
2849 3372 2903 3424 id
2935 3377 3038 3437 est,
3062 3388 3097 3424 a
3127 3371 3366 3425 terrenis
3391 3386 3446 3423 se
3467 3368 3682 3434 elongare

461 3453 759 3530 Amphora.
1008 3459 1199 3525 Adeps.
1561 3463 1598 3514 Α
1612 3453 1753 3512 rcus.
2138 3461 2308 3530 elegit
2321 3455 2558 3514 intentio
2579 3477 2723 3514 mea.
2747 3461 2977 3525 Anima,
2995 3461 3336 3514 desiderium
3346 3461 3616 3529 justorum.
3635 3455 3684 3504 ut

460 3523 750 3620 Aromata.
1012 3523 1172 3594 Ager.
1569 3533 1812 3584 Aurora.

511 3611 683 3620 --μη
1025 3602 1042 3620 ι
1592 3603 1632 3620 ,κ

2161 3567 2195 3602 n
2220 3523 2256 3603 .I
2255 3549 2324 3602 ob
2348 3567 2357 3600 :
2390 3570 2410 3599 ε
2434 3550 2695 3602 Animam
2717 3523 3030 3603 catulorqu
3051 3551 3099 3619 ej
3111 3567 3175 3603 us
3196 3523 3442 3620 implevit
3458 3545 3544 3602 ¹⁵.»
3568 3538 3681 3612 quod

461 3598 706 3651 Αναηθαο
1007 3601 1183 3653 Aries.
1571 3603 1810 3654 Αυνυῃι,
2139 3598 2279 3648 "1':
2301 3598 2318 3602 ⁷
2349 3598 2356 3600 ’
2407 3598 2410 3599 ⁷
2434 3598 2695 3648 ““ς“““’“ς““““
2722 3598 2919 3603 ""‘"'
2939 3598 3030 3602 “--
3055 3598 3098 3619 -ιι
3113 3598 3174 3603 *ν
3196 3598 3361 3648 ----;:--
3401 3598 3434 3600 -ί
3508 3598 3513 3602 -
3583 3598 3596 3612 .

462 3666 636 3722 Arva.
1012 3672 1225 3725 Arena.
1569 3674 1803 3739 Auriga.
2137 3639 2350 3739 :Clllcct
2377 3639 2718 3739 des1der1um
2747 3645 3080 3739 sanctorum
3097 3639 3363 3739 Ecclesue
3382 3636 3446 3689 ad
3471 3634 3682 3739 effectum

462 3739 650 3792 Astra.
1011 3743 1181 3796 Arcaz.
1567 3711 1743 3796 Amisi,

2159 3727 2416 3781 )ominus
2449 3728 2724 3798 perducit.
2759 3729 2984 3792 Anima,
3013 3727 3126 3780 vita
3151 3729 3540 3797 jumentorum,
3568 3718 3681 3773 utin

467 3810 778 3867 Ascenstor.
1003 3813 1293 3868 Armatus.
1325 3855 1338 3865 .
1559 3816 1946 3868 Adversarius.
2139 3815 2240 3869 Job
2269 3835 2279 3868 :
2320 3837 2340 3866 ι
2377 3818 2440 3870 In
2471 3818 2632 3886 cujus
2662 3833 2829 3870 manu
2859 3822 2945 3870 est
2964 3816 3147 3870 omnis
3169 3815 3399 3870 viventis
3425 3807 3679 3866 anima“.-

533 3897 774 3965 Angelus
800 3905 886 3953 est
915 3900 1195 3966 Christus,
1229 3901 1313 3954 vel
1339 3901 1582 3972 Spiritus
1609 3909 1854 3968 sanctus,
1895 3909 1960 3956 ut
1999 3903 2056 3957 in
2141 3905 2286 3976 quod
2318 3905 2374 3958 in
2397 3907 2517 3974 ejus
2545 3911 2820 3976 pot-estate
2837 3905 3048 3958 estvita
3070 3905 3365 3959 brutorum
3387 3898 3683 3957 animalium.

465 3985 764 4056 Evangelio
785 3985 1042 4042 Joannis:
1075 4009 1096 4039 ι
1123 3991 1371 4058 Angelus
1389 3991 1676 4045 descendit
1693 3991 1748 4046 in
1763 3992 2052 4062 piscinam.
2139 3997 2364 4054 Anima,
2399 3995 2654 4047 voluntas
2683 3994 2908 4059 diaboli,
2943 4000 3007 4046 ut
3026 3993 3081 4046 in
3105 3994 3324 4048 cantico
3357 3991 3514 4046 Exodi
3539 4007 3548 4039 :
3575 4007 3594 4036 σ
3622 3983 3687 4037 Di-

463 4075 557 4127 et‘
590 4080 744 4128 mota
770 4083 856 4129 est
883 4093 1048 4148 aqua,
1081 4084 1139 4132 et
1163 4079 1258 4148 qui
1288 4079 1836 4149 priordescendisset
1865 4082 1920 4134 in
1951 4083 2058 4153 pis-
2139 4082 2324 4136 vidam
2354 4083 2530 4153 spolia
2561 4087 2574 4103 ‘
2609 4100 2778 4136 manu
2809 4101 2929 4136 mea
2952 4083 3017 4144 1⁷,
3054 4106 3078 4134 ››
3103 4084 3161 4136 id
3195 4089 3298 4146 est,
3333 4080 3571 4135 invadam
3597 4071 3688 4127 ani-

461 4161 645 4216 cinam
674 4169 800 4233 post
824 4166 1130 4219 motionem
1169 4185 1346 4238 aquae,
1367 4185 1537 4222 sanus
1567 4169 1770 4222 ﬁebat‘
1809 4189 1820 4234 ;
1853 4192 1878 4220 υ
1911 4173 2058 4240 quod
2141 4189 2262 4225 mas
2285 4173 2578 4230 humanas.
2615 4179 2670 4226 et
2697 4173 2950 4226 voluntas
2981 4189 3105 4225 mea
3139 4172 3478 4243 implebitur.

461 4250 718 4306 veniente
747 4253 968 4307 Christo
993 4255 1064 4308 ad
1093 4257 1361 4326 populum
1405 4258 1746 4322 Judaaorum,
1793 4276 1858 4311 eo
1909 4261 2058 4329 quod
2209 4263 2446 4328 Abyssus
2477 4269 2561 4315 est
2591 4262 2764 4315 Vetus
2795 4269 2850 4314 et
2881 4262 3096 4314 Novum
3127 4261 3622 4315 'I‘estamentum.ut
3643 4250 3686 4301 ill

459 4357 561 4411 per
588 4340 892 4395 motionem
906 4343 1158 4413 ejusdem
1188 4347 1377 4416 populi
1408 4364 1569 4417 passo
1599 4365 1698 4418 per
1727 4349 1891 4401 [idem
1932 4366 2118 4422 pas-n
2139 4350 2374 4403 Psalmis
2411 4367 2420 4401 :
2458 4370 2483 4401 α
2515 4351 2762 4422 Abyssus
2790 4350 3053 4420 abyssum
3085 4358 3245 4403 vocat
3277 4350 3336 4410 ‘3,
3388 4367 3410 4399 δ
3449 4343 3580 4414 quod
3611 4340 3687 4392 Tc-

457 4428 632 4484 sionis
655 4431 778 4501 ejus
793 4439 1025 4487 sanatur
1051 4434 1238 4488 unitas
1261 4436 1531 4490 ﬁdelium.
1561 4437 1664 4490 Vel
1684 4437 2053 4492 descendente
2073 4428 2118 4452 υ
2135 4444 2476 4493 stamentum
2501 4441 2673 4494 Vetus
2694 4439 2751 4492 in
2765 4439 3156 4509 praedicatione
3176 4445 3491 4492 sanctorum
3509 4433 3684 4486 Novum

455 4518 516 4572 in
546 4518 698 4573 fonte
727 4520 1001 4592 Baptismi
1039 4523 1249 4594 Spiritu
1297 4531 1508 4588 sancto,
1543 4525 1814 4596 illumque
1871 4527 2056 4580 fecun-
2139 4528 2455 4582 annuntiat.
2512 4531 2764 4595 Abyssus,
2819 4527 3051 4597 collegio
3109 4528 3506 4598 apostolorum,
3552 4525 3604 4573 ut
3645 4515 3686 4567 in

457 4607 628 4661 dante
671 4625 818 4662 unus
875 4609 1054 4665 fidelis
1099 4613 1340 4683 populus
1382 4615 1648 4668 abluitur.
1701 4617 1939 4682 Angelus
1970 4623 2057 4670 est
2139 4617 2400 4669 'Psalmis
2427 4634 2478 4668 zu
2503 4616 2669 4670 Dedit
2687 4615 3122 4687 abyssusvocem
3139 4633 3303 4669 suam
3325 4609 3568 4682 “’nquod
3586 4621 3688 4674 ⁸90·

459 4696 703 4749 Joannes
731 4698 1001 4769 Baptista,
1028 4706 1092 4754 ut
1129 4718 1194 4754 ex
1244 4719 1485 4772 persona
1523 4704 1705 4758 Patris
1743 4705 1812 4758 ad
1850 4705 2053 4759 Filium
2137 4705 2264 4758 stoli
2296 4723 2359 4758 ex
2390 4705 2766 4776 profunditate
2797 4705 2979 4758 cordis
3007 4705 3093 4758 sui
3123 4705 3436 4758 emiserunt
3462 4696 3686 4772 praedica-

459 4782 596 4837 diCit
614 4785 920 4857 propheta:
951 4809 974 4838 α
1019 4790 1154 4844 Ecce
1184 4808 1286 4862 ego
1315 4792 1478 4846 mitto
1532 4795 1795 4863 angelum
1841 4811 2051 4862 meum,
2135 4794 2347 4848 tionem
2374 4812 2552 4848 suam.
2597 4794 2853 4860 .lbyssus,
2887 4794 3200 4847 obscuritas
3237 4795 3500 4863 cujusque
3539 4780 3683 4852 impii.

459 4873 555 4945 qui
585 4877 920 4946 praeparavit
940 4879 1083 4932 viam
1115 4887 1320 4934 antete
1345 4880 1368 4914 ²
1400 4901 1411 4946 ;
1453 4901 1474 4932 ι
1517 4883 1664 4952 quod
1699 4883 1817 4953 ipse
1838 4884 2056 4954 praeivit
2135 4889 2199 4936 ut
2221 4883 2277 4936 in
2305 4883 2406 4937 Job
2438 4902 2448 4935 :
2488 4903 2510 4934 (ι
2545 4883 2792 4954 Abyssus
2836 4883 2990 4947 dicit,
3027 4899 3136 4936 non
3160 4890 3248 4936 est
3266 4883 3324 4936 in
3352 4897 3438 4935 me
3464 4867 3686 4944 ο²⁰ςίιυοά

457 4969 590 5018 ante
613 4963 812 5018 faciem
841 4963 1062 5022 Domini
1092 4985 1292 5040 parare
1321 4971 1438 5024 vias
1467 4972 1607 5040 ejus.
1653 4973 1892 5038 Angelus
1945 4973 2053 5044 spi—
2134 4971 2371 5026 obscura
2389 4979 2474 5026 est
2499 4973 2630 5034 vita,
2656 4973 2861 5025 clamat
2890 4970 2996 5024 sibi
3015 4971 3352 5042 patientiam
3383 4985 3488 5023 non
3517 4967 3681 5019 inesse-

456 5051 598 5106 ritus
620 5054 918 5124 malignus,
938 5063 1003 5110 ut
1021 5057 1076 5112 in
1103 5059 1340 5113 Psalmis
1365 5079 1376 5112 :
1413 5080 1435 5110 (ι
1457 5061 1705 5130 Angelus
1727 5061 1949 5114 Domini
1965 5079 2052 5115 co-
2133 5062 2386 5127 Abyssus,
2419 5067 2690 5114 aeternum
2733 5060 2833 5114 Dei
2859 5060 3153 5129 judicium,
3179 5060 3322 5114 utin
3341 5058 3475 5113 Job:
3504 5077 3524 5106 ι
3555 5049 3685 5106 .Esti-

457 5145 681 5197 arctans
693 5160 816 5210 eos;
839 5163 861 5194 ι
879 5150 936 5199 et
961 5165 984 5194 (ί
1019 5145 1273 5201 diabolus
1303 5149 1689 5218 constringens
1717 5167 1811 5203 eos
1826 5149 1867 5202 3.
1897 5170 1921 5202 ι)
1943 5151 2051 5204 Per
2133 5150 2309 5204 mabit
2328 5151 2592 5221 abyssum
2615 5150 2773 5221 quasi
2795 5156 3176 5203 senescentem
3201 5148 3268 5212 Ἦ,
3309 5173 3331 5199 υ
3361 5145 3502 5217 quod
3523 5139 3683 5195 diabo-

455 5233 692 5298 angelos,
727 5233 980 5288 caelestes
1005 5235 1256 5306 spiritus,
1275 5237 1413 5291 utin
1435 5239 1707 5293 Psalmis.-
1744 5239 1891 5303 «Qui
1915 5239 2048 5293 facis
2131 5239 2218 5295 lus
2245 5239 2304 5292 in
2335 5238 2589 5309 superbis
2613 5237 2879 5292 membris
2899 5237 3015 5291 suis
3027 5245 3300 5291 aeternum
3319 5235 3416 5290 Dei
3425 5229 3680 5304 judicium.

527 5369 545 5402 ¹
585 5371 746 5442 Joan.
778 5387 832 5432 ν,
865 5375 919 5428 4.
959 5375 983 5409 ³
1019 5378 1148 5431 Mal.
1183 5393 1265 5442 In,
1297 5379 1349 5432 1.
1391 5378 1415 5412 ⁸
1453 5379 1542 5433 Ps.
1577 5395 1761 5438 xxxrv.
1795 5382 1846 5435 5.
1889 5379 1911 5413 ⁴
1951 5381 2038 5434 Ps.

2156 5383 2291 5442 [1,4.
2339 5381 2362 5414 ⁵
2398 5382 2526 5434 Mal.
2580 5396 2640 5442 ιι,
2682 5381 2734 5434 7.
2781 5382 2804 5414 ⁸
2851 5381 2990 5434 Gen.
3042 5395 3185 5434 XLVI.
3240 5379 3329 5432 27.
3392 5379 3411 5411 ⁷
3453 5373 3578 5429 l-lob.
3620 5381 3678 5442 ιγ.

454 5438 545 5512 12.
579 5439 608 5512 δέ
631 5442 776 5496 Psal.
811 5459 898 5498 cv.
931 5446 954 5479 ⁹
981 5449 1177 5503 Matth.
1197 5436 1273 5512 v1,
1306 5451 1393 5505 ‘25.
1428 5450 1474 5484 ¹⁰
1502 5453 1647 5504 Psal.
1675 5436 1857 5505 xxiuv.
1879 5453 1919 5486 “
1945 5453 2116 5505 Levit.
2147 5436 2293 5510 xm,
2331 5453 2407 5505 ll.
2446 5453 2487 5485 ¹²
2516 5436 2656 5505 Psal.
2689 5467 2832 5508 cxxv.
2855 5453 2906 5512 3,
2940 5458 2997 5506 et
3026 5465 3244 5510 cxxxiv,
3271 5451 3324 5504 6.
3363 5448 3406 5484 ¹³
3433 5449 3531 5502 lsa.
3564 5436 3681 5502 1,14.

452 5509 498 5543 “
527 5511 630 5565 Job
661 5527 756 5578 vn,
793 5515 879 5569 15.
913 5516 958 5550 ¹⁵
985 5519 1089 5572 Job
1117 5509 1302 5588 xxxm,
1333 5523 1386 5576 1.
1422 5521 1468 5556 ¹⁰
1493 5523 1598 5577 Job
1621 5537 1719 5588 x11,
1749 5524 1838 5578 10.
1871 5523 1915 5558 ¹⁷
1946 5525 1973 5576 E

451 5581 542 5636 14.
576 5582 619 5619 ²¹
649 5583 754 5640 Job
789 5599 901 5653 XLI,
936 5587 1022 5644 2d.
1225 5617 1252 5628 ι

2157 5538 2239 5592 κν,
2271 5509 2324 5575 9-
2359 5525 2402 5557 ¹⁸
2429 5525 2578 5606 Ρδειι.
2613 5539 2719 5587 xu,
2745 5525 2796 5577 8.
2833 5523 2878 5557 ¹⁰
2900 5509 3048 5578 llab.
3085 5538 3166 5588 Ill,
3193 5523 3284 5575 1U.
3317 5521 3366 5554 ²⁰
3392 5519 3490 5574 Job
3518 5524 3679 5570 xxvi“.
