3854 6164
222 308 303 369 853
678 362 695 375 ,
1081 290 1513 359 muscosis
1551 290 1629 359 IN
1669 290 1957 361 SACRAM
1999 288 2476 358 scalprunAM.
3314 308 3413 361 35;,-

217 436 340 508 quasi
382 431 540 485 debile
581 436 635 482 et
688 429 947 482 instabile
992 433 1155 490 esset,
1209 444 1319 481 non
1370 430 1731 499 pertimescit.
1769 426 1941 489 \bilis
1972 432 2035 482 ut
2063 434 2375 482 castrorum
2419 430 2565 482 acies
2605 428 2948 491 ordinata“,
2990 452 3012 482 ι)
3060 432 3207 501 qdod
3252 432 3409 485 electi

215 528 400 592 Abysms
428 520 653 574 bifernus
682 520 910 572 vocatur
935 519 993 571 in
1038 518 1334 587 Evangelio
1372 536 1381 569 :
1422 535 1444 567 α
1483 518 1734 587 Rogabat
1813 536 1913 590 per
1942 517 2295 572 concordiam
2324 516 2544 571 diabolo
2573 518 2853 572 terribiles
2886 523 3034 574 sunt.

216 624 314 669 eum
336 610 476 680 legio,
505 620 568 661 ne
592 616 718 661 eum
757 608 1009 661 mitteret
1044 607 1101 660 in
1131 606 1457 678 abyssum‘,
1492 628 1513 657 ι
1540 608 1594 661 id
1625 610 1726 672 est,
1884 614 2118 663 Acerras
2149 610 2327 660 tritici
2368 610 2499 660 sunt
2536 607 2882 662 incrementa
2928 608 3213 671 virtutum,
3250 612 3312 663 ut
3353 609 3411 663 iri

214 716 355 757 neeos
373 700 623 767 mergeret
646 696 701 749 in
732 696 1030 750 infernum.
1065 697 1171 750 Per
1200 698 1476 764 abyssum,
1513 696 1733 750 dolores
1815 697 2042 750 Cantico
2090 714 2101 748 :
2151 720 2175 747 ι(
2221 692 2432 749 Venter
2458 698 2591 750 tuus
2633 696 2777 751 sicut
2820 710 3048 751 acervus
3076 698 3248 751 tritici
3282 698 3344 756 ’6.
3384 716 3408 749 »

214 790 379 853 mortis,
406 787 533 840 utin
556 786 830 839 Psalmis:
869 806 890 835 α
929 786 1149 839 Ponens
1172 786 1231 839 in
1258 786 1537 839 thesaun‘s
1565 784 1732 857 abys;
1818 784 1965 854 quod
2007 784 2204 849 teneri,
2239 785 2333 854 qui
2364 784 2422 838 in
2451 788 2645 839 sancta
2675 785 2919 840 Ecclesia
2959 789 3107 852 sunt,
3142 788 3410 840 virtutum

211 878 320 942 sos“,
345 898 363 928 υ
384 877 432 929 id
461 880 555 941 est,
588 876 643 928 in
672 875 901 929 secretis
931 880 1101 929 saerae
1131 875 1432 946 Scriptura:
1459 874 1735 946 profunda
1815 874 2161 927 incrementa
2176 872 2752 944 suscipiuntuticcrrus
2775 878 3091 937 testimonii,
3110 874 3415 929 multitudo

211 966 438 1036 mysteria.
464 952 560 1016 Per
588 966 841 1029 abyssum
877 964 1083 1033 quique
1109 963 1569 1033 deeperatissimi,
1591 964 1653 1016 ut
1676 963 1731 1016 in
1816 969 2136 1016 sanctorum
2166 964 2496 1034 martyrum,
2531 964 2595 1017 ut
2625 964 2677 1016 in
2716 962 2919 1018 Genesi
2954 984 2964 1017 :
3004 980 3031 1015 (ι
3062 964 3413 1017 Vocaverunt

209 1054 422 1109 Paulmis:
449 1071 469 1101 ί(
490 1053 687 1105 Omnia
709 1068 1072 1122 quacumque
1093 1052 1568 1108 voluitmominus
1584 1050 1730 1115 fecit,
1776 1107 1783 1115 ,
1818 1054 1999 1105 locum
2030 1050 2187 1105 illum
2217 1052 2447 1109 Galaad.
2470 1050 2526 1105 id
2555 1056 2657 1117 est,
2684 1069 2939 1106 acervum
2970 1042 3275 1107 testimonii
3298 1050 3361 1119 ‘7,
3384 1074 3407 1097 ιι

208 1145 246 1197 in
264 1143 374 1195 cirlo
394 1146 442 1195 et
461 1140 512 1194 in
533 1148 699 1198 terra.
725 1141 779 1194 in
804 1141 944 1194 mari
968 1147 1023 1193 et
1048 1141 1103 1193 in
1128 1142 1386 1193 omnibus
1416 1140 1628 1212 abyssis
1646 1140 1687 1206 ³,
1709 1161 1730 1188 π
1818 1141 1964 1210 quod
1992 1140 2048 1193 in
2069 1142 2261 1194 sancta
2292 1137 2537 1194 Ecclesia
2564 1142 2865 1195 multitudo
2896 1144 3207 1214 Martyrum
3240 1143 3415 1195 hono-

205 1230 315 1303 quod
338 1232 462 1284 sicut
481 1230 643 1299 erigit
662 1214 1181 1300 contemplationes,
1203 1244 1325 1299 quae
1355 1236 1488 1282 sunt
1507 1231 1726 1289 caelum,
1816 1234 1993 1282 ratur.
2017 1230 2249 1284 .trrrrus
2277 1232 2522 1298 lapidum
2548 1234 2632 1283 est
2659 1232 2965 1301 increpatio
2989 1230 3173 1285 ultimi
3190 1230 3407 1300 judicii.

202 1321 258 1373 sic
282 1320 506 1373 fecundat
533 1319 798 1385 actiones,
829 1334 951 1389 quae
982 1324 1114 1372 sunt
1141 1324 1310 1382 terra,
1336 1319 1412 1371 sic
1444 1318 1732 1372 instabiles
1814 1323 1877 1371 ut
1900 1319 1955 1371 in
1984 1317 2140 1371 libris
2170 1315 2385 1387 Regum
2411 1336 2421 1370 :
2462 1338 2485 1369 «
2519 1316 3013 1389 Congregavertmt
3035 1324 3205 1390 super
3234 1317 3409 1375 Absa-

200 1410 453 1474 continuat,
485 1409 575 1479 qui
607 1415 741 1461 sunt
780 1424 953 1472 mare,
988 1408 1067 1460 sic
1096 1407 1153 1460 in
1177 1412 1195 1429 '
1228 1407 1380 1478 ipsis,
1408 1408 1502 1477 qui
1533 1408 1730 1477 despe-
1814 1408 1905 1460 lon
1953 1420 2211 1460 acervum
2268 1406 2516 1477 lapidum
2575 1418 2838 1478 magnum
2879 1408 3047 1461 nimis
3080 1402 3143 1473 ‘3,
3190 1428 3213 1457 »
3264 1406 3410 1479 quod

199 1498 426 1551 ratissimi.
476 1498 607 1551 item
653 1497 785 1550 facit
830 1506 1235 1567 nonnunquam
1291 1496 1728 1550 miSericordiam
1814 1496 2065 1566 reprobis
2108 1496 2328 1550 dicetur
2368 1497 2423 1549 in
2472 1497 2684 1566 judicio
2722 1515 2732 1549 :
2786 1514 2810 1547 «
2852 1498 2954 1564 Ite,
3006 1496 3304 1563 maledicti,
3352 1497 3410 1550 in

195 1598 333 1651 suam,
362 1586 442 1655 qui
478 1591 609 1639 sunt
656 1586 860 1657 abyssi.
917 1586 1025 1639 Per
1067 1587 1325 1651 abyssum
1379 1584 1731 1639 confusiones
1812 1584 1999 1654 ignem
2039 1590 2311 1638 zetcrnum
2334 1586 2396 1637 ‘9.
2435 1606 2459 1633 η
2494 1580 2729 1640 Accrvns
2760 1586 3046 1652 Mercurii,
3086 1579 3406 1650 infidelitas,

196 1686 375 1744 operum
416 1675 707 1740 malorum,
744 1679 807 1728 ut
854 1675 912 1727 in
960 1674 1173 1727 cantico
1205 1674 1374 1728 Exodi
1409 1694 1419 1728 :
1467 1695 1489 1725 ι
1528 1673 1729 1745 Abyssi
1812 1678 1876 1727 ut
1905 1673 1962 1725 in
1992 1672 2279 1727 Parabolis
2307 1674 2621 1727 Salomonis
2650 1696 2660 1725 :
2697 1694 2718 1723 ι
2754 1674 2910 1728 Sicut
2939 1674 3033 1744 qui
3066 1672 3240 1727 mittit
3268 1673 3408 1743 lapi-

196 1771 474 1832 operuerunt
518 1780 613 1816 eos
636 1764 677 1829 ⁴,
741 1780 759 1812 ν
822 1763 876 1816 id
928 1768 1031 1825 est,
1089 1763 1440 1817 confusiones
1495 1748 1938 1835 operudeem
1969 1763 2025 1815 in
2054 1776 2310 1816 acervum
2344 1758 2626 1827 Mercurii,
2660 1764 2739 1816 sic
2770 1764 2863 1833 qui
2896 1761 3095 1816 tribuit
3125 1762 3410 1833 insipienti

194 1867 371 1905 suorum
399 1857 794 1923 Oppresserunt
822 1869 935 1905 eos.
1812 1853 2081 1906 honorem
2101 1850 2165 1916 ω,
2205 1872 2224 1900 ιι
2262 1852 2408 1921 quod
2451 1851 2546 1921 qui
2586 1851 2801 1905 fatuum
2837 1852 3085 1922 aliquem
3124 1848 3194 1906 ad
3234 1846 3410 1906 hono-

244 1940 370 1994 Abm
407 1944 486 1994 est
521 1942 761 1995 altitudo
791 1940 1295 2012 contemplationis,
1344 1942 1408 1994 ut
1448 1942 1505 1995 in
1548 1942 1727 1997 Isaia:
1815 1958 1932 1995 rem
1961 1940 2394 1994 ecclesiasticum
2436 1940 2710 2011 provehit,
2737 1938 3149 2011 quodammodo
3188 1936 3409 2011 culpam

195 2050 208 2075 υ
234 2029 408 2082 Ponam
436 2030 487 2082 in
516 2029 742 2084 deserto
773 2030 1014 2084 abietem
1035 2031 1075 2095 ⁵,
1114 2050 1138 2083 n
1163 2031 1310 2101 quod
1333 2030 1390 2084 in
1415 2032 1731 2101 gentilitate
1814 2030 2162 2084 infidelitatis
2191 2028 2515 2082 committit.

190 2117 407 2171 Dominus
433 2120 961 2191 contemplationem
984 2120 1186 2190 posuit.
1224 2139 1247 2171 κ)
1276 2112 1501 2181 .lbictm,
1531 2127 1727 2191 poten-
1883 2118 2193 2184 Arcu/ntus,
2228 2117 2468 2172 cmiestis
2492 2118 2694 2189 patria,
2723 2120 2787 2170 ut
2815 2117 2871 2169 in
2900 2116 3129 2170 Cantico
3160 2136 3169 2171 :
3210 2132 3230 2165 α
3262 2114 3406 2171 Dum

185 2209 247 2258 tes
270 2213 316 2259 et
339 2206 676 2261 infructuosi.
714 2195 820 2261 Per
847 2210 1094 2273 abietem,
1139 2209 1314 2261 sancti
1345 2192 1548 2278 angeli,
1582 2214 1645 2263 ut
1674 2210 1729 2263 in
1813 2210 1960 2261 esset
1990 2222 2083 2260 rex
2113 2207 2168 2261 in
2213 2206 2466 2261 accubito
2496 2218 2617 2271 Sno,
2660 2205 2867 2259 nardus
2907 2214 3031 2259 mea
3074 2202 3228 2259 dedit
3274 2205 3408 2259 odo-

186 2294 452 2364 Propheta:
491 2306 511 2346 ὰ
545 2297 777 2351 Abietes
808 2304 919 2350 non
950 2297 1387 2367 adaequaverth
1433 2298 1730 2352 summita-
1814 2313 1932 2351 rem
1986 2312 2149 2350 suum
2172 2296 2235 2363 5",
2294 2316 2317 2347 ))
2378 2296 2525 2366 Quod
2570 2312 2694 2349 cum
2745 2295 3000 2349 Christds
3059 2292 3409 2349 ascendendo

183 2388 269 2435 tem
298 2386 451 2454 ejus“,
492 2402 512 2435 ι
562 2386 715 2457 quod
773 2386 1190 2456 comparatione
1232 2386 1457 2439 illorum
1509 2387 1731 2456 angelo—
1812 2387 2013 2440 caelum
2036 2390 2267 2457 peteret,
2288 2386 2600 2440 sanctitatis
2624 2384 2958 2438 suavitatem
2982 2382 3226 2438 Ecclesia
3254 2392 3407 2436 ema-

184 2482 277 2525 rum
300 2474 382 2527 ille
408 2476 622 2546 primus
652 2476 887 2544 angelus
916 2475 1083 2528 altior
1110 2473 1235 2528 fuit.
1814 2475 1984 2529 navit.

232 2562 447 2616 Abortz'vz'
488 2565 673 2618 Sancti
730 2568 863 2617 sunt
916 2567 1047 2617 ante
1107 2565 1305 2633 legem,
1351 2568 1413 2617 ut
1461 2564 1518 2617 in
1562 2565 1665 2618 Job
1711 2583 1721 2617 :
1884 2564 2040 2627 Acus,
2067 2562 2293 2633 punctio
2323 2562 2550 2623 doloris,
2581 2566 2645 2614 ut
2673 2561 2729 2614 in
2760 2558 3058 2631 Evangeiio
3097 2581 3108 2615 :
3151 2576 3171 2613 ﬁ
3208 2560 3407 2616 Came-s

182 2668 197 2697 ι
223 2650 362 2712 Quasi
413 2652 729 2707 abortivum
777 2652 1226 2716 absConditum7,
1274 2676 1295 2703 ››
1351 2652 1498 2723 quod
1551 2654 1727 2707 sancti
1810 2653 1925 2706 lum
1959 2666 2060 2722 per
2089 2653 2337 2705 foramen
2378 2658 2510 2704 acus
2557 2651 2768 2704 intrare
2795 2648 2860 2715 θ’,
2899 2668 2925 2702 ι
2962 2651 3109 2721 quod
3154 2646 3410 2705 ChristUs

175 2742 275 2791 ante
292 2739 453 2809 legem
483 2743 620 2796 huic
650 2743 858 2796 mundo
889 2757 953 2796 ex
985 2756 1189 2813 magna
1230 2749 1388 2812 parte
1419 2741 1727 2795 absconditi
1809 2742 2139 2812 punctiones
2169 2730 2374 2794 doloris
2402 2738 2698 2810 pertulerit
2728 2739 2785 2792 in
2813 2750 2995 2794 cruce.

176 2825 355 2882 fuerint.
384 2833 710 2886 Abortz'rum
745 2832 1090 2902 imperfectio
1121 2831 1382 2895 hominis,
1415 2834 1479 2884 ut
1505 2831 1563 2885 in
1588 2829 1728 2885 libro
1882 2830 2299 2884 Adolescentqu
2328 2829 2527 2883 anima:
2554 2832 2686 2882 sunt
2714 2834 3055 2894 sanctorum,
3081 2832 3145 2882 ut
3174 2828 3233 2881 in
3263 2829 3409 2883 Can-~

173 2914 306 2969 Num.
331 2937 341 2970 :
365 2940 384 2969 η
404 2920 579 2984 Quasi
610 2920 943 2986 abortivum,
970 2920 1115 2990 quod
1149 2920 1476 2975 extrahatur
1507 2937 1540 2973 a
1567 2921 1725 2973 vulva
1809 2919 1919 2973 tico
1940 2917 1987 2952 ⁸³
2011 2939 2021 2972 :
2048 2922 2458 2972 adolescentqu
2478 2916 2657 2983 dictat,
2686 2917 2835 2987 quod
2855 2917 3066 2972 devotae
3087 2918 3409 2971 sanctorum

172 3006 327 3058 matris
354 3024 461 3061 sua:
489 3010 530 3071 ⁸,
574 3026 603 3060 υ
639 3009 786 3078 quod
817 3014 1233 3061 murmurantes
1272 3025 1305 3061 a
1339 3012 1516 3061 matre
1543 3008 1728 3077 gratia
1754 3067 1789 3078 _
1810 3007 2012 3062 anima)
2043 3006 2327 3062 Christum
2358 3005 2618 3076 diligunt.

171 3090 429 3161 imperfecti
456 3067 855 3167 projici‘untur.
1543 3067 1576 3077 υ
1748 3067 1792 3126 Ο
1882 3096 2051 3165 Arte-ps
2079 3102 2163 3150 est
2180 3094 2441 3149 divinitas
2458 3067 2690 3161 Ehristi,
2715 3095 2860 3148 utin
2883 3082 3120 3148 Psalmis
3144 3104 3156 3149 ξ
3185 3110 3209 3146 (ι
3232 3091 3410 3166 Adipe

220 3185 457 3251 Acdpttcr
488 3185 733 3256 quilibet
769 3186 997 3250 electus,
1028 3192 1091 3239 ut
1126 3184 1183 3238 in
1213 3184 1315 3239 Job
1347 3203 1357 3237 :
1397 3205 1418 3235 α
1463 3185 1727 3256 Nunquid
1809 3185 2075 3239 frumenti
2104 3185 2273 3238 satiat
2303 3184 2435 3247 te",
2460 3204 2484 3235 ι)
2516 3182 2661 3254 quod
2695 3184 2975 3237 caelestem
3008 3181 3165 3237 illam
3191 3180 3412 3238 Jerusa-

170 3283 246 3336 per
266 3273 586 3342 sapientiam
624 3280 781 3328 tuam
820 3275 1117 3345 plumescit
1161 3274 1426 3345 accipiter
1448 3275 1489 3339 θ,
1520 3294 1540 3325 ι
1579 3266 1726 3345 quod
1809 3276 1919 3327 lem
1950 3274 2205 3328 Christus.
2231 3273 2520 3327 divinitate
2552 3273 2749 3343 pascit.
2774 3271 2944 3341 Attrps‘
2981 3270 3217 3344 simplex
3244 3272 3412 3327 inte];

166 3358 303 3412 solius
346 3362 439 3415 Dei
490 3363 582 3417 vir
622 3368 847 3418 sanctas
895 3364 1113 3434 pluuias
1156 3363 1425 3417 virtutum
1465 3364 1721 3434 acquirit.
1808 3364 1983 3417 lectus
2014 3364 2333 3433 Scriptum,
2363 3368 2428 3415 ut
2469 3362 2523 3414 in
2558 3361 2794 3415 Psalmis
2831 3379 2841 3413 :
2881 3380 2905 3413 (ι
2940 3361 3155 3416 Cibavit
3192 3361 3317 3416 illos
3348 3380 3411 3417 ex

167 3444 250 3499 Per
271 3454 578 3519 accipitrem
612 3468 856 3523 rapaces,
889 3454 952 3506 ut
974 3453 1033 3505 in
1057 3453 1321 3506 Daniele:
1363 3472 1385 3503 «
1424 3454 1491 3506 Et
1512 3470 1726 3522 ungues
1809 3453 1969 3523 adipe
2000 3452 2267 3505 frumenti
2299 3450 2363 3517 95,
2402 3468 2425 3495 η
2461 3449 2607 3520 quod
2635 3450 2872 3520 simplici
2903 3449 3187 3505 intellectu
3220 3448 3415 3506 refecit

163 3544 373 3592 crescent
400 3542 561 3610 quasi
606 3541 977 3612 accipitris”,
1007 3562 1026 3590 ι
1068 3543 1215 3612 quod
1249 3542 1344 3611 qui
1390 3559 1491 3612 per
1528 3550 1724 3613 super-
1808 3559 1920 3595 eos.
1973 3540 2162 3607 Aclcps,
2211 3539 2502 3610 spirituale
2550 3538 2919 3603 desiderium,
2966 3542 3030 3591 ut
3088 3539 3147 3592 in
3194 3540 3412 3593 cantico

163 3620 283 3677 biam
302 3628 353 3680 in
375 3636 561 3683 mente
583 3629 959 3702 decipiuntur,
976 3635 1033 3684 et
1054 3636 1230 3700 iisque
1258 3632 1327 3683 ad
1351 3631 1725 3701 eoinpunctio-
1807 3614 2255 3683 Denteronomii:
2283 3649 2307 3677 (ι
2333 3628 2473 3681 Cum
2497 3626 2660 3696 adipe
2683 3634 2955 3697 agnorum
2979 3632 3036 3680 et
3054 3614 3295 3681 arietum
3308 3626 3408 3689 9°,»

162 3728 240 3767 nes
264 3718 600 3786 rapacitatis.
1805 3719 1863 3772 id
1887 3724 1989 3783 est,
2024 3726 2151 3771 cum
2193 3715 2427 3787 spiritali
2457 3715 2735 3769 desiderio
2790 3713 3142 3769 subditorum
3184 3718 3240 3770 et
3268 3724 3411 3788 prae;

218 3802 415 3859 Acetum
462 3806 551 3860 est
599 3807 775 3873 dolus,
808 3812 873 3862 ut
918 3807 976 3861 in
1008 3807 1307 3877 Evangelio
1341 3827 1351 3860 ε
1392 3830 1416 3859 (‹
1469 3809 1727 3879 Implevit
1807 3808 2070 3860 latorum.
2093 3808 2282 3875 Adeps,
2310 3804 2675 3867 abundantia,
2694 3808 2755 3858 ut
2777 3804 2835 3857 iii
2856 3805 3121 3857 Psalmis:
3153 3818 3173 3855 ι
3198 3801 3414 3860 Prodiit

160 3893 409 3963 Spongiam
430 3902 596 3950 aceto
614 3896 677 3959 “,
712 3916 736 3947 ν)
771 3898 918 3967 quod
950 3898 1185 3967 replevit
1213 3895 1466 3951 diabolus
1493 3896 1725 3968 populos
1808 3896 1967 3966 quasi
2005 3912 2068 3949 ex
2120 3895 2282 3966 adipe
2326 3893 2595 3964 iniquitas
2626 3902 2820 3947 eorum
2853 3891 2919 3955 ’⁷,
2970 3910 2991 3945 ›)
3028 3894 3086 3947 et
3124 3891 3272 3964 qliod
3312 3902 3414 3965 per

158 3978 439 4037 Iudaeorum
462 3983 664 4038 fraude
693 3992 748 4038 et
767 3983 912 4039 dolo.
938 3986 1184 4040 Acetum.
1202 3986 1361 4057 piger
1385 3985 1637 4056 quilibet,
1662 3984 1727 4039 ut
1808 3984 2208 4038 abundantiam
2239 3992 2398 4037 suam
2427 3982 2752 4053 peccabant,
2782 3982 2968 4059 Maps,
2997 3981 3237 4036 carnalis
3268 3982 3409 4037 litati-

158 4065 202 4119 in
240 4068 515 4127 Parabolis
554 4092 565 4126 :
621 4092 645 4126 «
697 4074 852 4127 Sicut
890 4080 1109 4128 acetum
1155 4074 1415 4128 dentibus
1467 4076 1722 4128 amarum
1806 4074 1905 4139 tia,
1922 4076 1985 4127 ut
2003 4074 2061 4126 in
2087 4072 2400 4126 Psalmiszc
2426 4066 2664 4141 Adipem
2686 4082 2851 4124 suum
2874 4070 3272 4137 concluser'unt
3291 4062 3358 4137 ‘3,
3385 4091 3405 4122 ι

156 4158 222 4208 est
255 4154 311 4217 ¹²,
350 4179 371 4212 η
403 4162 483 4215 sic
526 4162 691 4233 piger
721 4162 945 4221 sanctis.
983 4163 1078 4232 qui
1116 4160 1313 4216 dentes
1344 4163 1717 4233 appellantUr,
1810 4163 1865 4216 id
1912 4169 2013 4227 est,
2062 4163 2343 4215 carnalem
2392 4177 2553 4214 suam
2612 4159 2876 4214 laetitiam
2914 4160 3405 4215 confirmaverunt.

157 4242 445 4316 frequenter
486 4254 656 4303 nocet
699 4250 928 4304 verbum
969 4251 1377 4316 commotionis,
1416 4254 1480 4305 ut
1526 4252 1584 4305 in
1616 4251 1722 4305 Pa-
1808 4252 1996 4319 :ldrpx,
2030 4251 2249 4305 bonitas
2280 4236 2564 4303 interioris
2594 4248 2914 4315 voluntatis,
2939 4253 3003 4303 ut
3031 4249 3088 4302 in
3120 4247 3358 4303 Psalmis
3394 4268 3407 4304 :

154 4334 330 4391 rabolis
359 4355 369 4389 :
408 4354 431 4390 ιι
466 4340 695 4410 Vipera,
722 4340 822 4401 sal,
856 4346 1075 4393 acetum
1106 4341 1163 4393 in
1194 4340 1433 4405 vitiis,et
1464 4341 1558 4410 qui
1590 4356 1722 4393 can—
1744 4352 1790 4424 ί)
1811 4361 1830 4391 α
1863 4340 2017 4393 Sicut
2033 4340 2195 4411 adipe
2217 4346 2272 4393 et
2295 4338 2635 4423 pinguedine
2655 4337 2942 4408 replentur
2959 4337 3147 4391 anima
3161 4344 3288 4391 mea
3300 4334 3403 4401 ’9,»

152 4426 219 4474 ta
233 4428 386 4481 corde
414 4429 666 4498 pessimo
698 4429 758 4495 ‘3,
790 4448 814 4481 »
849 4429 997 4499 quod
1028 4429 1251 4499 quando
1283 4436 1544 4499 perversa
1568 4446 1724 4483 mens
1746 4418 1783 4424 ”
1807 4428 1862 4481 id
1913 4434 2014 4494 est,
2067 4429 2300 4482 interius
2353 4418 2499 4481 bona
2555 4431 2704 4491 Voce,
2762 4422 2905 4479 sicut
2961 4426 3204 4479 exterius
3259 4424 3406 4479 bona

148 4515 417 4585 corripitur
447 4523 789 4575 murmurat.
812 4518 955 4571 sicut
981 4518 1191 4572 nitrum
1224 4517 1480 4572 fervescit
1502 4518 1559 4570 et
1575 4517 1726 4571 eb’illh
1808 4517 2043 4571 actione.

152 4599 219 4663 lit;
248 4606 460 4673 quando
492 4607 728 4677 ponitur
754 4606 809 4660 in
842 4612 1017 4661 aceto.
1042 4594 1285 4673 .icctum,
1308 4607 1627 4671 inﬁdelitas,
1663 4616 1725 4660 ut
1876 4607 2000 4671 .lcr,
2038 4614 2194 4659 mens
2239 4602 2537 4672 cujuslibet
2590 4602 2831 4655 hominis
2889 4601 3191 4669 saecularis,
3236 4602 3300 4656 ut
3337 4603 3401 4656 in

149 4686 193 4741 in
220 4690 444 4747 Psalmis
476 4713 488 4746 :
529 4703 550 4743 'a
583 4696 644 4748 In
678 4695 771 4748 siti
794 4704 920 4749 mea
946 4698 1274 4766 potaverunt
1306 4704 1394 4749 me
1418 4702 1573 4750 aceto
1594 4696 1657 4759 η,
1699 4715 1718 4746 ι
1806 4695 1909 4748 Job
1944 4711 1954 4747 :
1994 4706 2013 4743 ἀ
2052 4693 2246 4748 Subito
2276 4700 2375 4745 aer
2402 4696 2633 4759 cogetur
2677 4691 2734 4743 in
2764 4690 2939 4744 nubes
2968 4690 3034 4753 3°,
3074 4714 3094 4740 ι
3133 4692 3282 4762 quod
3312 4696 3402 4745 re-

152 4776 194 4829 id
226 4784 319 4841 est.
352 4798 462 4854 ego
518 4784 686 4838 fidem
740 4796 933 4839 eorum
972 4785 1105 4847 eitii,
1150 4790 1207 4839 et
1245 4786 1350 4856 ipsi
1397 4785 1724 4839 infidelitate
1806 4784 2034 4854 pentino
2064 4782 2273 4836 scilibet
2311 4780 2541 4851 spiritus
2570 4783 2803 4833 muliere
2834 4787 2991 4834 mens
3021 4780 3304 4835 saecularis
3333 4781 3400 4834 ad

150 4881 222 4920 me
247 4876 601 4939 Potaverunt.
1806 4873 2161 4926 sanctitatem
2187 4871 2531 4943 perducitur.

206 4960 360 5024 .l‘cirs,
397 4962 597 5015 unitas
626 4964 950 5028 electorum,
987 4964 1051 5016 ut
1091 4964 1151 5016 in
1181 4963 1398 5017 cantico
1425 4980 1435 5014 :
1475 4974 1501 5014 ι
1533 4962 1722 5016 Terri-
1878 4963 2020 5027 Ager
2045 4966 2130 5014 est
2159 4959 2421 5023 mundus,
2444 4962 2509 5012 ut
2536 4957 2593 5010 in
2622 4957 2924 5026 Evangelia
2953 4976 2964 5010 :
3001 4977 3027 5009 (ί
3052 4948 3276 5012 Homini
3307 4959 3403 5027 qui

204 5196 372 5255 ‘Luc.
397 5216 525 5267 vIII,
558 5202 644 5256 31;
676 5201 700 5235 ²
727 5203 872 5256 Psal.
906 5216 1100 5263 XXXIII,
1134 5200 1187 5255 7.
1230 5200 1254 5235 ³
1290 5202 1380 5256 Ps.
1416 5214 1638 5266 CXXXIV,
1668 5199 1722 5254 6.

1877 5199 1993 5253 rod.
2028 5213 2114 5265 xv,
2149 5200 2200 5254 5.
2234 5200 2256 5233 ⁵
2288 5201 2397 5254 Isa.
2428 5214 2542 5264 XLI,
2574 5199 2664 5254 19.
2699 5200 2722 5232 ⁸
2752 5199 2950 5253 Ezech.
2982 5213 3132 5263 χχχι,
3163 5197 3217 5251 8.
3249 5198 3269 5232 ⁷
3296 5197 3399 5251 Job

145 5276 212 5338 lli,
232 5268 314 5324 16.
347 5272 369 5305 ⁸
390 5274 566 5327 Num.
592 5286 688 5335 XII,
726 5273 804 5329 l2.
837 5274 860 5307 9
890 5272 993 5326 Job
1025 5286 1211 5335 XXXIX,
1244 5272 1332 5327 39.
1384 5272 1430 5307 ¹⁰
1459 5273 1599 5326 Dan.
1634 5286 1709 5338 Iv,
1741 5270 1831 5331 40.
1860 5271 1901 5305 “
1936 5272 2103 5324 Marc.
2140 5285 2227 5336 xv,
2258 5271 2345 5325 36.
2381 5270 2426 5305 ¹²
2461 5273 2622 5325 Prov.
2659 5286 2712 5337 Χ,
2745 5270 2835 5326 26.
2868 5270 2914 5304 ¹⁸
2942 5271 3105 5323 Prov.
3147 5283 3272 5335 xxv,
3306 5268 3396 5321 20.

142 5334 177 5367 ¹⁴
204 5339 338 5401 Psal,
373 5356 575 5409 vam,
607 5334 692 5398 2‘2.
727 5344 770 5377 π’
801 5346 963 5398 Cant.
996 5359 1072 5409 VI,
1105 5344 1158 5408 3,
1189 5345 1241 5399 9.
1276 5345 1322 5378 ¹⁶
1353 5345 1513 5397 Cant.
1547 5359 1659 5408 xvr,

1870 5344 2046 5396 ienes.
2072 5334 2223 5407 XXXI,
2252 5343 2340 5407 47-,
2374 5342 2463 5396 48.
2490 5344 2533 5377 ¹⁸
2562 5343 2613 5396 ΙΙ
2638 5334 2772 5412 Reg.
2806 5353 2965 5405 XVIII,
2987 5342 3078 5399 17.
3113 5340 3158 5374 ¹⁹
3188 5340 3392 5412 Matth.

143 5418 249 5481 pix,
280 5412 369 5466 41-.
399 5412 449 5446 ³ο
482 5416 638 5467 Prov.
672 5430 865 5481 xvaII,
894 5414 948 5470 8.
982 5414 1023 5449 ²¹
1057 5416 1217 5468 Cant.
1254 5429 1290 5479 ι,
1324 5415 1412 5469 i3.
1460 5414 1506 5447 θί
1548 5415 1665 5468 Mat

1869 5431 1892 5476 ',
1926 5414 2024 5479 ‘24;
2063 5414 2231 5467 Marc.
2268 5429 2319 5478 Χ,
2370 5413 2477 5479 25;
2528 5414 2657 5467 Luc.
2694 5411 2849 5478 XVIII,
2880 5412 2969 5468 25.
2993 5412 3040 5446 ⁸³
3068 5413 3230 5468 Cant.
3274 5417 3312 5477 l,
3340 5411 3391 5467 3.

140 5475 331 5549 ffPsal.
358 5497 575 5545 CXLVII,
606 5486 693 5540 14.
718 5486 764 5519 ⁵⁵
794 5475 940 5541 Psal.
978 5499 1139 5545 Lxxx,
1169 5487 1258 5539 17.
1283 5475 1338 5519 ’θθ
1368 5487 1530 5539 Deut.
1566 5501 1662 5538 xxx

1878 5486 1921 5519 97
1952 5475 2096 5538 Psal.
2132 5475 2377 5544 ωιχιῐζῖ.
2402 5485 2447 5519 ²⁸
2468 5475 2613 5538 Psal.
2644 5499 2777 5549 xv",
2805 5475 2893 5539 i0.
2928 5483 2975 5519 ’θ
3003 5485 3148 5541 Psal.
3188 5475 3318 5545 tim,
3339 5484 3395 5537 ϐ.

140 5546 177 5579 ³⁸
198 5552 294 5606 Job
325 5570 542 5621 XXXVII,
574 5557 657 5609 ‘21.
