3854 6164
448 297 552 353 855
1051 297 1112 352 Β.
1155 297 1426 351 RABANI
1465 297 1698 352 MAURI
1734 298 2052 354 ARCHIEP
2090 299 2414 354 MOGUNT.
2457 299 2756 356 OPERUM
2791 301 2975 357 PARS
3013 303 3110 359 III.
3555 306 3636 362 856

447 422 742 476 seminavit
769 421 976 474 bonum
1021 437 1210 474 semen
1251 421 1310 474 in
1340 439 1475 490 agro
1505 423 1545 489 1,
1580 441 1606 473 »
1645 423 1840 498 idest,
1874 422 2036 477 Chri-
2056 427 2099 482 A
2122 425 2324 478 electos
2345 425 2713 495 spiritualiter
2731 426 2948 480 excolit.
2972 427 3464 497 Agricola,quilibet
3482 445 3638 500 repro-

449 519 554 578 sto,
591 511 685 582 qui
715 511 922 580 spar‘sit
949 510 1400 590 pi'mdicationem
1434 511 1492 564 in
1517 512 1747 565 mundo.
1780 513 2042 582 Przepara
2121 513 2225 566 bus
2267 519 2494 568 terrena
2534 515 2792 584 diligens,
2835 521 2899 568 ut
2942 515 3000 569 in
3053 515 3245 570 Genesi
3280 534 3290 568 :
3333 534 3357 566 ι
3385 516 3499 570 Fuit
3531 517 3642 572 Abel

448 617 648 671 corpus
677 605 860 662 tuum,
895 604 951 652 et
989 599 1288 668 diligenter
1324 617 1516 654 exerce
1547 617 1745 670 agrum
1775 607 1953 667 tuum,
1984 601 2042 654 id
2125 609 2316 673 pastor
2364 603 2568 669 ovium,
2615 609 2670 657 et
2711 603 2850 658 Cain
2897 603 3136 674 agricola
3157 603 3216 666 ‘9,
3253 622 3276 656 ι)
3310 605 3442 675 quod
3473 605 3644 660 electus

447 695 550 754 est,
584 693 770 742 sentes
799 688 1162 758 iniquitatum
1193 690 1382 753 evelle,
1411 695 1468 742 et
1504 705 1704 760 corpus
1726 690 1796 744 ad
1825 691 2044 760 frugem
2127 691 2363 762 quisque
2397 691 2676 762 simplices
2705 695 2726 716 *
2752 693 2899 746 infra
2933 711 2992 747 se
3033 693 3380 764 cogitationes
3409 695 3576 760 nutrit,
3603 703 3648 748 et

447 777 830 832 retributionis
861 777 1065 831 excole.
1095 780 1240 844 Ager
1260 777 1469 832 bonum
1493 795 1652 849 opus,
1689 784 1751 832 ut
1781 779 1839 832 in
1865 779 2044 833 Evan-
2125 781 2397 851 reprobus
2435 782 2688 852 quilibet,
2737 783 2956 836 interna
3001 798 3104 836 sua
3120 783 3152 805 ’⁶
3180 783 3432 848 deferens,
3466 787 3651 836 terrena

445 865 631 936 gelio3
660 882 795 936 ager
820 867 1026 920 emitur
1054 873 1282 938 propter
1299 867 1646 933 thesaurum,
1667 868 1815 938 quod
1836 867 2045 922 bonum
2128 869 2353 940 diligit.‘
2374 871 2482 924 Per
2525 874 2827 938 agricolam
2870 871 3147 942 principes
3190 871 3489 942 Synagogaz,
3517 877 3570 924 ut
3605 872 3652 927 in

447 972 587 1026 opus
616 961 906 1010 exercetur
943 961 1171 1026 propter
1208 958 1430 1010 caeleste
1473 957 1830 1011 desiderium.
1880 958 2040 1024 Ager,
2128 959 2426 1029 Evangelia
2477 977 2488 1012 :
2533 978 2558 1010 «
2601 959 2832 1014 Locabit
2889 977 3010 1014 eam
3061 959 3310 1030 agricolis
3360 958 3418 1024 3°,
3467 979 3488 1009 »
3535 960 3652 1029 quod

451 1045 742 1115 Scriptura
777 1051 987 1110 sancta,
1027 1051 1091 1098 ut
1129 1045 1184 1099 in
1225 1045 1368 1099 Job:
1410 1065 1431 1097 ι
1466 1047 1678 1115 Agrum
1729 1063 1840 1100 non
1882 1063 2044 1100 suum
2129 1048 2396 1118 populum
2411 1048 2876 1119 antiquumillum
2895 1048 3653 1120 principibusSynagogaecmn-

450 1133 798 1198 demetunt3,
846 1153 868 1184 ι
914 1135 1062 1204 quod
1111 1134 1456 1204 Scripturam
1499 1152 1734 1201 sacram,
1779 1152 1902 1206 quae
1945 1153 2047 1189 sua
2128 1136 2300 1190 misit.
2332 1139 2440 1190 Per
2466 1141 2769 1204 agricolam
2792 1137 3047 1192 doctores
3079 1138 3344 1203 Ecclesiae,
3365 1142 3426 1190 ut
3442 1137 3493 1189 in
3511 1137 3655 1190 Evan-

451 1239 562 1276 non
583 1228 687 1287 est,
707 1223 953 1277 haeretici
981 1229 1324 1294 pervertunt.
1349 1225 1492 1292 Ager
1515 1224 1756 1278 officium
1778 1225 2046 1295 praedica-
2125 1225 2272 1295 gelio
2306 1242 2318 1278 :
2353 1245 2377 1277 «
2411 1226 2648 1280 Vineam
2691 1243 2850 1280 suam
2889 1225 3095 1280 locabit
3136 1226 3257 1281 aliis
3293 1225 3528 1296 agricolis
3553 1223 3606 1288 ’1,
3636 1247 3653 1275 )

451 1311 640 1378 tionis,
673 1318 737 1366 ut
764 1312 822 1365 in
858 1313 1086 1366 Cantico
1121 1331 1131 1365 :
1173 1313 1386 1376 «Veni,
1429 1313 1629 1366 dilecte
1663 1313 1760 1379 mi,
1793 1314 2046 1383 egredia-
2128 1313 2182 1367 id
2238 1319 2340 1379 est,
2395 1315 2700 1370 Ecclesiam
2757 1332 2920 1369 suam
2981 1315 3108 1368 aliis
3183 1315 3480 1369 doctoribus
3537 1329 3657 1367 com-

453 1417 582 1454 mur
609 1401 666 1454 in
697 1417 896 1470 agrum
928 1401 970 1467 4,
1007 1422 1029 1452 ι
1066 1402 1213 1472 quod
1245 1407 1300 1455 et
1331 1403 1584 1456 Christus
1617 1402 1686 1456 ab
1713 1419 1916 1456 arcano
1941 1403 2048 1456 Pa-
2131 1403 2336 1456 mittet.
3111 1407 3117 1416 ‘

450 1491 572 1556 tris,
595 1495 652 1544 et
666 1490 958 1544 Ecclesiae.
977 1496 1190 1544 secreto
1211 1491 1698 1561 contemplationis
1717 1492 1784 1544 ad
1804 1491 2048 1545 ofﬁcium
2201 1493 2390 1546 Altera
2429 1498 2516 1546 est
2562 1492 2686 1563 ipsa
2722 1493 3003 1560 divinitas,
3034 1499 3100 1547 ut
3135 1493 3191 1546 in
3219 1493 3426 1546 Psalmo
3457 1510 3467 1544 :
3498 1512 3520 1543 ει
3545 1494 3662 1546 Con-

453 1579 821 1648 egrediuntur
865 1579 1294 1649 praedicationis.
1336 1581 1370 1632 Α
1382 1597 1494 1648 ger,
1545 1581 1783 1651 populus
1828 1580 2049 1634 Judteo-
2132 1581 2346 1635 stituite
2363 1581 2512 1634 diem
2534 1582 2840 1634 solemnem
2859 1581 2914 1635 in
2937 1582 3231 1636 condensis
3251 1598 3415 1652 usque
3427 1581 3509 1651 [ad
3525 1597 3662 1634 cornu

453 1684 599 1732 rum,
634 1675 698 1722 ut
726 1667 782 1720 in
819 1667 1022 1722 Genesi
1053 1687 1064 1720 :
1098 1688 1120 1720 ι
1157 1669 1425 1738 Egressus
1460 1674 1544 1723 est
1573 1669 1642 1722 ad
1666 1670 2050 1723 meditandum
2133 1671 2348 1740 altaris]
2378 1669 2444 1735 9’,
2472 1689 2497 1721 ι)
2546 1671 2598 1722 id
2630 1675 2733 1734 est,
2766 1671 3002 1725 virtutes
3030 1671 3226 1724 crebro
3261 1671 3594 1740 frequentate,
3623 1677 3666 1723 et

456 1756 513 1810 in
561 1773 697 1826 agro
738 1757 1006 1810 inclinato
1047 1759 1166 1827 jam
1212 1758 1300 1812 die
1348 1759 1553 1824 Isaac",
1589 1777 1614 1810 ›)
1667 1759 1815 1829 quod
1849 1759 1907 1812 in
1937 1744 2536 1831 ﬁneBpertingensad
2555 1743 2927 1814 eminentiam
2942 1760 3197 1814 Deitatis.
3221 1761 3402 1813 Altera
3418 1757 3668 1812 caroChri-

457 1845 650 1899 mundi
680 1862 940 1916 egressus
970 1852 1056 1900 est
1083 1847 1150 1900 de
1179 1847 1316 1900 cmlo
1350 1847 1607 1901 Christus
1637 1848 1706 1901 ad
1737 1849 2046 1902 docendum
2131 1849 2223 1915 sti,
2257 1855 2320 1901 ut
2350 1847 2406 1901 in
2429 1849 2672 1902 Jeremia
2699 1866 2710 1900 :
2738 1867 2762 1898 «
2794 1849 3022 1919 Repulit
3050 1850 3200 1902 Deus
3225 1849 3394 1901 altare
3423 1864 3566 1900 suum
3579 1846 3666 1912 ’3,»

453 1933 512 1987 in
540 1935 744 2006 populo
791 1936 1132 1990 Judaeorum.
1163 1936 1325 2004 Ager,
1359 1937 1596 2007 p0pulus
1623 1937 1866 2006 gentilis,
1903 1943 1965 1990 ut
1991 1937 2049 1991 in
2132 1937 2279 2008 quod
2308 1953 2533 1990 carnem
2565 1937 2772 1992 Christi
2803 1937 3054 2007 cruciﬁgi
3091 1937 3362 2008 permisit.
3389 1939 3557 1990 Altero
3577 1935 3672 2005 ipsa

454 2022 694 2076 Psalmis
723 2041 733 2076 :
766 2042 792 2076 α
825 2025 1187 2078 Pulchritudo
1217 2025 1336 2095 agri
1365 2043 1585 2080 mecum
1623 2031 1708 2078 est
1727 2027 1768 2091 θ,
1806 2045 1831 2077 »
1865 2025 1921 2079 id
1943 2033 2045 2092 est,
2133 2033 2217 2079 est
2246 2026 2567 2079 humanitas
2597 2025 2784 2092 Verbi,
2820 2033 2883 2080 ut
2913 2027 2972 2080 in
2999 2027 3186 2080 Exodo
3223 2045 3234 2079 :
3264 2026 3446 2079 Altare
3471 2025 3532 2078 de
3555 2031 3676 2078 terra

456 2111 894 2184 uniuscujusque
932 2114 1034 2167 viri
1081 2115 1326 2185 religiosi
1354 2115 1620 2168 sanctitas
1661 2115 1810 2185 apud
1861 2132 1949 2168 me
1979 2116 2048 2168 ad
2131 2115 2345 2168 facietis
2393 2114 2531 2167 mihi
2550 2114 2614 2180 Ἡ,
2669 2135 2690 2166 ι
2749 2116 2804 2170 id
2859 2121 2963 2181 est,
3014 2115 3170 2170 verbi
3213 2115 3589 2170 humanitatem
3625 2128 3675 2165 ex

453 2203 964 2256 remunerationem
976 2203 2048 2274 compensatur..1gcrcaaremoniaexte-
2133 2204 2346 2274 virgine
2371 2210 2654 2274 sumptam
2685 2221 2808 2258 esse
2837 2205 3094 2259 credetis.
3128 2203 3559 2274 Altare,_lignum
3583 2216 3678 2253 cru-

455 2289 593 2356 rior,
621 2296 686 2345 ut
723 2291 780 2345 in
824 2293 1122 2364 Evangelio
1155 2310 1170 2344 :
1209 2318 1228 2340 ιι
1267 2294 1401 2348 Erat
1437 2299 1628 2347 autem
1670 2292 1819 2346 filius
1867 2293 2052 2346 senior
2134 2294 2229 2358 cis,
2265 2299 2327 2346 ut
2366 2294 2424 2348 in
2475 2295 2677 2348 Genesi
2701 2293 2766 2358 ’5,
2803 2295 2959 2348 Isaac
3006 2295 3225 2366 positus
3271 2293 3330 2348 in
3362 2291 3532 2358 altari,
3559 2289 3676 2360 quod

455 2377 516 2432 in
551 2396 687 2450 agro
709 2381 748 2447 7,
783 2399 810 2434 ι
843 2383 992 2452 quod
1028 2383 1266 2454 p0pulus
1305 2382 1571 2437 Judaicus
1615 2381 1844 2436 litterali
1885 2398 2050 2436 sensu
2134 2381 2388 2436 Christus
2425 2382 2616 2436 litatus
2654 2383 2722 2438 in,
2750 2400 2932 2437 cruce.
2964 2387 3176 2444 Altarc,
3216 2381 3415 2436 mentis
3437 2395 3675 2437 arcanum.

456 2475 752 2524 contentus
792 2472 1068 2525 exteriora
1115 2472 1364 2526 curabat.
1414 2474 1572 2538 Ager,
1616 2470 1912 2541 cujuslibet
1938 2471 2053 2524 vita
2133 2477 2196 2524 ut
2241 2471 2300 2524 in
2330 2471 2552 2526 Psalmo
2586 2490 2596 2524 :
2635 2493 2658 2524 α
2697 2471 2917 2526 Lavabo
2966 2473 3114 2526 inter
3161 2472 3476 2526 innocentes
3518 2483 3681 2522 manus

456 2559 811 2629 negligentis,
835 2567 900 2613 ut
929 2561 988 2613 in
1018 2560 1336 2614 Parabolis:
1367 2582 1386 2611 ι
1425 2561 1532 2613 Per
1551 2577 1749 2630 agrum
1781 2560 1880 2612 viri
1907 2559 2052 2630 pigri
2134 2577 2308 2626 meas,
2341 2567 2398 2614 et
2427 2561 2782 2615 circumdabo
2812 2562 2990 2615 altare
3015 2563 3223 2629 (tuum,
3250 2561 3494 2626 Domine)
3507 2557 3563 2620 π,
3592 2576 3613 2608 ι)
3638 2554 3681 2608 id

455 2647 690 2701 transivi
721 2648 761 2712 ⁸,
804 2667 826 2698 ιι
878 2648 930 2701 id
983 2656 1084 2710 est,
1123 2649 1293 2702 vitam
1330 2648 1628 2718 cujuslibet
1666 2648 1927 2702 desidiosi
1965 2648 2053 2702 in-
2135 2655 2237 2714 est,
2263 2667 2435 2720 opera
2451 2651 2602 2703 mala
2629 2667 2730 2720 per
2749 2651 3140 2721 paenitentiam
3163 2649 3480 2714 emendabo,
3502 2653 3684 2700 etmen-

457 2735 630 2806 spexi,
669 2755 691 2786 ι
733 2742 790 2789 et
837 2754 962 2790 ecce
1003 2742 1181 2790 totum
1228 2738 1579 2808 repleverant
1615 2743 1806 2790 urticae
1843 2744 1900 2790 et
1945 2737 2054 2807 spi-
2134 2737 2206 2790 tis
2253 2755 2520 2792 arcanum
2550 2739 2846 2793 virtutibus
2886 2739 3192 2794 adornabo.
3255 2743 3438 2794 Altarc
3476 2736 3612 2798 ﬁdes,
3637 2739 3686 2786 ut

458 2824 594 2888 nae”,
624 2843 646 2874 ι
707 2825 855 2894 quod
909 2825 967 2878 in
1019 2827 1184 2880 corde
1240 2827 1362 2895 ejus
1413 2826 1725 2896 prurientia
1782 2826 2057 2880 desideria
2136 2827 2196 2880 in
2246 2827 2507 2880 Psalmo:
2555 2845 2580 2878 «
2632 2829 2926 2898 Imponent
2973 2845 3145 2899 super
3191 2829 3367 2882 altare
3413 2831 3558 2880 tuum
3583 2821 3636 2886 ⁵⁷,
3665 2840 3683 2870 ι

460 2913 792 2983 punctiones
841 2913 1103 2967 vitiorum
1151 2915 1446 2985 pullulant.
1487 2917 1629 2982 Ager
1681 2922 1768 2988 est
1813 2932 2056 2984 praesens
2137 2915 2193 2968 id
2255 2922 2357 2980 est,
2408 2916 2785 2971 innocentiam
2841 2933 3018 2970 novae-
3073 2917 3200 2972 vitaz
3262 2917 3368 2970 ﬁde
3417 2917 3436 2938 ⁹
3487 2913 3684 2980 conjun-

461 3007 657 3056 sancta
686 3003 949 3069 Ecclesia,
985 3009 1046 3056 ut
1067 3003 1123 3056 in
1151 3004 1354 3058 Genesi
1381 3021 1392 3055 :
1425 3023 1445 3054 ε
1476 3004 1612 3056 Ecce
1635 3003 1773 3056 odor
1800 3003 1900 3056 lilii
1921 3003 2051 3066 mei,
2082 3065 2116 3073 Α
2134 3011 2297 3073 gunt.

462 3090 606 3144 sicut
633 3091 770 3144 odor
799 3091 920 3161 agri
939 3065 1100 3162 pleni
1122 3092 1183 3157 1°,
1221 3113 1242 3142 ι»
1275 3093 1422 3162 quod
1451 3092 1800 3146 sanctiﬁcata
1835 3097 1920 3145 est
1951 3065 2052 3146 Ec?
2075 3065 2168 3124 Cv
2191 3095 2400 3158 Altare,
2429 3094 2543 3147 vita
2567 3095 2872 3164 justorum,
2907 3101 2970 3148 ut
2997 3094 3055 3148 in
3087 3093 3296 3147 Genesi
3327 3111 3339 3144 :
3373 3110 3396 3142 (ι
3425 3085 3689 3145 Ᾱῦᾶὶὓωνίι

461 3179 632 3233 clesia
675 3181 744 3233 de
791 3181 1087 3234 sanctitate
1135 3181 1366 3247 Christi,
1399 3181 1467 3234 de
1499 3183 1660 3251 cujus
1708 3181 2054 3251 plenitudine
2135 3183 2255 3236 Noe
2284 3183 2460 3236 altare
2489 3183 2800 3247 Domino”,
2833 3203 2853 3234 ι
2887 3184 3035 3254 quod
3057 3184 3346 3252 justorum
3374 3181 3533 3234 vitam
3557 3176 3688 3232 Chri-

463 3285 564 3321 nos
602 3285 796 3323 omnes
830 3269 1161 3340 accepimus.
1202 3272 1360 3336 Ager,
1403 3270 1584 3340 patria.
1613 3269 1872 3329 coelestis,
1907 3277 1970 3324 ut
1997 3271 2054 3324 in
2137 3277 2258 3325 stus
2285 3272 2627 3326 consecravit
2656 3272 2827 3326 Patri.
2861 3274 3069 3337 Altarc,
3102 3271 3325 3325 devotio
3353 3267 3540 3331 cordis,
3570 3271 3623 3319 ut
3644 3264 3688 3316 in

462 3357 782 3411 Parabolis:
811 3377 837 3410 α
861 3359 1248 3413 Consideravit
1273 3375 1493 3428 agrum;
1527 3363 1584 3411 et
1610 3359 1749 3411 emit
1775 3375 1905 3412 eum
1939 3360 1998 3424 “,
2027 3379 2048 3410 ι
2139 3361 2452 3429 Evangelio.
2491 3379 2518 3414 α
2552 3361 2609 3415 Si
2653 3361 2817 3414 offers
2845 3377 3051 3414 munus
3087 3365 3256 3422 tuum
3296 3357 3558 3412 adaltare
3584 3353 3639 3417 ’9,
3665 3369 3688 3404 ι

463 3446 610 3516 quod
637 3448 885 3502 studiose
913 3448 1094 3502 discat
1111 3449 1374 3514 Ecclesia,
1403 3465 1525 3518 qua:
1556 3453 1688 3501 sunt
1705 3447 1911 3516 gaudia
1933 3449 2053 3502 vitae
2135 3449 2191 3502 id
2228 3457 2330 3514 est,
2373 3449 2420 3502 si
2459 3431 2720 3503 elluderis
2749 3450 3060 3503 orationem
3087 3454 3252 3502 tuam
3291 3464 3390 3518 per
3415 3444 3581 3499 cordis
3605 3443 3685 3494 de-

463 3537 742 3604 perennis,
776 3543 833 3590 et
860 3554 960 3608 pro
988 3537 1067 3591 eis
1097 3538 1351 3591 laborare
1381 3554 1490 3590 non
1521 3545 1720 3590 cessat.
2133 3539 2431 3592 votionem.
2481 3540 2687 3603 Allare,
2735 3538 2857 3592 coeli
2897 3545 3197 3603 secretum,
3243 3543 3308 3590 ut
3343 3536 3398 3590 in
3443 3529 3682 3588 Psalmis:

530 3628 719 3692 Agnus
747 3632 834 3680 est
872 3627 1148 3693 Christus,
1187 3631 1254 3680 ut
1280 3627 1337 3680 in
1371 3627 1556 3681 Exodo
1591 3645 1601 3678 :
1638 3625 1683 3660 ¹²
1712 3627 1903 3696 Agnus
1932 3627 2052 3681 sine
2136 3644 2166 3678 ι(
2196 3626 2443 3680 Introibo
2472 3627 2544 3680 ad
2587 3626 2764 3680 altare
2793 3627 2892 3680 Dei
2919 3625 2985 3692 3°,
3021 3647 3044 3676 ι
3086 3626 3144 3679 id
3182 3633 3270 3680 est
3306 3621 3604 3696 perveniam
3631 3615 3685 3670 ad

463 3715 680 3768 macula
710 3715 1050 3782 immolatur,
1085 3715 1139 3769 id
1169 3721 1271 3782 est,
1305 3715 1560 3770 Christus
1599 3717 1720 3769 sine
1748 3717 1910 3787 culpa
1938 3733 2054 3770 mo-
2133 3721 2411 3768 secretum
2440 3715 2581 3768 coeli.

459 3803 622 3856 ritur.
670 3805 877 3872 Agnus,
915 3804 1177 3858 .lubricus
1223 3804 1477 3875 quisque,
1531 3811 1594 3858 ut
1645 3805 1705 3858 in
1742 3805 2047 3871 Parabolis,
2195 3804 2396 3870 Alitus,
2431 3803 2752 3857 humanitas
2796 3802 3022 3868 Christi,
3065 3809 3131 3855 ut
3176 3802 3239 3855 in
3275 3799 3378 3854 Job
3410 3817 3421 3852 :
3457 3815 3484 3850 α
3511 3795 3686 3850 Alitum

461 3909 489 3945 α
523 3892 758 3947 Secutus
787 3909 910 3947 eam
939 3893 1098 3963 quasi
1127 3910 1304 3963 agnus
1333 3893 1621 3947 lasciviens
1641 3893 1702 3958 ιδ,
1740 3913 1760 3944 ι
1805 3894 1952 3964 quod
1983 3893 2051 3946 li-
2134 3908 2324 3946 meum
2363 3891 2649 3946 exhorruit
2685 3909 2825 3946 uxor
2859 3909 2984 3946 mea
3003 3891 3068 3956 δι,
3104 3911 3131 3942 ι)
3176 3891 3232 3944 id
3269 3895 3371 3955 est,
3405 3883 3683 3942 humanita-

456 3980 745 4034 bidinosus
772 3980 1130 4034 libidinosum
1159 3981 1430 4035 imitatur.
1464 3983 1574 4035 Per
1593 3999 1760 4048 agnos
1791 3982 2046 4051 apostoli,
2132 3987 2247 4035 tem
2272 3997 2453 4034 meam
2472 3980 2809 4051 contempsit
2831 3997 3136 4052 synagoga.
3163 3982 3349 4034 Alit-us
3369 3975 3560 4032 locutio
3581 3971 3686 4034 oris,

458 4075 523 4122 ut
549 4069 820 4122 Dominus
847 4070 916 4122 ad
946 4086 1040 4122 eos
1071 4070 1129 4123 in
1155 4070 1452 4138 Evangelio
1479 4088 1490 4122 :
1529 4091 1551 4120 ι
1585 4071 1719 4124 Ecce
1753 4087 1854 4138 ego
1891 4069 2051 4125 mitto
2134 4070 2268 4124 utin
2287 4069 2516 4124 Daniele
2543 4087 2552 4121 :
2582 4090 2602 4120 α
2632 4070 2740 4123 Sed
2763 4077 2819 4122 et
2838 4070 3005 4124 alitus
3028 4087 3188 4124 meus
3217 4060 3684 4124 intercluditur?!

457 4174 552 4210 vos
578 4157 721 4211 sicut
759 4175 932 4227 agnos
965 4159 1112 4212 inter
1134 4159 1294 4229 lupos
1321 4159 1383 4221 ¹⁴,
1412 4178 1440 4209 ››
1473 4158 1524 4212 id
1560 4165 1646 4212 est
1675 4159 1824 4212 inter
1851 4159 2050 4213 inﬁde-
2131 4159 2190 4212 id
2213 4164 2316 4225 est,
2332 4175 2443 4212 non
2463 4159 2646 4212 solum
2659 4159 3045 4212 fortitudinem
3061 4159 3230 4212 corde
3246 4155 3534 4222 careo,sed
3551 4151 3690 4206 etiam

459 4247 556 4299 les.
592 4246 700 4300 Per
738 4263 906 4314 agnos
943 4247 1045 4300 viri
1075 4248 1272 4306 sancti,
1317 4247 1462 4300 sicut
1501 4248 1558 4301 in
1595 4248 1737 4302 Isaia
1773 4266 1784 4301 :
1828 4268 1853 4298 (ι
1889 4249 1956 4302 Et
1991 4249 2049 4302 in
2132 4247 2202 4302 ab
2226 4249 2347 4318 ipsa
2367 4249 2644 4302 locutione
2671 4248 2729 4301 in
2749 4265 2845 4302 ore
2864 4247 3423 4311 obmutesco.Alit-us,
3445 4237 3691 4314 suggestio

455 4335 684 4389 brachio
729 4352 830 4390 suo
869 4335 1232 4406 congregabit
1267 4353 1442 4406 agnos
1463 4337 1523 4402 ιδ,
1567 4357 1591 4389 ›)
1640 4337 1695 4390 id
1725 4343 1826 4404 est,
1861 4337 1919 4391 in
1957 4355 2050 4390 ro-
2072 4386 2112 4408 Γ,
2131 4337 2356 4402 diaboli,
2388 4342 2453 4390 ut
2480 4337 2538 4390 in
2567 4335 2670 4389 Job
2705 4356 2716 4389 :
2754 4355 2778 4388 α
2815 4337 2994 4391 Alitus
3023 4338 3145 4407 ejus
3176 4353 3391 4408 prunas
3419 4333 3600 4388 ardere
3624 4327 3692 4379 fa-

449 4423 586 4479 bore
607 4442 706 4480 suo
734 4425 1022 4494 adjuvabit
1051 4425 1196 4478 viros
1225 4431 1464 4479 sanctos.
1497 4427 1608 4480 Per
1629 4443 1816 4494 agnos,
1841 4426 2050 4496 simpli-
2071 4417 2112 4442 υ
2130 4426 2280 4492 cit33,
2325 4447 2349 4476 υ
2393 4426 2446 4479 id
2489 4431 2590 4490 est,
2633 4424 3000 4494 cogitationes
3038 4426 3408 4498 reproborum
3459 4417 3692 4476 diabolica

455 4531 546 4567 ees
576 4521 634 4568 et
659 4515 1002 4579 innocentes,
1037 4519 1100 4569 ut
1125 4515 1182 4568 in
1215 4515 1512 4585 Evangelio
1542 4536 1555 4569 :
1601 4533 1629 4568 α
1665 4515 1838 4568 Pasce
1875 4532 2048 4585 agnos
2129 4515 2414 4584 suggestio
2441 4513 2743 4568 succendit.

456 4603 682 4670 meos“,
720 4621 746 4656 ι»
779 4604 836 4657 id
864 4610 950 4657 est
977 4609 1314 4674 peccatores,
1358 4621 1496 4675 quos
1526 4622 1628 4674 ego
1664 4604 1874 4657 redemi
1915 4621 2046 4658 san-
2200 4604 2310 4657 Per
2346 4607 2464 4658 alas
2509 4603 2892 4657 misericordia
2918 4602 3140 4658 Domini
3185 4609 3243 4656 et
3293 4602 3511 4665 veritas,
3555 4602 3610 4652 ut
3637 4593 3684 4646 in

428 4691 624 4761 Iguine
653 4708 798 4758 meo,
825 4692 1146 4748 innocentes
1173 4695 1292 4764 jam
1316 4694 1540 4748 effectos
1569 4693 1750 4747 nutrit
1777 4693 2045 4762 praedica-
2130 4693 2364 4746 Psalmis
2416 4711 2427 4745 :
2484 4711 2510 4744 α
2559 4691 2672 4746 Sub
2720 4689 2920 4746 umbra
2959 4693 3176 4746 alarum
3218 4697 3449 4746 tuarum
3487 4691 3683 4760 protege

451 4780 604 4833 tione
660 4797 780 4834 sua.
834 4784 992 4848 Agna
1031 4793 1116 4835 est
1158 4782 1272 4836 vita
1309 4782 1505 4848 activa,
1554 4788 1618 4836 ut
1657 4783 1714 4836 in
1756 4782 1996 4836 Levitico
2031 4801 2043 4835 :
2127 4797 2282 4847 me,»
2307 4781 2363 4834 id
2395 4788 2496 4846 est,
2527 4780 2630 4834 sub
2657 4781 2984 4852 adjumento
3013 4781 3411 4835 misericordiae
3431 4785 3484 4833 et
3509 4774 3682 4829 verita-

459 4887 483 4916 «
517 4868 729 4922 Oﬂ'erat
767 4885 972 4939 agnam
1017 4871 1085 4924 de
1131 4871 1476 4941 gregibus",
1536 4896 1556 4920 υ
1610 4872 1666 4925 id
1719 4878 1822 4938 est,
1878 4871 2046 4925 vitam
2127 4871 2200 4924 tis
2225 4875 2336 4924 tuae
2363 4871 2598 4924 defende
2629 4886 2738 4923 me.
2771 4871 2880 4923 Per
2909 4875 3028 4924 alas
3059 4876 3340 4941 praecepta
3370 4863 3596 4927 Domini,
3635 4863 3687 4911 ut

452 4963 707 5012 exerceat
732 4958 988 5024 activam,
1005 4975 1127 5029 quae
1147 4960 1457 5014 communis
1483 4965 1570 5014 est
1595 4959 1864 5030 pluribus.
2129 4959 2188 5013 in
2215 4960 2456 5013 Psalmis
2489 4978 2500 5012 :
2531 4980 2550 5010 ε
2595 4960 2659 5013 In
2697 4959 2944 5030 tegmine
2995 4959 3213 5013 alarum
3261 4965 3490 5012 tuarum
3527 4962 3688 5022 spera-

523 5048 780 5114 Agrz’cola
807 5053 895 5100 est
923 5048 1070 5101 Deus
1099 5049 1284 5114 Pater,
1329 5055 1391 5102 ut
1418 5049 1476 5102 in
1506 5049 1805 5119 Evangelio
1833 5066 1843 5101 :
1882 5067 1908 5100 «
1939 5049 2045 5101 Pa—
2129 5048 2270 5102 bunt
2286 5047 2352 5114 3‘,
2394 5069 2414 5098 ι
2449 5049 2506 5101 id
2534 5054 2636 5108 est,
2685 5047 2742 5100 in‘
2786 5048 3107 5102 defensione
3149 5053 3549 5118 praeceptorum
3582 5047 3688 5092 tuo-

452 5143 542 5189 ter
582 5152 740 5190 meus
779 5135 1022 5206 agricola
1049 5143 1135 5190 est
1165 5137 1226 5201 ‘3,
1278 5155 1302 5188 ι)
1337 5137 1483 5208 quod
1523 5137 1640 5208 ipse
1669 5137 1725 5190 in
1767 5138 1904 5192 Filio
1943 5153 2046 5191 suo
2127 5154 2252 5190 rum
2274 5137 2596 5208 sperabunt.
2629 5137 2738 5190 Per
2763 5141 2882 5190 alas
2902 5137 3166 5208 cogitatio
3202 5137 3313 5190 viri
3343 5133 3532 5196 sancti,
3563 5134 3620 5182 ut
3641 5126 3686 5178 in

525 5224 542 5257 ¹
575 5225 772 5278 Matth.
807 5240 928 5290 xm,
961 5225 1048 5279 ‘24.
1081 5223 1104 5258 ²
1132 5225 1330 5279 Matth.
1383 5241 1503 5292 xm,
1546 5227 1634 5279 44-.
1669 5225 1692 5258 ³
1721 5225 1823 5278 Job
1867 5240 2014 5291 xx1v,
2056 5223 2108 5278 6.
2139 5225 2160 5258 ⁴
2192 5227 2352 5278 Cant.
2387 5240 2484 5292 vn,
2517 5225 2606 5278 11.
2638 5225 2660 5258 ⁵
2690 5226 2828 5278 Gen.
2873 5240 3021 5290 xx1v,
3070 5225 3159 5280 63.
3191 5225 3214 5258 ⁸
3245 5225 3392 5278 Psal.
3440 5234 3577 5280 xux,
3613 5213 3683 5267 11·

453 5293 472 5326 ⁷
504 5295 636 5347 Luc.
678 5311 768 5360 xv,
803 5296 892 5349 25.
938 5296 961 5329 ⁸
1011 5297 1172 5349 Prov.
1205 5311 1353 5361 xxiv,
1405 5297 1492 5350 30.
1545 5299 1568 5331 9
1617 5297 1754 5352 Ibid.
1788 5296 1834 5330 ¹⁰
1882 5299 1975 5349 Gel

2160 5311 2236 5361 illa
2281 5296 2372 5350 27.
2431 5297 2469 5330 ¹¹
2521 5298 2680 5349 Joan.
2731 5311 2768 5349 ι.
2815 5295 2858 5330 ¹²
2905 5297 3073 5350 Exod.
3114 5311 3209 5361 vn,
3246 5297 3300 5350 5.
3353 5294 3398 5328 ‘3
3427 5294 3576 5348 Prov.
3605 5297 3682 5361 νιι.

451 5363 540 5416 22.
576 5362 620 5398 ¹⁴
649 5355 846 5420 Matth.
882 5383 932 5431 x,
972 5367 1060 5420 16.
1096 5367 1140 5401 ¹⁵
1171 5369 1277 5422 Isa.
1312 5355 1400 5432 κἰ,
1435 5370 1522 5422 11.
1557 5369 1600 5402 ¹θ
1629 5370 1788 5422 Joan.
1825 5383 1934 5433 xxr,
1966 5387 1973 5396 ·

2161 5355 2288 5421 Lév.
2324 5382 2376 5433 v,
2427 5367 2479 5422 6.
2531 5367 2573 5402 ¹⁸
2601 5369 2760 5422 Joan.
2793 5382 2880 5432 xv,
2915 5369 2967 5420 1.
3001 5367 3046 5401 ¹⁹
3077 5355 3214 5421 69η.
3251 5381 3326 5427 1v,
3361 5365 3413 5419 2.
3441 5363 3487 5398 ²⁰
3513 5355 3681 5415 Matth.

452 5449 566 5504 xxi,
597 5434 686 5488 33.
721 5436 762 5470 ²¹
797 5437 936 5490 Ibid.
973 5453 1024 5500 v,
1061 5439 1148 5493 41.
1183 5439 1230 5473 ⁵η
1260 5440 1406 5493 Psal.
1441 5453 1610 5501 cxvu,
1643 5440 1730 5493 ‘27.
1763 5439 1809 5472 33
1837 5440 1974 5493 Thre

2168 5438 2258 5492 17.
2290 5438 2336 5472 9“
2367 5439 2536 5492 Exod.
2571 5453 2662 5500 xx,
2693 5438 2782 5491 24.
2833 5437 2879 5471 9⁵
2909 5438 3048 5492 Gen.
3082 5453 3212 5502 xxn,
3244 5437 3299 5492 9.
3333 5436 3380 5470 ³³
3408 5433 3546 5504 Psal.
3577 5440 3680 5485 XXV.

451 5505 504 5558 6.
531 5503 576 5538 ³⁷
605 5507 751 5560 Psal.
787 5521 833 5573 1.,
865 5507 953 5562 21.
986 5509 1032 5543 ⁸³⁸
1061 5510 1200 5564 Gen.
1231 5524 1348 5570 VIII,
1383 5511 1472 5564 20.
1515 5510 1563 5545 99
1587 5511 1783 5565 Matth.
1820 5525 1870 5576 v,
1903 5510 1973 5565 23

451 5575 540 5634 12.
572 5575 618 5610 ³⁴
646 5578 794 5632 Psal.
828 5593 989 5634 xxxv.
1019 5579 1073 5633 8.

2158 5511 2244 5563 sal.
2279 5524 2413 5564 XLII.
2464 5510 2507 5544 ³1
2537 5510 2640 5564 Job
2669 5523 2781 5575 x1x,
2811 5509 2899 5564 17.
2939 5509 2986 5544 ³³
3015 5511 3154 5564 Dan.
3186 5523 3238 5573 x,
3279 5509 3360 5562 l7.
3395 5506 3440 5540 π
3467 5503 3564 5559 Job
3587 5510 3680 5559 xu.

529 5617 540 5628 .
572 5593 618 5610 οτ
646 5593 794 5632 Psal.
828 5593 989 5644 xxxv,
1019 5593 1073 5633 δ.
