3848 6164
168 338 247 396 857
1020 325 1454 381 ALLEGORLE
1493 326 1570 380 IN
1609 327 1900 382 SACRAM
1941 326 2418 383 SCRIPTURAM.
3258 328 3362 384 858

165 460 272 516 Job:
298 475 321 510 ί
346 453 598 527 Expendit
619 453 736 507 alas
763 469 893 506 suas
933 452 1004 506 ad
1049 455 1308 522 stuprum
1337 452 1379 517 1,
1407 471 1430 501 ι
1463 451 1518 505 id
1573 458 1676 518 est,
1698 455 1970 512 Aamicos
1999 454 2178 508 sancti
2206 454 2410 525 angeli,
2442 460 2506 508 ut
2531 455 2592 508 in
2619 454 2850 508 Cantico
2880 471 2890 506 :
2932 475 2955 503 ι
2989 454 3124 518 Qum
3143 452 3362 508 habitas

165 547 350 620 Spiritui
389 549 566 600 sancto
603 543 810 596 electus
857 539 1092 611 quilibet
1129 539 1496 610 cogitationes
1553 558 1682 594 suas
1765 541 1823 594 in
1851 542 2049 608 hortis,
2082 543 2248 596 amici
2279 543 2598 597 auscultant
2626 542 2690 607 ¹⁸,
2723 564 2748 590 ι
2786 541 2934 613 quod
2975 541 3161 611 angeli
3184 543 3362 597 sancti

163 637 303 709 aperit
324 651 412 706 per
435 631 848 686 confessionem.
883 631 990 683 Per
1015 633 1136 683 alas
1166 629 1535 699 cogitationes
1576 630 1682 700 hy-
1765 630 2023 686 humanae
2064 631 2266 686 animae
2296 631 2607 702 profectum
2639 629 2835 685 audire
2881 629 3220 688 desiderant.
3255 631 3364 685 Per

161 726 353 799 pocritaa,
381 728 438 777 ut
463 723 518 776 in
544 720 676 774 Job:
704 738 730 772 ε(
763 719 903 774 Cum
933 724 1157 789 tempus
1185 719 1374 784 fuerit,
1407 718 1464 772 in
1504 719 1682 773 altum
1763 722 1968 773 amicos
1997 719 2390 790 praedicatores
2415 720 2612 780 sancti.
2648 724 2714 774 ut
2737 719 2796 773 in
2825 717 2928 773 Job
2957 736 2968 770 :
3005 742 3031 771 ι
3053 719 3362 774 Concident

161 817 247 869 alas
268 810 455 882 erigit”,
487 828 513 862 ι
543 809 687 880 quod
731 825 860 862 cum
900 807 1219 862 occasiones
1266 807 1495 871 invenit,
1529 808 1682 878 cogi-
1764 824 1892 862 eum
1921 807 2086 862 amici
2107 808 2168 873 ιθ,
2203 831 2229 857 ι»
2261 809 2409 879 quod
2444 808 2836 878 praedicatores
2865 807 3046 860 sancti
3075 807 3362 862 diabolum

161 904 347 958 tationes
396 916 516 952 suas
565 898 620 952 in
673 897 959 969 publicum
1002 897 1370 950 demonstrat.
1413 897 1521 950 Per
1562 900 1682 951 alas
1763 897 1821 952 in
1840 897 2048 964 electis,
2079 914 2218 968 quos
2245 897 2314 951 ad
2345 898 2512 951 ﬁdem
2529 901 2877 961 convertunt,
2912 895 3229 950 destruunt.
3255 897 3364 951 Per

160 990 427 1062 cupiditates
443 986 745 1058 rapacium,
765 993 830 1040 ut
849 986 906 1040 in
921 985 1190 1039 Zacharia
1214 1002 1224 1036 :
1249 1004 1274 1036 (ί
1307 985 1376 1039 Et
1401 984 1683 1040 habebant
1761 989 1966 1040 amicos
1988 987 2174 1040 caeteri
2205 987 2401 1048 sancti,
2435 993 2501 1040 ut
2533 986 2590 1039 in
2617 984 2914 1056 Evangelio
2949 1003 2959 1037 :
2999 1004 3027 1036 α
3055 985 3168 1039 Vos
3194 985 3361 1040 amici

161 1081 259 1146 alas,
301 1076 440 1148 quasi
483 1077 598 1130 alas
643 1075 798 1129 milvi
827 1075 869 1142 ³,
909 1094 936 1128 )›
979 1075 1127 1146 quod
1166 1073 1351 1145 cupidi
1381 1091 1469 1128 res
1513 1075 1682 1129 alieni
1761 1077 1874 1130 mei
1925 1076 2078 1141 estis,
2108 1077 2156 1129 si
2201 1075 2443 1130 feceritis
2482 1092 2604 1146 quae
2651 1074 2912 1146 praecipio
2959 1073 3113 1128 vobis
3141 1073 3207 1140 ³ο,
3240 1094 3268 1125 ι
3303 1075 3360 1128 id

157 1165 602 1222 invaderestudent.
626 1165 735 1218 Per
749 1167 869 1218 alas
889 1163 1125 1218 virtutes
1159 1169 1502 1230 sanctorum,
1536 1169 1600 1216 ut
1623 1163 1680 1218 in
1763 1173 1868 1229 est,
1900 1172 2033 1220 tunc
2059 1181 2149 1218 me
2179 1165 2400 1231 amatis,
2437 1164 2482 1217 si
2511 1170 2787 1235 praecepta
2817 1180 2944 1217 mea
2966 1163 3219 1216 servatis.

160 1255 377 1309 Ezechiele
405 1272 416 1307 :
451 1274 474 1305 α
507 1253 574 1307 Et
599 1253 787 1307 audivi
822 1269 986 1306 voces
1035 1253 1272 1317 alarum,
1323 1252 1482 1322 quasi
1521 1268 1679 1305 voces
1832 1257 2023 1308 Amica
2055 1259 2141 1308 est
2171 1260 2364 1307 sancta
2394 1253 2656 1318 Ecclesia,
2681 1253 2820 1307 utin
2844 1252 3074 1306 Cantico
3106 1270 3117 1304 :
3152 1271 3173 1300 ι
3199 1251 3357 1318 Ecce,

157 1360 366 1415 aquarum
390 1343 688 1396 multarum
717 1341 757 1407 ⁸,
777 1360 819 1402 ,ι
863 1341 1011 1412 quod
1059 1341 1294 1396 virtutes
1337 1341 1674 1412 spirituales,
1761 1348 1822 1396 tu
1850 1343 2085 1414 pulchra
2113 1359 2192 1408 es,
2228 1342 2410 1396 amica
2429 1344 2569 1395 mea
2595 1341 2660 1407 3',
2685 1361 2713 1392 ιι
2749 1341 2898 1412 quod
2925 1338 3206 1411 spirituali
3237 1356 3363 1394 san-

157 1449 242 1504 quaa
259 1432 390 1502 prius
415 1432 470 1486 in
493 1431 686 1503 paucis
706 1435 886 1498 erant,
912 1430 1271 1501 postmodum
1299 1429 1358 1484 in
1373 1429 1564 1484 multis
1585 1447 1678 1500 ap-
1760 1437 1850 1485 cta
1870 1432 2115 1486 Ecclesia
2135 1431 2550 1502 pulchritudine
2570 1431 2732 1485 nitet.
2764 1431 2873 1484 Per
2891 1434 3153 1495 amicam,
3185 1429 3363 1484 sancti

156 1527 418 1592 pamerunt.
1761 1521 1964 1590 angeli,
1996 1527 2062 1574 ut
2084 1520 2140 1574 in
2175 1520 2472 1590 Evangelio
2505 1539 2516 1574 :
2561 1541 2580 1568 ι
2617 1521 2898 1574 Convocat
2919 1518 3128 1573 amicas
3153 1523 3211 1572 et
3228 1517 3364 1572 vici-

203 1610 284 1663 Per
319 1613 519 1664 Alienas
557 1608 860 1672 daemones,
907 1614 970 1663 ut
1017 1608 1075 1662 in
1121 1607 1356 1662 Psalmis
1385 1626 1395 1660 :
1436 1628 1457 1659 ι
1493 1608 1676 1662 Alieni
1761 1627 1864 1664 nas
1889 1608 1956 1675 Ἠ,
1993 1631 2015 1660 ι
2053 1610 2200 1680 quod
2231 1609 2288 1663 in
2319 1626 2384 1663 eo
2415 1609 2600 1679 angeli
2631 1608 2856 1662 Domini
2879 1607 3139 1676 diligunt.
3172 1607 3228 1660 in
3253 1623 3363 1678 quo

156 1699 504 1752 insurrexerunt
529 1697 589 1750 in
622 1696 765 1763 mes,
793 1716 819 1749 ιι
848 1697 902 1750 id
927 1705 1029 1764 est,
1081 1698 1366 1751 daemones
1396 1714 1678 1767 pugnave-
1763 1699 1832 1752 ab
1861 1700 1982 1768 ejus
2011 1715 2142 1752 voce
2170 1715 2462 1768 nunquam
2490 1697 2802 1752 discedunt.

155 1793 250 1840 runt
268 1793 436 1840 contra
469 1803 574 1840 me.
1699 1773 1746 1832 Β
1833 1788 2111 1855 Amphora
2150 1794 2236 1840 est
2283 1787 2538 1850 avaritia,
2581 1793 2644 1840 ut
2691 1787 2748 1840 in
2798 1785 3107 1840 Zacharia:
3152 1807 3178 1834 α
3234 1786 3364 1839 llaec

201 1877 402 1931 Altitudo
436 1874 756 1929 sublimitas
801 1881 887 1928 est
932 1873 1309 1945 praemiorum,
1340 1879 1405 1927 ut
1449 1873 1507 1927 in
1554 1875 1682 1928 Eze-
1764 1883 1850 1930 est
1877 1877 2148 1946 amphora
2176 1875 2470 1945 egrediens
2490 1875 2554 1941 ’3,
2597 1898 2610 1920 ι
2651 1876 2798 1946 quod
2830 1875 3017 1930 nullus
3043 1880 3146 1941 est,
3170 1875 3266 1945 qui
3294 1873 3364 1928 ab

154 1966 279 2018 chiele
306 1985 316 2017 :
345 1985 365 2014 ι
397 1965 626 2020 Statura
654 1981 876 2036 quoque
903 1970 1026 2018 erat
1051 1963 1191 2018 rotis
1223 1969 1280 2017 et
1309 1963 1548 2016 altitudo
1570 1964 1611 2028 θ,
1651 1983 1676 2015 ι)
1763 1965 1999 2020 avaritia
2037 1964 2305 2018 immunis
2333 1965 2426 2018 sit.
2443 1965 2743 2032 Amphora,
2773 1964 2973 2018 modus
3001 1963 3060 2017 in
3111 1968 3364 2017 contem-

153 2053 322 2124 quodin
349 2054 630 2124 Scriptura
649 2071 809 2108 sacra
827 2053 1136 2108 addiscitur
1156 2059 1213 2106 et
1234 2051 1510 2106 rectitudo
1532 2052 1676 2117 vitae,
1761 2054 2026 2126 platione,
2043 2059 2108 2106 ut
2134 2053 2192 2106 in
2223 2052 2380 2106 libris
2409 2053 2628 2122 Regum
2662 2071 2673 2104 :
2717 2075 2734 2098 ι
2773 2053 2842 2106 Et
2869 2051 3098 2106 adduxit
3119 2069 3248 2106 eum
3272 2069 3362 2106 se-

150 2148 188 2194 et
207 2142 405 2196 altitudo
428 2143 642 2212 gloriae.
677 2145 946 2208 Altitudo,
982 2141 1240 2213 princeps
1269 2141 1440 2211 hujus
1461 2141 1676 2206 mundi,
1763 2160 1891 2197 cum
1922 2142 1980 2196 in
2010 2141 2197 2196 vitulis
2222 2141 2420 2206 tribus,
2455 2146 2512 2195 et
2538 2141 2727 2195 modio
2755 2139 2966 2206 farinae,
2999 2145 3055 2194 et
3091 2141 3365 2211 amphora

148 2231 254 2284 utin
287 2230 522 2286 Habacuc
555 2252 566 2284 :
610 2251 639 2285 (ι
671 2232 922 2286 Altitudo
965 2248 1166 2285 manus
1197 2247 1327 2284 suas
1355 2229 1560 2283 levabit
1588 2230 1628 2296 ⁷,
1655 2250 1676 2279 ι
1763 2231 1950 2296 vini“,
1977 2254 1999 2279 ιι
2033 2230 2180 2302 quod
2209 2236 2342 2284 tunc
2387 2231 2502 2284 Deo
2538 2235 2654 2283 vita
2691 2235 2886 2284 nostra
2923 2229 3158 2283 offertur
3197 2227 3358 2295 bene,

147 2319 253 2388 quod
299 2319 546 2375 sublimes
593 2322 768 2391 hujus
814 2321 1002 2375 saeculi
1038 2319 1318 2392 principes
1368 2335 1539 2389 opera
1579 2335 1681 2372 sua
1765 2321 1988 2392 quando
2017 2336 2143 2374 cum
2173 2318 2602 2373 mortiﬁcatione
2631 2318 2896 2373 vanitatis
2927 2324 2984 2372 et
3002 2317 3358 2384 curiositatis,

146 2408 329 2478 erigunt.
355 2411 618 2474 Altitudo,
653 2410 1016 2482 prosperitas,
1046 2414 1112 2463 ut
1139 2409 1198 2461 in
1243 2408 1418 2462 Paulo
1447 2426 1458 2460 :
1507 2427 1530 2458 ι
1566 2409 1681 2462 Nec
1764 2416 1822 2464 et
1844 2407 2159 2480 voluptatis,
2198 2413 2254 2461 et
2282 2407 2689 2479 plenitudinem
2721 2406 2780 2461 in
2809 2407 3046 2472 actione,
3076 2412 3134 2460 et
3158 2407 3364 2460 discre-

143 2496 338 2562 altitudo,
369 2515 541 2569 neque
569 2497 918 2570 profundum
945 2499 986 2564 ⁸,
1020 2518 1048 2550 ››
1081 2497 1138 2550 id
1167 2501 1271 2561 est,
1327 2512 1510 2566 neque
1555 2513 1681 2567 pro-
1762 2499 1976 2553 tionem
2006 2503 2266 2551 tenemus
2295 2498 2352 2550 in
2381 2496 2873 2567 contemplatione.

146 2600 280 2654 spera,
306 2603 470 2658 neque
496 2587 757 2640 adversa.
1833 2591 2094 2642 .lnnulus
2123 2593 2209 2640 est
2237 2585 2590 2656 signaculum
2621 2585 2772 2649 fidei,
2804 2589 2868 2638 ut
2897 2584 2956 2638 in
3001 2584 3299 2653 Evangelio
3346 2600 3357 2635 :

192 2677 377 2742 Albugo,
403 2677 627 2731 cacitas
655 2675 858 2740 cordis,
892 2681 958 2729 ut
981 2674 1039 2728 in
1064 2674 1240 2729 Tobia
1271 2693 1282 2727 :
1321 2693 1351 2725 α
1394 2673 1577 2744 Coepit
1601 2674 1679 2728 al-
1768 2695 1795 2726 ιι
1822 2676 1963 2730 Date
1993 2675 2266 2729 annulum
2305 2675 2362 2728 in
2391 2690 2561 2728 manu
2583 2675 2705 2743 ejus
2722 2673 2788 2740 ’5,
2808 2696 2829 2720 ι»
2863 2673 2920 2726 id
2959 2679 3062 2738 est,
3097 2672 3265 2726 ﬁdem
3301 2673 3361 2727 in

146 2761 254 2833 bugo
286 2781 343 2818 ex
374 2765 543 2820 oculis
583 2766 714 2835 ejus
743 2764 934 2836 egredi
952 2764 994 2829 θ,
1031 2784 1056 2815 »
1095 2764 1244 2834 quod
1291 2779 1420 2816 cum
1462 2762 1520 2816 in
1568 2765 1678 2816 line
1761 2781 1928 2834 opere
1954 2781 2078 2820 suo.
2107 2764 2216 2816 Per
2239 2767 2523 2836 annulum
2561 2762 2703 2815 liber
2731 2761 3178 2832 Evangeliorum,
3211 2767 3276 2816 ut
3303 2762 3362 2815 in

146 2853 291 2906 mundi
330 2871 359 2907 a
393 2856 598 2927 p0pulo
622 2833 882 2909 —Juda'ico
931 2833 1188 2907 Christus
1231 2852 1399 2923 ccepit
1427 2851 1675 2922 agnosci,
1765 2833 1951 2907 Exodo
1978 2852 2043 2918 ’6,
2067 2869 2168 2923 per
2198 2857 2440 2923 quatuor
2464 2833 2606 2906 arae
2644 2851 2880 2921 angulos
2909 2855 3074 2904 erant
3115 2857 3360 2921 quatuor

143 2939 264 3010 longa
283 2941 342 2995 ab
360 2943 450 3006 eis,
489 2961 611 3016 qua
641 2960 790 2997 nunc
819 2947 1173 3014 premuntur,
1201 2940 1552 2995 infidelitatis
1582 2957 1682 2994 οω-
1763 2941 1979 3006 annuli,
1997 2941 2145 3012 quod
2169 2947 2412 3011 quatuor
2437 2946 2626 3010 partes
2655 2939 2933 3006 Ecclesiae,
2963 2938 3091 2993 libri
3121 2947 3365 3010 quatuor

142 3027 242 3082 citas
261 3031 466 3086 recedit.
505 3035 743 3101 Albugo,
777 3031 1100 3101 arrogantia
1112 3029 1335 3094 mentis,
1361 3035 1426 3083 ut
1442 3029 1498 3082 in
1515 3019 1679 3082 Levi-
1707 3093 1740 3101 Α
1765 3031 2249 3100 Evangelistarum
2262 3029 2546 3083 decorant.
2564 3029 2922 3083 Perannulos
2937 3027 3194 3098 germina
3205 3033 3364 3083 aeter-

142 3115 219 3170 tico
246 3135 256 3168 :
281 3137 303 3170 (
331 3120 384 3174 Si
412 3093 741 3192 albuginem
773 3093 986 3175 habens
1026 3120 1083 3174 in
1126 3119 1285 3174 oculo
1322 3117 1384 3182 ιο,
1429 3137 1449 3166 ι
1484 3117 1541 3171 id
1570 3121 1673 3184 est,
1699 3093 1743 3152 Ο
1765 3137 1850 3174 nae
1878 3093 2262 3185 beatitudinis,
2295 3124 2360 3172 ut
2387 3117 2444 3170 in
2478 3117 2664 3172 Exodo
2690 3135 2701 3169 :
2727 3136 2755 3168 α
2790 3117 2860 3171 Et
2882 3093 3081 3171 fundes
3111 3117 3169 3170 in
3200 3117 3366 3170 vecti-

141 3203 172 3255 si
195 3209 532 3277 arrogantiam
559 3209 626 3262 in
657 3207 864 3262 animo.
1764 3208 1868 3262 bus
1887 3209 2126 3262 annulos
2143 3224 2342 3260 aureos
2362 3206 2426 3272 ³⁷,
2472 3229 2498 3255 ιι
2541 3206 2689 3276 quod
2723 3223 2824 3277 pro
2848 3205 3028 3272 nobis,
3057 3222 3180 3276 quae
3218 3221 3367 3259 nunc

185 3296 284 3347 Alae
307 3296 470 3352 virtus
499 3305 586 3352 est
621 3296 998 3360 continentiae,
1031 3302 1098 3350 ut
1124 3295 1182 3348 in
1214 3296 1444 3350 Cantico
1491 3316 1501 3350 :
1540 3315 1567 3350 α
1612 3299 1681 3351 Et
1765 3313 2086 3351 exercemus
2115 3295 2379 3366 cperibus
2405 3296 2616 3350 claram
2638 3295 3089 3366 perpetuitatem,
3106 3300 3367 3366 etperpe-

140 3380 228 3434 aloe
247 3399 355 3437 cum
380 3387 644 3440 omnibus
669 3386 930 3456 pretiosis
953 3384 1257 3454 unguentis
1301 3385 1365 3450 ¹¹,
1403 3406 1424 3436 ι
1461 3386 1516 3440 id
1575 3393 1679 3453 est,
1765 3391 1923 3441 tuam
1945 3385 2258 3439 claritatem
2281 3383 2711 3455 possidebimus.

139 3471 420 3528 continentia
451 3493 581 3530 cum
618 3475 877 3529 omnibus
909 3473 1146 3528 summis
1176 3473 1499 3528 virtutibus.
1536 3478 1682 3542 Aloe,
1838 3477 2035 3529 Annus
2065 3481 2150 3527 est
2175 3479 2399 3543 tempus
2442 3473 2658 3541 gratiae,
2692 3472 2833 3527 utin
2864 3473 3010 3526 Isaia
3051 3491 3062 3525 :
3103 3494 3124 3522 ι
3161 3473 3368 3527 Praedi-

140 3558 337 3629 voluptas
363 3565 561 3630 carnis,
603 3571 666 3618 ut
698 3563 752 3616 in
785 3561 1096 3616 Proverbiis
1131 3580 1142 3614 :
1183 3579 1209 3613 α
1245 3563 1474 3633 Aspersi
1503 3563 1686 3617 cubile
1769 3569 1890 3616 cate
1920 3579 2130 3616 annum
2162 3561 2490 3632 placabilem
2528 3561 2592 3624 ’3,
2614 3581 2640 3610 ι)
2675 3560 2730 3613 id
2761 3567 2862 3624 est,
2901 3561 3202 3615 adventum
3229 3578 3364 3630 gra-

142 3661 282 3702 meum
304 3655 522 3724 myrrha
559 3659 624 3707 et
643 3653 765 3706 aloe
797 3651 860 3719 *3,
897 3670 926 3702 α
957 3651 1015 3704 id
1035 3657 1138 3716 est,
1169 3651 1396 3722 implevi
1437 3658 1686 3707 mentem
1768 3651 1878 3716 tiae,
1919 3669 2040 3722 quae
2092 3650 2250 3704 nobis
2281 3667 2411 3703 eum
2440 3649 2664 3702 exhibet
2691 3649 2992 3719 placatum.
3017 3650 3212 3702 Annus
3225 3650 3366 3703 mul-

143 3748 280 3791 meam
305 3741 586 3796 dulcedine
623 3748 682 3795 et
706 3741 993 3812 voluptate
1022 3740 1253 3794 carnali.
1767 3740 1949 3795 titudo
1978 3739 2416 3810 redemptorum,
2450 3744 2514 3792 ut
2542 3737 2600 3792 in
2628 3737 2765 3792 Job:
2799 3760 2821 3784 ι
2856 3739 2982 3791 Non
3009 3743 3366 3808 computetur

197 3827 360 3885 Attilia
390 3831 588 3886 Patres
606 3829 912 3895 suntNovi,
935 3835 1000 3883 ut
1020 3829 1080 3882 in
1108 3829 1408 3900 Evangelia
1433 3849 1444 3883 :
1471 3850 1492 3882 ι
1518 3830 1689 3886 Tauri
1768 3829 1828 3884 in
1859 3828 2054 3884 diebus
2087 3828 2220 3882 anni
2263 3826 2330 3895 ’9,
2365 3849 2390 3875 υ
2438 3827 2588 3881 inter
2633 3827 2856 3890 electos,
2916 3825 3012 3896 qui
3054 3826 3359 3892 salvantur,

143 3919 222 3972 mei
257 3926 308 3973 et
335 3921 508 3975 altilia
551 3920 740 3975 occisa
783 3919 848 3978 ‘3.
879 3940 908 3970 υ
940 3918 996 3972 id
1045 3923 1148 3983 est,
1188 3916 1400 3973 Veteris
1446 3926 1503 3974 et
1545 3920 1686 3974 Novi
1769 3923 2026 3989 apostata
2052 3933 2209 3988 spem
2235 3917 2306 3970 ad
2321 3915 2686 3970 salvationem
2708 3932 2820 3969 non
2841 3913 3095 3969 assumit.
3121 3915 3230 3968 Per
3263 3930 3364 3969 an-
3464 3957 3474 3966 .

141 4005 425 4064 Testamenti
457 4011 658 4064 Patres
689 4006 1048 4062 refectionem
1077 4005 1238 4060 nobis
1267 4013 1471 4077 parant
1516 4008 1684 4079 spiri-
1767 4024 1924 4070 num,
1957 4005 2243 4060 aeternitas
2274 4004 2503 4070 Christi,
2539 4010 2602 4058 ut
2629 4004 2688 4058 in
2714 4004 2930 4075 psalmo
2964 4021 2974 4056 :
3015 4029 3031 4052 ι
3089 4005 3152 4058 In
3197 4019 3364 4073 gene-

143 4096 322 4150 tualem.
1764 4095 1982 4150 ratione
2008 4099 2066 4148 et
2092 4095 2456 4164 generatione
2487 4093 2621 4147 anni
2649 4093 2732 4146 tui
2773 4092 2840 4160 3°,
2876 4114 2896 4142 ι
2947 4093 3097 4164 quod
3142 4109 3366 4163 semper

184 4184 378 4240 Amicus
405 4189 489 4238 est
521 4182 805 4249 Christus,
839 4192 903 4238 ut
949 4185 1008 4237 in
1054 4185 1285 4238 Cantico
1319 4203 1331 4238 :
1367 4204 1395 4234 «ι
1427 4185 1550 4255 Ipse
1593 4190 1680 4238 est
1761 4185 1929 4238 durat
1956 4184 2242 4238 aeternitas
2268 4183 2386 4237 Dei.
2410 4184 2517 4237 Per
2538 4199 2778 4248 annum,
2816 4182 2929 4236 vita
2949 4188 3162 4247 nostra,
3193 4187 3258 4236 ut
3305 4182 3362 4236 in

138 4274 300 4328 amicus
329 4291 500 4339 meus,
535 4272 666 4326 tiliae
693 4273 1006 4327 Jerusalem
1037 4273 1098 4337 ¹⁴,
1134 4293 1157 4325 ›)
1190 4275 1338 4344 quod
1369 4273 1429 4327 in
1458 4281 1679 4328 tantum
1762 4274 1984 4327 Psalmo
2020 4291 2031 4326 :
2075 4294 2096 4321 ι
2131 4272 2278 4326 Anni
2327 4272 2505 4326 nostri
2554 4271 2700 4326 sicut
2742 4287 2951 4326 aranea
3005 4270 3364 4325 meditabun-

138 4359 381 4419 Eoclesiam
396 4380 560 4418 suam
581 4362 808 4428 amavit,
843 4368 907 4416 ut
941 4369 1259 4416 moreretur
1277 4379 1378 4432 pro
1407 4379 1491 4416 ea.
1517 4361 1679 4418 Ami—
1695 4426 1734 4432 _
1760 4361 1933 4428 turi”,
1963 4383 1984 4413 ιι
2005 4362 2061 4416 id
2082 4368 2185 4428 est,
2210 4362 2324 4416 vita
2341 4368 2534 4416 nostra
2554 4360 2814 4415 inanibus
2835 4367 2891 4415 et
2910 4359 3361 4432 corruptionibus

136 4453 430 4523 cus,quilibet
439 4452 730 4524 proximus
737 4426 1020 4506 noster.In
1031 4426 1322 4505 Parabolis
1335 4451 1670 4506 Salomonis:
1695 4426 1744 4484 D
1763 4426 1984 4504 stridet.

140 4557 157 4588 ι
180 4540 262 4594 Fili
283 4544 372 4607 mi,
405 4543 451 4596 si
480 4541 851 4614 spoponderis
881 4557 982 4612 pro
1011 4541 1191 4596 amico
1222 4547 1321 4595 tuo
1351 4541 1410 4608 ιδ,
1449 4559 1474 4593 ››
1497 4541 1550 4594 id
1574 4547 1676 4607 est,
1831 4543 2054 4595 Ancilla
2084 4545 2170 4592 est
2199 4539 2460 4602 Ecclesia,
2479 4543 2544 4592 ut
2563 4538 2622 4591 in
2643 4537 2879 4591 Psalmis
2901 4556 2930 4590 ες
2957 4553 2986 4588 ι
3020 4537 3252 4590 Salvum
3275 4536 3362 4590 fac

137 4629 335 4692 proximo
361 4637 474 4685 tuo.
508 4634 756 4697 Amicus,
788 4629 1002 4684 amicus
1030 4635 1240 4694 noster,
1289 4635 1356 4684 ut
1405 4630 1463 4684 in
1509 4629 1682 4685 Evan-
1764 4629 1944 4682 ﬁlium
1971 4628 2186 4681 ancillae
2218 4633 2329 4681 tua;
2373 4626 2440 4692 3’,
2479 4649 2499 4674 ι
2535 4626 2590 4679 id
2622 4631 2709 4680 est
2737 4641 2846 4690 me,
2877 4623 2974 4695 qui
3012 4639 3138 4677 sum
3186 4640 3361 4677 mem-

135 4713 280 4781 gelio:
315 4739 335 4768 ι
372 4719 599 4773 Amicus
641 4735 800 4772 meus
838 4718 992 4772 venit
1037 4719 1105 4771 de
1138 4720 1226 4772 via
1252 4718 1322 4772 ad
1351 4735 1441 4772 me
1470 4718 1533 4783 ¹⁶,
1566 4738 1588 4769 ι
1624 4719 1681 4773 id
1765 4716 1926 4770 brum
1948 4715 2482 4773 Ecclesiae.Ancilla,
2501 4730 2629 4766 caro
2648 4711 3042 4783 corruptibilis,
3077 4718 3142 4766 ut
3167 4711 3226 4767 in
3247 4713 3359 4767 Ge-

135 4806 428 4866 estanimus
445 4823 610 4860 meus
639 4806 708 4859 ad
747 4822 831 4862 se.
859 4805 1087 4860 Amicus
1117 4812 1203 4860 est
1229 4806 1551 4876 aliquando,
1585 4805 1680 4876 qui
1763 4805 1911 4858 nesi:
1959 4827 1974 4852 ι
2015 4804 2166 4873 Ejice
2202 4803 2461 4856 ancillam
2499 4809 2557 4856 et
2601 4802 2782 4855 lilium
2831 4803 2954 4871 ejus
2984 4801 3070 4874 .33,
3108 4822 3130 4852 ι
3165 4802 3220 4856 id
3251 4807 3356 4869 est,

138 4889 436 4948 Solonomine
455 4901 544 4949 est
564 4893 937 4960 Christianus,
959 4895 1092 4948 utin
1122 4894 1420 4964 Evangelio
1446 4913 1457 4948 :
1489 4915 1512 4946 ι
1528 4895 1682 4948 Λωί-
1761 4909 1986 4948 carnem
2015 4892 2256 4962 despice,
2290 4897 2346 4945 et
2371 4891 2654 4944 carnalem
2682 4889 2924 4944 fructum
2947 4892 3088 4960 ejus.
3123 4891 3230 4945 Per
3256 4907 3358 4944 an-

135 4990 191 5041 ce,
211 4984 466 5048 quomodo
514 4984 627 5036 huc
660 4982 884 5036 intrasti
905 4982 949 5016 ¹⁷
974 4983 998 5034 ?
1025 5002 1046 5032 ι
1077 4983 1224 5054 quod
1255 4982 1482 5052 iniquus
1513 4981 1678 5036 homo
1761 4985 1952 5036 cz'llam
1983 4981 2375 5052 praedicatores
2405 4979 2681 5044 Ecclesiae,
2707 4984 2771 5033 ut
2798 4979 2858 5034 in
2885 4979 2988 5034 Job
3021 5003 3034 5036 :
3068 4998 3096 5031 α
3135 4978 3358 5049 Ligabit

136 5069 174 5114 et
193 5077 392 5140 propter
422 5073 612 5137 ﬁdem,
639 5088 809 5143 quam
821 5078 996 5137 tenet,
1022 5071 1234 5126 amicus
1248 5077 1334 5125 est
1356 5090 1368 5138 ;
1393 5071 1490 5124 sed
1531 5072 1679 5141 quod
1762 5087 1886 5125 eam
1909 5069 2124 5124 ancillis
2154 5069 2270 5124 suis
2299 5069 2363 5136 3“,
2403 5090 2424 5119 ι
2461 5068 2610 5139 quod
2654 5068 2928 5122 Dominus
2965 5085 3065 5140 per
3092 5067 3355 5138 praedica-

135 5151 354 5214 Charitate
383 5167 558 5227 caret,
593 5167 804 5215 vestem
851 5161 1162 5232 nuptialem
1192 5176 1304 5213 non
1351 5158 1538 5213 habet.
1573 5160 1680 5212 Per
1760 5167 1912 5214 tores
1941 5176 2072 5213 suos
2101 5158 2436 5212 diabolicum
2467 5157 2653 5210 vincit.
2689 5158 2797 5212 Per
2832 5160 3104 5212 ancillam
3147 5155 3356 5210 effemi-

186 5243 308 5298 ‘Job
330 5263 510 5314 xxxrx,
547 5248 636 5303 29.
668 5249 691 5283 ²
719 5249 822 5303 Job
851 5264 1000 5314 χχιιι,
1032 5249 1120 5302 21.
1143 5248 1167 5282 ³
1195 5248 1357 5301 Zach.
1392 5261 1444 5313 v,
1474 5246 1528 5302 9.
1559 5246 1580 5280 ⁴
1613 5247 1806 5301 Ezech.
1843 5263 1880 5311 1,
1905 5247 1996 5302 24.
2024 5247 2046 5280 ⁵
2077 5247 2222 5300 Psal.
2256 5261 2375 5311 ιλιι,
2411 5261 2464 5299 v.
2495 5247 2518 5281 ⁸
2557 5247 2749 5300 Ezech.
2783 5260 2820 5310 1,
2853 5245 2943 5299 18.
2977 5245 2999 5279 ⁷
3025 5243 3230 5298 Habac.
3264 5259 3349 5298 ιιι,

136 5308 197 5385 10.
221 5315 404 5373 8Rom.
434 5308 559 5385 νιιι,
592 5321 678 5375 39.
709 5321 733 5354 ⁹
759 5321 895 5375 Tob.
929 5308 1004 5385 ιιι,
1039 5321 1128 5384 13,
1178 5319 1223 5353 ¹⁰
1266 5308 1442 5373 Ιλενὶιξ
1472 5333 1584 5382 xx1,
1621 5317 1655 5371 2

1832 5308 1992 5371 Cant.
2039 5333 2111 5380 ιγ,
2143 5319 2231 5372 41.
2267 5317 2310 5352 ¹²
2341 5308 2502 5372 Prov.
2540 5332 2636 5384 v11,
2671 5318 2758 5371 17.
2810 5308 2856 5350 ‘3
2883 5316 3080 5370 Matth.
3121 5329 3264 5385 xm,
3292 5316 3346 5370 4·

137 5379 164 5412 ¹⁴
194 5385 328 5442 Cant.
360 5405 396 5454 1,
418 5392 508 5446 16.
547 5379 592 5425 λδ
629 5393 788 5446 Prov.
821 5406 895 5456 vl,
939 5379 1072 5446 1.,16
1101 5379 1234 5445 Luc.
1269 5405 1344 5452 x1,
1378 5389 1431 5443 6.
1465 5389 1508 5423 1⁷
1539 5379 1736 5443 Matth.
1770 5404 1904 5454 xxn,
1955 5389 2044 5442 12.
2078 5390 2120 5422 ¹⁸
2155 5390 2315 5442 Cant.
2363 5404 2482 5452 vm,
2519 5379 2632 5442 13.⁴
2660 5389 2705 5421 ¹⁹
2732 5387 2835 5442 Job
2869 5402 2958 5453 XL,
2990 5386 3077 5444 ‘25.
3111 5384 3158 5420 ⁹⁰
3185 5379 3346 5441 Joan.

137 5458 296 5530 }'}'._14.
341 5459 383 5495 ²¹
413 5464 578 5516 Cant.
611 5478 648 5528 1,
678 5464 776 5528 15;
811 5469 870 5518 et
899 5477 973 5528 1v,
1006 5463 1060 5529 1,
1095 5462 1162 5528 7;
1190 5468 1248 5516 et
1274 5475 1348 5525 v1,
1380 5461 1432 5514 3.
1482 5459 1530 5493 εί
1551 5462 1682 5515 Luc.
1723 5475 1811 5524 xv,
1844 5460 1897 5514 9.
1946 5459 1992 5494 ³³
2020 5459 2180 5513 Zach.
2214 5474 2266 5524 v,
2289 5459 2342 5515 6.
2389 5459 2434 5493 ’4
2465 5463 2488 5514 Ι
2519 5461 2655 5530 Reg.
2688 5475 2728 5522 1,
2761 5459 2850 5513 24.
2894 5458 2939 5493 ³⁵
2969 5459 3102 5530 Luc.
3121 5473 3224 5530 λιν,
3257 5459 3346 5512 22.

136 5517 325 5584 κειοά.
369 5548 495 5599 xxv,
539 5517 647 5588 12.’
674 5534 719 5569 ιτ
758 5517 1505 5599 Ῐὶ).Λ,ί13.’²⁸Ἰεε.ιέΧι,2.
1551 5531 1652 5586 ειιιι

1824 5546 1878 5597 ιι,
1911 5531 1964 5585 6.
2015 5530 2062 5564 ³ο
2100 5517 2357 5592 Ρεειᾘοι,
2390 5531 2478 5586 25.
2523 5530 2566 5564 ³¹
2598 5517 2743 5585 Psal.
2777 5545 2996 5596 LXXXIX,
3027 5529 3084 5586 9.
3115 5528 3165 5564 ³³
3198 5517 3343 5584 Psal.

137 5604 285 5664 LXXXV,
308 5602 393 5657 16.
425 5604 472 5640 π
502 5603 643 5659 Gen.
679 5620 792 5672 xm,
824 5604 913 5661 10.
947 5603 994 5640 ³⁴
1019 5604 1124 5660 Job
1152 5619 1241 5670 XL,
1271 5601 1361 5658 24.
