3854 6164
1060 331 1124 387 Β.
1165 329 1440 386 RABANI
1475 326 1709 385 unum
1745 326 2049 385 “CIIII!

2138 326 2446 384 ηαυπτ.
2487 325 2786 383 erum
2821 323 3006 380 PARS
3041 323 3139 379 III.
3565 326 3651 385 800

469 461 854 513 natmmentes
871 455 1211 522 Iudaeorum,
1245 455 1385 509 utin
1414 454 1519 509 Job
1551 473 1564 508 :
1602 474 1629 505 α
1662 452 2374 520 Ancillae'tuaaAdabant,
2440 458 2499 507 et
2552 452 2615 506 in
2674 451 2895 506 occulto
2944 448 3081 504 mihi
3131 447 3481 516 detrahebant,
3532 451 3648 522 quod

467 546 612 601 sicut
639 544 886 600 alienum
916 542 1236 599 habuerunt
1263 558 1354 598 me
1382 542 1422 610 ί,
1458 562 1482 595 ›)
1531 543 1679 614 quod
1729 543 2063 598 effeminata;

462 640 680 689 mentes
709 635 1031 688 Iudaeorum
1060 646 1161 704 per
1180 633 1351 687 ﬁdem
1382 648 1472 687 me
1505 637 1904 703 cognoverunt.
1955 632 2065 687 Per

464 725 756 787 ancillam,
788 723 1031 777 humiles
1061 723 1287 794 quippe,
1310 728 1377 776 ut
1406 723 1464 776 in
1494 721 1698 777 Genesi
1724 740 1736 776 :
1767 738 1791 774 ι
1818 722 1888 777 Et
1916 719 2063 775 ciba-

464 812 552 865 ria
587 804 805 866 ancillis
834 811 950 867 suis
970 810 1011 877 ',
1048 830 1074 864 »
1100 807 1249 883 quod
1276 817 1472 866 sancta
1516 810 1762 865 Ecclesia
1802 810 2063 882 spiritua—

462 900 575 955 lem
601 900 960 956 refectionem
989 900 1299 956 humilibus
1327 900 1545 955 tribuit.

535 991 863 1059 Anaglypha
908 991 1209 1044 varietates
1238 992 1374 1044 sunt
1407 989 1680 1044 bonorum
1710 1004 1964 1060 operum,
1996 994 2062 1043 ut

463 1079 523 1133 in
554 1078 697 1133 libro
724 1080 941 1150 Regum
976 1098 987 1133 :
1029 1098 1049 1128 ι
1086 1079 1153 1134 Et
1180 1079 1500 1150 anaglypha
1528 1077 1684 1132 valde
1734 1078 2060 1148 prominen-

462 1168 545 1222 tia
561 1168 605 1233 ³,
631 1171 651 1192 ’⁵
681 1187 708 1221 ν
734 1181 858 1239 qua:
877 1169 936 1223 in
956 1174 1150 1223 sancto
1166 1168 1414 1233 homine,
1440 1168 1533 1238 qui
1549 1172 1635 1220 est
1648 1168 1921 1238 templum
1937 1167 2055 1233 Dei,

457 1258 757 1312 varietates
796 1258 1069 1312 bonorum
1092 1262 1319 1312 actuum
1336 1255 1459 1310 aliis
1480 1255 1537 1310 in
1559 1257 1877 1327 exemplum
1891 1272 2060 1327 appa-

463 1351 610 1400 rent.

532 1436 715 1490 Antra
738 1435 921 1490 cordis
949 1437 1083 1490 sunt
1109 1440 1343 1500 secreta,
1375 1439 1442 1488 ut
1473 1433 1534 1487 in
1559 1431 1664 1488 Job
1694 1451 1707 1486 :
1756 1452 1780 1483 «
1823 1415 2058 1498 Quando

465 1525 485 1547 ⁶
514 1516 805 1578 εὶιιίινὶιιὶη
833 1523 1012 1578 antris
1031 1523 1073 1587 4,
1112 1537 1137 1575 ι
1171 1522 1319 1593 quod
1340 1521 1443 1576 viri
1474 1519 1652 1575 sancti
1680 1536 1794 1575 non
1812 1520 1873 1576 in
1891 1520 2059 1576 rebus

463 1611 848 1676 exterioribus,
881 1613 979 1667 sed
1002 1612 1061 1667 in
1088 1610 1316 1666 secretis
1343 1611 1595 1665 cordium
1634 1625 1865 1664 suorum
1899 1611 2060 1681 quie-

463 1706 648 1754 scunt.

2144 558 2279 614 apes
2306 543 2365 597 in
2390 559 2488 597 ore
2516 541 2647 608 mei,
2683 547 2742 596 et
2786 541 2847 594 in
2886 537 3275 611 posterioribus
3311 538 3535 593 aculeum
3577 539 3653 594 ha-

2146 631 2297 686 bent.

2213 720 2361 790 Aper
2386 720 2646 791 princeps
2683 724 2771 774 est
2806 718 3201 780 Romanorum,
3232 720 3293 769 ut
3332 715 3384 769 in
3420 715 3650 771 Psalmis:

2147 829 2171 862 ι
2203 809 2608 864 Exterminavit
2646 825 2771 863 eam
2818 823 2955 879 aper
2997 806 3067 860 de
3104 805 3241 859 silva
3268 804 3328 866 1°,
3355 824 3375 853 ι
3405 803 3535 875 quod
3569 805 3656 874 ple-

2141 897 2267 952 bem
2316 897 2614 970 captivavit
2665 897 2958 953 Iudaicam
2999 895 3156 950 Titus
3201 892 3293 964 qui
3326 891 3581 963 imperavit
3612 893 3655 947 in

2141 987 2340 1042 Roma.

2212 1079 2249 1131 Α
2260 1096 2285 1145 ι,
2299 1081 2412 1131 :u‘lo
2439 1080 2525 1130 est
2540 1075 2844 1131 austeritas
2863 1071 3278 1145 persecutionis,
3300 1076 3361 1125 ut
3375 1069 3431 1125 in
3447 1069 3655 1125 Cantica:

2144 1187 2166 1215 ι
2203 1166 2402 1235 Surge,
2434 1165 2657 1236 aquilo;
2686 1163 2832 1227 veni,
2868 1168 3062 1217 auster
3098 1160 3159 1225 ⁸⁷,
3188 1178 3212 1212 ιι
3256 1159 3395 1230 quod
3432 1159 3660 1213 desiderat

2140 1270 2544 1326 nonnunquam
2573 1253 2835 1319 Ecclesia,
2867 1258 2932 1307 ut
2960 1250 3247 1320 mitigetur
3269 1247 3538 1303 austeritas
3563 1262 3660 1319 per-

2138 1344 2460 1399 secutionis.
2501 1343 2725 1412 Aquilo,
2759 1341 2998 1413 populus
3037 1337 3280 1410 gentilis,
3321 1342 3382 1392 ut
3417 1336 3469 1391 in
3506 1337 3656 1391 Isaia:

2143 1452 2172 1485 α
2211 1433 2407 1488 Dicam
2444 1431 2695 1504 aquiloni
2733 1449 2745 1484 ς
2792 1431 2925 1496 Da;
2961 1433 3020 1483 et
3075 1432 3318 1482 austro:
3360 1425 3474 1480 Noli
3518 1424 3661 1496 prohi-

2139 1521 2272 1576 bere
2317 1522 2380 1587 ‘3,
2431 1541 2460 1574 ι)
2509 1520 2658 1592 quod
2704 1517 2989 1591 inspirabo
3027 1515 3305 1588 gentibus,
3352 1519 3413 1569 ut
3460 1513 3659 1569 credam

2141 1613 2340 1680 Aquilo
2360 1615 2446 1664 est
2472 1609 2776 1682 aliquando
2804 1608 3017 1663 electus
3041 1606 3114 1661 ad
3134 1605 3297 1660 ﬁdem
3323 1618 3601 1668 conversus,
3616 1608 3663 1657 ιι

2142 1699 2203 1755 ἱιι
2228 1699 2361 1755 Job:
2397 1717 2424 1753 α
2452 1698 2539 1754 Ab
2563 1699 2827 1770 aquilone
2854 1712 3057 1753 aurum
3078 1695 3264 1750 veniet
3283 1693 3345 1753 ‘9,
3369 1713 3394 1745 ι
3422 1691 3551 1764 quod
3574 1698 3621 1746 et
3638 1708 3665 1744 ιι

533 1790 895 1842 Antcmuralc
916 1789 1202 1860 prophetae
1222 1794 1375 1854 sunt,
1391 1794 1457 1842 ut
1474 1789 1534 1842 in
1544 1788 1692 1843 Isaia
1715 1807 1727 1842 :
1754 1806 1780 1838 ‹‹
1808 1788 2063 1843 Salvator
2088 1799 2126 1854 ις
2146 1789 2319 1843 Paulo
2338 1794 2397 1843 et
2422 1787 2493 1843 ab
2520 1787 2856 1858 Augustino,
2888 1786 2985 1857 qui
3011 1784 3170 1856 prius
3190 1784 3248 1838 in
3262 1779 3664 1850 ﬁdelitatefrigidi

464 1882 706 1949 ponetur
730 1877 789 1930 in
819 1892 888 1931 ea
915 1892 1111 1932 murus
1129 1883 1188 1932 et
1207 1877 1558 1932 antemurale
1579 1877 1620 1943 ⁵,
1659 1898 1684 1927 »
1717 1878 1866 1948 quod
1904 1877 2063 1933 Chri-

461 1972 601 2031 stus,
632 1966 728 2038 qui
757 1966 815 2019 in
846 1966 1029 2037 seipso
1057 1982 1158 2038 per
1174 1966 1578 2022 incarnationis
1598 1982 1713 2021 sua:
1727 1966 2061 2038 mysterium

460 2055 717 2110 Ecclesiae
746 2068 940 2109 murus
967 2054 1093 2121 fuit,
1131 2055 1314 2110 eidem
1338 2055 1596 2110 Ecclesia:
1638 2061 1769 2110 ante
1798 2055 2060 2110 incarna-

460 2144 675 2198 tionem
701 2156 861 2199 suam
892 2145 951 2198 in
982 2145 1273 2216 prophetis
1301 2144 1652 2199 antemurale
1681 2145 1913 2198 exstitit.

531 2232 822 2288 Animalia
858 2239 993 2288 sunt
1036 2220 1278 2305 quatuor
1306 2233 1679 2304 evangelista,
1713 2238 1777 2287 ut
1820 2233 1878 2287 in
1926 2232 2060 2288 Eze-

459 2318 638 2376 chiele
671 2340 683 2374 :
720 2338 747 2374 α
780 2322 1100 2378 Similitudo
1129 2323 1373 2377 hominis
1403 2323 1460 2377 in
1482 2321 2062 2394 animalibus‘,»quod

461 2411 684 2466 Christo
697 2416 980 2482 satagunt.
999 2414 1308 2467 Animalia.
1328 2412 1507 2468 sancti
1528 2412 1588 2466 in
1608 2411 1871 2477 Ecclesia,
1902 2418 1968 2466 ut
2002 2411 2060 2466 in

460 2500 700 2554 Psalmis
731 2518 743 2552 :
783 2520 805 2551 ι
838 2500 1121 2555 Animalia
1146 2506 1248 2555 tua
1274 2499 1611 2555 habitabunt
1635 2499 1695 2554 in
1723 2517 1792 2554 ea
1808 2500 1829 2535 ⁷
1850 2520 1876 2553 ι)
1911 2501 2061 2572 quod

456 2584 595 2659 justi
614 2588 673 2642 in
694 2586 939 2643 Ecclesia
953 2602 1019 2643 ex
1034 2586 1144 2643 fide
1161 2588 1371 2644 vivunt.
1394 2592 1704 2651 Animalia,
1728 2589 1935 2661 cupidi,
1956 2593 1977 2613 ⁹
2001 2589 2059 2644 in

461 2676 750 2731 Ezechiele
789 2677 1121 2732 animalium
1169 2674 1512 2732 abominatio
1559 2677 1781 2749 depicta
1831 2684 1955 2733 erat
2000 2678 2058 2734 in

460 2765 673 2836 pariete
702 2765 743 2831 ⁸,
774 2778 947 2836 quam
975 2766 1307 2837 cupidorum
1336 2767 1483 2838 apud
1525 2783 1586 2820 se
1621 2766 1953 2837 pravitatem
1999 2767 2059 2822 in

457 2853 793 2908 necessitate
812 2854 991 2926 iniqui
1014 2852 1345 2926 depingunt.
1361 2858 1398 2910 A
1409 2859 1671 2922 nimah‘a,
1685 2855 1798 2910 duo
1810 2856 2057 2911 cruciﬁxi

459 2954 587 2997 cum
617 2942 842 2997 Christo
866 2939 1132 3005 latrones,
1165 2950 1231 2998 ut
1256 2944 1315 2998 in
1337 2947 1359 2968 '
1383 2943 1644 2998 liabacuc
1675 2962 1687 2997 :
1727 2962 1755 2996 «ι
1786 2943 1845 2999 in
1872 2945 2060 3001 medio

458 3030 699 3086 duorum
713 3031 1063 3093 animalium,
1086 3046 1112 3085 ι
1137 3030 1287 3104 quod
1316 3032 1373 3087 in
1410 3032 1596 3088 medio
1625 3033 1867 3088 duorum
1889 3034 2060 3089 latro-

460 3130 593 3174 num
611 3120 869 3176 Christus
882 3134 1188 3192 suspensus
1201 3127 1305 3176 est.

528 3208 786 3277 Angulus
807 3210 1068 3280 designat
1092 3211 1278 3265 locum
1306 3208 1600 3276 humilem,
1631 3216 1697 3266 ut
1719 3211 1778 3265 in
1808 3212 2056 3268 Parabo-

457 3297 526 3351 lis
560 3312 571 3349 :
601 3314 630 3350 α
661 3299 862 3353 Melius
892 3306 979 3353 est
1004 3300 1201 3354 sedere
1236 3300 1295 3353 in
1322 3299 1529 3370 angulo
1576 3300 1837 3367 domatis,
1884 3320 1910 3354 υ
1950 3302 2055 3356 hoc

459 3391 563 3453 est,
595 3387 654 3441 in
682 3387 802 3442 loco
832 3389 1051 3453 humili,
1079 3407 1105 3440 «
1142 3404 1269 3444 cum
1304 3402 1458 3460 pace,
1503 3403 1672 3460 quam
1719 3389 1779 3444 in
1827 3390 2054 3445 sublimi

456 3488 584 3530 cum
613 3474 893 3531 discordia
907 3476 950 3531 ⁸.
986 3498 1008 3529 ››
1032 3478 1073 3532 Α
1085 3482 1221 3545 ngul
1227 3494 1289 3531 us
1299 3477 1560 3548 designat
1576 3479 2048 3549 conjunctionem,

458 3569 524 3618 ut
547 3563 607 3619 in
637 3566 894 3621 Psalmis.
934 3588 954 3617 α
994 3565 1097 3621 Hic
1122 3567 1303 3621 factus
1330 3573 1417 3621 est
1447 3566 1506 3621 in
1534 3574 1705 3638 caput
1731 3569 1921 3639 anguli
1938 3569 2001 3635 ιο,
2024 3589 2048 3618 υ

451 3653 600 3724 quod
623 3654 880 3710 Christus
928 3658 1232 3728 utrumque
1277 3656 1549 3730 populum
1598 3658 1904 3728 conjunxit.
1944 3659 2054 3712 Per

454 3747 732 3809 angulum
751 3744 1023 3813 terminos
1042 3742 1210 3815 hujus
1227 3744 1442 3809 mundi,
1458 3745 1592 3800 utin
1608 3745 1794 3800 Exodo
1817 3762 1830 3800 :
1869 3765 1895 3798 α
1916 3746 2051 3801 Duae

452 3829 660 3887 tabulae
682 3833 990 3903 erigantur,
1011 3836 1033 3858 ‘
1054 3829 1181 3904 post
1196 3840 1420 3905 tergum
1432 3833 1779 3889 tabernaculi
1792 3834 1853 3900 κ,
1872 3835 2049 3905 »ψιοά

454 3924 652 3974 contra
675 3918 960 3977 diabolum
992 3921 1051 3976 in
1080 3922 1277 3979 mundi
1300 3923 1472 3993 hujus
1508 3922 1678 3977 terris
1719 3923 2050 3978 adveniente

454 4008 566 4063 fine
592 4010 770 4064 sancti
801 4011 987 4066 Enoch
1016 4017 1076 4064 et
1112 4011 1261 4065 Elias
1288 4010 1578 4082 erigantur
1603 4014 1624 4036 "
1664 4026 1835 4083 opera
1881 4013 2051 4067 simu-

453 4096 580 4151 latae
602 4103 819 4152 mentes
848 4112 1166 4170 pravorum,
1198 4104 1264 4153 ut
1287 4099 1347 4153 in
1376 4096 1659 4170 Sophonia
1682 4116 1694 4152 :
1717 4118 1745 4152 ι
1775 4100 1906 4155 Dies
1936 4102 2049 4156 Do-

454 4185 593 4239 mini
638 4198 812 4258 super
853 4188 1089 4258 angulos
1131 4188 1374 4242 excelsos
1406 4184 1452 4222 ¹²
1500 4205 1512 4240 :
1560 4206 1583 4238 ι
1618 4188 1766 4259 quod
1804 4190 2048 4245 vindicta

451 4275 732 4345 percutiet
757 4277 928 4331 corda
956 4286 1274 4348 pravorum,
1299 4290 1423 4348 qua:
1434 4282 1665 4348 propter
1682 4278 2051 4349 elevationem

452 4356 670 4419 excelsa
696 4370 847 4430 sunt,
883 4368 941 4420 et
986 4370 1216 4437 propter
1262 4364 1695 4437 duplicationem
1721 4370 1925 4435 anguli
1954 4384 2050 4423 vo-

449 4459 668 4508 cantur.

521 4538 653 4612 Apis
678 4550 765 4598 est
789 4544 1116 4599 immundus
1146 4548 1420 4614 peccator,
1452 4549 1518 4598 ut
1542 4544 1601 4598 in
1632 4544 1809 4599 Isaia:
1848 4564 1874 4597 ‹‹
1896 4545 2043 4602 Sibi-

450 4629 590 4685 labit
612 4632 886 4688 Dominus
905 4633 997 4704 api
1013 4631 1075 4697 13,
1107 4651 1130 4683 ι
1157 4626 1306 4704 quod
1320 4632 1678 4688 immundum
1699 4639 2047 4705 peccatoer

448 4734 552 4789 per
577 4718 1001 4791 inspirationem
1031 4732 1193 4777 suam
1221 4721 1293 4776 ad
1321 4738 1382 4776 se
1400 4727 1579 4777 vocat.
1623 4723 1759 4790 Apes
1810 4723 2049 4778 humiles

449 4812 600 4873 sunt,
624 4814 690 4863 ut
710 4808 771 4863 in
806 4800 1220 4865 Ecclesiastico:
1258 4830 1279 4861 ι
1332 4811 1614 4865 Modicum
1638 4810 1699 4865 in
1729 4806 2048 4866 volatilibus

448 4896 571 4968 apis
583 4895 646 4961 ¹⁴,
694 4916 719 4950 υ
764 4900 914 4970 quod
958 4898 1200 4954 humiles
1241 4899 1392 4954 inter
1417 4899 1690 4972 superbos
1731 4900 1863 4954 facti
1891 4906 2042 4955 sunt.

449 4986 558 5041 Per
584 5000 708 5056 apes
736 4987 1098 5054 detractores,
1132 4994 1200 5044 ut
1240 4988 1297 5043 in
1344 4988 1620 5043 Psalmis:
1659 5006 1683 5040 α
1729 4989 2048 5044 Circumde-

445 5075 654 5132 derunt
678 5090 788 5144 me,
821 5078 968 5132 sicut
993 5093 1129 5149 apes
1161 5076 1226 5144 ‘5,
1262 5095 1290 5131 ι
1320 5077 1469 5149 quod
1495 5075 1555 5131 in
1583 5082 1781 5149 aperto
1808 5092 1900 5133 me
1930 5078 2048 5133 lau-

516 5318 665 5389 ‘Job
690 5336 804 5387 xxx,
838 5322 930 5378 15.
962 5322 987 5357 ²
1006 5318 1169 5377 Pr0v.
1195 5336 1345 5389 XXXI,
1374 5327 1466 5383 15.
1497 5326 1523 5361 ³
1549 5320 1574 5382 Ι

2141 1882 2320 1939 erant,
2369 1877 2636 1948 splendor
2674 1874 2964 1947 sapientiae
2989 1874 3162 1928 venit.
3204 1871 3410 1940 Aquilo.
3440 1874 3664 1933 senem,

2142 1972 2206 2021 ut
2226 1967 2284 2021 in
2315 1966 2614 2036 Evangelio
2649 1984 2661 2018 :
2700 1984 2723 2014 ιι
2745 1964 2990 2019 Veniant
3006 1962 3078 2018 ab
3105 1961 3380 2034 aquilone,
3402 1965 3455 2014 et
3476 1962 3495 1983 θ
3524 1964 3671 2013 rem

2140 2056 2294 2118 dent,
2331 2074 2353 2106 ι
2387 2055 2536 2126 quod
2566 2053 2820 2110 nonnulli
2848 2053 2907 2109 in
2936 2056 3226 2107 senectute
3254 2049 3323 2104 ad
3344 2048 3674 2121 requietum

2141 2144 2303 2199 dunt.
2335 2145 2536 2214 Aquilo
2558 2143 2737 2198 hostis
2766 2141 2984 2214 antiqui
3013 2139 3319 2211 suggestio,
3346 2144 3407 2193 nt
3424 2136 3670 2200 'Jeremia,

2140 2232 2310 2288 facies
2337 2233 2461 2289 ollae
2489 2249 2769 2288 succensa:
2802 2251 2831 2285 ι
2860 2247 2896 2286 a
2921 2230 3062 2286 facie
3093 2225 3443 2300 aquilonis”,
3472 2243 3497 2279 ι
3524 2225 3572 2279 id
3592 2229 3672 2285 θοις

2141 2322 2388 2393 regnabo
2428 2323 2489 2376 in
2521 2321 2792 2394 reprobis.
2824 2319 3027 2390 Aquilo
3064 2317 3335 2381 diabolus,
3376 2323 3439 2371 ut
3460 2314 3512 2369 in
3547 2312 3631 2368 Job
3660 2331 3669 2364 :

2145 2430 2169 2461 α
2203 2411 2313 2476 Qui
2339 2411 2589 2466 extendit
2617 2409 2941 2481 aquilonem
2971 2425 3144 2480 super
3168 2420 3399 2461 vacuum
3427 2402 3488 2469 κ,
3507 2422 3529 2454 ι
3559 2401 3674 2472 quod

2141 2500 2369 2555 illorum
2396 2499 2699 2564 mentibus,
2733 2499 2832 2570 qui
2859 2497 3048 2569 gratia
3085 2506 3194 2551 sua
3224 2495 3381 2550 vacui
3422 2498 3556 2554 sunt,
3580 2491 3674 2545 dia-

2140 2587 2331 2643 bolum
2356 2589 2508 2643 Deus
2525 2586 2805 2642 dominari
2833 2585 3130 2658 permittit.

2210 2677 2372 2748 Aqua
2390 2684 2478 2732 est
2494 2676 2737 2749 Spiritus
2750 2680 2999 2741 sanctus,
3030 2674 3167 2729 utin
3196 2670 3481 2742 Evangelio
3500 2687 3512 2722 :
3531 2687 3552 2720 ι
3571 2667 3672 2722 Flu-

2140 2767 2297 2822 mina
2319 2767 2390 2821 de
2410 2772 2602 2821 ventre
2620 2767 2746 2837 ejus
2766 2766 2947 2820 ﬂuent
2961 2778 3122 2839 aquae
3161 2762 3294 2817 vivae
3326 2759 3391 2825 ³³,
3424 2780 3449 2813 ι
3476 2755 3603 2830 quod
3620 2754 3674 2808 de

2137 2856 2413 2911 memoria
2437 2855 2717 2911 credentis
2744 2855 2894 2909 dona
2922 2852 3238 2926 procedunt
3265 2849 3496 2923 Spiritus
3512 2844 3673 2902 sancti.

2140 2946 2319 3015 Aqua,
2351 2945 2626 3005 Christus.
2656 2950 2721 2999 ut
2747 2944 2807 2998 in
2836 2941 3077 2997 Psalmis
3108 2960 3122 2995 :
3158 2961 3182 2992 ι
3215 2938 3442 2995 Probavi
3476 2943 3528 2992 te
3558 2932 3674 3006 apud

2139 3048 2345 3106 aquam
2374 3032 2831 3090 contradictionis
2849 3031 2913 3099 ’³,
2955 3050 2978 3083 ι
3026 3031 3085 3085 id
3129 3036 3236 3096 est,
3276 3044 3312 3085 a
3358 3027 3576 3093 Christo,
3606 3021 3676 3078 cui

2074 3117 2119 3177 Ο
2141 3124 2377 3179 amultis
2385 3122 2804 3179 contradicitur.
2830 3122 3008 3191 Aqua,
3029 3119 3311 3192 sapientia
3320 3115 3540 3181 subtilis,
3559 3120 3612 3167 ut
3631 3112 3675 3164 in

2137 3212 2425 3268 Parabolis
2451 3233 2464 3267 :
2503 3233 2527 3265 ι
2559 3214 2723 3283 Aqua
2751 3209 3029 3283 profunda
3055 3225 3127 3263 ex
3166 3225 3264 3264 ore
3296 3207 3397 3262 viri
3426 3204 3488 3267 “.
3512 3222 3537 3257 ι
3561 3198 3678 3273 qlod

2135 3300 2358 3356 subtilis
2384 3301 2663 3374 sapientia
2688 3301 2748 3356 in
2776 3299 3056 3354 locutione
3079 3297 3244 3369 justi.
3282 3299 3451 3366 Aqua,
3480 3288 3678 3363 loquaci-
3794 3344 3795 3371 1

2134 3396 2241 3457 tas,
2276 3396 2341 3445 ut
2368 3390 2427 3445 in
2456 3389 2743 3445 Parabolis
2774 3406 2788 3442 :
2823 3406 2849 3442 ι
2883 3388 2992 3453 Qui
3035 3387 3250 3443 emittit
3291 3400 3505 3458 aquam,
3547 3382 3679 3450 caput

2133 3480 2554 3551 estjurgioruln
2581 3478 2841 3550 “,tquod
2869 3477 2966 3550 qui
2996 3476 3394 3549 loquacitatem
3418 3488 3520 3528 non
3543 3468 3679 3524 νώτ-

2134 3570 2250 3634 nat,
2284 3569 2643 3623 concordiam
2688 3567 3157 3639 dissipatviqua,
3206 3563 3475 3638 cupiditas
3506 3555 3673 3616 senili.

2130 3664 2195 3713 ut
2222 3658 2281 3712 in
2303 3657 2635 3729 Evangelia:
2672 3679 2696 3703 α
2730 3658 2873 3710 Eum
2903 3656 2962 3710 in
2990 3656 3183 3726 ignem
3204 3661 3263 3709 et
3290 3655 3349 3709 in
3382 3666 3567 3723 aquam
3590 3645 3674 3700 mi-

2129 3745 2223 3811 sit,
2253 3751 2317 3801 ut
2361 3762 2493 3801 eum
2521 3745 2783 3818 perderet
2795 3744 2863 3810 ³⁸,
2905 3762 2928 3796 ι
2962 3744 3113 3817 quod
3141 3743 3398 3799 diabolus
3421 3752 3527 3804 eos,
3565 3748 3676 3808 quo!

2130 3834 2397 3906 possidet,
2413 3848 2564 3890 nunc
2577 3835 2779 3890 ardore
2797 3833 3033 3890 luxurias
3051 3836 3536 3895 concremat,nunc
3544 3822 3673 3880 sorde

2128 3924 2452 3996 cupiditatis
2478 3924 2670 3991 ῐωάιιι,
2691 3930 2758 3979 ut
2792 3936 2889 3979 eos
2919 3922 3140 3995 perdat.
3183 3925 3362 3991 Aqua,
3393 3916 3673 3990 baptismi.

2129 4020 2194 4067 ut
2216 4013 2277 4069 in
2296 4013 2535 4068 Psalmis
2568 4030 2580 4067 :
2631 4030 2657 4064 «
2690 4013 2929 4085 Operuit
2954 4024 3105 4084 aqua
3131 4010 3465 4066 tribulautes
3483 4002 3634 4065 eos”,
3652 4020 3672 4043 ι
3790 4042 3791 4085 3

2128 4102 2278 4173 quod
2308 4102 2364 4156 in
2392 4101 2672 4174 baptismo
2701 4101 3008 4156 electorum
3054 4107 3286 4172 peccata
3316 4097 3672 4153 condonantur.

2126 4192 2286 4260 Aqua
2313 4196 2401 4245 est
2427 4205 2634 4245 arcana
2661 4190 2867 4244 locutio
2895 4190 3320 4261 prephetarum,
3353 4193 3417 4242 ut
3458 4185 3512 4238 in
3550 4177 3676 4236 Psal-

2133 4279 2242 4333 mis
2272 4296 2283 4332 :
2317 4296 2343 4330 a
2375 4278 2693 4334 Tenebrosa
2721 4286 2871 4350 aqua
2896 4278 2955 4332 in
2986 4276 3230 4333 nubibus
3256 4273 3479 4338 aeris”,
3514 4292 3534 4321 ι
3559 4264 3675 4339 quod

2132 4366 2426 4422 obscuram
2446 4369 2784 4423 locutionem
2802 4366 3049 4422 habeant
3065 4365 3372 4439 propheta.
3393 4366 3556 4432 Aqua.
3573 4370 3677 4411 ω’
3788 4420 3789 4439 1

2066 4422 2114 4480 Β
2132 4462 2225 4511 cta
2249 4457 2570 4527 praedicatio
2600 4454 2828 4521 Christi,
2861 4462 2925 4511 ut
2950 4457 3013 4511 in
3032 4422 3321 4511 Ezechiele
3344 4473 3357 4508 ε
3386 4472 3407 4504 ι
3430 4422 3675 4507 meum

2125 4560 2297 4616 super
2318 4561 2416 4601 vos
2440 4560 2647 4617 aquam
2674 4546 2945 4601 mundam
2963 4544 3031 4611 *9,
3070 4562 3094 4595 ι
3127 4545 3187 4599 id
3208 4550 3315 4609 est,
3346 4536 3578 4615 purgabo
3602 4546 3677 4585 τω

2130 4649 2232 4705 per
2257 4634 2715 4705 praedicationem
2733 4634 3022 4699 mundam,
3038 4639 3106 4689 ut
3124 4633 3321 4688 mundi
3352 4631 3469 4686 sitis
3490 4627 3678 4699 propter

2130 4734 2448 4778 sermonem
2476 4732 2645 4795 quem
2674 4724 2874 4795 loquor
2917 4722 3088 4778 vobis.
3132 4722 3315 4792 Aqua,
3350 4709 3673 4801 compend-ibo
3786 4768 3787 4801 ξ

2128 4818 2194 4867 ut
2221 4812 2280 4867 in
2308 4808 2467 4867 libris
2488 4812 2707 4883 Regum
2738 4831 2752 4868 :
2790 4828 2813 4863 σ
2849 4809 3215 4867 Hausueriint
3240 4824 3460 4899 aquam.

2128 4907 2264 4956 runt
2302 4902 2362 4957 in
2404 4908 2705 4973 conspectu
2743 4901 2970 4956 Domini
3009 4899 3077 4968 3°,
3124 4918 3151 4954 υ
3196 4898 3347 4971 quod
3389 4897 3457 4951 de
3498 4893 3675 4947 intimis

2127 4989 2312 5044 cordis
2353 4988 2441 5047 sui
2478 4989 2839 5060 protulerunt
2881 4988 3388 5061 compunctionem,
3429 4990 3484 5038 et
3521 4988 3672 5035 eorm

2127 5078 2243 5133 Deo
2271 5079 2562 5134 ﬂeverunt.
2587 5081 2765 5147 Aqua,
2788 5077 2977 5134 seculi
2995 5077 3356 5150 prosperitas,
3384 5080 3445 5129 ut
3468 5071 3523 5127 in
3546 5062 3673 5123 Ριιιο
3782 5118 3785 5143 ἐ

1730 5338 1848 5392 .vI,
1884 5324 1971 5383 32.
2004 5327 2027 5362 ⁴

2138 5342 2159 5382 ι
2187 5336 2374 5393 χχχιιι,
2407 5326 2460 5382 2.
2490 5328 2514 5363 ⁸
2546 5324 2654 5384 Isa.
2682 5326 2958 5393 xxvi,i.°
2984 5324 3177 5383 Ezech.
3211 5328 3251 5393 i,
3286 5326 3338 5381 5.
3368 5324 3389 5360 ⁷
3420 5322 3502 5378 Ps.
3532 5324 3670 5393 ικῖιξς

447 5392 538 5446 11.
570 5392 594 5427 ε
620 5381 815 5447 Εῑεοιι.
848 5404 970 5456 vm,
1003 5394 1092 5448 ιο.
1125 5390 1150 5428 ο
1180 5381 1344 5449 Prov:
1373 5381 1486 5464 se,
1528 5381 1583 5454 ό.
1622 5381 1854 5453 ίσεβεειιί
1888 5381 2049 5453 {xm

447 5461 490 5497 ¹⁴
517 5462 692 5517 Eccle.
726 5475 800 5526 χι,
834 5462 922 5520 13.
956 5466 1002 5501 ιδ
1041 5458 1187 5520 Psal.
1220 5478 1390 5526 cxvii.
1414 5462 1504 5524 12.
1540 5469 1584 5506 ιο
1603 5470 1750 5524 Psal.
1786 5482 1968 5525 LXXIX.
2003 5470 2048 5505 ιτ

2138 5381 2472 5454 incisa.
2504 5381 2654 5464 xiv},
2821 5381 2879 5434 ii
2900 5381 3250 5506 δοξάζω]
3275 5396 3323 5432 ’³
3350 5394 3454 5451 Isa.
3486 5400 3573 5451 vn,
3601 5381 3668 5436 18.

2138 5476 2230 5525 mt.
2264 5474 2339 5526 iv.
2368 5470 2456 5526 16.
2490 5471 2536 5507 1⁸
2564 5472 2673 5526 Isa.
2708 5478 2867 5526 xun.
2897 5468 2952 5526 6.
3007 5469 3151 5526 “Job
3177 5479 3386 5526 xxxvii,
3417 5456 3668 5519 Ἀπίαν.

444 5461 490 5497 ¹⁴
517 5462 692 5535 Eccle.
726 5475 800 5535 χι,
834 5462 922 5520 13.
956 5466 1002 5501 ιδ
1041 5458 1187 5535 Ρδῃι.
1220 5478 1390 5535 cxvii,
1414 5458 1504 5524 12.
1540 5469 1584 5506 ιο
1603 5470 1750 5524 Psal.
1780 5482 1968 5535 txxxx.
2003 5470 2048 5505 ιτ

2138 5476 2230 5525 mt.
2264 5474 2339 5534 iv,
2368 5470 2456 5526 16.
2490 5471 2536 5507 1⁸
2564 5458 2673 5526 Isa.
2708 5478 2867 5535 xun,
2897 5468 2952 5526 6.

3118 5469 3151 5524 b
3177 5479 3386 5532 xxxvii,
3417 5456 3668 5519 24.⁹⁹1ει“·

444 5500 692 5610 ﬁeri
711 5500 816 5588 iiii»
839 5500 993 5610 ἔπῃ,
1013 5500 1533 5610 Ϊῗᾲἔῖξνῖἰξὲἑ.
1582 5500 2007 5596 ιῖῗὲὲιιῗῗῖἓὲ.
2035 5542 2049 5595 ι

2138 5500 2230 5525 uis.
2264 5500 2339 5534 sv,
2374 5500 2456 5526 ιυι
2492 5500 2535 5507 ’⁷
2564 5500 2673 5526 sua.
2708 5500 2867 5535 ⁴ιιιιιι,
2897 5500 2952 5526 υ.
2988 5500 3027 5506 -ν
3049 5500 3151 5526 δυυ
3178 5500 3386 5532 mus,
3420 5500 3500 5519 ι-σ
3578 5500 3667 5512 --ν

2139 5541 2186 5577 ²⁴
2216 5543 2375 5597 Prov.
2411 5550 2566 5610 xviii,
2597 5541 2657 5596 4.
2702 5536 2750 5610 ’ξ
2778 5539 2940 5610 Prov.
2984 5549 3118 5607 xm,
3148 5539 3236 5595 14.
3269 5538 3316 5574 ’³
3345 5535 3531 5594 Matth.
3562 5538 3667 5583 κτῐις

440 5602 544 5674 15;
578 5605 748 5660 Marc.
781 5619 858 5672 Ix,
889 5605 980 5662 22.
1009 5605 1056 5643 ³⁷
1088 5607 1235 5662 Psal.
1270 5621 1361 5677 ev,
1394 5602 1483 5667 11.
1516 5610 1563 5646 ³⁸
1591 5612 1740 5667 Psal.
1772 5626 1931 5681 xvm,
1962 5611 2049 5667 12.

2160 5613 2356 5668 Ezech.
2390 5602 2576 5681 xxxvi,
2607 5612 2696 5668 23.
2724 5606 2821 5668 ³⁸1
2853 5608 2992 5683 Reg.
3027 5602 3126 5674 vn,
3144 5610 3197 5666 6.
