3818 6168
144 288 220 349 sa
856 286 881 325 >
1018 286 1450 373 ALLEGQRIE
1487 286 1566 343 IN
1603 286 1894 343 sxcnxu
1932 282 2414 343 SCRIPTURAM.
3249 280 3353 341 862

143 419 226 473 mis
256 435 265 468 :
289 434 311 465 ι
330 413 695 468 Transivimus
722 428 822 482 per
848 413 1039 483 ignem
1063 420 1119 466 et
1141 430 1344 484 aquam
1368 414 1408 475 ί,
1438 434 1461 459 n
1487 414 1541 466 id
1566 421 1669 477 est,
1684 418 1731 474 Α
1753 414 1934 467 nibus.
1952 414 2061 465 Per
2079 428 2252 481 aquas
2274 411 2661 464 blandimenta
2678 411 3213 476 tentationum,utin
3227 410 3346 463 Job:

144 524 220 578 per
241 505 445 559 adversa
484 510 539 555 et
580 518 860 572 prospera.
912 506 1083 570 Aqua,
1131 503 1455 565 adversitas,
1505 510 1568 556 ut
1615 504 1671 555 in
1759 524 1781 553 (ι
1816 504 2049 573 Lapides
2097 508 2365 555 excavant
2419 501 2660 571 aquae“,
2719 521 2739 550 II
2790 499 2937 571 quod
2981 500 3152 554 fortes
3209 517 3352 554 non-

144 594 363 649 Psalmis:
391 613 411 641 ε
436 593 555 644 Non
578 609 665 643 me
686 592 976 661 demergat
994 598 1299 661 tempestas
1320 592 1530 661 aquae",
1559 611 1583 644 ι)
1616 592 1671 645 id
1698 606 1705 615 '
1755 610 2041 662 nunquam
2076 593 2218 645 viros
2238 591 2613 644 tentationum
2634 590 3015 643 blandimenta
3032 589 3342 642 emolliunt.

142 694 221 743 est.
248 699 340 735 non
367 697 448 733 me
478 680 728 733 devincat
756 681 1044 750 congeries
1088 681 1458 734 adversitatis.
1493 686 1668 749 Aqua,
1757 683 1863 735 Per
1896 699 2066 750 aquas
2110 682 2425 750 voluptates
2464 680 2847 750 reproborum,
2872 684 2936 732 ut
2977 679 3033 732 in
3063 679 3301 732 Psalmis
3335 696 3346 731 :

143 776 343 826 humana
366 770 613 833 scientia,
635 770 769 822 utin
790 771 973 822 Exodo
1011 789 1071 822 ει(
1106 772 1230 823 Νοη
1256 772 1491 823 crudum
1517 770 1668 841 quid,
1760 792 1781 817 ο
1817 770 2105 825 Convertit
2134 786 2309 839 aquas
2337 784 2532 822 eorum
2577 770 2634 822 in
2680 768 3013 837 sanguinem
3043 768 3106 832 ‘9,
3146 787 3167 817 ι
3203 765 3349 838 quod

147 877 221 914 nec
256 864 450 911 coctum
498 857 696 926 aqua",
734 880 757 908 ››
790 858 937 927 quod
986 858 1241 911 Christus
1280 874 1459 927 neque
1504 875 1674 929 purus
1758 860 1933 912 malas
1959 859 2256 928 impiorum
2282 860 2595 911 voluntates
2616 860 2764 911 Deus
2786 858 3121 928 quandoque
3142 858 3211 909 ad
3233 873 3356 910 cru-

146 951 274 1002 homo
299 946 629 1015 cogitandus,
661 963 844 1016 neque
870 946 1112 1015 qualiter
1161 947 1437 1000 ineat-nari
1470 948 1670 1017 potuit,
1757 948 2042 1001 delitatem
2071 947 2465 1000 amaritudinis
2495 947 2764 1017 perducit.
2806 948 2912 1001 Per
2960 962 3133 1015 aquas
3175 963 3352 1016 poma:

148 1035 549 1107 peiscrutandum
601 1042 701 1087 est.
745 1040 918 1101 Aqua.
955 1036 1147 1088 mundi
1179 1037 1486 1093 afﬂuentia.
1522 1046 1583 1087 ut
1620 1037 1672 1088 in
1760 1037 2077 1091 inft-I'nales.
2111 1046 2169 1089 ut
2200 1038 2252 1089 in
2286 1024 2507 1089 cantico
2534 1036 2701 1089 Exodi
2741 1055 2750 1087 :
2793 1056 2800 1087 :
2839 1058 2860 1085 ε
2900 1034 3187 1089 Submersi
3222 1042 3354 1087 sunt

148 1124 417 1195 Apocalypsi
448 1142 458 1175 ε
488 1146 504 1171 α
536 1124 787 1193 Angelus
812 1124 1005 1177 effudit
1038 1125 1279 1193 phialam
1310 1142 1468 1177 suam
1496 1125 1550 1177 in
1579 1127 1677 1177 flu-
1761 1127 1919 1195 quasi
1963 1126 2251 1196 plumbum
2282 1128 2337 1178 in
2370 1126 2528 1195 aquis
2557 1123 3063 1187 vehementibus”,
3104 1144 3125 1173 ν)
3160 1123 3215 1176 id
3247 1132 3349 1176 est.

149 1216 259 1267 rium
284 1212 405 1265 illud
436 1229 725 1281 magnum.
761 1214 1197 1283 Euphratem,et
1218 1214 1443 1266 siccavit
1472 1231 1675 1285 aquam
1761 1222 1997 1268 ruerunt
2024 1215 2347 1289 "ponderosi
2408 1222 2723 1285 peceatores
2780 1215 2837 1267 in
2882 1214 3060 1284 poenis
3116 1212 3357 1267 inferna-

148 1306 235 1372 ejus
265 1303 298 1361 ⁴,
364 1320 384 1351 Io
440 1302 587 1371 quod
650 1302 978 1371 praedicator
1035 1320 1223 1355 vocem
1268 1320 1425 1356 suam
1484 1312 1679 1357 contra
1760 1306 1924 1359 libus.

148 1390 360 1443 mundum
392 1389 570 1458 erigit.
609 1398 667 1443 et
695 1393 816 1459 ejus
859 1390 1205 1444 afﬂuentiam
1253 1408 1287 1443 a
1326 1393 1517 1445 multis
1544 1410 1677 1445 con-
1833 1397 2034 1462 .‘lqm‘la
2065 1400 2150 1447 est
2178 1394 2453 1457 Christus,
2480 1400 2541 1445 ut
2570 1394 2627 1445 in
2658 1394 2872 1446 cantico
2891 1390 3310 1446 Deuteronomii
3339 1408 3350 1442 ε

147 1480 277 1532 temni
296 1478 428 1531 facit.
453 1481 633 1546 Aqua,
661 1479 964 1532 historialis
986 1480 1320 1543 intellectus,
1341 1489 1402 1533 ut
1426 1481 1479 1533 in
1508 1483 1680 1534 Evan-
1768 1504 1789 1533 ι
1824 1483 2026 1553 Aquila
2062 1482 2376 1553 provocavit
2420 1482 2487 1534 ad
2525 1482 2822 1535 velandum
2864 1480 3045 1551 pullos
3082 1494 3210 1532 suos
3230 1476 3297 1542 εί,
3329 1476 3351 1527 i

146 1568 253 1637 gelio
283 1568 301 1599 ⁵
334 1584 468 1636 aqua
519 1568 590 1620 ad
636 1568 859 1638 nuptias
911 1569 965 1621 in
1014 1570 1202 1622 vinum
1262 1587 1527 1623 conversa
1573 1577 1675 1633 est,
1764 1573 1911 1641 quod
1934 1572 2190 1625 Christus
2219 1571 2520 1640 discipulos
2549 1587 2698 1635 suos,
2734 1575 2797 1623 ut
2826 1569 2894 1622 de
2924 1569 3130 1622 virtute
3155 1568 3213 1621 in
3244 1566 3355 1618 vir-

148 1657 254 1726 quod
295 1656 343 1708 in
379 1657 771 1726 conjunctione
822 1658 1027 1710 Christi
1084 1666 1140 1711 et
1187 1660 1436 1711 Ecclesia)
1486 1675 1681 1712 sensus
1762 1667 1940 1713 tutem
1975 1661 2287 1730 proﬁciant,
2324 1676 2551 1712 monere
2582 1676 2691 1713 non
2716 1664 2913 1713 cessat.
2946 1657 3356 1725 .rlqm'laJoan-

150 1746 348 1797 litterulis
377 1745 426 1797 in
457 1746 811 1815 spiritualem
838 1754 1088 1800 mutatus
1109 1756 1209 1800 est.
1238 1753 1409 1815 Aqua,
1432 1750 1681 1818 voluptas
1700 1740 1741 1795 Β
1762 1768 1860 1804 nes
1892 1750 2261 1819 Evangelista,
2294 1756 2357 1802 ut
2396 1750 2448 1801 in
2496 1749 2775 1801 Ezechiele
2810 1767 2819 1799 :
2852 1768 2871 1797 ε
2910 1748 3100 1801 Facies
3144 1744 3358 1815 Aquila).

149 1834 299 1891 carnis.
332 1842 390 1887 ut
414 1834 469 1887 in
500 1835 836 1903 Evangelio:
863 1856 887 1885 ι(
914 1836 1109 1889 Omnis
1132 1838 1223 1906 qui
1274 1837 1411 1890 bibit
1441 1854 1503 1889 ex
1534 1854 1681 1907 aqua
1762 1841 2003 1908 desuper
2033 1839 2277 1909 ipsorum
2311 1846 2553 1907 quatuor
2579 1838 2645 1901 θ’,
2682 1859 2708 1888 ιι
2746 1838 2891 1907 quod
2924 1853 3026 1907 per
3054 1837 3173 1899 hoc,
3211 1831 3357 1904 quod

150 1923 236 1985 hac,
269 1922 402 1974 sitiet
436 1923 647 1976 iterum
663 1924 704 1987 θ,
740 1944 765 1975 ι)
801 1926 944 1993 quod
992 1941 1101 1994 quo
1143 1926 1486 1996 frequentius
1526 1928 1679 1979 volu-
1763 1930 1831 1981 de
1861 1929 2150 1981 divinitate
2193 1927 2399 1980 Christi
2443 1934 2527 1979 est
2570 1928 2805 1989 locutus,
2855 1932 2912 1979 et
2958 1940 3113 1978 more
3157 1923 3358 1993 aquila!

149 2019 237 2079 ptas
260 2011 420 2064 carnis
450 2019 762 2077 exercetur,
795 2030 859 2066 eo
891 2014 1068 2083 magis
1104 2014 1470 2067 desideratur.
1504 2017 1677 2082 Aqua,
1765 2018 1951 2070 oculos
1984 2017 2038 2069 in
2071 2017 2245 2069 solem
2277 2016 2412 2079 ﬁxit,
2443 2021 2500 2067 et
2540 2031 2652 2067 non
2691 2016 2869 2067 solum
2921 2026 3091 2082 super
3130 2018 3359 2064 caeteros

148 2106 306 2152 Ieterna
334 2101 570 2160 refectio.
612 2102 747 2155 utin
778 2103 1109 2173 Apocalypsi
1146 2122 1154 2154 :
1197 2123 1217 2152 ι
1257 2104 1517 2157 Ostendit
1546 2104 1682 2156 mihi
1766 2113 1821 2158 et
1836 2106 2203 2174 evangelistas
2218 2105 2340 2161 fuit.
2358 2104 2453 2156 sed
2471 2103 2834 2172 semetipsum
2873 2102 3107 2154 excellit.
3132 2101 3355 2168 Aquila,

147 2189 328 2257 angelus
353 2189 552 2242 fontem
577 2207 743 2260 aquae
761 2192 894 2244 vivae
915 2193 954 2253 ⁷,
996 2216 1014 2240 ι
1042 2193 1095 2245 id
1124 2200 1227 2255 est,
1253 2193 1517 2245 revelavit
1544 2192 1683 2245 mihi
1766 2195 2039 2255 diabolus,
2066 2202 2127 2246 ut
2146 2194 2202 2247 in
2230 2193 2513 2246 Parabolis
2541 2212 2551 2245 :
2584 2214 2601 2241 ι
2634 2192 2790 2244 Viam
2810 2190 3007 2260 aquilae
3029 2189 3085 2241 in
3107 2185 3355 2251 coelo”,»

147 2278 348 2331 Christus
398 2279 619 2349 copiam
678 2280 994 2333 refectionis
1039 2288 1277 2335 teternze
1332 2283 1437 2333 Per
1478 2298 1681 2349 aquam.
1766 2284 1913 2353 quod
1944 2284 2222 2337 subtilitas
2253 2282 2458 2335 inimici
2507 2298 2539 2334 a
2585 2281 2717 2333 viris
2755 2280 2959 2334 sanctis
2996 2278 3220 2331 difficile
3260 2276 3357 2328 de-

146 2367 278 2418 sancti
310 2368 502 2436 angeli,
536 2376 604 2421 ut
634 2370 691 2421 in
716 2370 952 2422 Psalmis
981 2388 992 2421 :
1019 2391 1039 2419 ι
1070 2371 1137 2423 Et
1165 2386 1341 2440 aquae.
1365 2387 1486 2439 quae
1516 2386 1685 2440 super
1766 2373 2148 2443 prehenditur.
2182 2375 2383 2440 Aquila
2416 2372 2659 2423 animam
2712 2369 3007 2439 signiﬁcat.
3040 2366 3179 2420 utin
3206 2363 3309 2418 Job
3343 2381 3354 2415 :

146 2456 269 2507 delos
314 2458 481 2521 sunt},
546 2458 608 2510 id
664 2464 770 2521 est,
811 2460 1014 2527 angeli,
1064 2459 1157 2528 qui
1204 2460 1259 2512 in
1300 2459 1682 2529 superioribus
1770 2482 1793 2511 (ι
1828 2462 2145 2515 Elevabitur
2207 2461 2416 2531 aquila,
2468 2466 2521 2512 et
2585 2465 2755 2529 ponet
2817 2458 2875 2511 in
2920 2456 3111 2510 arduis
3162 2454 3357 2507 nidum

145 2552 395 2607 versantur,
434 2566 453 2594 ι
488 2546 727 2599 laudent
749 2564 952 2600 nomen
984 2548 1222 2600 Domini.
1264 2570 1285 2593 υ
1332 2550 1439 2601 Per
1479 2566 1684 2615 aquam
1768 2568 1929 2604 suum
1976 2550 2040 2611 ’4,
2095 2572 2118 2600 ι)
2170 2551 2315 2620 quod
2367 2566 2466 2620 per
2516 2547 3044 2617 contemplationem
3085 2543 3362 2597 exaltatur

145 2634 299 2687 anima:
326 2634 508 2699 beatae,
544 2643 613 2689 ut
640 2636 699 2688 in
728 2637 950 2689 Psalmo
983 2656 993 2688 :
1036 2659 1055 2687 ε
1089 2638 1195 2699 Qui
1224 2638 1367 2707 tegis
1401 2637 1559 2708 aquis
1588 2654 1683 2690 su-
1768 2640 1975 2705 anima,
2008 2646 2063 2693 et
2092 2640 2147 2692 in
2172 2639 2329 2692 callis
2349 2637 2543 2708 defigit
2569 2636 2908 2689 desiderium
2929 2650 3111 2688 suum.
3133 2632 3355 2700 Aquila,

147 2722 317 2788 periora
339 2725 452 2793 ejus
470 2726 511 2791 θ,
552 2745 577 2775 ι
635 2726 784 2795 quod
836 2742 935 2779 nos
983 2726 1207 2796 quidem
1250 2727 1307 2779 in
1352 2727 1684 2797 quibusdam
1769 2729 2022 2783 sublimis
2060 2729 2229 2797 hujus
2271 2728 2455 2781 szeculi
2504 2731 2771 2797 potestas,
2820 2729 2885 2777 ut
2932 2724 2989 2777 in
3028 2720 3355 2776 Ezechiele:

145 2826 312 2864 sacram
340 2813 688 2883 Scripturam
717 2815 1104 2885 intelligimus,
1137 2816 1231 2869 sed
1256 2816 1430 2870 beatae
1461 2817 1681 2881 animas,
1772 2838 1795 2867 «
1825 2818 2027 2888 Aquila
2052 2818 2302 2887 grandis.
2338 2830 2670 2885 magnarum
2704 2814 2941 2877 alarum,
2984 2810 3150 2879 longo
3181 2824 3361 2861 mem-

147 2915 237 2967 qute
269 2902 374 2967 jam
414 2903 471 2955 in
520 2904 845 2957 caelestibus
889 2904 1185 2958 Dominum
1240 2906 1446 2971 vident,
1497 2906 1687 2959 omnia
1768 2907 1996 2960 brorum
2026 2907 2215 2969 ductu,
2252 2906 2417 2975 plena
2456 2904 2662 2975 plumis
2694 2908 2750 2957 et
2786 2902 3076 2965 varietate,
3111 2898 3261 2951 venit
3291 2896 3358 2949 ad

145 2987 194 3040 de
220 2989 393 3059 quibus
429 3001 659 3057 tractat,
706 2994 868 3063 plene
898 2993 1098 3047 sciunt.
1128 2996 1235 3048 Per
1276 3012 1449 3062 aquas
1487 2996 1682 3059 sancti,
1714 2996 2062 3063 “Libanum,
2093 3002 2149 3049 et
2166 2994 2493 3063 tulit{inde]
2524 2993 2826 3046 medullam
2849 2988 3076 3055 cedri”,
3112 3008 3135 3039 ι)
3171 2987 3227 3040 id
3256 2992 3359 3049 est,

147 3078 216 3145 qui
250 3081 394 3134 modo
432 3089 565 3135 sunt
620 3083 674 3135 in
726 3083 986 3145 Ecclesia,
1011 3090 1074 3136 ut
1100 3084 1155 3136 in
1187 3084 1420 3137 Psalmis
1458 3103 1467 3135 :
1507 3106 1528 3134 «
1566 3086 1688 3139 Flu-
1708 3053 1866 3138 Crex
1891 3085 2420 3147 Nabuchodonosor,
2446 3098 2537 3136 rex
2562 3090 2777 3153 potens,
2812 3097 2939 3134 cum
2970 3070 3161 3133 multis
3207 3078 3361 3147 pote-

146 3181 238 3219 men
280 3168 367 3222 Dei
404 3172 685 3241 repletum
736 3178 821 3224 est
865 3173 1026 3242 aquis
1056 3173 1117 3237 ‘0,
1153 3191 1177 3224 ι
1211 3175 1358 3243 quod
1411 3174 1465 3227 in
1495 3180 1688 3227 sancta
1769 3175 2025 3230 statibus.
2060 3174 2306 3244 repletus
2360 3172 2512 3225 varia
2550 3172 2774 3224 levitate
2809 3170 2999 3240 gloria:
3045 3164 3359 3229 mundanae,

150 3253 341 3311 Ecclesia
364 3266 419 3312 et
446 3261 654 3313 merito
682 3268 738 3314 et
766 3278 999 3315 numero
1030 3264 1267 3332 populus
1298 3263 1534 3315 Domino
1566 3280 1685 3315 ser-
1768 3264 2383 3327 obseditJerusalem,et
2396 3266 2621 3332 captum
2635 3267 2815 3314 totum
2832 3258 3098 3331 p0pulum
3111 3255 3360 3309 adduxit.

148 3342 259 3398 tiens
282 3354 525 3417 augetur.
566 3351 674 3402 Per
696 3366 870 3416 aquas
900 3351 1146 3403 lamenta
1171 3351 1523 3411 humilitatis,
1543 3357 1606 3404 ut
1626 3352 1682 3404 in
1768 3354 1875 3406 Per
1917 3357 2163 3421 aquilam
2207 3353 2395 3405 anima
2445 3351 2767 3414 electorum,
2820 3352 2883 3401 ut
2920 3348 2978 3401 in
3016 3344 3313 3413 Evangelio
3347 3360 3358 3394 :

144 3432 252 3485 10b:
284 3456 303 3484 ςί
336 3438 388 3490 Si
418 3439 566 3491 lotus
607 3440 763 3490 fuero
794 3439 950 3507 quasi
983 3439 1143 3508 aquis
1174 3439 1387 3499 nivis“.
1418 3464 1441 3487 η
1482 3442 1535 3492 id
1576 3447 1677 3503 est,
1772 3462 1795 3491 «
1828 3442 2156 3510 Ubicunque
2184 3441 2351 3494 fuerit
2398 3457 2617 3509 corpus,
2668 3438 2743 3490 ibi
2781 3434 3269 3506 congregabuntur
3308 3436 3365 3485 et

144 3520 175 3571 si
207 3524 431 3591 perfusus
469 3528 632 3578 fuero
674 3528 932 3579 lamentis
982 3528 1333 3581 humilitatis.
1375 3531 1474 3581 Per
1512 3546 1683 3596 aquas
1767 3530 2050 3599 an,Iilw9“,
2090 3552 2112 3577 η
2144 3530 2291 3599 quod
2324 3528 2413 3581 ubi
2444 3528 2715 3581 Dominus
2745 3531 2829 3577 est
2882 3525 2937 3577 in
2989 3539 3240 3592 corpore.
3284 3518 3359 3572 ibi

145 3609 408 3667 devotiones
434 3622 781 3679 sanctorum,
813 3623 875 3668 ut
902 3616 959 3669 in
989 3616 1092 3669 Job
1122 3635 1133 3668 :
1173 3638 1193 3663 ‹‹
1252 3619 1440 3686 Aquas
1476 3634 1686 3688 appen-
1770 3628 1935 3672 erunt
1963 3626 2282 3672 sanctorum
2316 3618 2535 3670 animae.
2571 3617 2677 3668 Per
2701 3617 2949 3681 aquilam
2983 3612 3364 3674 daemonesﬁlt

145 3696 205 3749 dit
226 3699 272 3751 in
312 3719 572 3756 mensura
602 3703 662 3761 ¹²,
699 3724 725 3755 ι)
762 3705 909 3774 quod
965 3705 1106 3757 miro
1155 3708 1319 3758 modo
1365 3706 1689 3759 devotiones
1772 3709 1827 3761 in
1844 3709 2088 3761 Jeremia
2111 3726 2120 3760 :
2146 3728 2169 3751 α
2204 3706 2518 3760 V’elociores
2538 3704 2765 3757 fuerunt
2783 3704 3165 3772 persecutores
3186 3697 3359 3751 nostri

146 3798 411 3844 sanctorum
472 3809 707 3846 suorum
762 3794 911 3846 Deus
956 3795 1299 3859 moderatur,
1346 3802 1409 3848 ut
1446 3795 1540 3848 alii
1578 3812 1688 3848 non
1772 3796 2181 3867 aquiliscoeli”,
2210 3797 2307 3848 nid
2331 3801 2433 3859 est,
2451 3793 2662 3846 inimici
2682 3791 2855 3844 nostri
2879 3785 3364 3858 aereisspiritibtis

147 3882 321 3930 tantum
353 3897 611 3934 exercere
652 3883 897 3935 oflicium
943 3884 1176 3953 possint.
1224 3890 1495 3953 quantum
1536 3901 1687 3937 com-
1772 3885 2127 3939 crudeliores.

146 3964 436 4029 prehendere
468 3976 707 4039 possunt
737 3971 793 4022 in
814 3974 833 3991 '
864 3974 1081 4024 effectu.
1118 3972 1225 4024 Per
1256 3990 1426 4040 aquas
1464 3978 1691 4042 peccata
1844 3974 2092 4029 Arlurux
2114 3979 2403 4027 estsancta
2419 3973 2679 4027 EccleSIa.
2709 3978 2773 4024 ut
2792 3971 2849 4023 in
2869 3968 3004 4023 Job:
3035 3988 3055 4016 ε
3092 3965 3197 4029 Qui
3232 3961 3363 4017 facit

149 4066 238 4118 qua:
255 4054 724 4111 Deuselectissuis
744 4060 1038 4124 condonet,
1064 4068 1126 4113 ut
1156 4061 1211 4113 in
1233 4061 1433 4113 Genesi
1468 4079 1478 4112 :
1514 4081 1535 4111 α
1572 4062 1691 4131 Spi-
1774 4066 2042 4117 Arturum
2078 4068 2131 4115 et
2168 4063 2405 4117 Orionas
2437 4061 2499 4121 2⁸,
2542 4084 2563 4107 ν
2599 4060 2745 4131 quod
2790 4058 3060 4113 Dominus
3101 4062 3157 4108 et
3186 4052 3365 4107 Eccle-

146 4140 251 4193 ritus
280 4144 490 4200 Domini
530 4147 815 4201 ferebatur
843 4166 1011 4218 super
1049 4149 1299 4219 aquas”,
1334 4150 1481 4219 quod
1512 4152 1693 4217 major
1774 4152 1913 4206 siam
1940 4152 2210 4211 fundavit.
2243 4156 2300 4204 et
2328 4151 2382 4203 in
2416 4168 2481 4204 ea
2508 4156 2728 4203 Sanctos
2759 4152 3035 4219 martyres
3081 4142 3360 4215 produxit.

148 4238 210 4280 est
231 4234 337 4300 ejus
367 4236 542 4304 pietas
585 4254 752 4305 quam
802 4254 995 4289 eorum
1044 4239 1327 4308 iniquitas.
1366 4240 1472 4291 Per
1517 4256 1691 4306 aquas
1775 4244 2037 4299 Arturus.
2080 4242 2253 4295 Vetus
2281 4242 2720 4303 Testamentum,
2754 4244 2817 4292 ut
2845 4238 2898 4290 in
2931 4235 3068 4289 Job:
3106 4254 3127 4283 (ί
3150 4234 3363 4303 Gyrum

149 4316 338 4375 scientia
363 4324 771 4383 haereticorum.
806 4332 870 4379 ut
901 4327 955 4379 in
988 4327 1272 4379 Parabolis
1301 4347 1310 4379 :
1339 4348 1359 4378 ι
1398 4330 1567 4397 Aquae
1584 4328 1752 4400 fur-n
1776 4332 1967 4384 Arturi
2020 4332 2227 4400 poteris
2265 4331 2537 4400 dissipare
2566 4328 2631 4386 ’9.
2674 4350 2691 4377 υ
2738 4327 2883 4397 quod
2925 4322 3141 4377 Veteris
3178 4320 3366 4374 Testa-

148 4404 242 4459 tiI'aa
281 4411 547 4467 dulciores
595 4422 727 4468 sunt
748 4414 807 4478 H,
855 4437 875 4464 I
932 4416 986 4467 id
1039 4423 1140 4481 est,
1200 4418 1427 4469 occultae
1486 4404 1753 4471 nostraeU
1777 4421 1947 4473 menti
1980 4420 2224 4473 litteram
2243 4420 2514 4473 Dominus
2545 4418 2601 4471 in
2624 4415 2967 4487 spiritualem
3000 4426 3222 4465 sensum
3246 4423 3365 4460 mu~

148 4494 345 4554 scientia:
387 4504 667 4556 meliores.
711 4504 816 4556 Per
856 4520 1028 4571 aquas
1065 4505 1494 4574 persecutiones,
1540 4513 1600 4558 ut
1633 4506 1690 4558 in
1774 4510 1931 4563 tavit.
1958 4512 2220 4565 Arturus.
2259 4508 2496 4577 populus
2516 4504 2852 4565 incredulus,
2886 4508 2949 4554 ut
2978 4500 3033 4553 in
3062 4497 3198 4552 Job:
3229 4515 3253 4547 (ι
3277 4495 3362 4549 Ab

151 4581 377 4642 Psalmis:
417 4612 438 4641 ι
479 4593 749 4646 Firmavit
790 4600 1000 4646 terram
1041 4610 1202 4646 suam
1248 4596 1407 4665 aquis
1438 4595 1499 4659 κ’,
1562 4616 1579 4643 ι
1634 4595 1689 4647 id
1774 4601 1980 4651 Arturo
2022 4597 2341 4665 egredietur
2384 4596 2559 4663 frigus
2594 4593 2657 4655 ³ο,
2698 4614 2719 4641 »
2765 4591 2909 4662 quod
2964 4589 3032 4641 ab
3076 4583 3362 4640 incredulo

148 4681 223 4727 θεῖς
274 4678 511 4735 ίῑληάῑινὶῐ
570 4682 867 4735 Ecclesium
913 4699 1083 4752 super
1113 4684 1546 4752 persecutiones.
1586 4685 1691 4736 Per
1775 4687 1978 4757 populo
1996 4686 2169 4754 frigus
2198 4683 2543 4736 infidelitatis
2573 4680 2839 4753 procedit.

149 4775 280 4825 aquas
314 4771 574 4823 mortales
604 4771 812 4841 populi,
852 4771 997 4835 utin
1046 4772 1263 4825 Psalmo
1299 4792 1309 4825 :
1350 4796 1369 4822 κ
1417 4774 1692 4826 Viderunt
1844 4776 2019 4827 Arcus
2045 4779 2129 4825 est
2152 4788 2308 4826 sacra
2340 4772 2678 4841 praedicatio,
2714 4776 2778 4823 ut
2808 4769 2861 4822 in
2892 4767 3129 4822 Psalmis
3162 4786 3172 4819 :
3215 4786 3235 4815 ι
3276 4765 3362 4819 In-

150 4856 188 4899 ῐε
208 4859 607 4923 aqu&,Deus‘°,
646 4882 667 4909 υ
706 4860 851 4930 quod
900 4860 1091 4914 intuiti
1141 4869 1274 4915 sunt
1320 4863 1525 4931 populi,
1568 4881 1689 4916 cre-
1774 4864 2065 4916 tendentes
2108 4868 2163 4915 et
2206 4862 2492 4913 mittentes
2537 4876 2727 4913 arcum
2757 4858 2822 4923 3‘,
2864 4882 2885 4905 κ)
2913 4858 3059 4928 quod
3101 4854 3261 4909 multi
3305 4855 3359 4907 in

150 4936 305 4997 dendo.
326 4954 380 4999 et
408 4948 737 5013 timuerunt,
772 4949 1028 5019 petendo.
1060 4951 1164 5002 Per
1191 4967 1365 5017 aquas
1403 4950 1691 5004 instabiles
1776 4951 2017 5005 Ecclesia
2058 4951 2234 5003 verbis
2271 4949 2679 5021 pnedicationis
2700 4953 2895 5002 contra
2927 4946 3063 5000 alios
3093 4945 3359 4999 emittun-

151 5031 482 5101 υῡὲἱωῐὶοηθε,
518 5045 579 5090 ut
606 5038 662 5091 in
694 5039 928 5092 Psalmis
963 5057 972 5091 :
1021 5059 1045 5089 c
1078 5039 1278 5093 Libera
1306 5056 1393 5092 me
1431 5040 1499 5092 de
1527 5041 1686 5109 aquis
1768 5047 1879 5101 tur,
1917 5041 2011 5094 sed
2045 5041 2101 5093 in
2130 5040 2441 5094 tentatione
2472 5036 2858 5091 succumbunt.
2891 5034 3083 5100 Arcus,
3116 5036 3363 5088 humana

153 5120 299 5175 multis
318 5124 375 5185 ‘7,
404 5147 427 5177 ι)
462 5128 515 5179 id
549 5136 651 5189 est,
684 5128 753 5179 de
783 5128 971 5182 multis
1008 5128 1360 5182 instabilibus
1390 5129 1684 5198 cogitatio-
1768 5130 2055 5189 fortitudo.
2089 5135 2152 5183 ut
2182 5130 2239 5181 in
2271 5127 2507 5181 Psalmis
2541 5145 2550 5177 :
2594 5147 2614 5174 ε
2648 5127 2772 5178 Νοη
2811 5125 2959 5178 enim
2993 5123 3047 5175 in
3077 5139 3209 5175 arcu
3238 5138 3361 5174 meo

203 5280 367 5358 ‘Psal.
402 5302 544 5353 LXVI,
578 5289 666 5343 l2.
698 5289 722 5322 '-’
750 5292 895 5343 Psal.
931 5304 1119 5353 LXVIII,
1164 5290 1239 5343 16.
1274 5288 1296 5321 ³
1330 5290 1498 5343 Exod.
1536 5304 1628 5346 xII.
1661 5289 1711 5341 9.

1846 5306 1965 5358 poc.
2003 5288 2222 5345 va,12.
2256 5286 2277 5319 ⁵
2300 5287 2469 5358 Joan._
2492 5300 2551 5338 ll.
2574 5285 2636 5358 ‘9.
2667 5286 2691 5318 θ
2720 5280 3104 5358 1οηηλνρ3.
3134 5282 3155 5316 ⁷
3182 5285 3352 5358 Apoc.

154 5361 251 5423 {in.
277 5357 322 5407 1.
355 5360 375 5390 ⁸
410 5360 531 5412 Psal
585 5376 812 5423 CXLVIII,
847 5363 899 5413 4.
942 5362 965 5395 9
992 5362 1134 5414 Psal.
1170 5375 1287 5417 CIII.
1324 5366 1375 5413 ξς.
1428 5361 1473 5395 ¹⁰
1503 5362 1645 5413 Psal.

1849 5353 1948 5410 ’,0.
2002 5359 2040 5392 ¹¹
2074 5358 2174 5411 Job
2206 5372 2277 5416 Ix.
2312 5360 2399 5409 JiU.
2434 5355 2475 5389 ¹²
2502 5356 2605 5409 Joh
2635 5369 2825 5413 xvaII.
2850 5355 2936 5409 25.
2986 5353 3029 5388 ¹³
3056 5356 3194 5408 Gen.
3231 5353 3267 5419 i,
3300 5355 3352 5411 2.

152 5418 339 5497 :‘Prov.
386 5445 456 5491 Ix,
500 5432 576 5484 l7.
632 5433 672 5464 '5
703 5418 848 5485 Psal.
883 5448 1080 5497 cxxxv,
1129 5432 1181 5485 6.
1230 5433 1272 5467 ¹⁶
1296 5434 1439 5486 Psal.
1472 5446 1673 5491 I.xvaI,
1699 5431 1787 5485 l7.
1820 5418 1877 5464 "7
1908 5431 2050 5482 Psal.
2087 5442 2273 5487 chIu.
2309 5429 2359 5481 7.
2396 5429 2437 5461 ¹⁸
2476 5427 2578 5481 Joh
2609 5442 2717 5487 xlv.
2756 5427 2849 5497 19.7
2878 5427 2919 5460 ¹⁹
2949 5426 3095 5479 Psal.
3126 5418 3354 5497 οιν,29.

152 5487 348 5565 fama.
380 5487 572 5557 xv.10.
622 5502 663 5536 ει
698 5504 859 5558 Deut.
892 5487 1183 5565 xxxufll.
1231 5504 1277 5537 ιη
1310 5503 1655 5559 Ezech.110

1845 5515 1963 5553 ‘rov.
1996 5515 2121 5561 xxx,
2150 5499 2240 5553 19.
2292 5499 2337 5532 ²⁴
2361 5499 2461 5553 Job
2492 5513 2674 5558 xxx1x.
2706 5498 2793 5551 30.
2827 5496 2882 5565 λ²⁵
2912 5497 3104 5552 Ezech.
3136 5487 3267 5564 XVII,
3303 5494 3353 5555 3.

154 5556 183 5591 ³⁸
202 5563 369 5622 Matth.
403 5556 547 5635 XXIV,
590 5573 675 5628 28.
707 5556 893 5629 “iter.
916 5556 1003 5639 iv,
1039 5556 1129 5630 1'3.
1159 5556 1205 5611 τε
1233 5556 1526 5643 “iiiis.
1558 5574 1605 5608 ιθ
1632 5575 1659 5627 J

1671 5574 1735 5626 ob
1766 5584 1995 5635 xxxvm,
2028 5556 2119 5625 31.
2147 5570 2195 5604 ³ο
2221 5570 2323 5623 Job
2351 5580 2519 5635 xvaI,
2553 5570 2606 5625 9.
2639 5556 2682 5604 3i
2711 5560 2858 5624 Psal.
2891 5576 3097 5635 LXXVII,
3128 5566 3179 5624 9.
