3854 6164
537 251 638 308 867

1132 251 1193 303 Β.
1237 249 1508 304 ΒΑΒΑΝΙ
1546 251 1777 309 MAURI
1816 251 2152 306 ARCHIEP.
2193 250 2518 308 MOGUNT.
2560 251 2858 308 OPERUM
2893 252 3075 306 PARS
3111 251 3200 305 III.

3611 263 3686 317 868

531 378 800 436 Armenta
827 374 1121 444 collegium
1154 380 1240 426 est
1266 365 1732 445 patriarcharum,
1759 375 1890 430 utin
1919 375 2134 429 cantico
2151 379 2202 438 Α
2219 374 2354 428 bove
2375 381 2432 428 et
2451 376 2608 430 asino
2629 377 2692 440 1",
2721 397 2745 428 ι)
2772 377 2825 430 id
2849 382 2950 439 est,
2975 381 3194 428 strenuo
3205 381 3258 429 et
3273 377 3510 446 sapienti‘
3527 381 3690 452 imprae-

534 463 975 528 Deuteronomii,
1013 467 1032 486 ⁶
1081 485 1100 508 ‹‹
1155 463 1392 516 vitulum
1439 465 1508 517 de
1551 471 1828 530 armento,
1865 483 1890 517 »
1937 465 1992 517 id
2027 472 2128 531 est,

533 553 819 608 Christum
849 570 914 605 ex
943 551 1279 622 patriarchis
1308 559 1524 606 natum.

602 645 751 695 Arva
781 641 1016 710 subjecti
1050 648 1200 705 sunt,
1227 647 1288 694 ut
1318 641 1375 695 in
1405 641 1619 696 cantico
1662 643 1924 696 llabncuc
1959 661 1970 694 :
2009 662 2030 691 ι
2068 643 2135 696 Et

531 748 663 784 arva.
694 733 714 752 *
744 747 855 784 non
885 731 1121 784 afferent
1151 730 1335 783 cibum
1367 731 1406 796 1,
1443 752 1465 784 »
1498 733 1554 784 id
1585 737 1686 798 est,
1721 731 1928 786 subditi
1951 748 2134 784 escam

531 819 858 876 obedientize
889 837 998 874 non
1029 819 1330 874 habebunt.

601 911 872 963 Amtrum
921 916 1007 964 est
1049 910 1232 964 cultus
1267 909 1520 979 justitiee,
1553 915 1619 962 ut
1661 910 1718 962 in
1769 911 2065 980 Evangelia
2117 930 2128 963 :

533 1019 556 1050 ι
592 1000 770 1054 Nemo
804 999 993 1052 mittet
1023 1015 1252 1052 manum
1279 1015 1437 1054 suam
1471 999 1538 1052 ad
1572 1005 1842 1064 aratrum,
1878 1007 1934 1053 et
1957 1000 2134 1070 respi-

529 1088 680 1142 ciens
711 1095 878 1152 retro,
906 1093 991 1142 est
1009 1095 1172 1158 aptus
1203 1088 1260 1140 in
1301 1105 1471 1155 regno
1493 1088 1592 1144 Dei
1615 1087 1655 1152 9,
1685 1109 1705 1137 δ
1726 1088 1781 1142 id
1811 1094 1914 1150 est,
1947 1089 2135 1144 nullus

531 1194 564 1232 a
593 1178 746 1236 cultu
771 1176 1006 1247 justitiz'e
1031 1177 1101 1229 ad
1132 1182 1376 1247 peccata,
1417 1193 1541 1247 quae
1583 1176 1852 1241 dimittat,
1887 1178 2128 1240 rediens,

527 1265 731 1338 dignus
761 1271 848 1318 est
892 1264 1114 1318 salvari.
1161 1265 1458 1326 Aratrmn,
1498 1268 1518 1285 *
1550 1267 1868 1334 exemplum
1900 1266 2129 1332 bonum,

529 1359 592 1408 ut
621 1355 678 1408 in
710 1353 865 1408 libris
899 1355 1114 1423 Regum
1139 1373 1149 1405 :
1182 1371 1206 1402 ί(
1243 1355 1311 1406 Et
1347 1354 1406 1406 in
1435 1359 1624 1407 aratro
1652 1353 1822 1406 boum
1849 1355 1995 1407 coxit
2017 1372 2152 1426 cara

529 1460 628 1496 nes
672 1443 714 1507 3,
751 1463 775 1492 n
825 1442 878 1496 id
932 1447 1034 1508 est,
1070 1442 1137 1495 ad
1188 1441 1561 1494 imitationem
1610 1449 1930 1496 sanctorum
1965 1460 2132 1514 Opera

527 1531 771 1585 carnalia
800 1529 1176 1584 mortiﬁcavit.

598 1638 766 1693 Astra
799 1644 930 1690 sunt
967 1637 1148 1705 angeli
1187 1636 1384 1696 sancti,
1421 1641 1484 1688 ut
1529 1637 1588 1689 in
1625 1637 1727 1690 Job
1762 1655 1772 1687 :
1812 1657 1833 1686 α
1872 1639 2010 1690 Cum
2044 1655 2133 1692 me

2216 465 2521 519 dicatorem
2551 466 2767 520 fatuum
2799 471 2857 518 et
2886 465 3108 535 pigrum
3137 466 3484 520 nonsociabis.

2287 555 2459 607 Asina
2491 560 2576 608 est
2609 571 2736 608 caro
2783 561 2992 618 nostra,
3028 559 3090 608 ut
3117 553 3172 608 in
3210 552 3337 607 libro
3362 555 3532 610 Josue:
3569 577 3585 605 ι
3613 561 3697 610 Axa

2215 642 2413 695 sedens
2443 661 2611 712 super
2637 644 2854 697 asinam
2885 643 3098 712 accepit
3123 659 3156 695 a
3176 651 3320 713 patre
3339 641 3568 711 irriguum
3582 663 3698 715 supe-

2217 729 2332 783 rius
2364 738 2419 784 et
2452 732 2684 785 inferius
2706 733 2768 794 ‘7,
2811 755 2830 778 ις
2867 732 3015 802 quod
3047 731 3229 784 anima
3256 731 3414 786 fidelis
3436 748 3616 786 carnem
3637 752 3698 787 re-

2215 836 2374 886 gens,
2410 821 2646 890 percipit
2675 837 2708 874 a
2736 821 2972 874 Domino
3003 819 3450 890 compunctionem
3475 837 3528 872 ex
3561 838 3699 874 amore

2218 911 2274 960 et
2303 907 2522 960 timore.
2555 912 2746 972 Asina,
2783 910 3096 980 Synagoga,
3128 913 3188 960 ut
3214 907 3268 960 in
3294 908 3577 976 Evangelio:
3603 930 3617 959 ε
3643 911 3703 964 In-

2215 995 2448 1049 venietis
2467 996 2684 1050 asinam
2717 997 3002 1066 alligatam
3027 997 3088 1056 '3,
3129 1017 3148 1044 ››
3175 995 3223 1047 id
3247 1004 3339 1056 est,
3377 995 3590 1049 videbitis
3619 997 3702 1065 ple-

2217 1082 2342 1135 bem
2402 1085 2692 1138 Judaicam
2749 1093 3102 1155 peccatorum
3151 1083 3358 1136 funibus
3407 1084 3700 1137 constrictam.

2217 1173 2324 1226 Per
2350 1177 2592 1240 asinam,
2627 1174 2911 1238 luxuriosi,
2946 1179 3009 1226 ut
3037 1173 3095 1226 in
3129 1173 3410 1242 propheta:
3462 1193 3478 1220 ι
3518 1173 3702 1235 Quorum

2215 1278 2424 1316 carnes
2441 1268 2500 1315 ut
2530 1279 2725 1317 carnes
2773 1263 3058 1316 asinorum
3116 1261 3176 1324 ‘9,
3210 1261 3262 1314 id
3307 1266 3399 1319 est,
3440 1269 3540 1314 tam
3571 1261 3704 1315 libidi-

2215 1364 2351 1404 nosa
2383 1357 2466 1404 est
2495 1368 2623 1404 caro
2655 1369 2848 1405 eorum
2880 1369 3048 1421 quam
3077 1357 3162 1404 est
3191 1367 3312 1403 caro
3351 1350 3608 1403 asinorum.
3635 1352 3707 1402 Per

2213 1442 2420 1502 asinus,
2451 1442 2767 1510 petulantes
2789 1457 3002 1506 sensus,
3037 1447 3101 1494 ut
3132 1440 3184 1493 in
3209 1442 3225 1462 ⁴
3247 1438 3374 1494 Job.
3410 1460 3428 1488 α
3461 1439 3549 1502 Qui
3573 1455 3708 1492 ascen-

2215 1527 2344 1581 ditis
2364 1546 2532 1598 super
2551 1530 2794 1584 nitentes
2814 1529 3018 1591 asinas,
3045 1528 3356 1598 eloquimini
3374 1527 3431 1590 ⁵ο,
3466 1548 3484 1576 ι
3515 1527 3630 1596 quod
3654 1527 3707 1578 illi

2214 1617 2381 1686 digne
2425 1618 2655 1672 laudare
2696 1625 2948 1688 possunt,
2991 1617 3086 1687 qui
3139 1617 3490 1686 petulantibus
3521 1615 3708 1668 sensibus

528 1726 826 1780 laudarent
851 1725 1018 1779 simul
1047 1703 1204 1779 astra
1235 1725 1514 1778 matutina
1542 1725 1582 1788 4,
1628 1749 1650 1774 υ
1682 1726 1738 1778 id
1771 1733 1874 1787 est,
1924 1727 2128 1796 angeli,
2153 1709 2193 1766 Β
2218 1705 2334 1758 suis
2347 1706 2580 1796 "irim"?
2600 1723 2835 1796 Ιπῴθεὲβ
2879 1713 3104 1796 Porum-
3125 1706 3585 1796 Ρθιίζῖδίηαιῗοπιηθδ
3600 1703 3711 1796 eo?”

529 1832 668 1884 quos
701 1815 943 1885 primum
973 1815 1174 1868 creavi.
1211 1817 1393 1877 Astra,
1428 1814 1530 1866 viri
1564 1815 1742 1868 sancti
1770 1815 1824 1867 in
1867 1817 2128 1878 Ecclesia,

526 1908 591 1958 ut
633 1903 691 1958 in
722 1902 868 1957 Isaia
921 1921 930 1955 :
973 1921 997 1953 ι(
1041 1904 1221 1973 Super
1263 1909 1416 1956 astra
1462 1903 1585 1956 coeli
1629 1903 1888 1957 exaltabo
1930 1904 2132 1958 solium

527 2008 716 2046 meum
748 1991 790 2058 5,
829 2013 852 2042 »
887 1991 944 2046 id
984 1997 1086 2058 est,
1128 1991 1412 2062 reprobos,
1470 1991 1672 2061 quibus
1717 1993 1950 2062 impero,
1996 2010 2130 2046 con-

527 2081 920 2151 templationes
966 2081 1222 2134 Ecclesiae
1253 2099 1354 2150 per
1387 2081 1718 2134 electionem
1751 2099 2006 2151 premere
2043 2083 2130 2134 fa-

527 2169 689 2224 ciam.

596 2275 860 2330 Ascrnsus
881 2282 967 2328 est
991 2275 1225 2328 elevatio
1253 2275 1480 2339 Christi,
1502 2281 1568 2328 ut
1597 2275 1655 2327 in
1683 2277 1920 2329 Psalmis
1945 2295 1954 2327 :
1980 2295 2004 2327 «
2024 2277 2130 2339 Qui

526 2363 690 2434 ponis
727 2363 932 2418 nubem
991 2381 1285 2418 ascensum
1315 2364 1369 2430 ⁶;
1409 2384 1432 2414 ι)
1480 2365 1628 2434 quod
1677 2350 1854 2418 nubes
1887 2365 2135 2435 suscepit

531 2470 662 2506 eum
693 2452 762 2505 ab
792 2453 967 2506 oculis
992 2470 1208 2507 eorum.

598 2560 876 2623 Ascensus,
932 2560 1161 2612 afﬂictio
1213 2567 1544 2632 martyrum,
1606 2568 1670 2614 ut
1719 2561 1776 2613 in
1827 2560 2055 2614 Cantico
2111 2579 2122 2613 :

535 2672 559 2700 α
598 2649 907 2700 Ascensum
934 2665 1278 2717 purpureum
1314 2649 1353 2712 7,
1395 2673 1415 2699 υ
1450 2667 1654 2703 caecum
1690 2649 1944 2702 videlicet
1977 2666 2127 2701 mar-

527 2743 710 2806 tyrem
747 2753 848 2806 pro
878 2736 1116 2789 Domino
1163 2736 1452 2790 afflictum.
1500 2740 1780 2803 Ascensus,
1820 2737 2128 2808 spiritualis

528 2824 650 2878 vita":
684 2824 981 2894 profectus,
1010 2831 1074 2878 ut
1103 2824 1160 2878 in
1185 2825 1468 2878 Ezechiele
1493 2845 1502 2878 :
1525 2845 1549 2878 (ς
1575 2827 1642 2880 Et
1663 2827 1720 2879 in
1750 2835 1963 2896 septem
1993 2843 2126 2896 gra-

525 2911 687 2966 dibus
713 2930 974 2966 ascensus
999 2915 1118 2982 ejus
1143 2914 1184 2977 3,
1222 2933 1247 2965 ν
1285 2915 1430 2984 quod
1467 2932 1567 2984 per
1592 2915 1834 2984 gratiam
1866 2916 2126 2986 septifor-

2215 1801 2327 1848 stes
2348 1795 2566 1856 animm,
2597 1800 2659 1848 ut
2681 1795 2737 1848 in
2769 1795 2922 1847 libris
2956 1796 3175 1863 Regum
3211 1794 3272 1858 ²¹,
3306 1792 3556 1862 perierunt
3590 1791 3711 1843 asina

2216 1882 2326 1938 Cis.
2361 1882 2537 1952 patris
2571 1883 2722 1943 Saul,
2751 1889 2807 1934 et
2837 1883 3040 1934 missus
3072 1891 3159 1934 est
3189 1881 3314 1934 Saul
3356 1881 3416 1932 ad
3465 1878 3713 1948 quaerendas

2215 1987 2328 2036 eas,
2361 1971 2507 2040 quod
2547 1970 2833 2041 perierant
2863 1971 3154 2024 hominum
3171 1970 3377 2034 animae,
3409 1973 3458 2021 et
3478 1967 3637 2020 missus
3657 1974 3714 2018 est

2215 2060 2485 2113 Dominus
2509 2059 2565 2113 in
2588 2060 2734 2112 hunc
2755 2059 3050 2126 mundum,
3072 2066 3384 2130 peccatores
3396 2059 3551 2112 salvos
3566 2055 3714 2110 facere.

2213 2149 2320 2200 Per
2346 2150 2554 2212 asinus,
2598 2147 2894 2217 simplices,
2951 2153 3012 2200 ut
3055 2147 3115 2200 in
3157 2146 3291 2200 Job:
3341 2165 3366 2199 α
3397 2147 3546 2199 Erant
3579 2150 3716 2197 autem

2215 2237 2534 2306 quingentae
2565 2236 2734 2291 asinae
2754 2235 2819 2298 9",
2862 2237 3009 2306 quod
3053 2235 3387 2306 redemptori
3430 2240 3592 2288 nostro
3629 2249 3718 2284 vere

2215 2325 2556 2394 simplicium
2573 2325 2791 2378 devotio
2815 2325 3002 2390 servit,
3029 2325 3125 2395 qui
3151 2323 3616 2378 continentiam.....
3637 2336 3722 2390 par-

2215 2420 2329 2467 tem
2359 2414 2616 2466 servavit.

2283 2506 2438 2570 .ispi's
2468 2509 2553 2556 est
2581 2502 2854 2568 diabolus,
2889 2508 2953 2556 ut
2976 2503 3034 2555 in
3063 2503 3332 2556 Psalmis:
3379 2526 3395 2550 ι
3432 2502 3586 2570 Super
3618 2499 3722 2567 aspi-

2211 2592 2338 2644 dem
2371 2597 2428 2644 et
2455 2591 2769 2644 basiliscum
2803 2591 3198 2656 ambulabis”,
3225 2592 3280 2644 id
3299 2597 3394 2646 est.
3426 2591 3562 2642 illum
3587 2586 3724 2656 depri-

2211 2697 2348 2744 mes,
2393 2679 2488 2750 qui
2519 2686 2576 2733 et
2605 2682 2817 2734 occulte
2852 2681 3078 2750 decipit,
3126 2687 3182 2733 et
3213 2688 3399 2751 aperte
3417 2677 3567 2740 saevit.
3595 2678 3722 2742 Αςρίς.

2213 2768 2482 2838 reprobus
2503 2768 2754 2839 quilibet,
2791 2777 2854 2822 ut
2882 2768 2938 2822 in
2963 2770 3202 2822 Psalmis
3223 2787 3234 2822 :
3267 2789 3287 2818 ε
3313 2767 3516 2838 Aspidis
3532 2763 3673 2818 surdae
3687 2771 3723 2813 et

2211 2857 2528 2911 obturantis
2554 2874 2720 2911 aures
2751 2874 2883 2913 suas
2905 2857 2969 2924 9‘,
2999 2879 3023 2909 ››
3054 2859 3206 2928 quod
3233 2863 3254 2882 '
3285 2856 3533 2927 reprobus
3558 2868 3724 2908 sensum

2211 2946 2394 3000 cordis
2415 2946 2484 2999 ad
2516 2963 2704 3000 vocem
2730 2947 3144 3016 praedicationis
3164 2964 3272 3000 non
3303 2943 3580 3000 inclinavit.
3598 2944 3726 3008 Aspis

523 3001 628 3055 mis
659 3001 898 3072 Spiritus
927 3002 1084 3056 bonae
1115 3003 1548 3057 conversationis
1579 3003 1923 3074 aequirimus
1948 3004 2126 3074 profe-

523 3026 628 3055 ιιιιδ
659 3026 898 3072 ΟΡΙΙἸιυδ
929 3026 1084 3056 υυιιὶθ
1115 3026 1548 3057 CUIIVBI‘SuLIUIHS
1579 3026 1923 3074 {ICIIUII'IHIUS
1948 3026 2126 3074 pI'Ulc-
2147 3026 2189 3085 Ο
3313 3054 3340 3086 ί

523 3095 694 3143 ctum.
2213 3123 2406 3143 ,μμελεμ
2450 3140 2495 3143 μ--
2909 3124 3153 3143 ..-ξλιμιοξ
3271 3123 3398 3143 Α--)
3543 3119 3721 3143 ...Λιζρηη

2207 3123 2415 3193 aspidis
2449 3140 2679 3178 manum
2713 3141 2874 3178 suam
2905 3125 3092 3178 mittet
3106 3124 3172 3190 95,
3201 3144 3226 3178 υ
3259 3123 3400 3195 quod
3427 3139 3516 3193 per
3537 3119 3723 3190 gratiam

2206 3229 2368 3266 suam
2397 3229 2492 3265 eos
2523 3230 2928 3283 nonnunquam
2950 3214 3224 3268 Dominus
3251 3214 3450 3276 visitat,
3477 3210 3560 3281 qui
3598 3205 3729 3261 occul-

2206 3307 2321 3354 tam
2352 3301 2407 3354 in
2441 3319 2500 3354 se
2520 3301 2727 3355 diaboli
2757 3302 3030 3356 malitiam
3053 3303 3396 3356 habuerunt.
3417 3302 3513 3354 Per
3529 3297 3730 3364 aspidem.

2209 3389 2440 3459 spiritus
2471 3390 2721 3459 maligni,
2749 3398 2812 3446 ut
2834 3391 2890 3444 in
2912 3391 3044 3445 Job:
3076 3411 3097 3441 ι
3127 3391 3295 3444 Panis
3315 3391 3457 3444 illius
3475 3393 3679 3441 vertetur
3695 3382 3731 3433 in

2204 3478 2275 3530 fel
2298 3479 2556 3548 aspidum
2578 3479 2642 3538 ‘26,
2669 3499 2693 3530 »
2730 3481 2874 3549 quod
2917 3480 3156 3534 delertio
3196 3479 3353 3550 impii
3391 3479 3442 3531 in
3478 3470 3737 3530 amaritudi-

2203 3583 2330 3620 nem
2360 3567 2657 3636 spirituum
2693 3568 3112 3622 immundorum
3145 3567 3468 3622 mutabitur.
3501 3566 3592 3617 Per
3627 3561 3734 3625 aspi-

2201 3657 2340 3719 dem,
2377 3657 2764 3724 suggestiones
2785 3657 3010 3722 diaboli,
3038 3665 3098 3710 ut
3120 3657 3178 3710 in
3200 3657 3304 3712 Job
3329 3675 3340 3709 :
3381 3677 3401 3706 ε
3428 3657 3591 3724 Caput
3627 3648 3736 3717 aspi-

2195 3745 2326 3796 dum
2357 3751 2518 3815 suget
2536 3745 2612 3796 ’7:
2647 3767 2666 3794 ι
2695 3747 2841 3815 quod
2863 3745 2920 3798 in
2946 3747 3031 3798 via
3051 3746 3454 3800 diabolicarum
3483 3739 3730 3810 suggestio-

2195 3849 2331 3886 nuin
2375 3833 2580 3903 impius
2609 3833 2890 3904 suscipiet.
2935 3835 3042 3887 Per
3085 3837 3335 3902 aspidcm
3379 3833 3560 3892 dolosi,
3602 3838 3648 3880 ut
3683 3825 3723 3876 in

2195 3923 2440 3992 psalmo:
2483 3943 2502 3972 α
2533 3923 2823 3977 Venenum
2842 3923 3099 3992 aspidum
3126 3923 3231 3976 sub
3261 3923 3421 3976 labiis
3447 3935 3614 3974 eorum
3635 3914 3679 3976 ⁸⁸,
3715 3930 3728 3958 ³
3807 3955 3809 3968 ι

2195 4011 2251 4063 id
2269 4018 2370 4075 est,
2395 4011 2547 4064 fraus
2569 4017 2625 4065 et
2645 4013 2865 4065 malitia
2885 4012 3212 4066 dolosorum
3234 4013 3337 4066 sub
3373 4009 3541 4065 verbis
3575 4002 3734 4060 latebat

587 4107 791 4158 Asinus
819 4111 906 4158 est
931 4105 1168 4174 populus
1192 4103 1436 4172 gentilis,
1471 4108 1534 4158 ut
1561 4103 1617 4156 in
1649 4103 1796 4158 Isaia
1827 4123 1841 4156 :
1873 4121 1899 4154 α
1923 4104 1993 4156 Et
2014 4103 2120 4158 asi-
2201 4101 2539 4154 Judaeorum.

517 4208 623 4245 nus
639 4208 886 4264 praesepe
905 4191 1116 4245 domini
1137 4192 1222 4245 sui
1243 4191 1305 4258 η,
1334 4212 1359 4244 »
1383 4191 1439 4245 id
1463 4197 1566 4257 est,
1583 4192 1838 4261 gentium
1861 4192 2116 4262 populus,
2271 4192 2496 4242 Atrium
2527 4195 2614 4242 est
2632 4195 2826 4242 sancta
2847 4190 3110 4256 Ecclesia,
3138 4195 3202 4243 ut
3223 4191 3282 4246 in
3301 4187 3528 4243 Psalmis
3549 4204 3558 4238 :
3586 4205 3603 4233 ι
3632 4178 3736 4234 Ado-

517 4280 613 4351 qui
636 4281 792 4352 prius
812 4281 1139 4336 immundus
1159 4281 1280 4344 fuit,
1307 4280 1655 4350 spiritualem
1681 4280 2005 4334 alimoniam
2025 4297 2117 4334 ac-
2135 4341 2178 4352 κ
2202 4284 2324 4330 rate
2354 4278 2654 4332 Dominum
2679 4277 2736 4332 in
2759 4278 2901 4332 atrio
2923 4287 3114 4332 sancto
3137 4280 3262 4349 ejus
3294 4277 3358 4342 *9,
3391 4297 3410 4326 ι
3445 4276 3496 4330 id
3535 4279 3620 4333 est,
3649 4282 3735 4319 se"

515 4369 757 4440 quisivit.
787 4372 1009 4432 Asinus,
1041 4370 1360 4424 Judzeorum
1391 4370 1648 4434 stultitia,
1687 4376 1748 4423 ut
1774 4370 1831 4421 in
1866 4369 2069 4422 Genesi
2102 4341 2310 4420 :Dvite
2341 4367 2390 4418 ei
2423 4367 2480 4420 in
2515 4367 2757 4420 Ecclesia
2795 4373 2987 4422 sancta
3036 4369 3177 4436 ejus.
3233 4369 3472 4429 Atrium,
3515 4357 3733 4416 mundus:

518 4478 543 4511 «
569 4460 894 4530 Exspectate
909 4459 998 4513 hic
1019 4477 1144 4514 cum
1163 4459 1340 4526 asino,
1359 4465 1656 4530 postquam
1678 4458 2113 4522 adoraverimus,
2205 4475 2231 4504 (ι
2249 4454 2431 4508 Fortis
2464 4460 2716 4508 armatus
2744 4455 2988 4509 custodit
3016 4455 3224 4509 atrium
3260 4471 3424 4510 suum
3455 4451 3514 4518 3”,
3543 4472 3561 4500 ι
3588 4447 3634 4501 id
3657 4453 3732 4496 est:

515 4555 860 4604 revertemur
891 4550 961 4604 ad
992 4566 1086 4603 vos
1116 4547 1178 4615 ‘3,
1221 4569 1241 4599 υ
1279 4549 1429 4619 quod
1459 4549 1678 4602 caecitas
1711 4564 1775 4600 ex
1799 4551 1958 4618 parte
1989 4563 2119 4600 con-
2198 4543 2454 4596 diabolus
2475 4544 2882 4613 possedithunc
2902 4545 3194 4598 mundum.
3221 4547 3464 4607 Atrium,
3487 4530 3737 4608 amplitudo

512 4637 643 4708 tigit
673 4639 728 4692 in
751 4639 942 4702 Israel,
975 4639 1151 4692 donec
1181 4637 1468 4708 plenitudo
1494 4637 1747 4708 gentium
1767 4636 2027 4699 introeat,
2061 4641 2118 4688 et
2200 4632 2467 4696 ﬁdelium,
2501 4639 2566 4686 ut
2595 4633 2653 4686 in
2684 4633 2964 4687 Ezechiele
2990 4652 3000 4685 :
3040 4657 3064 4684 (ι
3091 4633 3160 4687 Et
3192 4649 3422 4686 mensus
3460 4635 3538 4683 est
3577 4623 3736 4708 atrium

515 4707 595 4780 sic
619 4728 800 4780 omnis
832 4728 1004 4780 Israel
1033 4707 1219 4782 salvus
1258 4728 1354 4780 ﬁet
1394 4725 1456 4777 Μ.
1492 4707 1716 4790 Asinus,
1748 4725 1984 4795 quilibet
2022 4723 2116 4794 qui
2200 4721 2546 4790 longitudine
2573 4728 2797 4775 centum
2828 4721 3146 4776 cubitorum
3178 4721 3243 4786 3‘,
3290 4744 3312 4772 ι
3347 4719 3488 4792 quod
3516 4713 3674 4771 ﬁdeles
3697 4707 3737 4759 in

514 4815 752 4868 inﬁrmis
778 4815 1038 4880 deservit,
1080 4822 1144 4868 ut
1175 4816 1233 4868 in
1260 4815 1362 4868 Job
1399 4832 1409 4866 :
1448 4837 1471 4860 κ
1505 4815 1742 4868 Asinum
1777 4813 2116 4884 pupillorum
2201 4810 2629 4879 longaminitate
2666 4811 2784 4882 spei
2823 4811 3096 4866 bonorum
3136 4827 3371 4881 operum
3403 4803 3738 4880 perfection?In

515 4903 824 4974 abegerunt
843 4904 903 4972 ιε,
931 4925 954 4954 δ)
984 4905 1041 4958 id
1063 4911 1165 4969 est,
1193 4921 1322 4958 eum
1343 4903 1438 4974 qui
1471 4904 1729 4958 inﬁrmus
1754 4920 1853 4973 per
1881 4902 2118 4955 charita—
2199 4898 2424 4952 habent.
2457 4901 2702 4964 Atrium,
2753 4899 3018 4952 circuitus
3049 4900 3352 4956 saecularis.
3377 4903 3438 4953 ut
3466 4897 3518 4948 iu
3546 4893 3738 4974 Evﬂngi"

515 4973 942 5060 tenifremebat,
975 4993 1220 5048 bmretici
1239 4995 1256 5016 '
1278 4973 1650 5048 adduxerunt.
1685 4993 1907 5054 Asinus,
1940 4990 2108 5061 pigri-
2189 4987 2262 5040 lio
2287 5005 2298 5040 :
2337 5008 2360 5038 α
2398 4989 2597 5042 Petrus
2617 4988 2676 5041 in
2705 4988 2848 5041 atrio
2877 4988 3140 5058 principis
3162 4987 3516 5042 sacerdotum
3535 4995 3644 5036 cum
3663 4973 3738 5028 mi-

429 5136 433 5144 ,
513 5083 594 5138 tia
622 5083 943 5148 stultorum,
977 5088 1040 5136 ut
1059 5083 1117 5136 in
1147 5081 1582 5136 Deuteronomio
1606 5099 1616 5132 :
1644 5099 1668 5131 (ι
1692 5082 1818 5135 Non
1845 5079 2031 5134 arabis
2051 5079 2107 5132 in
2191 5075 2388 5130 nistris
2421 5075 2606 5130 stabat
2635 5077 2707 5130 ad
2735 5077 2925 5146 ignem
2955 5075 3027 5142 3’,
3059 5096 3080 5126 ι
3116 5077 3264 5146 quod
3305 5075 3404 5130 Dei
3451 5075 3658 5141 negator
3694 5063 3736 5113 ill

595 3198 852 3250 .lsccnsor
901 3204 987 3252 est
1035 3199 1326 3264 Dominus,
1377 3205 1439 3252 ut
1487 3199 1543 3252 in
1587 3199 1688 3252 Job
1725 3216 1734 3249 :
1774 3201 1791 3220 ‘
1831 3219 1852 3248 α
1890 3198 2126 3253 Decidet

523 3301 730 3355 equum
769 3291 827 3340 et
869 3304 1220 3341 ascensorem
1269 3289 1392 3358 ejus
1417 3287 1460 3352 θ,
1507 3309 1529 3337 ››
1566 3286 1618 3339 id
1652 3293 1754 3350 est,
1805 3292 2126 3341 contemnet

520 3373 700 3428 virum
731 3381 1005 3444 sanctum,
1034 3382 1091 3430 et
1126 3376 1446 3440 Dominum,
1483 3375 1575 3444 qui
1603 3375 1653 3428 ei
1681 3381 1902 3445 praeest.
1932 3377 2124 3429 Ascen-

478 3515 495 3526 κ
520 3481 629 3528 sor,
665 3465 855 3518 mundi
878 3466 1045 3535 hujus
1069 3472 1307 3527 amator,
1342 3470 1403 3517 ut
1427 3465 1484 3517 in
1517 3464 1720 3518 Genesi
1747 3482 1756 3515 :
1799 3485 1817 3513 α
1856 3465 1930 3517 Ut
1957 3464 2120 3516 cadat

519 3568 780 3607 ascensor
799 3555 920 3624 ejus
937 3561 1084 3608 retro
1111 3554 1173 3612 ¹⁰.
1206 3574 1228 3601 η
1256 3555 1308 3607 id
1333 3559 1434 3618 est,
1453 3553 1924 3623 quemadmodum
1955 3570 2119 3606 mun-

519 3642 624 3695 dus
653 3649 849 3696 contra
879 3644 1179 3697 Dominum
1195 3649 1368 3708 amat,
1392 3643 1522 3696 utin
1553 3641 1954 3712 posterioribus
1968 3648 2114 3695 ruat.

515 3733 797 3796 Ascrnsor,
831 3732 1105 3796 diabolus,
1141 3737 1206 3785 ut
1234 3733 1290 3785 in
1328 3731 1545 3785 cantico
1579 3731 1748 3784 Exodi
1787 3751 1796 3782 :
1829 3749 1854 3781 ((
1888 3729 2111 3800 Equum

517 3825 574 3872 et
601 3835 953 3874 ascensorem
984 3823 1104 3891 ejus
1135 3821 1337 3890 dejecit
1369 3821 1424 3874 in
1447 3819 1641 3890 [mare]
1679 3820 1736 3878 “,
1767 3843 1790 3870 υ
1818 3819 1870 3871 id
1894 3825 1996 3882 est,
2017 3835 2112 3872 su-

517 3908 716 3979 perbos
747 3909 1042 3980 quoslibet,
1087 3915 1141 3962 et
1167 3927 1296 3962 eum
1324 3910 1419 3980 qui
1443 3909 1522 3962 cis
1551 3908 1828 3978 prazsidet,
1861 3907 2114 3961 diabolus

516 3999 786 4052 demersit
807 3998 864 4050 in
887 3999 1186 4052 infernum.

586 5242 600 5275 ¹
636 5242 844 5298 Habac.
869 5257 951 5306 III,
991 5241 1071 5294 17.
1103 5240 1126 5274 ²
1150 5242 1280 5294 Luc.
1306 5254 1379 5304 Ix,
1413 5238 1500 5293 62.
1521 5239 1640 5292 3III
1662 5239 1799 5308 Reg.
1821 5253 1930 5302 xix,
1955 5237 2044 5293 2i.
2074 5235 2214 5308 ‘Job
2242 5213 2548 5308 xxxv1117,\7.
2574 5235 2596 5267 ⁵
2621 5236 2869 5308 Isa._x1v,
2909 5234 3032 5308 l3.0
3057 5238 3198 5292 Psal.
3229 5250 3351 5300 cui,
3385 5238 3434 5289 3.
3465 5235 3484 5308 7
3513 5235 3729 5308 Cant-HL

522 5309 600 5366 10.
635 5314 658 5346 ⁸
690 5313 882 5375 Ezecli.
917 5299 1005 5376 xc,
1042 5314 1129 5364 22.
1163 5313 1186 5344 θ
1214 5311 1316 5365 Job
1347 5299 1531 5374 xxxix,
1565 5309 1652 5364 2i.
1689 5299 2084 5367 ίοῖὶθηζκυχ.
2119 5324 2124 5332 ί

2242 5307 2280 5340 ιι
2316 5307 2481 5360 Exod.
2516 5321 2604 5370 xv,
2634 5311 2686 5358 1.
2716 5299 2883 5360 mss.
2920 5322 2956 5372 ι,
2981 5307 3034 5362 3.
3069 5307 3114 5342 η
3140 5309 3278 5361 Gen.
3307 5299 3440 5366 xm.
3473 5307 3521 5360 5.
3545 5302 3582 5376 ξι
3607 5299 3728 5376 non.

515 5395 589 5443 XI.
615 5384 703 5440 25.
735 5366 782 5418 ίτέ
807 5366 922 5440 Job.
941 5366 1087 5447 xxiv,
1109 5384 1160 5436 3.
1183 5382 1228 5416 ¹⁶
1248 5383 1412 5436 Deut.
1444 5366 1576 5443 xin,
1621 5380 1696 5444 ια.
1719 5381 1761 5415 ¹⁷
1791 5383 1902 5434 Jos.
1939 5395 2028 5443 xv,
2053 5366 2140 5434 '19.
2167 5379 2212 5412 ¹⁸
2244 5378 2438 5432 Matth.
2474 5366 2671 5441 ΚΗΛ,
2700 5379 2752 5430 2.
2785 5377 2824 5410 '9
2849 5366 3041 5433 Ezech.
3074 5394 3229 5435 XXIII.
3267 5378 3356 5434 20.
3388 5379 3435 5412 ²⁰
3462 5375 3648 5447 Jud._\'_.
3671 5366 3729 5447 lQ-

513 5436 602 5508 21i
635 5436 878 5526 Regni.
913 5436 1043 5510 λείη
1071 5436 1173 5509 Job
1203 5469 1241 5516 ι,
1277 5453 1327 5526 3,
1356 5449 1402 5486 εδ
1431 5436 1577 5506 Pis-.11;
1613 5436 1703 5517 xc,
1736 5451 1902 5526 ψει
1933 5436 2078 5504 Psal.
2093 5464 2124 5526 ε

2210 5448 2376 5526 μξξ-Ῑδ
2398 5450 2504 5526 lea.
2533 5463 2608 5512 Χ),
2633 5436 2698 5526 7;
2715 5447 2886 5526 911913
2914 5465 3004 5516 xv,
3045 5451 3054 5506 ι
3079 5451 3119 5504 'i.
3143 5447 3355 5526 aibas.
3382 5465 3432 5512 ν,
3457 5448 3540 5502 16.
3558 5444 3598 5477 εδ
3615 5436 3727 5494 Psal.

514 5517 819 5589 cxxx1x,V/i.
851 5526 897 5559 ’9
930 5526 1078 5579 Psal.
1111 5539 1260 5592 xxix,
1392 5530 1450 5580 et
1476 5538 1626 5584 xcv1,
1658 5526 1712 5578 υ.
1743 5521 1792 5557 ³ο
1821 5525 1954 5595 Luc.
1989 5536 2063 5588 x1,
2087 5521 2178 5578 25.
2209 5521 2253 5554 ³1
2277 5520 2472 5575 Ezech.
2505 5534 2594 5582 xL,
2631 5519 2718 5574 47.
2751 5519 2798 5554 ³²
2827 5517 2995 5576 Marc.
3029 5536 3148 5588 xiv;
3178 5522 3342 5582 Joan.
3376 5533 3526 5574 XV’lll.
