3818 6168
157 268 241 329 869

1021 258 1462 321 ALLEGORIE
1492 260 1569 315 IN
1608 258 1898 331 SACRAM
1937 261 2414 321 SCRIPTURAM.
3254 268 3357 322 s70

157 391 349 453 circuitu
366 386 597 447 secum
618 385 682 439 ad
711 384 987 439 deSideria
1005 385 1188 439 carnis
1206 392 1412 443 manet.
1433 386 1678 447 Atrium,
1698 387 1749 445 Α
1768 402 1916 449 rum,
1941 386 2109 439 decus
2134 386 2405 441 bonorum
2439 386 2759 461 spirituum,
2793 395 2855 443 ut
2881 389 2937 444 in
2968 389 3071 444 Job
3107 410 3117 443 :
3154 409 3180 447 ς
3230 393 3354 447 Non

158 479 280 553 plebs
298 476 528 537 inﬁdelis,
561 479 621 527 ut
640 474 698 526 in
729 474 1061 545 Apocalypsi
1091 493 1101 526 :
1130 474 1401 537 cAtrium,
1420 474 1565 545 quod
1595 478 1681 527 est

156 568 260 622 foris
286 565 547 636 templum,
579 562 712 632 ejice
737 562 942 625 foras’,
982 584 1004 611 ι)
1037 562 1094 616 id
1145 570 1247 625 est,
1284 580 1396 627 eos,
1454 563 1547 633 qui
1608 564 1675 617 ad

156 659 284 712 ﬁdem
310 656 503 707 intrare
522 652 793 715 nolunt,a
843 651 1235 706 communione
1292 652 1538 706 fidelium
1596 670 1679 704 se-

153 742 462 816 questrandos
482 757 599 794 esse
630 740 971 793 demonstra.
1015 740 1123 793 Per
1147 743 1363 793 atrium
1392 741 1677 812 propheta)

153 840 194 887 et
224 830 445 902 apostoli,
488 836 550 883 ut
603 829 659 885 in
718 828 994 885 Psalmis:
1060 848 1079 877 ι
1136 829 1368 882 Introite
1424 828 1481 882 in
1531 829 1678 882 atria

149 924 241 993 ejus
259 921 290 983 ³,
319 941 337 973 ι
361 919 412 974 id
433 924 529 981 est,
546 918 811 991 apostolis
832 926 889 971 et
918 917 1202 989 prophetis
1222 920 1270 988 ej
1280 935 1343 971 us
1364 919 1675 971 conformes

148 1018 299 1066 estote.
330 1009 427 1063 Per
445 1010 613 1064 atria,
636 1014 913 1078 praecepta
969 1007 1280 1073 charitatis,
1316 1014 1379 1061 ut
1418 1007 1473 1060 in
1525 1008 1676 1061 Psal-

1763 473 1987 528 dabitur
2015 493 2213 529 aurum
2246 476 2512 546 obryzum
2540 494 2639 547 pro
2670 480 2690 500 '
2718 495 2783 531 eo
2814 479 2874 539 ‘9,
2908 502 2930 529 »
2951 480 3097 550 quod
3130 481 3353 535 Christo

1760 563 1948 616 nullus
1970 565 2201 633 angelus
2233 565 2440 635 zequari
2472 572 2673 636 potest.
2698 570 2937 631 Aurum,
2960 568 3135 622 virtus
3165 570 3354 623 chari-

1760 652 1911 717 tatis,
1947 658 2009 706 ut
2038 653 2095 706 in
2121 654 2451 723 Apocalypsi
2478 673 2487 706 :
2529 678 2551 705 «
2582 656 2648 708 Et
2678 656 3025 726 procinctum
3044 659 3112 710 ad
3137 659 3353 712 mamil-

1762 740 1842 794 las
1873 758 2011 795 zona
2040 759 2212 795 aurea
2240 741 2305 808 ’0,
2346 764 2367 789 »ι
2400 742 2452 795 id
2504 751 2607 807 est,
2640 745 2874 815 ligatum
2908 746 2962 798 in
2991 747 3353 800 interioribus

1759 829 1875 885 suis
1902 830 2118 884 vinculo
2147 831 2455 885 charitatis.
2492 836 2511 855 ⁶
2540 838 2779 899 .lm'um,
2806 835 3113 904 spiritualis
3134 836 3351 906 sapien-

1758 918 1855 980 tia,
1890 925 1953 973 ut
1981 920 2036 972 in
2072 919 2355 973 Parabolis
2390 939 2399 972 :
2440 942 2463 971 (ι
2497 922 2816 975 Thesaurus
2838 923 3299 989 desiderabilis",
3321 945 3345 976 ι

1754 1008 1811 1060 id
1842 1015 1942 1067 est,
1970 1008 2241 1078 sapientia
2254 1010 2578 1079 spiritualis,
2611 1011 2910 1079 requiescit
2940 1012 2996 1065 in
3019 1028 3114 1065 ore
3134 1013 3351 1083 sapien-

147 1100 260 1153 mis:
291 1116 312 1153 ί
352 1098 409 1153 In
430 1096 585 1149 atriis
612 1096 813 1149 domus
841 1096 941 1150 Dei
971 1095 1149 1150 nostri
1175 1094 1216 1161 ³,
1275 1115 1294 1149 ο
1346 1096 1404 1149 id
1465 1104 1568 1162 est,
1618 1097 1675 1151 in
1755 1097 1847 1150 tis.
1871 1100 2108 1155 Aurum,
2141 1098 2779 1167 sapientiagentilitatis,
2801 1099 2931 1152 utin
2952 1100 3212 1153 Psalmis:
3234 1104 3353 1156 «Et

148 1187 387 1250 mandatis,
436 1202 531 1256 per
587 1202 708 1255 quae
745 1184 936 1238 omnia
984 1184 1303 1239 communia
1348 1184 1506 1238 ﬁant.
1572 1187 1677 1241 Per
1758 1184 1984 1239 dabitur
2000 1185 2279 1241 eideauro
2299 1170 2591 1243 Arabiae”.
2624 1208 2644 1235 ι)
2680 1188 2733 1241 id
2765 1194 2868 1254 est,
2903 1189 3147 1243 servient
3185 1190 3235 1243 ei
3265 1208 3350 1245 sa-

145 1279 326 1330 aln‘um.
356 1280 559 1328 secreta
580 1275 723 1329 coeli.
760 1280 820 1328 ut
858 1274 915 1326 in
944 1274 1182 1329 Psalmis
1214 1292 1225 1327 :
1265 1292 1287 1325 ι
1323 1274 1677 1344 Concupiscit
1758 1274 2920 1344 pientesgentilitatis.Aurum,sublimitas
2937 1280 3352 1349 temporalis,ut

146 1364 355 1419 etdeﬁcit
379 1362 557 1417 anima
584 1380 708 1417 mea
729 1363 786 1416 in
818 1368 963 1416 atria
993 1362 1216 1417 Domini
1244 1362 1284 1423 ⁴,
1328 1383 1345 1410 ι
1379 1362 1430 1415 id
1456 1370 1557 1423 est,
1583 1364 1675 1417 de-
1758 1363 1814 1416 in
1850 1362 1952 1416 Job
1987 1383 1996 1415 :
2036 1384 2057 1414 (ι
2088 1364 2145 1418 Si
2174 1365 2361 1432 putavi
2393 1382 2591 1418 aurum
2626 1366 2795 1420 rolmr
2816 1385 3002 1421 meum
3042 1367 3107 1429 ’3,
3141 1388 3161 1418 ι
3200 1370 3347 1439 quod

144 1453 303 1507 siderat
326 1451 554 1525 Spiritus
565 1469 725 1506 meus
748 1451 1066 1521 pertingere
1094 1452 1163 1504 ad
1194 1452 1317 1504 coeli
1348 1458 1580 1505 secreta.
1749 1452 1937 1520 justus
1958 1452 2015 1505 in
2037 1452 2381 1506 sublimitate
2402 1470 2503 1507 sua
2534 1455 2826 1524 temporali
2850 1473 2959 1509 non
2972 1457 3200 1510 conlidit
3217 1504 3224 1511 .
3242 1462 3277 1512 Α
3290 1476 3349 1511 u—

194 1548 372 1594 lurura
396 1545 476 1594 est
496 1546 689 1594 sancta.
717 1540 981 1602 Ecclesia,
1006 1546 1069 1594 ut
1094 1540 1151 1593 in
1179 1540 1432 1594 Cantico:
1457 1562 1475 1589 ι
1499 1541 1670 1603 Quasi
1754 1558 1903 1605 rum,
1933 1541 2158 1594 claritas
2187 1550 2506 1595 sanctorum
2538 1542 2594 1596 in
2625 1544 2960 1605 (:(elestibus,
2992 1552 3054 1598 ut
3082 1546 3155 1598 in'
3185 1547 3288 1600 Joh
3331 1563 3343 1601 :

143 1646 295 1681 aurora
311 1646 640 1699 consurgens
668 1629 708 1693 ⁵,
745 1648 771 1680 n
800 1632 818 1651 θ
843 1629 976 1700 quia
1004 1648 1037 1683 a
1070 1628 1314 1683 tenebris
1358 1629 1480 1682 vitae
1535 1646 1671 1700 prze-
1695 1700 1727 1703 _
1756 1648 1781 1681 α
1815 1630 1939 1682 Non
1969 1629 2355 1699 adaequabitur
2384 1631 2434 1683 ei
2461 1649 2660 1685 aurum
2682 1632 2743 1687 εί.
2782 1662 2798 1677 ιι
2836 1634 2983 1703 quod
3016 1652 3117 1687 nec
3146 1635 3342 1695 sancti,

143 1718 269 1771 sentis
308 1718 369 1770 ad
402 1718 651 1771 ccelestia
670 1736 771 1788 per
799 1718 1141 1773 desiderium
1182 1723 1376 1771 sancta
1430 1718 1673 1771 Ecclesia
1693 1700 1851 1788 Bqui
1879 1719 1996 1787 jam
2027 1718 2084 1772 in
2115 1719 2268 1771 cwlis
2291 1726 2441 1784 sunt,
2478 1721 2699 1774 Christo
2719 1722 2927 1791 aequari
2958 1730 3209 1793 possunt.
3232 1729 3345 1779 .iu-

142 1807 382 1874 consurgit.
414 1809 636 1861 Aurora
661 1814 747 1861 est
771 1808 867 1878 qui
907 1807 1123 1860 noviter
1170 1807 1315 1860 bona
1368 1823 1536 1877 opera
1592 1806 1673 1861 in-
1757 1822 1905 1869 rum,
1938 1808 2139 1861 animae
2162 1813 2296 1861 sunt
2316 1809 2521 1871 ﬁdeles,
2551 1810 2619 1863 de
2639 1811 2956 1879 gentilitate
2972 1813 3349 1875 venientes,ut

141 1896 327 1949 choatut
348 1895 398 1950 in
426 1897 665 1950 Psalmis
699 1916 709 1949 :
750 1917 771 1947 α
806 1897 888 1950 Tu
919 1895 1222 1949 fabricatus
1251 1914 1309 1948 es
1328 1912 1589 1949 auroram
1617 1902 1673 1949 et
1754 1895 1812 1948 in
1840 1896 1867 1951 J
1875 1895 1943 1949 ob
1970 1913 1983 1948 :
2019 1914 2045 1948 ι(
2074 1895 2158 1949 Ab
2186 1897 2463 1966 Aquilone.
2493 1914 2694 1953 aurum
2726 1900 2912 1953 veniet
2947 1900 3011 1965 95,
3038 1921 3060 1951 ι
3098 1901 3153 1955 id
3182 1908 3283 1967 est,
3313 1919 3347 1954 a

138 1986 310 2049 solem“,
346 2006 364 2033 ι
388 1986 530 2056 quod
567 1986 846 2041 Dominus
874 1992 932 2040 et
960 1985 1183 2039 initium
1216 1988 1235 2007 ⁹
1266 1985 1557 2039 constituit
1610 1985 1669 2043 in
1750 1986 1957 2057 populo
1970 1984 2383 2055 gentilianimze
2404 1986 2614 2041 devotae
2635 1989 3203 2058 procedent.Aurmn,
3241 2007 3345 2044 caa-

139 2072 240 2127 bono
260 2091 424 2145 opere,
449 2081 505 2127 et
534 2074 1210 2145 perfectionem..4urora,
1235 2074 1345 2127 vita
1360 2076 1663 2143 justorum,
1750 2080 1842 2128 tus
1866 2081 2199 2145 martyrum,
2232 2080 2293 2126 ut
2320 2074 2378 2127 in
2401 2074 2503 2128 Job
2536 2094 2546 2126 :
2585 2096 2605 2127 ι
2642 2077 2794 2130 Auro
2824 2077 2975 2130 locus
3008 2085 3109 2141 est,
3145 2079 3201 2132 in
3235 2096 3343 2151 quo

134 2163 235 2215 utin
257 2163 345 2216 Job
377 2182 386 2215 :
416 2184 436 2214 α
472 2163 529 2217 Si
560 2162 750 2217 subito
779 2164 1105 2233 apparuerit
1137 2180 1339 2217 aurora
1366 2164 1406 2225 ⁷,
1439 2184 1459 2212 ι
1516 2164 1666 2234 quod
1749 2164 2025 2235 conflatur
2044 2163 2107 2228 ’3,
2152 2188 2170 2213 υ
2206 2163 2354 2233 quod
2387 2180 2498 2216 non
2528 2164 2756 2234 prodest
2784 2166 3119 2236 martyrium
3148 2168 3257 2220 nisi
3286 2169 3342 2221 in

132 2251 288 2321 impius
314 2256 470 2305 vitam
506 2254 796 2322 justorum
838 2253 1166 2305 contemnit.
1214 2254 1452 2313 Aurora,
1505 2269 1664 2306 mens
1750 2252 1994 2309 Ecclesia
2012 2252 2367 2324 suscipiatur.
2400 2257 2637 2317 Aurum,
2674 2253 2847 2308 virtus
2864 2254 3171 2325 patientiae,
3192 2263 3257 2309 ut
3282 2257 3342 2309 in

129 2346 289 2405 sancta,
337 2346 394 2395 ut
430 2342 484 2395 in
533 2340 642 2395 Job
676 2360 687 2393 :
756 2359 780 2392 α
820 2342 889 2394 Et
916 2340 1207 2401 ostendisti
1232 2358 1446 2395 aurora:
1478 2342 1659 2395 locum
1743 2340 1845 2396 Job
1872 2360 1883 2394 :
1908 2361 1929 2391 ι
1965 2341 2227 2395 Probavit
2250 2359 2337 2394 me
2369 2342 2528 2410 quasi
2559 2358 2782 2405 aurum,
2819 2343 2965 2412 quod
3004 2361 3105 2413 per
3153 2344 3341 2411 ignem

126 2444 248 2482 suum
273 2430 308 2493 ⁸,
342 2450 361 2479 ι)
393 2431 533 2501 quod
566 2430 677 2501 piae
732 2429 907 2485 menti
936 2430 1215 2483 celestem
1242 2430 1502 2501 patriam,
1537 2447 1659 2501 quae
1742 2430 1945 2483 transit
1972 2428 2037 2496 ’7,
2075 2451 2099 2483 υ
2133 2430 2190 2483 id
2221 2438 2323 2493 est,
2360 2448 2423 2482 ex
2475 2430 2856 2495 tribulatione,
2895 2448 3064 2500 quam
3108 2432 3334 2502 pertuli,

125 2517 157 2568 ei
174 2518 294 2571 locus
318 2526 411 2582 est,
439 2520 713 2572 Dominus
729 2535 830 2590 per
856 2518 1251 2572 revelationem
1285 2519 1651 2572 demonstrat.

171 2609 327 2658 .lustrr
352 2614 431 2661 est
468 2608 717 2679 Spiritus
744 2613 988 2671 sanctus,
1026 2614 1088 2661 ut
1116 2607 1173 2661 in
1215 2608 1442 2660 Cantico
1478 2625 1489 2659 :
1527 2628 1551 2659 α
1588 2610 1654 2661 Et

122 2695 227 2757 veni,
245 2698 427 2749 Auster
444 2697 483 2757 9,
517 2716 545 2749 ιι
588 2697 643 2749 id
675 2702 778 2761 est,
814 2700 831 2718 θ
864 2695 1010 2749 venit
1046 2696 1230 2749 fervor
1259 2696 1501 2765 Spiritus
1523 2713 1653 2749 san-

123 2782 189 2833 di.
209 2784 392 2849 Auster,
424 2785 964 2856 populusJudaicus,
998 2790 1061 2838 ut
1092 2785 1147 2838 in
1179 2784 1325 2838 Isaia
1357 2803 1367 2836 :
1398 2804 1421 2835 α
1458 2786 1524 2838 Et
1547 2786 1657 2840 Au-

121 2876 203 2924 stro
218 2872 374 2927 dicam
392 2893 400 2925 :
417 2875 541 2928 Noli
564 2873 863 2945 prohibere
886 2874 948 2939 '0,
968 2896 991 2923 δ)
1019 2873 1074 2929 id
1099 2879 1201 2938 est,
1226 2873 1542 2944 principiali]
1564 2875 1659 2927 Ju-

121 2958 229 3021 ὀξὺς,
256 2965 349 3015 ne'
373 2970 570 3035 gentes
601 2963 671 3017 ad
703 2962 1042 3017 credendum
1076 2962 1404 3035 impediant.
1438 2964 1651 3027 Auster,

120 3048 387 3117 medicatur
407 3052 668 3125 quilibet,
700 3057 762 3105 ut
792 3051 847 3105 in
864 3052 1100 3105 Psalmis
1125 3069 1134 3103 :
1167 3070 1191 3101 (ι
1215 3050 1525 3105 Transtulit
1546 3052 1655 3105 Au-

118 3143 249 3191 strum
269 3140 328 3195 de
353 3143 485 3196 ccelo
509 3142 553 3175 ¹¹
586 3159 596 3192 :
623 3160 648 3193 ι>
693 3140 841 3211 quod
870 3141 938 3194 de
963 3141 1078 3193 vita
1106 3139 1330 3193 sublimi
1385 3139 1655 3194 Dominus

116 3227 469 3294 pmdicatorem
499 3230 682 3299 eligit.
715 3232 751 3284 .1
767 3235 931 3293 ustcr,
956 3235 1132 3283 ccetus
1151 3234 1485 3300 martyrum,
1521 3228 1654 3281 utin

117 3314 417 3389 Apocalypsi:
449 3340 469 3368 ι
500 3318 592 3373 Ab
624 3320 848 3382 Austro,
894 3323 1067 3387 portae
1104 3323 1218 3371 tres
1247 3315 1308 3383 1",
1344 3334 1368 3368 ιε
1414 3316 1561 3387 quod
1620 3334 1654 3370 a

115 3406 392 3475 martyribus
404 3408 548 3461 ﬁdes
570 3407 865 3462 Trinitatis
884 3406 1237 3477 pradicatur.
1260 3410 1297 3460 A
1311 3411 1474 3467 ustcr,
1492 3406 1653 3461 devo-

113 3490 167 3543 tio
181 3500 361 3560 sancta,
394 3502 454 3551 ut
484 3496 547 3551 in
600 3495 835 3548 Psalmis
877 3513 888 3546 :
946 3516 968 3543 α
1005 3496 1357 3557 Convertere,
1392 3494 1646 3557 Domine,

113 3581 430 3650 captivitatem
456 3590 713 3639 nostram
755 3584 901 3639 sicut
928 3590 1146 3638 torrens
1182 3582 1242 3636 in
1270 3584 1475 3636 Austro
1505 3582 1549 3615 ³³
1574 3624 1584 3647 ,
1622 3601 1647 3641 ι

113 3671 219 3737 quod
245 3689 333 3742 per
350 3680 604 3739 sanctam
633 3672 983 3729 devotionem
1017 3690 1172 3725 mens
1202 3670 1270 3725 ab
1299 3671 1522 3724 interno
1552 3670 1648 3723 fri-

110 3772 208 3824 gore
226 3760 495 3817 liberatur.
531 3765 749 3825 Auster,
776 3766 1044 3815 sanctitas
1074 3760 1345 3829 religiosae
1363 3776 1650 3814 conversa-

109 3844 251 3907 tionis,
280 3858 339 3905 ut
364 3852 420 3906 in
450 3851 740 3911 Ezechiele
776 3870 786 3902 :
820 3869 844 3902 α
874 3851 1044 3919 Quasi
1072 3849 1367 3904 aediﬁcium
1411 3848 1649 3902 civitatis

111 3938 332 4004 lugentis
352 3941 418 3995 ad
442 3942 717 3995 Austrum
746 3938 808 3999 η,
831 3958 850 3986 ι
882 3938 1028 4010 quod
1061 3943 1255 4005 sancta
1274 3936 1517 3990 Ecclesia
1538 3937 1648 3989 fer-

106 4040 185 4078 wn
217 4035 403 4085 sanctae
443 4028 887 4096 conversationis
933 4028 1084 4095 insit.
1119 4030 1332 4089 Auster,
1372 4032 1649 4085 secretum

104 4114 206 4177 caeli,
236 4118 361 4171 utin
388 4118 530 4174 Job:
573 4139 593 4168 ι
634 4118 745 4185 Qui
794 4118 928 4185 facit
974 4116 1244 4173 interiora
1292 4115 1483 4171 Austri
1514 4114 1574 4177 ‘5,
1621 4136 1642 4169 ι

100 4203 205 4267 (μιοά
230 4205 488 4265 Bullinus
509 4207 736 4263 interna
762 4207 861 4261 illa
886 4206 1125 4261 caelestis
1149 4205 1346 4277 patrne
1367 4204 1482 4265 suis
1508 4220 1644 4276 pne—

100 4294 282 4355 paravit.

146 4382 329 4439 Aurum
359 4392 445 4440 est
476 4388 603 4457 ipsa
626 4385 915 4450 Divinitas,
944 4385 1078 4439 utin
1109 4385 1373 4439 Cantico:
1412 4403 1437 4436 α
1461 4385 1643 4456 Caput

99 4470 187 4535 eius
209 4489 391 4530 aurum
422 4476 701 4547 optimum
734 4475 795 4533 “3,
838 4494 863 4527 ι
915 4474 1062 4545 quod
1117 4474 1379 4528 divinitas
1434 4474 1641 4527 Christi

100 4556 339 4621 ineﬂ'ahilis
394 4565 627 4621 auritas
683 4570 785 4618 est.
822 4566 1060 4629 Aurum,
1092 4563 1356 4633 splendor
1400 4563 1641 4617 cmlestis

100 4649 264 4712 patriae.
312 4660 373 4709 ut
416 4655 471 4708 in
529 4654 863 4725 Apocalypsi
924 4673 934 4706 :
991 4671 1016 4704 α
1074 4654 1201 4722 Ipsa
1229 4652 1425 4707 civitas
1454 4654 1473 4673 ⁶
1503 4670 1641 4707 auro

102 4738 260 4794 mundo
290 4743 344 4799 ‘7,
380 4768 398 4794 1
421 4744 571 4814 quod
593 4761 834 4813 superna
853 4743 949 4797 illa
976 4742 1168 4799 civitas
1188 4747 1398 4799 aeterna
1417 4742 1639 4796 mundi-

99 4822 153 4876 tia
173 4830 485 4897 splendebit.
508 4836 751 4888 Aurum.
786 4832 1061 4902 sapientia
1086 4831 1470 4901 primiangeli,
1494 4837 1558 4886 ut
1583 4830 1640 4884 in

102 4910 358 4975 Emhiele:
397 4942 417 4971 ι
452 4925 669 4976 Aurum
701 4938 839 4992 Opus
852 4922 1068 4977 decoris
1092 4921 1175 4974 tui
1206 4920 1269 4985 ‘8,
1304 4940 1323 4969 ι
1352 4921 1498 4991 quod
1530 4937 1643 4973 ma-

98 5018 175 5057 sma
198 5010 395 5077 primus
445 5012 679 5080 angelus
724 5011 1000 5081 sapientia
1046 5011 1338 5065 decoratus
1377 5010 1501 5073 fuit,
1534 5011 1644 5065 Au-

312 5140 339 5157 Ι

1740 2536 1851 2575 non
1874 2536 1998 2573 sum
2031 2526 2362 2588 superatus.
2401 2519 2495 2571 sed
2529 2536 2627 2589 per
2654 2519 2990 2589 sapientiam
3021 2521 3221 2574 clarior
3253 2520 3333 2574 ef-

1738 2607 1934 2660 fectus.
1955 2611 2192 2669 .»lurum,
2223 2607 2379 2676 regia
2410 2608 2617 2659 Christi
2640 2609 3069 2677 potestas;utin
3091 2610 3337 2678 Evange-

1736 2695 1809 2747 lio
1834 2695 1879 2727 *8
1910 2696 2057 2764 magi
2103 2712 2305 2748 aurum
2346 2695 2565 2748 Christo
2596 2698 2856 2761 offerunt,
2904 2697 3052 2766 quod
3109 2698 3337 2765 gentilis

1739 2800 1866 2837 eum
1895 2783 2131 2854 populus
2162 2790 2450 2853 potentem
2481 2784 2657 2837 credit
2688 2802 2898 2853 regem.
2940 2788 2976 2838 ,1
2992 2802 3179 2851 urunt,
3226 2786 3339 2862 vita

1738 2873 2062 2937 sacerdotis,
2088 2879 2150 2924 ut
2170 2872 2226 2925 in
2240 2871 2482 2926 Jeremia
2500 2890 2510 2923 :
2525 2894 2543 2921 ί
2566 2873 2856 2935 Quomodo
2868 2874 3227 2928 obscuratum
3252 2882 3338 2929 est

1738 2978 1940 3017 aurum
1978 2962 2045 3025 Ἢ),
2081 2979 2107 3015 ι)
2150 2961 2298 3031 quod
2326 2961 2617 3031 splendida
2662 2962 3015 3015 sacerdotum
3045 2963 3159 3015 vita
3188 2964 3337 3017 vitiis

1737 3050 2087 3121 deturpatur.
2109 3052 2349 3113 Aurum,
2387 3050 2529 3103 bona
2558 3051 2904 3104 conversatio
2919 3051 3111 3122 populi
3134 3052 3333 3119 fidelis,

1737 3144 1800 3192 ut
1830 3138 1886 3192 in
1916 3138 2020 3192 Job
2048 3157 2059 3190 :
2092 3159 2111 3189 ι
2151 3140 2218 3192 Et
2243 3138 2418 3207 gleba:
2449 3138 2617 3198 illius,
2652 3156 2853 3192 aurum
2884 3138 2950 3201 3°,
2990 3162 3009 3189 ιι
3048 3141 3194 3210 quod
3225 3158 3335 3196 non

1736 3228 1916 3281 solum
1943 3228 2261 3281 sacerdotes
2308 3244 2406 3298 per
2448 3227 2764 3281 sanctitatis
2802 3228 3226 3299 priemgativam
3275 3230 3334 3283 in

1737 3316 1981 3370 Ecclesia
2012 3317 2209 3381 nitent,
2244 3317 2340 3370 sed
2371 3322 2428 3369 et
2460 3317 2651 3370 fideles
2684 3316 2740 3369 in
2770 3334 2835 3369 ea
2865 3318 3055 3388 populi
3088 3334 3185 3388 per
3236 3317 3333 3371 bo-

1736 3421 1868 3457 nam
1897 3404 2373 3458 conversationem
2406 3404 2641 3473 fulgent.
2674 3406 2913 3467 Aurum,
2941 3407 3168 3459 claritas
3199 3424 3332 3460 con-

1734 3498 2079 3564 temptorum
2108 3494 2327 3557 mundi,
2362 3500 2425 3546 ut
2451 3493 2508 3545 in
2540 3492 2644 3547 Job
2672 3511 2681 3544 :
2712 3514 2735 3542 «
2765 3494 2989 3547 Sternet
3006 3494 3110 3547 sibi
3129 3512 3334 3548 aurum

1735 3582 1893 3652 quasi
1922 3582 2103 3635 lutum
2138 3580 2201 3635 ³¹.
2244 3602 2263 3629 υ
2299 3582 2442 3651 quod
2488 3582 2566 3635 sic
2613 3581 2718 3634 sibi
2768 3598 3171 3652 nonnunquam
3214 3600 3330 3650 eos,

1735 3671 1828 3740 qni
1856 3669 2129 3723 mundum
2155 3676 2630 3740 contempserunt,
2664 3669 2908 3739 subjicit,
2941 3671 3086 3724 sicut
3117 3673 3333 3743 eos,qui

1733 3759 1993 3829 diligunt.
2019 3762 2256 3815 .lurum,
2291 3776 2526 3812 acumen
2558 3758 2777 3813 subtilis
2798 3759 3026 3828 ingenii,
3046 3760 3332 3831 utinApo-

1733 3847 1977 3920 calypsi:
2020 3870 2039 3895 «ι
2075 3847 2292 3901 Suadeo
2324 3847 2425 3900 tibi
2457 3864 2490 3899 a
2516 3868 2543 3893 ιι
2573 3866 2601 3899 e
2634 3864 2837 3901 aurum
2869 3847 2932 3911 32,
2971 3866 2998 3901 ν
3032 3848 3087 3902 id
3120 3856 3223 3911 est,
3259 3850 3331 3907 da
3378 3881 3389 3888 -

1731 3937 1862 3991 boni
1891 3936 2074 4008 operis
2098 3936 2359 4007 pretium,
2397 3936 2442 3990 si
2474 3936 2554 3989 vis
2579 3936 2899 4007 pertingere
2911 3937 2978 3991 ad
2996 3944 3221 3993 acutum
3248 3938 3331 3992 in-

1729 4027 1977 4096 genium,
2015 4026 2161 4097 quod
2185 4043 2284 4096 per
2311 4032 2566 4081 sanctum
2610 4033 2795 4079 actum
2842 4015 3214 4097 pertingimus
3258 4028 3325 4085 ad

1731 4118 1945 4171 clarum
1974 4115 2339 4173 intellectum.
2374 4115 2615 4179 Aurum,
2650 4115 2923 4185 sapientia
2943 4115 3323 4187 reproborum,

1726 4213 1789 4260 ut
1802 4204 2206 4277 inApocalypsi
2232 4223 2242 4256 :
2277 4224 2303 4256 «
2336 4205 2546 4258 Merces
2570 4204 2691 4258 auri
2720 4204 2804 4257 tui
2829 4222 2995 4265 nemo
3026 4212 3176 4265 emet
3206 4223 3328 4261 am-

1654 4328 1704 4387 D
1727 4296 1873 4367 plius
1894 4293 1958 4357 ³³,
1990 4314 2013 4345 δ)
2043 4294 2198 4387 quod
2217 4294 2499 4387 damnatis
2519 4293 2585 4387 in
2611 4294 2809 4387 ultimo
2828 4294 3041 4387 judicio
3054 4294 3324 4387 reprobis,

1726 4390 1890 4440 nemo
1919 4400 2115 4438 eorum
2147 4384 2381 4437 ulterius
2414 4383 2751 4455 sapientiam
2784 4384 3056 4453 exquiret.
3083 4385 3324 4447 Aurum,

1724 4475 1909 4544 fulgor
1936 4490 2153 4544 pompae
2183 4472 2483 4535 saecularis,
2536 4478 2599 4527 ut
2645 4471 2701 4525 in
2744 4472 2981 4527 Psalmis
3022 4489 3031 4522 :
3069 4491 3094 4523 α
3148 4471 3326 4525 Dilexi

1725 4564 1991 4618 mandata
2019 4567 2118 4616 tua
2145 4579 2314 4631 super
2334 4578 2534 4619 aurum
2575 4560 2638 4625 ³⁵,
2675 4583 2699 4607 »
2736 4566 2865 4624 etc.,
2900 4560 2954 4612 id
2983 4566 3085 4625 est,
3122 4559 3321 4630 magis,

1726 4670 1892 4724 quam
1908 4651 2206 4705 elationem
2230 4651 2572 4704 saecularem.
2597 4651 2835 4713 Aurum,
2862 4654 3072 4703 aeterna
3090 4648 3205 4701 vita
3217 4649 3325 4703 elc-

1724 4748 1961 4805 ctorum,
1994 4740 2135 4797 utin
2166 4739 2404 4793 Psalmis
2441 4759 2451 4791 :
2490 4761 2511 4786 «
2544 4738 2863 4792 Posteriora
2893 4737 3043 4793 dorsi
3087 4739 3209 4809 ejus
3266 4739 3324 4792 in

1726 4831 1933 4901 pallore
1947 4828 2072 4883 auri
2088 4827 2153 4889 ³⁵,
2190 4848 2216 4882 υ
2249 4828 2395 4899 quod
2425 4826 2769 4896 subsequens
2800 4828 3054 4882 Ecvlesize
3079 4846 3176 4899 pro
3208 4829 3323 4882 Deo

1723 4920 2026 4974 honorifice
2047 4917 2254 4971 lucebit
2284 4918 2340 4979 in
2374 4916 2669 4988 splendore
2700 4918 3079 4986 permanentis
3105 4918 3245 4970 vitae.

1796 5011 1965 5062 Auris
1996 5013 2082 5061 est
2113 5007 2213 5060 Dei
2239 5006 2509 5078 potentia,
2544 5012 2607 5058 ut
2632 5005 2688 5058 in
2720 5006 2957 5061 Psalmis
2994 5026 3004 5060 :
3044 5029 3064 5054 α
3100 5008 3323 5076 Praepa-

148 5187 335 5261 ‘Apoc.
368 5208 444 5253 ιι,
482 5192 533 5249 2.
568 5194 590 5226 ²
622 5193 763 5247 Psal.
797 5205 923 5255 xcv,
953 5189 1005 5245 8.
1028 5190 1051 5223 ³
1082 5190 1227 5245 Psal.
1266 5203 1400 5251 seu,
1448 5186 1526 5243 li.
1558 5188 1577 5221 ⁴
1614 5188 1758 5261 Ρεδὶ.
1793 5201 2018 5261 nsxpn,
2056 5185 2107 5241 3.
2146 5187 2167 5220 ⁵
2197 5189 2357 5261 Cant.
2392 5187 2553 5261 v_1,79.
2590 5186 2612 5219 θ
2640 5186 3015 5261 Psal._px\:iu_,
3052 5185 3132 5261 If}.
3166 5185 3186 5218 ⁷
3216 5183 3319 5239 Job

103 5268 208 5315 .\.\n°.
225 5256 308 5317 '17.
338 5268 360 5299 ⁸
389 5264 496 5320 Job
524 5279 748 5323 manu,
780 5265 858 5316 l2.
884 5264 906 5295 9
926 5264 1086 5316 Cant.
1116 5276 1195 5323 1v,
1230 5261 1303 5315 i6.
1334 5261 1376 5295 ¹⁰
1404 5261 1510 5314 Isa.
1550 5273 1703 5323 XLIII,
1728 5259 1780 5313 6.
1819 5259 1853 5292 “
1888 5259 2035 5312 Psal.
2061 5274 2265 5315 Lxxvu,
2287 5258 2374 5313 9.6.
2396 5257 2438 5291 ¹²
2460 5260 2629 5329 Apoc.
2656 5258 2873 5329 “1,173.
2910 5256 2953 5329 ‘3_
2983 5256 3128 5313 PsaJ.
3153 5270 3313 5329 οὓς,

106 5331 134 5401 f-
161 5330 402 5391 “Ezmh.
435 5351 523 5395 XL.
558 5337 608 5392 ‘2.
645 5337 686 5370 ιδ
721 5334 823 5391 Job
854 5350 927 5395 Ix,
969 5333 1021 5387 9.
1058 5333 1102 5367 ¹⁶
1149 5333 1309 5395 Cant.
1348 5348 1396 5393 v,
1430 5330 1519 5387 1|.
1572 5331 1654 5384 ¹⁷λ

1759 5348 1816 5382 ια.
1860 5345 1972 5388 xxx,
2020 5328 2170 5401 8.}?
2202 5330 2399 5401 Ezeclr
2442 5325 2632 5393 xxviu,
2674 5327 2752 5401 l3.
2806 5328 2848 5401 'fl
2873 5327 2976 5401 Job
3006 5342 3197 5389 xxvm,

102 5394 291 5472 fproc.
324 5423 359 5467 ι,
394 5408 484 5462 13.
530 5407 570 5441 ²¹
607 5408 769 5462 Prov.
804 5394 1032 5470 “1,20.
1064 5403 1111 5437 π
1150 5394 1294 5459 Psal.
1334 5418 1480 5467 LXXI,
1522 5401 1597 5457 I5.
1642 5402 1654 5449 9.

1763 5401 1850 5455 ob.
1894 5416 2039 5463 χχχι,
2090 5400 2178 5472 24.
2229 5399 2274 5433 ²⁴
2320 5400 2766 5472 δοὺᾼχξνιιιᾼἹ.
2813 5394 3190 5472 “dolium,
3223 5398 3314 5452 2'2.

103 5466 235 5543 {16b
262 5491 445 5543 χχι-ω,
482 5481 532 5535 1.
561 5478 604 5512 2⁷
625 5478 727 5537 Job
754 5466 911 5541 χχιιι.
945 5477 1031 5532 10.
1065 5476 1110 5509 ³⁸
1132 5477 1329 5533 Matth.
1358 5490 1417 5537 ιι,
1467 5466 1543 5530 ll.
1577 5472 1654 5508 99'

1759 5492 1781 5526 ·.
1809 5489 1883 5535 IV,
1914 5473 1968 5528 1.
2000 5472 2045 5505 ³ο
2076 5470 2178 5535 Job
2200 5486 2391 5537 xxvm,
2421 5470 2474 5525 6.
2507 5470 2549 5503 ³¹
2579 5469 2682 5531 Job
2713 5484 2823 5537 xm,
2856 5469 3205 5541 21.3’Apoc.
3233 5485 3313 5536 In,

110 5536 163 5592 l8.
189 5543 227 5577 ³³
257 5550 414 5618 Apoc.
439 5539 600 5613 ἀει-ιιι,
635 5549 723 5603 12.
758 5549 802 5581 ³⁵
834 5536 978 5601 Psal.
1007 5562 1198 5609 cxvm,
1231 5546 1355 5601 127.
1387 5536 1432 5579 ³⁵
1458 5547 1604 5600 Psal.
1639 5560 1654 5599 1

1759 5561 1807 5610 II,
1841 5544 1929 5597 14.
2382 5536 2387 5537 ⁷
2648 5548 2658 5555 ’
