3854 6164
511 263 604 321 871

1094 263 1156 317 Β.
1517 265 1749 321 MAURI
1789 263 2128 320 ARCHIEP.
2169 263 2495 322 MOGUNT.
2535 267 2833 324 OPERUM
2869 267 3054 322 PARS
3089 268 3184 323 ΙΠ.

3597 279 3674 335 8η

505 388 784 442 rationem
813 385 996 442 cordis
1026 403 1220 441 eorum
1253 389 1469 443 audivit
1505 391 1656 445 auris
1677 391 1826 456 tua‘,
1857 411 1879 442 ι
1912 391 1972 444 id
1993 393 2166 456 est,A
2189 409 2213 442 «
2236 393 2305 446 Et
2359 397 2604 464 quatuor
2645 399 2799 460 rotae,
2859 410 2961 464 per
3009 392 3162 447 bases
3209 395 3453 466 singulas,
3492 395 3544 453 et
3581 417 3678 456 axes

509 479 724 532 occulta
753 493 947 530 eorum
977 477 1290 548 penetravit
1320 480 1572 548 potentia
1625 485 1742 534 tua.
1775 483 1964 546 Auris,
1998 481 2105 533 cle-

507 566 737 626 mentia,
773 572 836 618 ut
864 565 918 618 in
951 566 1190 620 Psalmis
1223 584 1233 619 :
1275 589 1300 614 ει
1336 569 1404 622 Et
1455 569 1608 622 auris
1660 571 1801 640 ejus,
1841 591 1862 620 ι
1899 569 1957 622 id
1994 575 2098 633 est,

505 655 686 725 pietas
717 656 858 722 ejus,
891 682 904 700 ι
953 655 1023 708 ad
1067 673 1258 726 preces
1287 673 1480 710 eorum
1529 657 1570 710 ε.
1603 678 1628 709 ιδ
1674 662 1863 722 Aur-is,
1911 658 2104 712 doctor

505 743 777 798 Ecclesize.
812 750 876 796 ut
905 744 962 798 in
990 745 1278 798 Parabolis
1312 763 1322 798 :
1365 766 1386 795 ι
1422 747 1609 812 Auris,
1644 765 1767 818 qum
1782 747 1996 801 audivit
2021 747 2104 800 in-

503 831 851 902 crepationes
875 833 1020 895 vitae,
1057 833 1114 886 in
1145 834 1330 888 medio
1375 835 1694 904 sapientum
1735 835 2103 890 commorabi-

502 927 598 974 tur
615 920 655 985 ³,
694 943 718 970 ιι
754 921 900 991 quod
941 922 1036 992 qui
1077 921 1315 976 libenter
1363 924 1523 977 audit
1561 924 1969 993 increpationes
1999 925 2101 978 do-

502 1011 768 1072 centium,
803 1011 1133 1082 plerumque
1164 1029 1340 1082 usque
1371 1013 1438 1065 ad
1461 1013 1782 1067 cathedram
1807 1014 2098 1067 doctorum

501 1099 841 1152 conscendit.
893 1101 1082 1163 Auris,
1143 1117 1302 1154 mens
1351 1101 1612 1168 hominis,
1650 1107 1714 1155 ut
1755 1101 1814 1156 in
1861 1102 2097 1157 Exodo:

505 1209 530 1237 σι
562 1187 982 1260 Perforabitque
1019 1205 1214 1242 aurem
1258 1190 1380 1259 ejus
1431 1193 1450 1213 θ
1491 1190 1692 1244 subula
1721 1190 1760 1250 4,
1800 1215 1821 1240 ι»
1868 1191 1922 1244 id
1983 1195 2086 1256 est,

501 1283 747 1355 mentem
771 1277 892 1346 ejus
913 1276 1216 1330 illustrabit
1234 1277 1398 1331 verbo
1419 1279 1540 1332 Dei.
1561 1281 1750 1344 Auris,
1777 1279 2096 1332 intellectus

501 1363 699 1428 cordis,
727 1369 789 1418 ut
820 1364 876 1416 in
906 1363 1008 1418 Job
1035 1383 1046 1416 :
1075 1386 1099 1411 ‹‹
1133 1366 1330 1419 Nonne
1361 1382 1498 1420 aure
1543 1371 1643 1420 tua
1677 1366 1847 1420 verba
1886 1366 2096 1437 dijudi-

498 1459 592 1505 cat
621 1453 642 1484 ⁵
686 1453 706 1504 ?
757 1474 776 1502 ι
814 1453 962 1522 quod
993 1453 1176 1518 verba,
1209 1471 1331 1524 quae
1371 1460 1575 1508 sonant
1601 1455 1961 1520 extrinsecus,
1993 1454 2102 1508 dis-

2185 481 2314 535 aerei
2353 480 2418 548 9°,
2469 483 2616 554 quod
2663 481 3086 554 praedicationes
3127 499 3250 537 suas
3291 487 3580 542 conﬁrmant
3607 509 3680 561 per

2184 569 2519 624 documenta
2545 571 2945 642 prephetarum
2975 572 3312 642 evangelistze
3327 579 3379 626 et
3401 575 3626 630 doctores.

2253 661 2484 726 Azyma,
2518 659 2736 730 puritas
2763 661 2988 724 mentis,
3022 667 3085 714 ut
3111 660 3167 712 in
3197 660 3366 715 Exodo
3394 681 3404 714 :
3432 685 3454 708 σ
3502 665 3678 736 Septem

2183 747 2380 802 diebus
2411 765 2607 819 azyma
2651 749 2898 802 comedis
2925 749 2990 813 9‘,
3030 769 3050 798 ι
3089 749 3143 802 id
3171 755 3266 814 est,
3323 756 3428 804 toto
3483 759 3682 824 tempore

2183 837 2353 906 hujus
2381 837 2508 891 vitae
2529 837 2812 892 sanctitati
2833 837 3038 892 mentis
3076 837 3373 892 studebitis.

2253 927 2618 979 Adversarius
2645 933 2728 980 est
2775 926 3049 992 diabolus,
3103 931 3165 979 ut
3199 926 3255 980 in
3283 927 3504 998 Epistola
3531 930 3647 983 Petri
3674 951 3682 982 :

2185 1033 2209 1066 ‹
2236 1014 2601 1068 Adversarius
2625 1021 2809 1068 vester
2827 1015 3081 1068 diabolus
3101 1014 3292 1069 circuit
3315 1015 3373 1080 ﬁ,
3409 1035 3432 1068 ι
3461 1019 3583 1087 quod
3600 1019 3686 1072 dia-

2180 1101 2341 1157 bolus
2357 1120 2578 1174 semper
2606 1120 2805 1158 nocere
2826 1103 3086 1158 intendit.
3122 1106 3476 1170 Adversarius,
3503 1107 3688 1177 populus

2178 1191 2517 1258 incredulus,
2549 1197 2614 1246 ut
2641 1192 2700 1246 in
2725 1193 2948 1247 Psalmo
2986 1209 2996 1244 :
3026 1212 3050 1242 ι
3085 1193 3271 1248 Irritat
3297 1193 3601 1248 adversarius
3619 1212 3689 1248 no-

2178 1297 2308 1335 men
2329 1286 2490 1336 tuum
2508 1281 2568 1335 in
2594 1283 2765 1336 ﬁnem
2795 1281 2858 1348 ³³,
2895 1301 2921 1336 ι)
2946 1282 3003 1335 id
3031 1288 3134 1344 est,
3175 1283 3398 1352 populus
3431 1282 3687 1338 incredulus

2181 1371 2491 1424 contemnit
2511 1371 2680 1424 ﬁdem
2695 1377 2870 1424 tuam.
2886 1372 3054 1424 Advc:
3065 1374 3268 1435 sarius,
3281 1387 3427 1424 sacra
3445 1372 3687 1442 Scriptura,

2182 1466 2244 1512 ut
2281 1459 2339 1513 in
2393 1459 2688 1530 Evangelio
2732 1478 2742 1512 :
2785 1479 2806 1510 κ
2863 1460 2992 1513 Esto
3047 1459 3388 1514 consentiens
3437 1460 3690 1514 adversario

499 1541 680 1594 cernit
709 1541 1024 1594 intellectus
1041 1542 1223 1595 cordis
1249 1543 1604 1597 intrinsecus.
1629 1544 1820 1609 Auris,
1865 1543 2103 1614 quilibet
2180 1554 2280 1602 tuo
2303 1547 2367 1615 9‘,
2409 1569 2428 1598 ο
2455 1549 2511 1602 id
2539 1555 2640 1614 est,
2678 1549 2930 1602 censenti
2975 1565 3145 1603 sacrae
3181 1549 3478 1620 Scripturae,
3503 1567 3602 1620 quae
3625 1550 3691 1602 ad-

498 1629 804 1698 subjectus,
839 1629 977 1682 utin
1000 1629 1288 1685 Parabolis
1323 1649 1334 1684 :
1373 1653 1394 1682 α
1429 1633 1638 1686 Aurem
1670 1633 2014 1698 audientem,
2045 1637 2102 1686 et
2181 1641 2437 1691 versatur
2455 1635 2772 1692 carnalibus
2801 1637 3111 1691 desideriis.

498 1719 722 1772 oculum
758 1718 1041 1772 videntem
1087 1712 1360 1774 Dominus
1413 1721 1546 1774 fecit
1585 1721 1627 1784 ⁸,
1679 1740 1708 1775 ν
1757 1722 1904 1792 quod
1945 1706 2163 1776 DeusB
2214 1741 2220 1749 -
2982 1745 3024 1797 B

499 1801 792 1877 utriusque
840 1813 924 1860 est
966 1807 1238 1873 conditor,
1280 1814 1338 1862 et
1381 1809 1616 1880 subjecti
1669 1811 1926 1864 videlicet
1971 1809 2098 1864 obe-

500 1895 725 1960 dientis,
767 1903 823 1950 et
868 1896 1082 1966 praelati
1129 1897 1478 1968 imperantis.
1524 1901 1695 1953 Aur-is
1735 1916 1836 1970 pro
1880 1899 2096 1953 occulto

499 1984 788 2055 accipitur,
824 1990 887 2038 ut
911 1985 970 2038 in
1001 1985 1297 2056 Evangelio
1333 2005 1342 2038 :
1385 2010 1400 2032 ι
1441 1987 1599 2050 Quod
1621 1987 1678 2040 in
1705 2005 1842 2042 aure
1861 1987 2091 2053 auditis,

499 2073 797 2142 praedicate
843 2091 1013 2144 super
1049 2080 1200 2128 tecta
1228 2075 1268 2141 7,
1313 2095 1335 2126 ι
1371 2075 1428 2128 id
1461 2081 1564 2142 est,
1609 2076 1756 2146 quod
1791 2076 1850 2130 in
1879 2076 2096 2130 occulto

499 2163 798 2232 suscipitis.
831 2163 1096 2217 effundite
1125 2163 1182 2216 in
1209 2163 1450 2234 publico.
1484 2167 1674 2225 Auris.
1697 2165 2096 2235 contemplatio

499 2250 740 2307 interna.
776 2257 838 2305 ut
867 2252 926 2305 in
953 2251 1056 2306 Job
1091 2271 1101 2305 :
1142 2272 1167 2302 (ι
1201 2253 1372 2316 Quasi
1409 2253 1611 2307 furtive
1655 2253 1899 2324 suscepit
1945 2253 2097 2308 auris

499 2356 622 2394 mea
653 2358 820 2394 venas
851 2341 1064 2394 susurri
1095 2342 1270 2411 ejus“,
1308 2365 1329 2390 ι»
1369 2341 1424 2396 id
1461 2347 1565 2408 est,
1605 2343 1819 2396 occulte
1850 2341 2098 2414 percepit

499 2430 896 2502 contemplatio
926 2447 1054 2484 mea
1081 2431 1244 2500 signa
1271 2431 1506 2486 internae
1519 2437 1576 2485 et
1594 2431 1792 2486 divinae
1812 2431 2099 2486 allocutio-

502 2519 606 2572 nis.
643 2521 751 2572 Per
777 2537 972 2574 aurem
999 2518 1337 2582 obedientia,
1373 2526 1437 2573 ut
1465 2520 1523 2574 in
1554 2520 1854 2590 Evangelia
1881 2538 1891 2573 :
1929 2538 1958 2570 ιι
1989 2518 2096 2583 Qui

500 2607 670 2660 habet
697 2624 880 2672 aures,
900 2607 1094 2661 audiat
1107 2605 1147 2672 9,
1176 2607 1229 2660 id
1259 2614 1361 2674 est,
1396 2609 1492 2678 qui
1515 2608 1740 2663 obedire
1760 2609 1896 2673 vult,
1927 2607 2095 2661 verba

497 2713 625 2748 mea
654 2697 950 2749 auscultet.
986 2697 1094 2749 Per
1123 2713 1336 2762 aurem,
1366 2713 1508 2768 pura
1532 2697 1924 2767 intelligentia,
1951 2702 2014 2750 ut
2033 2713 2092 2749 1n

497 2785 735 2837 Psalmis
770 2803 780 2836 :
820 2811 834 2832 ι
873 2786 1052 2838 Aures
1077 2791 1265 2838 autem
1297 2786 1594 2856 perforasti
1623 2786 1836 2854 mihi”,
1870 2809 1886 2833 ι
1915 2786 2088 2852 idest,

494 2873 738 2943 perfecte
764 2889 852 2926 me
891 2873 1204 2942 intelligere
1235 2873 1435 2936 fecisti,
1463 2875 1595 2944 quid
1627 2876 1810 2928 velles.
1846 2875 1952 2928 Per
1994 2891 2094 2928 au-

496 2977 631 3027 rem,
651 2961 864 3030 judicia
893 2961 1098 3024 divina,
1136 2967 1199 3016 ut
1227 2963 1280 3016 in
1311 2963 1458 3017 Isaia
1490 2981 1500 3016 :
1542 2985 1566 3014 α
1599 2964 1662 3017 In
1693 2962 1922 3018 auribus
1953 2962 2092 3016 meis

494 3051 610 3103 haec
640 3050 776 3103 dicit
803 3049 1062 3104 dominus
1090 3051 1157 3114 Η,
1199 3074 1213 3096 ι

494 3146 644 3192 sunt.

562 3231 796 3296 Auriga,
823 3227 1058 3300 quilibet
1085 3228 1432 3299 praedicator,
1451 3233 1516 3282 ut
1545 3229 1604 3282 in
1631 3229 1788 3282 libris
1825 3230 2041 3299 Regum
2075 3247 2086 3281 :

493 3337 522 3368 ι
553 3309 765 3372 Curras
787 3319 975 3384 Israel,
1010 3323 1068 3372 et
1090 3317 1289 3387 auriga
1316 3319 1438 3388 ejus
1454 3317 1516 3385 ‘9,
1547 3337 1574 3368 ι)
1595 3319 1740 3389 quod
1759 3319 2091 3389 praedicator

485 3409 760 3480 populum
792 3407 892 3462 Dei
924 3413 981 3462 et
998 3413 1224 3478 p’artare
1255 3407 1421 3461 debet
1449 3413 1505 3460 et
1531 3407 1752 3460 ducere.

2178 1834 2440 1898 Babylon.
2777 1835 2947 1886 Bracli
2959 1836 3095 1886 ium.
3346 1836 3568 1888 Baculus.

2178 1907 2390 1958 Bellum
2783 1905 2986 1957 Brutus.
3346 1907 3544 1958 Balbus.

2180 1975 2475 2028 Branchia.
2780 1977 3094 2029 Basiliscus.
3345 1978 3599 2042 Bulyrum.

2177 2047 2393 2100 Botrus.
2789 2047 3056 2099 Bruchus.
3347 2049 3589 2100 Bilumen.

2179 2117 2503 2171 Bellwmolh.
2795 2118 2994 2170 Barba.
3355 2118 3592 2171 Ballheus.

2179 2189 2353 2241 Bases.
2795 2189 3010 2255 Byssus.
3347 2191 3521 2242 Bestia.

2179 2260 2294 2312 Bos.

2253 2349 2495 2414 Babylon.
2517 2352 2606 2400 est
2622 2345 2815 2400 civitas
2843 2346 3232 2417 reproborum,
3267 2354 3327 2401 ut
3355 2347 3409 2401 in
3436 2347 3667 2417 Propheta
3692 2363 3700 2395 :

2187 2454 2215 2487 (ι
2253 2436 2452 2506 Fugite
2484 2435 2554 2488 de
2583 2434 2768 2488 medio
2800 2434 3101 2506 Babylonis
3120 2436 3219 2500 ⁵⁵.»
3253 2435 3306 2490 id
3327 2435 3704 2498 est,contemnite

2181 2541 2366 2578 mores
2423 2525 2808 2596 reproborum.
2873 2528 3136 2593 Babylon,
3180 2543 3336 2580 mens
3387 2542 3554 2596 prava,
3584 2524 3704 2576 utin

2179 2614 2461 2684 Propheta
2493 2633 2504 2668 :
2542 2633 2568 2665 «
2597 2613 2928 2668 Curavimus
2957 2615 3320 2686 Babylonem,
3347 2621 3402 2668 et
3426 2631 3526 2668 non
3559 2618 3626 2666 est
3647 2627 3706 2664 sa-

2175 2709 2309 2756 nata
2320 2702 2384 2770 9°,
2412 2721 2434 2753 ν
2459 2703 2516 2756 id
2545 2709 2648 2767 est,
2673 2719 2874 2756 sanare
2901 2703 3222 2758 studuimus
3253 2721 3469 2775 pravam
3491 2707 3702 2756 mentem.

2175 2807 2296 2862 quae
2326 2791 2652 2862 spiritaliter
2689 2797 2941 2861 aegrotat,
2973 2798 3032 2846 et
3067 2809 3182 2847 non
3208 2793 3324 2847 vult
3343 2792 3565 2862 recipere
3595 2787 3704 2842 sani-

2177 2885 2372 2934 tatem.
2389 2881 2651 2948 Babylon,
2685 2881 2930 2934 Ecclesia
2957 2881 3024 2934 de
3052 2881 3335 2951 gentibus,
3355 2887 3416 2935 ut
3441 2882 3494 2934 in
3515 2877 3705 2950 Epistola

2177 2969 2330 3023 Petri
2361 2987 2373 3021 :
2417 2990 2439 3020 α
2465 2969 2687 3023 Salutat
2711 2985 2808 3022 vos
2837 2970 3084 3024 Ecclesia
3111 2988 3235 3042 qua:
3275 2976 3358 3025 est
3386 2971 3440 3024 in
3475 2967 3704 3040 Babylone

1252 3051 1310 3105 id
1337 3058 1423 3105 est
1443 3052 1500 3106 in
1523 3051 1750 3122 judiciis
1792 3051 1936 3106 meis
1973 3052 2090 3106 haec
2113 3037 2155 3095 ί)
2173 3059 2350 3112 electa
2365 3057 2430 3123 ’7,
2463 3076 2490 3110 ι)
2514 3059 2752 3129 populus
2766 3059 2965 3125 ﬁdelis,
2985 3059 3078 3130 qui
3102 3037 3173 3113 de
3185 3061 3490 3130 gentilitate
3509 3037 3706 3112 adlidem

2171 3163 2468 3201 conversus
2500 3153 2603 3200 est.
2630 3149 2894 3214 Babylon,
2919 3155 3231 3218 peccatum,
3270 3155 3331 3202 ut
3349 3149 3404 3202 in
3433 3146 3700 3218 Propheta:

2177 3255 2202 3286 «
2233 3235 2478 3289 Veniens
2497 3235 2568 3288 ad
2587 3235 2949 3306 Babylonem,
2972 3235 3116 3290 etibi
3131 3237 3454 3291 liberaberis
3466 3235 3524 3300 ³³,
3555 3255 3574 3284 ι
3592 3231 3704 3304 quod

2174 3325 2452 3394 multiper
2479 3324 2602 3389 hoc,
2629 3324 2776 3394 quod
2796 3325 2868 3378 ad
2894 3331 3191 3395 peccatum
3239 3331 3514 3389 corruunt,
3540 3323 3601 3376 ad
3643 3319 3706 3372 sui

2173 3412 2546 3484 cognitionem
2569 3413 2818 3479 veniunt,
2855 3419 2911 3466 et
2937 3430 2968 3466 a
2990 3421 3148 3484 peste
3188 3413 3456 3486 superbiae
3473 3416 3706 3467 curantur.

560 3501 688 3552 Aris
719 3502 805 3550 est
824 3497 1098 3562 Christus,
1122 3503 1186 3550 ut
1205 3497 1264 3550 in
1292 3495 1396 3550 Job
1431 3514 1442 3548 ε
1484 3516 1511 3547 α
1533 3497 1802 3550 Semitam
1814 3496 2092 3566 ignoravit
2171 3504 2415 3569 Babylon
2444 3506 2576 3555 sunt
2601 3501 2780 3572 impii,
2805 3501 2900 3572 qui
2929 3502 2986 3555 in
3018 3503 3132 3556 ﬁne
3155 3503 3572 3564 damnabumur,
3599 3497 3708 3554 utin

483 3587 605 3640 mis
621 3586 682 3640 ‘3.

488 3693 602 3729 non
622 3676 876 3730 credidit.
908 3678 944 3730 .-l
959 3679 1054 3740 ris,
1085 3675 1276 3728 anima
1305 3673 1566 3738 hominis,
1597 3682 1662 3728 ut
1688 3673 1746 3727 in
1780 3673 1884 3727 Job
1918 3691 1928 3725 ε
1960 3696 1976 3720 ι
2018 3674 2086 3726 Et
2167 3677 2336 3732 simul
2365 3683 2418 3732 et
2473 3677 2531 3730 in
2589 3677 2778 3731 anima
2831 3677 2990 3749 impii
3045 3678 3482 3734 damnabuntur.
3512 3679 3705 3741 Babylon

725 3611 738 3632 -
777 3587 922 3657 quod
957 3586 1242 3640 Christum
1269 3585 1339 3638 ad
1369 3585 1536 3639 caelos
1557 3585 1871 3639 ascendisse
1893 3585 2086 3638 Judaea
2165 3589 2499 3660 Apocalypsi
2531 3607 2541 3642 :
2573 3607 2599 3640 (ι
2637 3589 3110 3660 CeciditBabylon
3141 3591 3208 3656 *9,
3238 3611 3260 3641 ι
3289 3591 3432 3662 quod
3461 3591 3707 3658 incorpore
3812 3607 3813 3676 ξ

488 3764 606 3818 avis
633 3765 884 3820 nascitur
909 3765 978 3818 ad
1007 3763 1306 3818 volandum
1329 3763 1393 3828 ¹⁴,
1426 3784 1448 3813 ι
1485 3763 1631 3833 quod
1653 3762 1844 3816 anima
1865 3779 2008 3832 pura
2027 3761 2084 3815 in
2167 3782 2298 3822 caro
2335 3771 2547 3832 nostra,
2572 3772 2637 3819 ut
2663 3766 2721 3820 in
2745 3765 2983 3820 Psalmis
3013 3785 3023 3818 :
3064 3787 3086 3818 ε
3115 3768 3263 3822 Filia
3315 3765 3592 3839 Babylonis
3607 3762 3658 3825 ³ο.
3688 3781 3708 3810 ι
3812 3751 3813 3814 Ῑ

486 3854 956 3924 contemplatione
987 3871 1046 3907 se
1070 3852 1334 3906 extendit.
1357 3855 1504 3918 Avis,
1528 3851 1806 3905 instabilis
1825 3851 2079 3921 quisque,

489 3947 552 3996 ut
569 3943 629 3996 in
657 3942 970 3996 Parabolis:
999 3961 1026 3994 σι
1052 3942 1185 3995 Avis
1205 3941 1572 4010 transmigrat
1593 3940 1662 3994 de
1693 3941 1814 3994 loco
1829 3956 1930 3994 suo
1950 3938 2012 4006 ‘5,
2046 3958 2076 3990 ιο

487 4031 633 4100 quod
665 4029 942 4084 instabilis
983 4029 1218 4100 quisque
1267 4046 1377 4083 non
1423 4033 1676 4082 moratur
1705 4029 1766 4082 in
1804 4029 1925 4082 loco
1955 4043 2076 4081 suo.

485 4121 614 4174 A-vis
635 4117 922 4172 estlevitas
953 4117 1270 4184 verborum,
1293 4123 1358 4171 ut
1385 4117 1442 4171 in
1465 4117 1752 4171 Parabolis
1776 4133 1786 4169 :
1810 4136 1835 4168 α
1857 4116 1989 4170 Avis
2009 4117 2082 4170 ad

485 4207 602 4261 alta
630 4207 938 4260 transvolat
967 4207 1030 4272 ‘3,
1071 4230 1094 4254 υ
1127 4207 1274 4277 quod
1305 4205 1473 4260 verba
1501 4205 1710 4260 levium
1729 4205 1798 4259 ad
1829 4221 1956 4260 eum
1981 4205 2077 4276 qui

2165 3943 2257 3996 lon
2287 3943 2534 3996 confusio
2557 3943 2978 4014 interpretatur.
3001 3945 3270 4011 Babylon,
3307 3945 3394 3998 hic
3418 3941 3646 4001 mundus,
3660 3944 3706 3991 ut
3812 3941 3813 4006 ᾖ

2161 4031 2222 4086 in
2251 4031 2478 4085 Daniele
2503 4031 2546 4065 ³¹
2566 4031 2826 4085 Habacuc
2840 4049 2940 4102 per
2949 4032 3198 4102 capitum
3213 4033 3284 4088 ad
3305 4033 3618 4104 Babylonem
3637 4028 3708 4081 de-
3812 4045 3813 4110 ξ

2162 4125 2418 4191 portatus
2439 4125 2525 4174 est
2541 4139 2556 4174 :
2575 4121 2720 4191 quod
2751 4120 2959 4174 Christi
2977 4121 3372 4191 praedicatores
3391 4122 3458 4175 ad
3483 4117 3706 4174 mundum

481 4295 736 4367 protulit,
767 4297 1016 4350 veniunt.
1057 4298 1204 4362 Avis,
1233 4295 1505 4367 superbus
1544 4295 1637 4348 ille
1683 4294 1879 4358 hostis,
1918 4300 1982 4348 ut
2019 4294 2136 4370 in“
2164 4298 2364 4352 ducam
2378 4315 2475 4352 vos
2502 4298 2570 4352 de
2601 4297 2885 4370 Babylone
2901 4299 2958 4352 in
2973 4305 3188 4354 terram
3213 4305 3475 4366 vestram,
3508 4318 3532 4352 ››
3559 4295 3604 4350 id
3624 4298 3702 4348 est.

381 4405 384 4409 λ
447 4417 450 4420 ι
474 4359 586 4439 :Iob
621 4404 631 4438 :
673 4411 687 4433 ι
725 4359 992 4456 Nunquid
1023 4387 1044 4408 θ
1062 4359 1262 4438 illudet
1281 4359 1350 4450 ei,
1377 4384 1635 4455 quasiavi
1659 4383 1702 4418 ¹⁷
1723 4384 1782 4436 2»
1805 4383 1950 4454 quod
1971 4359 2141 4437 Do-D
2165 4387 2234 4440 de
2263 4387 2481 4442 interno
2510 4388 2581 4440 ad
2609 4359 2852 4458 patriam
2881 4377 3184 4442 caelestem.

479 4473 670 4528 minus
698 4474 999 4545 superbum
1031 4473 1313 4528 diabolum
1329 4491 1428 4545 per
1447 4489 1608 4528 suam
1631 4472 1965 4543 sapientiam
1985 4472 2078 4526 de-
2229 4479 2465 4530 Baculus
2491 4481 2577 4530 est
2606 4476 2990 4531 misericordia
3003 4477 3124 4542 Dei,
3159 4478 3300 4531 utin
3321 4477 3530 4532 Psalmo
3552 4493 3562 4526 :
3588 4492 3607 4522 ι
3629 4471 3704 4524 Ba-

477 4563 647 4633 cepit.
676 4564 786 4618 Per
806 4580 928 4618 aves
954 4563 1060 4617 viri
1080 4563 1419 4634 spirituales,
1443 4568 1508 4616 ut
1526 4562 1584 4616 in
1606 4560 1808 4615 Genesi
1839 4578 1851 4614 :
1879 4581 1902 4610 α
1934 4562 2076 4616 Aves
2157 4565 2315 4618 culus
2343 4571 2476 4618 tuus
2503 4565 2824 4620 consolatur
2848 4565 2914 4618 ³³.
2954 4583 2980 4618 s
3012 4566 3069 4619 id
3098 4572 3204 4628 est,
3239 4563 3600 4620 misericordia
3630 4565 3705 4612 tua

479 4657 669 4705 autem
703 4663 814 4706 non
846 4651 1034 4707 divisit
1066 4653 1130 4718 ‘3,
1169 4675 1190 4699 u
1229 4651 1377 4722 Quod
1401 4651 1504 4704 viri
1536 4650 1858 4721 spirituales
1886 4667 1986 4720 per
2015 4667 2074 4704 se
2156 4653 2441 4708 consolata
2489 4659 2575 4708 est
2604 4671 2692 4708 me
2722 4656 2744 4679 *
2785 4657 3027 4723 Babylon
3067 4661 3320 4725 potestas
3348 4651 3629 4724 regiminis,
3655 4652 3700 4698 ut

477 4741 742 4794 scandala
770 4757 882 4795 non
904 4741 1175 4795 dividunt.
1209 4742 1318 4794 Per
1350 4757 1522 4806 avem,
1555 4739 1785 4810 spiritus
1815 4739 2067 4809 maligni,
2155 4741 2214 4795 in
2245 4743 2446 4797 Genesi
2469 4744 2496 4798 J
2505 4744 2641 4798 udas
2660 4743 2904 4798 Thamar
2931 4742 3194 4798 baculum
3225 4744 3384 4798 dedit
3399 4743 3459 4808 ³³,
3487 4738 3614 4812 quod
3634 4751 3706 4807 p0-

471 4835 541 4884 ut
568 4829 627 4882 in
657 4829 871 4882 cantico
901 4829 1319 4884 Deuteronomii
1345 4847 1356 4882 :
1385 4851 1408 4878 ι
1458 4827 1758 4882 Devorabit
1790 4845 1884 4881 eos
1915 4829 2074 4899 quasi
2153 4835 2416 4885 testatem
2465 4831 2754 4902 regiminis
2783 4849 2818 4886 a
2844 4832 3066 4886 Christo
3097 4833 3348 4887 Ecclesia
3391 4829 3600 4900 accepit.
3624 4827 3705 4878 Ba-

367 4923 372 4928 ’
465 4917 611 4985 avis,
654 4934 844 4972 morsu
873 4917 1224 4972 amarissimo
1248 4917 1310 4982 ω,
1349 4939 1372 4967 ι
1400 4917 1547 4988 quod
1565 4916 2071 4988 reprobosmaligni
2156 4924 2332 4988 culus,
2391 4926 2919 4986 sustentameutum,
2952 4925 3016 4975 ut
3037 4921 3097 4974 in
3125 4921 3338 4975 Tobia:
3371 4939 3431 4972 -ει
3480 4914 3704 4973 Baculum

461 5007 711 5086 spiritus
729 5013 1082 5062 consument.
1574 5007 1588 5022 '
2155 5009 2459 5064 senectutis
2486 5015 2690 5064 nostrae
2707 5008 2772 5076 3‘,
2806 5029 2832 5062 ν
2863 5009 2920 5063 id
2943 5015 3046 5077 est,
3070 5015 3570 5064 sustentamentum
3586 5002 3705 5057 inﬁr-

526 5099 680 5158 ,Δεῖος
711 5101 846 5151 sunt
876 5097 1045 5151 corda
1075 5095 1386 5160 doctorum,
1417 5101 1482 5148 ut
1523 5093 1582 5148 in
1620 5093 1775 5148 libris
1797 5095 2014 5165 Regum
2055 5115 2072 5150 :
2157 5097 2370 5151 mitatis
2398 5105 2623 5153 nostrae.
2643 5101 2878 5152 Baculus
2899 5104 2986 5152 est
3004 5099 3110 5161 lex,
3144 5105 3209 5152 ut
3239 5100 3298 5153 in
3327 5098 3481 5152 libris
3523 5096 3697 5162 Regum

525 5193 542 5224 ί
587 5186 738 5242 Psal.
774 5201 848 5251 1x,
885 5186 970 5240 17.
1001 5185 1025 5218 ²
1055 5185 1200 5238 Psal.
1236 5199 1427 5250 xxxm,
1463 5181 1548 5238 16.
1590 5183 1613 5217 ³
1643 5185 1802 5238 Prov.
1834 5197 1924 5247 xv,
1958 5182 2046 5237 31.
2081 5183 2092 5216 ⁴

2181 5185 2300 5238 xod.
2334 5200 2444 5248 xxI,
2473 5185 2525 5239 6.
2559 5186 2581 5218 ⁵
2615 5186 2718 5240 Job
2756 5201 2852 5249 xu,
2881 5187 2968 5240 11.
3001 5187 3026 5221 θ
3055 5187 3215 5240 Prov.
3251 5202 3342 5251 xx,
3369 5186 3454 5240 12.
3487 5185 3506 5218 ⁷
3535 5178 3696 5237 Matth.

449 5278 504 5327 x,
533 5260 632 5318 27'.
661 5259 686 5292 ⁸
707 5257 810 5312 Job
840 5271 914 5322 1v,
949 5255 1037 5328 1'2.
1079 5255 1102 5290 ο
1126 5256 1321 5310 Matth.
1349 5269 1423 5328 xi,
1459 5255 1556 5328 175,7
1583 5269 1702 5320 xm,
1736 5253 1789 5307 9.
1824 5254 1868 5288 ¹⁰
1896 5255 2254 5328 Ρεξιμκξυίικ,
2285 5256 2338 5328 7.
2370 5257 2412 5291 ¹¹
2444 5257 2551 5312 Isa.
2586 5272 2638 5323 v,
2669 5257 2722 5312 9.
2759 5257 2804 5328 ¹ί²
2833 5258 2906 5312 IV
2937 5259 3071 5328 Reg.
3102 5272 3160 5318 n,
3195 5259 3286 5312 1‘2.
3327 5258 3368 5292 '3
3405 5255 3693 5328 JQbEJEYIH-l

451 5323 502 5387 7;
536 5333 580 5367 Μ
607 5328 728 5388 Job
761 5343 810 5394 v,
839 5328 890 5382 7.
915 5328 960 5362 ¹⁵
991 5327 1152 5381 Prov.
1179 5341 1348 5390 xxvu,
1379 5326 1433 5380 8.
1456 5326 1502 5360 ¹⁶
1530 5327 1690 5381 Prov.
1723 5339 1870 5390 XXVI,
1891 5325 1944 5379 2.
1973 5326 2015 5360 1⁷
2032 5326 2134 5380 Job
2156 5339 2245 5393 XL,
2275 5327 2362 5381 24.
2388 5328 2433 5362 ¹⁸
2454 5329 2594 5383 Gen.
2619 5341 2706 5394 xv,
2738 5327 2814 5385 10.
2847 5329 2891 5363 ὀ
2920 5323 3082 5384 Βθιῖι.
3116 5343 3288 5394 xxx",
3317 5328 3405 5383 24.
3430 5323 3694 5394 “1118133.

449 5417 524 5468 1v,
557 5403 651 5458 30.
696 5398 740 5434 ²¹
773 5399 943 5454 Exod.
969 5412 1066 5463 x11,
1099 5398 1187 5454 15.
1225 5396 1441 5452 “Petr.
1473 5412 1525 5461 v,
1559 5395 1614 5453 8.
1643 5397 1698 5468 7”
1727 5397 1875 5451 Psal.
1909 5410 2090 5463 LXXIV,
2126 5397 2214 5468 10.
2249 5397 2294 5432 ²⁴
2324 5400 2522 5454 Matth.
2551 5415 2602 5466 v,
2637 5400 2727 5454 2:3.
2765 5399 2812 5433 ’5
2834 5401 2946 5454 Jer.
2976 5414 3027 5461 L,
3054 5399 3118 5457 8:
3151 5405 3209 5453 et
3237 5393 3314 5460 ω,
3341 5400 3395 5454 6.
3427 5397 3472 5432 ’5
3501 5393 3623 5450 lbid.
3656 5404 3695 5468 ξ.

445 5459 588 5528 9.’²⁷
625 5476 654 5530 Ι
685 5471 842 5526 Petr.
885 5485 938 5536 v,
974 5459 1064 5526 13.
1107 5468 1153 5504 ⁵⁸
1191 5469 1355 5524 Mich.
1389 5483 1464 5532 1v,
1508 5459 1592 5526 10.
1633 5467 1679 5503 9°
1702 5469 1873 5539 Apoc.
1907 5482 2018 5534 xn',
2051 5459 2104 5523 8.
2137 5467 2185 5504 ³ο
2213 5469 2360 5524 Psal.
2389 5459 2609 5538 cxxxvt,
2638 5469 2693 5526 8.
2737 5470 2782 5506 ³⁸
2812 5472 2953 5526 Dan.
2986 5459 3098 5536 xlv,
3131 5469 3221 5526 22.
3261 5459 3311 5506 ³³
3336 5469 3481 5526 Psal.
3512 5477 3630 5524 xxn.
3657 5459 3697 5512 4.

445 5543 494 5580 ³³
521 5546 660 5603 Gen.
705 5555 944 5601 xxxviii.
979 5540 1067 5595 18.
1099 5540 1146 5576 ³⁸
1173 5539 1308 5595 Tob.
1341 5555 1394 5605 x,
1425 5539 1479 5593 4.

3812 2227 3813 2260 l

3812 2707 3813 2754 1

3811 2887 3813 2936 1

3811 3083 3813 3142 1

3811 3311 3813 3372 ἰ

3812 3445 3813 3486 ι

3811 3505 3813 3552 l

3812 3607 3813 3638 ι

2163 3854 2221 3908 id
2253 3862 2471 3918 est,.....
2504 3855 2688 3909 carnis
2717 3872 2817 3925 per
2849 3861 3076 3926 peccata
3113 3857 3368 3922 confusa,
3409 3855 3545 3927 quod
3574 3851 3709 3919 Bab}-'-
3812 3851 3813 3920 ἶ

2161 4209 2507 4264 deferuntur.
2541 4211 2804 4276 Babylon,
2836 4209 3192 4275 infernus,ut
3212 4212 3272 4265 in
3293 4206 3708 4282 Prophetache-
3812 4249 3813 4264 η
