3854 6164
493 325 598 382 879

1079 322 1146 378 B.
1185 320 1459 376 RABANI
1494 321 1727 377 MAURI
1772 320 2109 377 ARCHIEP.
2149 320 2476 378 MOGUNT.
2517 321 2814 378 OPERUM
2850 319 3036 376 PARS
3071 321 3165 376 III.

3569 331 3646 386 880

492 451 604 506 cati
633 455 766 506 sunt
787 449 846 504 in
865 463 956 503 me
977 449 1014 514 ι,
1052 463 1080 499 ι
1104 445 1255 518 quod
1285 445 1449 500 electi
1478 445 1536 500 in
1560 445 1752 500 futuro
1781 463 1976 518 poenas
2003 449 2148 508 re-A
2169 445 2419 502 calamus
2439 446 2632 501 scribae
2655 445 2715 512 ιθ,
2744 465 2768 497 ι
2795 445 2963 517 quod,
3005 461 3139 517 quos
3171 444 3432 516 discipulos
3447 449 3648 504 Christus

493 539 796 612 proborum
825 537 1137 592 intuentur.

563 629 750 696 Caligo
766 631 853 682 est
871 626 1146 691 diabolus,
1165 629 1230 680 ut
1249 623 1310 679 in
1333 625 1552 696 psalmo
1573 646 1585 679 :
1615 643 1642 675 ι
1662 625 1858 696 Caligo
1873 624 1978 680 sub
1996 642 2089 696 pe-

490 717 654 773 dibus
696 717 820 788 ejus
837 715 879 782 ²,
915 736 940 768 )›
973 715 1120 787 quod
1151 713 1437 769 diabolum
1489 714 1746 769 Christus
1774 715 2082 770 conculcet.

491 807 698 876 Caligo,
737 805 1063 878 prophetiae,
1096 809 1162 858 ut
1205 803 1264 858 in
1304 804 1520 876 psalmo
1557 821 1568 855 :
1600 803 1792 858 Nubes
1821 809 1878 858 et
1907 804 2086 874 caligo

391 949 395 958 ,
489 896 550 952 in
573 895 808 950 circuitu
845 895 967 966 ejus
984 893 1027 960 3,
1067 911 1095 948 ι
1120 893 1269 965 quod
1290 893 1543 964 Apostoli
1564 898 1759 964 aperte
1787 893 2082 958 docebant,

485 986 592 1041 hoc
618 985 911 1057 Prophetas
939 983 1174 1038 obscure
1213 981 1608 1054 praedicebant.
1645 983 1851 1051 Caligo,
1870 983 2090 1036 occulta

483 1074 665 1144 gloria
686 1073 992 1129 Dominicze
1021 1071 1351 1142 majestatis,
1385 1075 1448 1124 ut
1478 1071 1536 1124 in
1570 1071 1784 1126 Exodo:
1813 1089 1840 1122 «
1867 1072 2088 1142 Moyses

485 1163 740 1219 ascendit
765 1161 824 1217 in
853 1161 1172 1233 caliginem,
1205 1161 1266 1214 in
1302 1177 1415 1232 qua
1457 1165 1581 1214 erat
1628 1160 1779 1214 Deus
1803 1161 1844 1226 ‘,
1883 1179 1906 1212 ι
1939 1161 2088 1231 quod

486 1251 590 1307 soli
613 1251 845 1324 perfecti
883 1251 953 1304 ad
983 1248 1483 1320 contemplandam
1513 1248 1755 1318 gloriam
1782 1248 2085 1304 Dominicae

489 1340 744 1412 majestis
781 1339 1102 1412 pertingere
1135 1337 1372 1410 possint.
1425 1337 1631 1405 Caligo,
1663 1337 1912 1391 confusio
1933 1354 2088 1392 men-

489 1431 580 1496 tis,
613 1429 758 1484 utin
787 1427 890 1484 Job
921 1443 938 1477 ι
973 1447 996 1479 ι
1017 1428 1265 1498 Occupet
1295 1431 1545 1480 mentem
1567 1425 1746 1496 caligo
1764 1426 1804 1491 ⁵,
1833 1447 1856 1476 η
1893 1426 1949 1480 id
1978 1432 2080 1493 est,

489 1535 719 1590 pravam
739 1517 1168 1572 delectationem
1199 1515 1402 1570 mentis
1429 1515 1680 1569 confusio
1711 1515 1953 1569 invadat.
1983 1517 2086 1569 Ca-

489 1611 618 1677 ligo,
640 1611 950 1678 peccatum,
985 1605 1129 1660 utin
1157 1603 1260 1660 Job
1295 1621 1306 1656 :
1340 1623 1363 1656 ι
1387 1605 1502 1668 Nec
1534 1603 1733 1658 faciem
1771 1621 1959 1658 meam
1992 1621 2086 1658 oc-

487 1702 656 1768 cupet
677 1695 854 1766 caligo
894 1695 938 1761 δ,
986 1715 1012 1748 »
1042 1693 1101 1748 id
1125 1699 1230 1760 est,
1273 1693 1481 1748 mentis
1509 1709 1648 1748 meae
1681 1693 1943 1748 allectum
1971 1711 2084 1747 non

2169 535 2376 600 docuit,
2408 536 2654 606 Spiritus
2689 540 2916 590 sanctus
2937 551 3132 589 eorum
3157 534 3385 589 cordibus
3405 536 3649 608 inspiravit,

2169 624 2448 690 Calamus,
2482 624 2718 695 quilibet
2744 623 3090 696 praedicator,
3104 628 3165 677 ut
3187 623 3240 676 in
3268 623 3417 678 Isaia:
3441 643 3462 677 (ί
3479 626 3654 681 Orietur

2167 712 2226 767 in
2256 730 2324 768 ea
2353 713 2504 768 viror
2531 714 2732 768 calami
2765 712 2831 779 ³ο,
2868 732 2889 764 ι
2928 713 2986 766 id
3036 717 3138 776 est,
3182 712 3236 765 in
3277 713 3485 768 Ecclesia
3510 715 3658 769 doctor

2169 802 2614 874 praedicatorum.
2637 803 2917 866 Calamus,
2935 801 3232 872 gentilitas,
3253 807 3311 856 ut
3327 801 3378 856 in
3392 803 3536 857 Isaia:
3561 804 3659 858 «Ca-

2169 892 2380 947 lamum
2401 897 2726 963 quassatum
2757 909 2869 946 non
2894 889 3310 956 conteret",»id
3327 895 3420 958 est,
3437 891 3662 946 inﬁmum

2167 981 2436 1052 gentilem
2457 982 2727 1059 populum
2755 997 2867 1035 non
2894 978 3280 1034 condemnabit
3301 978 3358 1032 ἢ.
3393 999 3414 1031 »
3443 981 3658 1034 Calamus.

2169 1070 2463 1142 hypocrita
2491 1069 2742 1142 quilibet,
2777 1075 2842 1124 ut
2869 1069 2927 1123 in
2958 1067 3061 1123 Job
3086 1087 3098 1122 :
3133 1087 3158 1122 »
3194 1069 3254 1123 In
3299 1074 3486 1122 secreto
3514 1069 3665 1122 calami

2171 1158 2483 1212 Behemoth
2513 1159 2726 1212 dormit
2741 1157 2846 1223 ³³.»
2881 1158 3030 1229 quod
3052 1157 3112 1212 in
3141 1157 3571 1211 mentesimulanti
3583 1157 3668 1210 dia-

2166 1246 2328 1302 bolus
2371 1247 2626 1318 quiescit.
2673 1248 2952 1314 Calamus,
3004 1247 3285 1317 dispositio
3304 1245 3412 1311 Dei,
3439 1245 3556 1299 utin
3574 1245 3668 1298 Eze-

2168 1337 2314 1390 chiel
2339 1355 2350 1390 :
2379 1354 2408 1389 α
2431 1337 2698 1391 Calamus
2713 1353 2991 1391 mensura;
3005 1336 3063 1390 in
3086 1352 3251 1390 manu
3277 1336 3406 1405 ejus,
3437 1353 3460 1385 ιο
3489 1333 3607 1404 quod
3628 1334 3669 1386 in

2169 1430 2447 1496 potestate
2475 1443 2579 1480 sua
2609 1425 2782 1480 habet
2801 1426 2952 1479 Deus
2981 1424 3273 1495 disponere
3293 1423 3478 1476 omnia.
3510 1423 3594 1476 Per
3609 1437 3670 1474 oa-

2171 1518 2386 1568 lamum
2415 1515 2827 1586 praedicatores,
2859 1519 2922 1568 ut
2942 1513 3000 1568 in
3030 1513 3214 1568 Exodo
3241 1530 3252 1565 :
3289 1531 3314 1562 (ἰ
3352 1513 3411 1566 In
3427 1510 3586 1564 hastili
3606 1526 3672 1563 ca-

2167 1602 2303 1656 lami
2341 1609 2399 1658 et
2423 1603 2618 1676 scyphi
2640 1603 2704 1670 9‘,
2739 1623 2766 1657 ιθ
2800 1603 2946 1674 quod
2979 1601 3038 1656 in
3067 1601 3305 1656 Ecclesia
3329 1605 3448 1654 sunt
3468 1598 3673 1670 praedica-

2165 1697 2318 1747 tores
2352 1699 2409 1747 et
2427 1693 2730 1748 auditores.

488 1784 906 1856 caecavitculpa.
951 1784 1156 1851 Caligo,
1183 1783 1304 1836 dies
1335 1781 1658 1850 novissima,
1691 1789 1757 1837 ut
1785 1783 1844 1836 in
1877 1769 2146 1854 Sopho-B
2237 1783 2644 1848 Calumniator,
2676 1781 2951 1848 diabolus,
2993 1788 3059 1836 ut
3087 1782 3146 1836 in
3175 1781 3379 1852 psalmo
3417 1797 3426 1830 :
3463 1778 3523 1832 Et
3543 1776 3678 1830 humi-

487 1875 600 1928 nia.
638 1893 661 1925 ι
694 1873 826 1928 Dies
885 1873 1000 1933 illa,
1035 1871 1154 1926 dies
1181 1869 1436 1942 caliginis
1465 1871 1504 1937 7,
1545 1891 1568 1922 ι
1611 1872 1759 1943 quod
1813 1871 1931 1926 dies
1987 1872 2086 1926 illa

487 1963 689 2018 ultima
699 1961 968 2034 reprobos
979 1959 1318 2015 obscurabit.
1334 1961 1542 2029 Caligo,
1567 1977 1801 2015 examen
1823 1961 2076 2028 extremi,

478 2051 695 2122 judicii,
730 2057 796 2106 ut
814 2051 874 2106 in
902 2049 1106 2104 Genesi
1141 2067 1152 2102 :
1192 2049 1405 2104 «Facta
1424 2055 1512 2104 est
1537 2050 1718 2120 caligo
1748 2049 2082 2104 tenebrosa"

481 2141 764 2196 transiens
793 2139 943 2194 inter
989 2138 1290 2192 divisiones
1335 2138 1460 2192 illas
1488 2138 1529 2205 ⁸,
1569 2160 1591 2188 ιι
1639 2139 1788 2210 quod
1818 2138 2079 2193 ultimum

483 2230 538 2285 id
562 2229 839 2302 judicium
866 2227 1046 2282 malos
1073 2245 1108 2282 a
1133 2226 1296 2282 bonis
1323 2226 1626 2298 separabit.

555 2319 716 2375 Calor
745 2323 832 2373 est
874 2317 1058 2371 fervor
1104 2317 1284 2372 sancti
1323 2316 1588 2388 Spiritus,
1636 2322 1702 2371 ut
1733 2317 1791 2372 in
1822 2319 2074 2389 psalmo:

483 2424 512 2462 α
543 2408 669 2462 Non
691 2413 777 2463 est
806 2406 902 2478 qui
929 2423 990 2460 se
1019 2405 1378 2460 abscondata
1405 2406 1590 2460 calore
1638 2407 1763 2478 ejus
1791 2406 1834 2474 θ,
1873 2429 1896 2458 ι
1931 2407 2078 2478 quod

482 2496 782 2568 unicuique
819 2496 990 2550 datur
1023 2495 1403 2550 manifestatio
1436 2495 1678 2566 Spiritus
1705 2497 1776 2550 ad
1807 2497 1828 2519 ⁴
1861 2513 2082 2551 mensu-

483 2601 624 2638 ram.
657 2585 837 2650 Calor,
879 2583 1116 2638 dulcedo
1142 2583 1458 2649 charitatis,
1483 2589 1547 2638 ut
1575 2583 1634 2638 in
1663 2583 1767 2638 Job
1803 2600 1815 2637 :
1851 2601 1878 2636 α
1913 2584 2080 2655 Lapis

481 2673 699 2728 solutus
716 2673 901 2727 calore
921 2672 980 2727 in
1001 2689 1076 2726 aes
1095 2673 1336 2727 vertitur
1346 2671 1410 2734 ¹⁰,
1433 2691 1456 2724 ι
1484 2673 1632 2744 quod
1654 2673 1750 2743 qui
1767 2672 2076 2738 durusfuit,

481 2777 582 2832 per
609 2761 902 2816 charitatis
921 2759 1277 2815 dulcedinem
1315 2760 1618 2816 emollitur.
1657 2762 1838 2828 Calor,
1866 2761 2082 2816 deside-

481 2849 630 2904 rium
655 2849 910 2920 justitiaa,
945 2854 1010 2904 ut
1035 2849 1092 2903 in
1123 2849 1364 2904 Genesi:
1403 2849 1684 2904 «Factum
1713 2854 1800 2904 est
1817 2849 1876 2904 in
1895 2850 2079 2922 primo

480 2937 664 2992 calore
687 2937 886 3004 coitus,
925 2938 1058 2992 dum
1089 2955 1218 2992 oves
1246 2938 1605 2992 intuerentur
1622 2939 1804 3008 virgas
1834 2945 1893 2993 et
1921 2955 2080 3009 pare-

481 3030 608 3082 rent
635 3027 700 3094 “,
725 3047 754 3079 π
805 3027 954 3098 quod
1000 3026 1281 3098 simplices
1311 3027 1519 3099 quique
1559 3027 1620 3081 in
1651 3027 1772 3098 ipso
1800 3027 2078 3082 desiderio

2165 1869 2327 1924 liabis
2349 1871 2814 1925 calumniatorem
2831 1869 2897 1938 ³⁵,
2915 1891 2942 1924 ›)
2977 1871 3032 1925 id
3061 1875 3168 1936 est,
3195 1869 3436 1924 Christus
3459 1865 3682 1920 diabolum

2165 1959 2471 2030 superabit.

2235 2050 2565 2104 Calcaneum
2596 2054 2683 2104 est
2726 2049 3050 2103 extremitas
3090 2048 3322 2103 actionis
3353 2051 3550 2110 nostrae,
3567 2049 3620 2097 ut
3640 2041 3682 2094 in

2166 2137 2371 2192 Genesi
2408 2155 2419 2188 :
2458 2157 2481 2188 ‹
2513 2139 2598 2192 Tu
2618 2137 2936 2192 observabis
2965 2139 3285 2192 calcaneum
3313 2133 3494 2206 ejus”,
3524 2150 3546 2184 >3
3573 2129 3685 2202 quod

2165 2227 2334 2280 ﬁnem
2363 2231 2569 2280 nostra:
2599 2226 2832 2281 actionis
2871 2226 3128 2282 diabolus
3164 2239 3500 2296 corrumpere
3523 2219 3684 2275 studet.

2165 2315 2518 2380 Calcaneum,
2548 2316 2829 2386 profectus
2874 2321 3086 2382 noster,
3121 2321 3188 2370 ut
3212 2315 3268 2369 in
3297 2314 3528 2386 psalmo:
3568 2305 3688 2376 «Ipsi

2163 2404 2488 2458 calcaneum
2517 2421 2707 2458 meum
2735 2404 3113 2458 observabant
3128 2404 3194 2471 ’7,
3216 2425 3234 2453 ι
3268 2397 3599 2474 quodinimici
3610 2393 3692 2448 mei

2163 2493 2436 2564 profectui
2457 2510 2583 2548 meo
2605 2493 2854 2548 invidere
2875 2510 2988 2548 non
3015 2501 3258 2548 cessant.
3277 2493 3693 2552 Caloaneum,caro

2163 2587 2374 2646 nostra,
2399 2587 2465 2636 ut
2493 2582 2552 2636 in
2580 2583 2798 2654 psalmo
2831 2601 2842 2635 :
2872 2601 2897 2634 «
2930 2582 3210 2654 Iniquitas
3238 2578 3472 2636 calcanei
3496 2575 3588 2630 mei
3615 2572 3694 2625 cir-
3804 2567 3805 2616 ἶ

2161 2671 2451 2726 cumdabit
2468 2688 2562 2726 me
2581 2671 2648 2725 ’⁸.
2689 2691 2710 2724 ι

2235 2761 2493 2815 Calculus
2521 2767 2608 2815 est
2643 2777 2830 2815 sermo
2856 2761 3100 2827 divinus,
3135 2768 3201 2816 ut
3235 2761 3292 2814 in
3329 2757 3490 2814 Isaia:
3533 2773 3552 2802 ε
3580 2751 3634 2806 Et
3653 2750 3695 2802 in

2161 2865 2334 2903 manu
2359 2849 2644 2920 seraphim
2673 2851 2920 2904 calculus
2946 2849 3012 2916 ’9,
3049 2868 3077 2902 ι
3111 2849 3262 2922 quod
3292 2848 3443 2902 illum
3470 2857 3608 2898 amor
3621 2836 3696 2893 Dei
3804 2887 3805 2900 χ

2158 2935 2426 3005 incendit,
2448 2938 2544 3009 qui
2571 2955 2887 2993 sermonem
2899 2938 3155 2994 divinum
3178 2954 3345 3010 Opere
3371 2928 3697 3003 complet.CaI-
3803 2947 3805 2980 ς

2159 3030 2338 3092 culus,
2372 3027 2657 3082 aeternitas
2684 3045 2938 3098 supernae
2961 3028 3180 3099 patriae,
3213 3033 3278 3082 ut
3307 3015 3695 3094 inApocalypsii
3804 3093 3805 3096 η

472 3115 707 3185 justitize
722 3115 969 3187 primum
987 3116 1242 3186 exempla
1259 3115 1582 3188 respiciunt,
1601 3121 1660 3170 et
1681 3115 1908 3182 bonum,
1927 3117 2076 3188 quod
2093 3099 2136 3159 Ο
2163 3134 2186 3166 ι
2219 3115 2478 3169 Vincenti
2507 3115 2652 3170 dabo
2688 3116 2961 3171 calculum
2989 3117 3296 3171 candidum
3323 3114 3386 3180 ³ο,
3423 3131 3444 3162 ι
3477 3106 3605 3180 (ιιιοά
3627 3101 3698 3174 qui
3804 3177 3805 3180 η

478 3202 906 3272 desiderant,ad
927 3205 1188 3260 affectum
1211 3205 1544 3276 perducunt.
1570 3205 1751 3271 Calor,
1786 3221 1954 3276 poena
1985 3223 2074 3260 re-

478 3292 802 3363 proborum,
829 3299 894 3348 ut
915 3293 972 3348 in
999 3294 1102 3348 Job
1126 3313 1137 3347 :
1167 3311 1197 3346 ‹‹
1228 3296 1277 3348 Α
1295 3294 1534 3349 nimium
1556 3295 1802 3348 calorem
1824 3299 2076 3350 transeat

477 3381 548 3436 ab
577 3382 737 3454 aquis
765 3382 979 3438 nivium
1003 3382 1068 3452 η,
1094 3403 1120 3438 .u
1153 3383 1301 3454 quod
1331 3383 1585 3438 damnati
1615 3401 1649 3438 a
1671 3383 1875 3453 frigore
1886 3389 2072 3438 trans-

479 3476 618 3526 eunt
643 3471 716 3526 ad
744 3471 1026 3526 ardorem.

550 3561 711 3618 Catia:
735 3565 824 3615 est
857 3560 1044 3634 passio
1074 3559 1302 3628 Christi,
1325 3565 1390 3615 ut
1407 3559 1467 3614 in
1496 3561 1796 3630 Evangelio
1821 3578 1832 3613 :
1875 3581 1896 3612 ε
1923 3560 2075 3614 Cali-

477 3665 600 3704 cem
629 3647 856 3722 quidem
909 3666 1100 3704 meum
1128 3648 1332 3704 bibetis
1362 3648 1426 3715 ‘3,
1467 3671 1489 3697 ι
1524 3649 1580 3702 id
1619 3656 1723 3716 est,
1753 3649 2072 3721 passionem

477 3754 664 3792 meam
687 3737 1071 3793 imitabimini.
1132 3739 1310 3804 Calix,
1358 3737 1650 3809 Scriptura
1700 3755 1878 3803 sacra,
1921 3743 1986 3792 ut
2014 3738 2074 3792 in

476 3826 692 3898 psalmo
727 3843 738 3880 :
793 3847 817 3878 ‹
853 3827 1011 3882 Calix
1047 3844 1207 3881 meus
1249 3825 1561 3901 inebriatus
1583 3826 1646 3893 η,
1679 3846 1700 3878 ι
1739 3827 1888 3898 quod
1919 3843 2080 3881 sacra

477 3915 786 3987 Scriptura,
820 3932 942 3987 quae
973 3915 1216 3970 inebriat
1241 3915 1554 3982 audientes,
1579 3915 1730 3970 clara
1759 3920 1861 3970 est.
1897 3917 2074 3982 Calan,

472 4003 748 4074 judicium
787 4004 910 4069 Dei,
933 4009 998 4058 ut
1043 4004 1102 4058 in
1133 4005 1352 4075 psalmo
1389 4021 1400 4056 ε
1439 4024 1460 4054 ι
1491 4004 1646 4059 Calix
1685 4005 1744 4058 in
1772 4021 1944 4059 manu
1973 4005 2080 4058 Do-

477 4091 618 4148 mini
645 4091 710 4158 ¹⁵,
736 4111 764 4144 »
814 4091 872 4145 id
901 4098 1005 4158 est,
1054 4091 1331 4161 judicium
1371 4092 1430 4146 in
1477 4098 1755 4164 potestate
1803 4093 1927 4159 Dei,
1959 4096 2082 4148 vini

424 4175 426 4180 ’
477 4179 768 4247 meri,sine
782 4180 934 4234 omni
945 4180 1076 4236 faece
1100 4183 1122 4204 *
1153 4181 1408 4252 justitim,
1437 4182 1683 4252 «plenus
1721 4181 1914 4248 mixto,
1934 4200 1960 4234 ι
1985 4181 2080 4236 bo-

477 4269 566 4324 nis
592 4269 740 4324 bona
770 4271 791 4292 ⁶
823 4269 988 4324 malis
1041 4270 1193 4324 mala
1221 4269 1554 4341 rependens.
1587 4271 1763 4336 Calix,
1787 4269 2076 4326 tribulatio

476 4363 818 4424 sanctorum,
852 4365 918 4412 ut
940 4359 1000 4412 in
1027 4359 1264 4430 psalmo,
1285 4379 1307 4410 α
1332 4358 1606 4413 Dominus
1633 4376 1764 4430 pars
1785 4359 2078 4414 haeredita-

2157 3203 2249 3258 hic
2290 3205 2590 3259 tentationi
2639 3205 2950 3260 resistendo
3006 3205 3200 3271 vincit,
3234 3205 3444 3258 clarum
3471 3200 3525 3253 in
3551 3196 3700 3250 futuro
3804 3237 3805 3278 ἶ

2159 3293 2533 3348 aeternitatem
2553 3300 2932 3365 aaternamquc
2961 3295 3284 3348 claritatem
3314 3287 3702 3346 habebit.CaIcu-
3803 3361 3805 3368 4

2157 3385 2263 3448 lus,
2287 3399 2452 3454 poma
2480 3383 2684 3454 linguae
2699 3383 3040 3448 mentientis,
3065 3389 3132 3438 ut
3150 3383 3211 3438 in
3233 3377 3542 3438 Parabolis:
3575 3393 3596 3426 ‹
3622 3371 3704 3425 Re-
3803 3393 3805 3416 ς

2156 3458 2404 3541 plebitur
2430 3489 2492 3526 os
2515 3472 2639 3541 ejus
2669 3471 2902 3537 calculo,
2949 3491 2976 3524 ι)
3009 3473 3162 3544 quod
3193 3471 3290 3543 qui
3325 3469 3414 3523 hic
3441 3467 3612 3535 lingua
3629 3475 3706 3530 per
3804 3501 3805 3504 η

2155 3559 2512 3614 mandacium
2543 3565 2753 3632 peccat,
2785 3561 2845 3614 in
2873 3560 3062 3614 mturo
3091 3561 3154 3614 in
3184 3561 3383 3632 lingua
3407 3572 3502 3629 per
3526 3563 3703 3625 prauam

2155 3649 2374 3709 ardoris
2403 3649 2762 3704 cruciabitur.

2227 3739 2398 3794 Gallis
2433 3745 2519 3793 est
2562 3739 2678 3793 vita
2723 3739 2996 3810 cujusque
3051 3737 3328 3810 religiosi,
3377 3741 3440 3790 ut
3475 3734 3529 3788 in
3557 3727 3704 3786 Isaia:

2163 3845 2192 3881 ι
2222 3828 2427 3882 Rectus
2456 3827 2612 3882 callis
2635 3827 2775 3898 justi
2805 3827 2875 3882 ad
2906 3827 3320 3883 ambulandum
3337 3825 3404 3891 3‘,
3440 3846 3461 3872 ο
3487 3819 3616 3894 quod
3640 3813 3710 3886 qui

2155 3917 2318 3988 juxta
2337 3915 2726 3986 religiosorum
2744 3916 2918 3970 vitam
2942 3917 3094 3982 vivit,
3125 3917 3190 3971 in
3207 3901 3711 3976 tortitudineiniqui-

2159 4005 2292 4060 tatis
2314 4022 2426 4059 non
2450 4005 2702 4060 offendit.
2739 4005 2846 4066 Per
2866 4001 3172 4072 calculum,
3205 4005 3474 4060 doctrinae
3497 4009 3712 4068 nequam.
3803 4021 3805 4030 η

2161 4099 2227 4148 ut
2251 4094 2310 4148 in
2339 4094 2482 4148 libro
2510 4094 2800 4150 Judicum:
2831 4115 2854 4146 (
2882 4093 3340 4149 Ambulaverunt
3367 4109 3467 4164 per
3491 4087 3636 4143 calles
3647 4081 3716 4134 de-

2159 4182 2354 4250 vios”,
2389 4202 2410 4235 ι
2442 4183 2499 4236 id
2519 4189 2624 4249 est,
2655 4183 2939 4238 doctrinas
2960 4183 3354 4254 sequebantur
3381 4193 3641 4236 erroneus.

2232 4273 2668 4328 Calceamentum
2687 4278 2774 4326 est
2784 4273 3110 4327 humanitas
3125 4272 3435 4337 Christi,ut
3449 4269 3505 4322 in
3523 4263 3713 4337 psalmo:

2164 4382 2186 4412 α
2204 4363 2270 4416 In
2291 4361 2600 4416 Idumaeum
2619 4361 2914 4416 extendam
2927 4362 3322 4416 calceamenta
3338 4358 3405 4428 ³³,
3418 4379 3438 4411 ι
3455 4357 3508 4412 id
3523 4360 3721 4422 estsgen'

473 4447 714 4515 tismeaa,
741 4453 799 4502 et
827 4447 1016 4502 calicis
1052 4447 1164 4502 mei
1187 4447 1252 4513 ¹⁰,
1279 4466 1304 4499 ι
1331 4447 1478 4518 quod
1509 4448 1660 4502 Deus
1688 4448 1916 4503 illorum
1945 4449 2351 4521 parsDtilitati
2395 4449 2652 4524 revelabg
2697 4451 3148 4505 incarnationem
3181 4467 3394 4504 meam.
3427 4449 3721 4504 Calceamen-

475 4541 578 4601 est,
613 4536 710 4608 qui
740 4553 841 4608 pro
869 4553 936 4590 eo
963 4535 1330 4592 tribulantur.
1349 4536 1723 4607 Calix,passio
1735 4543 2070 4609 martyrum,

473 4629 542 4678 ut
565 4623 625 4678 in
652 4625 868 4695 psalmo
901 4644 912 4678 :
943 4643 970 4676 α
1001 4625 1246 4680 Calicem
1275 4625 1540 4680 salutaris
1563 4625 1834 4696 accipiam
1856 4626 1916 4692 ιτ,
1954 4644 1980 4679 a
2018 4626 2074 4680 id

476 4717 580 4777 est,
594 4712 913 4783 passionem
926 4713 1186 4785 martyrii
1211 4714 1284 4768 ad
1307 4713 1682 4768 imitationem
1699 4714 1908 4769 Christi
1937 4715 2076 4768 tole-

475 4799 631 4856 rabo.
663 4801 841 4867 Calix,
875 4802 1165 4857 mundana
1191 4803 1466 4873 voluptas,
1481 4807 1548 4856 ut
1564 4803 1622 4856 in
1641 4803 1978 4875 Apocalypsi
2004 4803 2069 4870 ‘3,

473 4889 618 4945 calix
634 4905 840 4944 aureus
861 4889 1132 4962 Babylon,
1167 4891 1316 4962 quod
1353 4891 1587 4962 pulcher
1616 4891 1842 4962 quidem
1884 4898 2075 4948 noster

473 4979 720 5036 mundus
737 4979 865 5045 iste,
896 4980 994 5034 sed
1021 4981 1094 5035 ad
1125 4980 1510 5035 confusionem
1540 4980 1714 5035 ducit.

2159 4544 2296 4605 tum,
2323 4539 2662 4611 praedicatio,
2689 4541 2754 4593 ut
2804 4540 2862 4593 in
2901 4539 3354 4594 Deuteronomio
3391 4556 3401 4590 :
3445 4535 3657 4590 Ferrum
3679 4529 3721 4578 et

2156 4645 2230 4682 ars
2251 4629 2696 4683 calceamentum
2719 4630 2842 4699 ejus
2855 4627 2920 4695 3‘,
2950 4653 2972 4675 -
2997 4628 3056 4682 id
3078 4635 3186 4696 est,
3221 4626 3496 4682 fortitudo
3516 4628 3570 4677 et
3581 4616 3722 4673 tribu-

2156 4717 2290 4770 latio
2317 4717 2572 4788 scquitur
2615 4717 3072 4788 praedicationem
3102 4719 3252 4788 ejus.
3289 4712 3718 4772 Calceamcntum.

2155 4804 2425 4876 Operatio,
2458 4811 2523 4860 ut
2551 4805 2779 4860 inlibris
2807 4805 3026 4876 Regum
3051 4822 3064 4858 :
3097 4823 3125 4857 α
3159 4805 3369 4860 Posuit
3392 4802 3724 4858 Abnertem

2154 4911 2275 4948 rem
2303 4895 2478 4966 praelii
2510 4894 2569 4948 in
2598 4895 2974 4974 calceamento
2999 4910 3122 4961 suo,
3144 4912 3174 4946 ι
3194 4893 3351 4964 quod
3381 4887 3606 4964 quilibet
3624 4894 3724 4954 pra-

2159 5000 2256 5038 vus
2287 4984 2678 5038 crudelitatem
2703 4983 2992 5038 discordiae
3035 4989 3266 5037 exercet
3326 4981 3387 5036 in
3443 4991 3600 5050 opere
3623 4985 3722 5024 suo-
3755 5015 3763 5048 δ

545 5070 806 5125 Calamus
816 5074 905 5124 est
927 5069 1204 5136 Christus,
1222 5074 1288 5124 ut
1313 5069 1372 5124 in
1401 5069 1616 5140 psalmo
1640 5087 1651 5121 :
1671 5089 1696 5121 ί
1721 5069 1938 5143 Lingua
1949 5088 2078 5126 mea
2161 5073 2626 5138 Calceamentmn,
2649 5073 2795 5127 actio
2815 5071 3120 5140 mortifera,
3141 5077 3214 5126 ut
3243 5071 3308 5124 in
3332 5067 3546 5124 Exodo:
3563 5058 3723 5116 «SolVe
3757 5122 3764 5155 ἑ

546 5245 563 5279 ¹
589 5245 699 5301 Isa.
717 5259 866 5312 LXVI,
890 5243 980 5304 24.
1003 5245 1028 5279 ²
1052 5245 1200 5300 Psal.
1233 5260 1366 5311 XVII,
1393 5244 1476 5303 10.
1499 5247 1523 5280 ³
1555 5224 1714 5301 Psal..
1732 5262 1875 5314 XCVI,
1897 5248 1952 5302 2.
1979 5247 2002 5282 4
2040 5249 2078 5304 E

473 5315 640 5349 eam.
693 5331 764 5349 νυ
818 5317 881 5349 ιΙἻ
936 5316 962 5349 ο
991 5317 1114 5349 Βραι
1163 5315 1383 5349 νιηπ.⁶7
1429 5317 1475 5349 1ο
1505 5317 1600 5349 Ink
1652 5333 1826 5349 ννιηη
1879 5318 1910 5349 ε)
1956 5319 1996 5349 Η
2018 5320 2078 5349 α,

2171 5249 2209 5303 l.
2236 5265 2326 5317 xx,
2357 5249 2444 5305 2!.
2477 5252 2500 5284 δ
2523 5250 2627 5306 Job
2651 5265 2734 5315 III,
2765 5251 2820 5305 5.
2853 5249 2878 5284 ⁸
2909 5249 3014 5304 Job
3032 5263 3229 5316 XXXIII,
3267 5249 3320 5304 7.
3357 5249 3380 5282 τ
3407 5243 3575 5318 Soph.
3599 5254 3632 5298 ι.
3659 5229 3763 5314 ιδβ

2187 5335 2295 5349 νι...
2351 5319 2418 5349 an
2471 5321 2516 5349 η
2550 5322 2644 5349 τηι.
2671 5336 2802 5349 νυ...
2853 5321 2916 5349 In
2963 5321 3008 5349 Ia
3034 5320 3212 5349 unus.
3267 5335 3342 5349 νι-
3399 5317 3469 5349 0‘1
3515 5315 3558 5349 μ
3585 5292 3763 5349 Marri

521 5315 662 5370 Gen.
693 5331 782 5380 xv,
818 5317 905 5373 Η.
936 5316 962 5351 9
990 5317 1138 5372 Psal.
1163 5331 1326 5382 vaII;
1351 5315 1402 5373 7.
1429 5317 1475 5352 ¹⁰
1498 5317 1622 5372 Job.
1652 5333 1846 5383 XXVIII,
1867 5312 1931 5374 9'2.
1956 5319 1998 5356 ¹¹
2018 5320 2078 5374 6η

521 5424 529 5442 .
556 5383 645 5441 39.
676 5385 722 5423 ¹⁵
749 5387 896 5442 Psal.
924 5402 1060 5442 XXII.
1094 5386 1145 5442 5.
1174 5387 1220 5423 ¹⁰
1247 5388 1395 5442 Psal.
1428 5403 1610 5442 LXXIV.
1643 5389 1698 5442 9.
1730 5390 1774 5426 ¹⁷
1803 5390 1952 5442 Psal.
1985 5405 2074 5442 xv.

2187 5312 2322 5388 XXX,
2351 5319 2436 5377 39.
2471 5321 2516 5356 ¹³
2541 5322 2646 5377 Job
2671 5312 2820 5387 XXIv,
2853 5321 2916 5376 19
2963 5321 3008 5356 ¹³
3034 5312 3236 5376 Matth.
3267 5335 3365 5384 XX,
3399 5312 3558 5374 23:“
3583 5312 3722 5386 Mar?-

2196 5392 2240 5426 ¹⁸
2277 5392 2424 5442 Psal.
2467 5406 2592 5442 cxv.
2633 5391 2713 5442 i3.
2747 5393 2794 5427 ¹⁹
2820 5393 2992 5442 Anoc.
3017 5405 3148 5442 XVII.
3177 5391 3235 5442 4.
3269 5390 3324 5425 ¹⁰
3347 5389 3499 5442 Psal.
3520 5395 3654 5442 XLIV,
3680 5376 3722 5432 ῖῖ·

473 5399 529 5450 X,
556 5383 645 5441 39.
676 5385 722 5423 ¹⁵
749 5387 896 5443 Psal.
924 5402 1060 5454 XXII,
1094 5386 1145 5444 5.
1174 5387 1220 5423 ¹⁰
1247 5388 1395 5442 Psal.
1428 5403 1610 5453 LXXIV,
1643 5389 1698 5443 9.
1730 5390 1774 5426 ¹⁷
1803 5390 1952 5444 Psal.
1985 5405 2074 5456 xv,

471 5454 520 5531 ἶῖ
543 5455 1200 5531 133-_XXXV’.8:-',',P881-
1245 5473 1380 5527 XLII,
1413 5459 1500 5531 ‘3.
1533 5458 1582 5495 ³³
1609 5459 1712 5515 Job
1756 5475 1848 5528 XL,
1882 5458 1970 5517 16.
2013 5461 2062 5496 ²⁴

2196 5392 2240 5426 ¹⁸
2276 5383 2424 5448 Psal.
2467 5406 2592 5460 cxv,
2633 5391 2713 5450 13.
2747 5383 2867 5446 ¹⁹Ἀ
2909 5409 2992 5446 oc.
3017 5405 3148 5458 xvn,
3177 5391 3235 5444 4.
3269 5390 3324 5425 ὀ
3347 5383 3499 5444 Psal.
3520 5395 3654 5444 XLIV,
3680 5383 3722 5460 ζ·

2171 5464 2259 5518 od.
2291 5478 2498 5531 XXXVII,
2544 5465 2630 5518 l7.
2682 5462 2728 5498 ³⁵
2756 5409 2906 5518 Psaﬁ
2942 5477 3144 5527 LXXVII,
3179 5460 3238 5531 :i.
3271 5460 3325 5496 ³ο
3356 5461 3502 5515 Gen.
3543 5467 3622 5520 III,

471 5523 520 5606 ff
543 5526 691 5606 13ml.
725 5541 813 5594 ιν,
838 5516 897 5584 ’7.
926 5529 1150 5606 "£831.
1177 5516 1377 5594 xnvIII,
1403 5527 1457 5586 6.
1483 5529 1532 5566 ’9
1556 5531 1664 5586 Isa.
1697 5545 1772 5598 vr,
1798 5516 1854 5586 ὃ.
1887 5516 1936 5568 ³ο
1959 5535 2078 5606 Apo

2171 5516 2731 5599 εὶξίέῐςῖίῖἐαξὲίένι.
2757 5516 2822 5589 ἧς
2844 5516 2892 5570 ³²
2919 5516 3048 5588 Jud.
3081 5516 3144 5594 v,'
3168 5516 3226 5588 6.
3265 5531 3318 5568 ³³
3349 5531 3502 5587 Psal.
3526 5516 3631 5590 nx,
3657 5516 3724 5578 10-

471 5595 519 5632 ⁸ί
548 5599 712 5654 Deut.
737 5612 930 5666 XXXIII,
962 5597 1053 5656 95.

3720 5667 3760 5763 3
