3854 6164
168 336 250 393 885

1021 319 1454 386 ALLEGORIA!
1492 330 1570 385 IN
1609 324 1899 385 saeuam
1938 318 2417 386 summam.

3267 328 3373 385 886

168 460 406 527 casiaque
419 456 470 507 in
482 453 815 524 Babylonem
842 456 882 520 ί,
914 474 936 505 ι
960 454 1234 509 habitatio
1262 460 1349 509 est
1368 456 1685 510 daemonum
1703 458 1753 515 A
1771 456 2032 509 Cantica:
2065 474 2090 507 «
2114 455 2330 525 Adjnro
2348 470 2445 509 vos
2466 460 2567 525 per
2582 468 2817 524 capreas
2830 454 2895 513 ιθ,
2924 454 3023 508 rid
3044 460 3150 521 est,
3174 454 3370 509 crudis

169 546 520 617 ingentilitate:
557 562 577 593 (ι
605 544 800 597 Daniel
828 544 883 598 in
914 546 1055 607 lacu,
1106 564 1129 594 ι)
1169 546 1407 615 populus
1435 545 1689 615 gentium

170 638 375 691 habitans
401 635 451 686 in
483 632 706 703 regione
727 633 939 687 umbrae
964 634 1179 687 mortis.
1224 633 1584 703 Babylonem,
1612 634 1693 686 ait

168 728 355 787 Abacuc,
383 738 482 776 non
508 721 636 785 vidi,
670 728 728 775 et
761 723 943 775 lacum
992 722 1196 786 nescio,
1224 742 1245 772 ›
1280 726 1337 775 et
1371 722 1643 776 Dominus
1673 741 1684 774 :

169 836 187 865 ι
212 816 309 868 Non
326 828 433 866 sum
453 810 651 864 missus
668 810 775 864 nisi
796 812 866 864 ad
890 826 1017 864 oves
1036 828 1160 881 quae
1181 811 1470 881 perierunt
1490 812 1691 864 domus

166 904 295 959 Israel
319 902 359 952 ⁵.
387 921 407 951 ›
444 899 661 953 Abacuc
684 915 817 969 ergo
841 900 1040 971 capillo
1062 901 1116 953 in
1138 900 1479 971 Babylonem
1502 906 1690 953 trans-

164 989 492 1049 latus,Danieli
513 989 831 1059 prandium,
857 990 1004 1059 quod
1040 989 1379 1042 messoribus
1401 1005 1688 1059 praepara-

164 1078 492 1142 verat,attulit;
515 1082 571 1129 et
604 1078 946 1148 Redemptor
967 1083 1158 1131 noster
1180 1094 1279 1148 per
1300 1078 1688 1147 praedicatores

161 1186 258 1223 suos
271 1167 470 1223 verbum
486 1166 682 1219 salutis
700 1166 932 1221 Judaico
953 1168 1160 1237 populo
1179 1166 1538 1226 destinatam,
1558 1182 1692 1235 gen-

162 1258 271 1311 tibus
282 1255 609 1309 ministravit.
644 1274 668 1304 α
693 1256 947 1308 Surrexit
966 1255 1159 1308 Daniel
1180 1262 1237 1307 et
1256 1256 1527 1324 comedit;
1550 1254 1603 1302 ³»
1636 1260 1692 1307 et

161 1346 343 1417 populus
364 1345 608 1413 gentium
638 1344 708 1396 ab
737 1359 927 1397 errore
956 1360 1192 1413 surgens
1219 1344 1289 1397 ad
1323 1345 1491 1396 fidem
1521 1343 1691 1411 erigi-

160 1441 294 1492 tur.et
305 1434 483 1487 divinae
501 1433 770 1486 doctrinae
793 1432 995 1503 pabulo
1027 1434 1294 1487 reficitur.
1338 1433 1550 1486 Relicto
1576 1433 1686 1485 Da-

158 1525 277 1587 niele,
306 1523 506 1576 Abacur.
548 1522 607 1575 in
632 1523 833 1583 locum,
866 1522 1015 1576 unde
1047 1523 1354 1576 translatus
1384 1528 1487 1586 est,
1522 1521 1686 1576 resti-

157 1614 312 1666 tuitur:
329 1620 378 1666 et
389 1612 644 1666 Christus
665 1611 1010 1682 plenitudine
1037 1612 1291 1681 gentium
1317 1612 1595 1681 completa
1619 1610 1687 1664 ad

153 1702 325 1755 iudices
341 1700 555 1763 redibit,
581 1706 637 1754 et
659 1705 795 1755 tunc
817 1699 999 1755 omnis
1031 1701 1201 1753 lsrael
1232 1701 1416 1753 salvus
1438 1701 1553 1753 flet.
1586 1700 1692 1753 Per

1773 561 1868 597 vos
1894 546 1962 598 ad
1993 544 2246 598 virtutes.

1845 636 2026 701 Capra
2054 638 2139 685 est
2171 633 2432 695 Ecclesia,
2453 632 2592 685 utin
2624 632 2828 686 Genesi
2854 651 2865 685 :
2895 650 2920 679 «
2958 634 3127 686 Sume
3148 648 3369 685 vaccam

1772 722 2072 777 triennem.
2099 724 2155 772 et
2175 737 2401 790 capram
2420 720 2652 780 trimam
2672 721 2772 785 “,r
2808 721 2862 774 id
2885 726 2987 787 est,
3015 721 3370 791 Synagogam

1771 816 1828 863 et
1850 810 2167 871 Ecclesiam,
2194 824 2318 879 quae
2343 815 2583 879 utraque
2612 809 2791 862 credit
2818 810 3151 864 trinitatem.
3191 812 3371 877 Capra

1772 899 2188 969 contemplatio,
2234 903 2299 951 ut
2328 899 2384 951 in
2413 898 2658 952 Levitico
2692 916 2702 949 :
2762 916 2786 949 α
2829 897 3040 952 Olferat
3069 914 3273 969 agnam
3304 897 3374 951 de

1769 988 2175 1058 gregibus,sive
2188 1003 2413 1057 capram
2445 986 2508 1053 Π,
2532 1006 2557 1038 )›
2583 986 2636 1039 id
2658 992 2762 1045 est,
2783 986 2952 1040 vitam
2986 987 3374 1057 activam,quie

1772 1077 2015 1148 pertinet
2040 1077 2110 1129 ad
2135 1076 2360 1142 multos,
2379 1081 2436 1129 et
2456 1075 2966 1145 contemplativam,
2992 1092 3115 1147 quas
3137 1076 3205 1129 ad
3238 1092 3374 1146 pau-

1772 1183 1863 1219 COS
1871 1207 1883 1218 .

1846 1254 2052 1323 (‘arrerf
2071 1259 2153 1307 est
2176 1254 2391 1324 pondus
2416 1256 2788 1324 corruptionis
2811 1261 3037 1320 nostrae,
3063 1260 3126 1308 ut
3146 1254 3204 1307 in
3226 1252 3330 1307 Job
3355 1272 3367 1306 :

1778 1364 1801 1394 α
1832 1343 2262 1397 Cirwmdedisti
2293 1359 2381 1395 me
2413 1359 2635 1395 carcere
2668 1344 2730 1409 ‘3,
2755 1362 2782 1395 »
2819 1344 2875 1396 id
2898 1349 3002 1403 est,
3032 1342 3252 1396 vallastl
3282 1354 3373 1394 me

1771 1432 2018 1503 undique
2048 1432 2292 1502 pondere
2333 1431 2704 1502 corruptionis
2734 1449 2890 1486 mssa.
2927 1434 2948 1456 ⁹
2998 1430 3372 1501 Congregatio

1770 1521 2101 1584 infidelium,
2124 1520 2262 1574 utin
2298 1520 2660 1591 Apocalypsi:
2699 1541 2720 1569 ι
2760 1521 3018 1575 Solvetur
3038 1520 3274 1574 Satanas
3302 1519 3373 1572 de

1774 1613 1792 1634 θ
1821 1611 1942 1665 loco
1954 1626 2056 1663 suo
2077 1610 2139 1674 *9,
2167 1629 2193 1658 η
2240 1610 2383 1679 quod
2407 1610 2475 1661 de
2502 1610 2686 1671 malis,
2710 1611 2767 1663 in
2794 1609 2997 1680 quibus
3019 1610 3183 1662 modo
3212 1613 3372 1661 tene-

1772 1705 2024 1761 tur,tunc
2043 1698 2230 1752 exibit.
2260 1700 2476 1757 Carcer,
2492 1698 2800 1761 tribulatio,
2831 1704 2897 1754 ut
2918 1698 2975 1751 in
2998 1697 3331 1768 Apocalypsi
3356 1715 3368 1749 ε

156 1794 342 1857 mpillos,
371 1790 571 1859 angeli,
617 1796 680 1842 ut
716 1791 774 1842 in
807 1789 1143 1859 Apocalypsi
1169 1807 1179 1840 :
1216 1810 1237 1838 ι
1280 1788 1479 1859 Capilli
1531 1792 1694 1842 erant
1713 1782 1757 1842 B
1778 1805 1807 1841 ε
1840 1788 2111 1841 Missurus
2142 1791 2227 1840 est
2255 1804 2350 1839 vos
2382 1787 2436 1840 in
2470 1803 2751 1841 carcerem
2774 1787 2840 1851 ³ο,
2860 1804 2885 1839 s
2911 1787 2967 1840 id
2990 1793 3093 1849 est,
3121 1787 3180 1840 in
3202 1785 3376 1839 tribu-

154 1878 360 1937 candidi‘,
390 1899 410 1927 ι
444 1879 595 1949 quod
624 1878 807 1948 angeli
847 1877 1071 1931 Domini
1100 1878 1157 1930 in
1180 1877 1412 1947 perenni
1438 1876 1692 1930 claritate

154 1974 248 2019 sunt
264 1967 545 2037 perspicui.
572 1968 680 2020 Per
711 1970 937 2035 capillos
969 1972 1323 2019 sacramenta
1358 1966 1515 2035 legis,
1542 1972 1606 2019 ut
1634 1965 1691 2018 in

150 2055 343 2126 Job,ipse
361 2056 458 2111 Job
494 2056 795 2126 legiturl‘a
812 2055 995 2126 capite
1026 2056 1256 2126 capillos
1288 2055 1508 2114 rasisse,
1543 2055 1693 2124 quod

150 2145 352 2197 Christus
383 2145 521 2214 legis
555 2150 906 2198 sacramenta
936 2143 1005 2197 ab
1036 2144 1132 2197 illo
1166 2144 1347 2214 primo
1378 2143 1689 2197 sacerdotio

146 2234 280 2286 scitur
320 2232 603 2287 abtulisse.
644 2234 750 2288 Per
777 2237 1024 2301 capillos,
1054 2232 1460 2301 cogitationum
1488 2247 1686 2302 super-

147 2323 243 2385 ﬂua,
265 2324 389 2376 utin
410 2325 534 2392 lege
568 2323 592 2357 ⁸
609 2322 881 2392 jubentur
902 2322 1137 2375 Nazarei
1162 2321 1393 2392 capillos
1414 2321 1479 2374 in
1517 2321 1691 2374 sacri-

145 2412 227 2464 ﬁcii
244 2412 354 2481 igne
373 2428 585 2482 ponere
620 2431 631 2465 :
667 2412 816 2480 quod
844 2411 1074 2482 perfecti
1096 2410 1464 2479 cogitationes
1494 2426 1692 2479 super-

142 2501 252 2553 fluas
265 2502 471 2554 ﬂamma
494 2500 768 2554 dominici
786 2500 994 2553 amoris
1014 2499 1313 2552 incendere
1334 2499 1557 2551 debent.
1588 2499 1695 2551 Per

140 2592 337 2655 capillos,
371 2588 565 2659 populi
588 2588 798 2649 ﬁdeles,
828 2587 924 2658 qui
947 2588 1169 2641 Christo
1190 2587 1359 2657 capiti
1383 2588 1688 2652 adhaerent,

138 2683 183 2729 ut
198 2676 244 2730 in
262 2678 502 2731 Cantica:
540 2697 568 2729 ι
594 2677 793 2747 Capilli
812 2677 894 2731 tui
915 2677 1059 2731 sicut
1078 2693 1211 2745 grex
1228 2692 1547 2746 caprarum,
1571 2691 1694 2745 quas

138 2767 459 2821 ascenderunt
477 2768 555 2821 de
588 2769 804 2820 lavacro
826 2767 864 2827 7,
920 2784 946 2818 ι)
986 2767 1131 2836 quod
1164 2765 1353 2835 populi
1382 2782 1481 2835 per
1509 2764 1692 2835 bapti-

136 2870 281 2907 smum
302 2856 391 2909 loti
414 2872 646 2910 summa
661 2873 761 2926 per
782 2854 1122 2909 desiderium
1146 2859 1364 2924 petunt.
1394 2855 1499 2907 Per
1518 2857 1692 2921 capil-

138 2946 209 3007 los.
251 2950 462 2999 terrena
508 2945 808 2999 abundans
838 2943 1171 3006 substantia,
1212 2951 1277 2997 ut
1306 2944 1362 2996 in
1394 2944 1692 3012 Evangelia

135 3032 272 3086 Maria
313 3035 526 3105 capillis
581 3034 778 3104 capitis
819 3034 989 3104 pedes
1028 3032 1250 3087 Domini
1278 3031 1441 3085 tersit
1467 3032 1505 3096 3,
1543 3031 1691 3101 quod

1776 1877 2060 1930 lationem.
2085 1879 2301 1939 Um'cer,
2326 1891 2455 1928 caro
2488 1882 2699 1942 nostra,
2724 1881 2788 1930 ut
2814 1876 2871 1929 in
2895 1876 3112 1946 psalmo
3137 1894 3148 1928 :
3173 1894 3194 1925 ι
3224 1875 3375 1928 Educ

1774 1965 1843 2019 de
1858 1982 2080 2019 carcere
2103 1964 2349 2018 animam
2368 1964 2620 2029 meam”,
2650 1984 2675 2016 »
2707 1964 2763 2017 id
2785 1970 2888 2027 est,
2924 1963 3099 2017 libera
3127 1962 3374 2017 animam

1776 2070 1958 2107 meam
1991 2054 2060 2106 de
2087 2068 2317 2123 corpore
2341 2052 2534 2106 mortis
2560 2053 2745 2122 hujus.
2772 2054 2990 2118 Camer,
3018 2052 3291 2114 internus,
3313 2057 3377 2106 ut

1773 2140 1828 2194 in
1852 2141 2180 2209 Evangelia:
2218 2158 2243 2189 α
2287 2139 2462 2193 Judex
2484 2140 2671 2193 mittet
2700 2144 2757 2193 te
2779 2140 2833 2193 in
2876 2138 3225 2203 carcerem”,
3256 2157 3282 2191 ι
3316 2138 3371 2192 id

1771 2236 1872 2296 est,
1903 2231 1961 2284 in
1984 2230 2283 2283 infernum.

1845 2322 1985 2374 Uaro
2014 2318 2225 2373 Christi
2247 2317 2332 2373 vel
2364 2318 2460 2371 illa
2500 2323 2586 2370 est
2608 2332 2774 2387 quam
2797 2318 2857 2371 in
2878 2318 3043 2371 altari
3072 2317 3367 2382 sumimus,

1774 2410 1844 2462 de
1874 2424 1986 2478 qua
2013 2408 2252 2460 dicitur:
2284 2426 2308 2457 α
2346 2408 2490 2460 Caro
2511 2410 2531 2431 '
2562 2412 2758 2465 nostra
2780 2422 2908 2460 vere
2946 2414 3034 2460 est
3060 2405 3218 2461 cibus
3241 2404 3307 2471 ³³,
3346 2425 3371 2457 ι

1775 2502 1860 2555 vel
1902 2500 1998 2553 illa
2044 2517 2165 2571 quae
2206 2502 2315 2553 lixa
2366 2505 2452 2554 est
2496 2500 2554 2554 in
2584 2501 2755 2569 ligno,
2787 2494 2856 2554 de
2885 2514 2997 2570 qua
3024 2501 3084 2554 in
3111 2499 3327 2570 psalmo
3358 2515 3375 2553 ι

1779 2608 1803 2640 α
1833 2590 1975 2642 Caro
1996 2605 2120 2641 mea
2149 2588 2449 2642 immutata
2480 2593 2567 2641 est
2591 2595 2821 2659 propter
2846 2586 3100 2653 Deum“,
3134 2606 3154 2637 ι
3180 2587 3236 2640 id
3266 2591 3368 2652 est,

1774 2677 1832 2730 in
1857 2677 2097 2747 gloriam
2126 2677 2584 2742 immortalitatis,
2610 2683 2837 2747 propter
2853 2676 3096 2746 gratiam
3110 2675 3373 2746 spiritua-

1772 2768 1901 2820 lem.
1949 2769 2106 2830 Uaro,
2142 2775 2454 2836 peccatum,
2502 2770 2566 2819 ut
2614 2765 2671 2819 in
2699 2764 2801 2819 Job
2832 2784 2843 2818 :
2881 2786 2905 2816 ‹
2940 2766 3150 2836 Operui
3181 2764 3369 2818 cinere

1772 2871 1997 2908 carnem
2048 2854 2298 2918 meam”,
2325 2870 2349 2903 υ
2391 2854 2446 2907 id
2485 2859 2586 2919 est,
2628 2854 2811 2907 detexi
2847 2853 3165 2907 humilitate
3188 2853 3370 2925 paeni-

1774 2944 1961 2997 tentiae
2003 2945 2225 3014 culpam
2274 2959 2476 2996 meam.
2523 2944 2663 2995 Caro
2715 2956 2815 3011 per
2851 2947 3111 2995 naturam
3143 2940 3366 3001 dicitur,

1777 3050 1805 3084 α
1833 3049 1962 3086 caro
1987 3033 2056 3086 de
2084 3048 2252 3086 carne
2282 3048 2409 3089 mea
2439 3030 2504 3095 '3,
2553 3049 2580 3082 υ
2623 3031 2771 3101 quod
2800 3029 3137 3084 naturaliter
3162 3027 3371 3081 femina

132 3120 273 3174 ﬁdelis
300 3104 533 3194 quisque
569 3140 631 3176 ex
656 3138 757 3177 sua
772 3122 1118 3177 abundantia
1148 3121 1487 3195 pauperibus
1507 3104 1755 3174 neces-C
1776 3122 1845 3175 de
1875 3122 1991 3175 viro
2021 3127 2123 3175 est.
2170 3124 2329 3185 (faro,
2371 3120 2632 3173 infirmus
2664 3118 2917 3189 quilibet,
2942 3124 3005 3171 ut
3025 3118 3083 3170 in
3108 3116 3324 3187 psalmo
3355 3134 3366 3169 τ

129 3209 313 3264 sitatam
341 3211 565 3266 tribuit.

183 3302 419 3368 Capitalia
458 3306 601 3356 sunt
630 3302 740 3354 duo
777 3302 1157 3365 Testamenta,
1205 3304 1265 3352 ut
1316 3300 1374 3352 in
1404 3297 1559 3351 libris
1588 3299 1668 3352 Re

124 3404 264 3456 gum:
291 3410 313 3438 ε
337 3392 458 3444 Duo
487 3391 756 3461 capitalia
776 3405 945 3459 super
970 3389 1155 3459 capita
1182 3387 1625 3445 columnarum“.
1664 3407 1685 3437 ι

126 3480 241 3545 quod
266 3480 371 3533 duo
396 3482 765 3534 Testamenta
795 3479 853 3532 in
885 3477 1165 3531 mentibus
1195 3478 1508 3531 doctorum.

178 3568 450 3623 Castellum
479 3574 578 3623 est
606 3569 762 3638 virgo
783 3566 979 3632 Maria,
1013 3572 1079 3619 ut
1107 3566 1165 3619 in
1188 3566 1512 3636 Evangelia:
1541 3584 1569 3617 ι
1596 3566 1689 3618 In-

122 3657 259 3709 travit
273 3658 430 3712 Iesus
443 3660 502 3712 in
528 3657 814 3728 quoddam
836 3656 1124 3709 castellum
1142 3654 1241 3720 1°,»
1263 3655 1411 3724 quod
1434 3654 1692 3707 Christus

124 3742 167 3794 in
181 3745 464 3815 singularis
492 3746 731 3816 virginis
770 3745 921 3799 venit
949 3750 1192 3805 uterum,
1225 3746 1543 3806 (.‘astrllum,
1569 3747 1590 3769 "
1630 3748 1693 3796 ut

122 3831 163 3885 in
189 3832 510 3907 Evangelia:
558 3854 589 3885 at
628 3836 703 3890 ite
737 3834 796 3888 in
844 3834 1136 3889 castellum
1180 3833 1328 3903 quod
1371 3839 1569 3885 contra
1595 3848 1691 3885 vos

122 3922 257 3981 est“,
283 3940 303 3973 υ
329 3926 382 3978 id
417 3934 529 3991 est,
557 3925 617 3977 in
639 3923 912 3977 mundum
935 3922 1031 3992 qui
1060 3921 1216 3974 vobis
1252 3919 1568 3975 contrarius
1586 3926 1690 3973 est.

122 4010 573 4079 Capellum,mens
593 4019 806 4077 nostra,
842 4018 906 4065 ut
930 4011 987 4064 in
1009 4010 1308 4080 Evangelia
1331 4028 1341 4061 :
1375 4029 1397 4063 ι
1424 4010 1697 4064 Dominus

118 4098 314 4154 intravit
328 4120 459 4157 cum
481 4101 776 4172 disc1pulis
805 4101 863 4153 in
886 4100 1180 4154 castellum
1214 4100 1438 4159 Emaus,
1466 4105 1525 4151 et
1543 4099 1698 4167 agni-

123 4194 194 4241 tus
211 4197 289 4244 est
309 4191 380 4247 ab
419 4192 507 4246 eis
532 4191 599 4251 η,
628 4212 651 4241 υ
692 4191 839 4261 quod
870 4189 1094 4260 quando
1124 4187 1410 4242 nobiscum
1451 4187 1508 4240 in
1537 4186 1697 4241 nobis

118 4276 419 4346 ingreditur,
444 4282 575 4350 ejus
597 4278 757 4333 nobis
777 4279 1021 4349 cognitio
1047 4278 1351 4331 confertur.

169 4365 423 4435 Capparis
466 4374 560 4422 est
608 4368 762 4439 plebs
811 4367 1062 4431 Judaica,
1094 4372 1160 4422 ut
1205 4366 1263 4419 in
1313 4365 1688 4419 Ecclesiaste:

1778 3231 1800 3260 ι
1834 3210 2176 3264 Recordatus
2209 3216 2297 3262 est
2320 3209 2468 3279 quod
2499 3224 2628 3261 caro
2656 3213 2790 3261 sunt
2820 3207 2886 3271 τ’,
2920 3226 2943 3256 ο
2986 3207 3040 3260 id
3085 3210 3187 3271 est,
3221 3206 3374 3260 novit

1772 3300 2037 3362 radicem,
2059 3300 2205 3369 quod
2230 3298 2455 3367 fragiles
2473 3302 2624 3351 sunt.
2657 3300 2817 3359 Caro,
2849 3296 3076 3349 dilectio
3109 3294 3369 3361 carnalis,

1774 3389 1910 3442 utin
1927 3388 2059 3442 Job:
2088 3406 2113 3439 »
2135 3388 2547 3441 Tabescetcaro
2566 3385 2819 3450 illius”,»
2856 3385 2911 3438 id
2935 3390 3039 3451 est,
3066 3389 3373 3438 marcescet

1772 3494 1922 3530 caro.
1967 3478 2124 3541 Caro,
2159 3475 2603 3531 immortalitatis
2638 3473 2944 3544 corruptio,
2976 3479 3040 3526 ut
3068 3474 3128 3526 in
3160 3470 3366 3526 Paulo:

1777 3585 1799 3616 α
1833 3568 1977 3619 Caro
2006 3571 2065 3618 et
2088 3564 2318 3633 sanguis
2346 3576 2584 3631 regnum
2610 3562 2710 3616 Dei
2740 3574 2852 3615 non
2884 3560 2998 3626 9’,»
3027 3566 3155 3624 etc,
3190 3560 3369 3626 idest,

1772 3654 2056 3724 corruptio
2089 3651 2525 3722 incorruptelam
2552 3666 2666 3703 non
2701 3648 3023 3720 possidebit.
3056 3651 3215 3712 Caro,
3246 3662 3371 3701 car-

1773 3736 1916 3795 nalis
1937 3741 2191 3811 quisque,
2224 3740 2366 3793 utin
2389 3738 2621 3791 Genesi:
2652 3757 2677 3788 «
2718 3738 2842 3791 Non
2864 3734 3216 3806 permanebit
3244 3734 3371 3806 Spi-

1772 3833 1915 3887 ritus
1940 3847 2098 3884 meus
2121 3830 2180 3882 in
2211 3828 2457 3893 homine,
2489 3826 2638 3897 quod
2665 3837 2797 3879 caro
2818 3825 2980 3890 est”,
3009 3823 3107 3877 uid
3123 3829 3227 3889 est,
3260 3839 3372 3876 non

1778 3920 1984 3991 poterit
2012 3934 2132 3972 esse
2160 3917 2484 3989 spiritualis,
2531 3915 2781 3986 quandiu
2812 3914 3005 3968 studet
3025 3927 3147 3967 esse
3172 3921 3373 3966 carna-

1777 4009 1863 4062 lis.
1888 4011 2047 4073 Caro,
2067 4013 2219 4061 totus
2250 4007 2436 4070 homo,
2460 4009 2526 4058 ut
2553 4004 2611 4057 in
2638 4003 2813 4057 Paulo
2830 4020 2844 4058 :
2862 4023 2885 4053 ι
2911 4002 3209 4061 Manifesta
3236 4006 3370 4056 sunt

1778 4113 1951 4168 opera
1978 4096 2161 4150 carnis
2176 4096 2241 4161 δι,
2282 4116 2301 4145 ι
2334 4095 2391 4148 id
2417 4100 2520 4160 est,
2559 4092 2820 4160 hominis,
2866 4106 2980 4146 non
3016 4091 3169 4146 enim
3198 4090 3372 4149 solius

1778 4186 1980 4252 carnis,
2026 4186 2125 4239 sed
2182 4184 2354 4238 animi
2412 4189 2545 4237 sunt
2601 4182 2752 4248 vitia,
2800 4197 2925 4253 quae
2978 4186 3369 4235 numerantur.

1778 4277 1937 4337 Caro,
1965 4273 2243 4345 sapientia
2268 4271 2527 4337 carnalis,
2555 4276 2620 4325 ut
2652 4271 2709 4324 in
2741 4269 3042 4340 Evangelia
3060 4287 3072 4322 :
3090 4285 3118 4320 α
3144 4269 3288 4322 Caro
3315 4272 3375 4320 et

1777 4363 2007 4431 sanguis
2028 4380 2138 4416 non
2168 4360 2434 4415 revelavit
2468 4359 2690 4425 tibia,»
2718 4359 2773 4412 id
2797 4366 2899 4423 est,
2937 4358 3152 4411 inﬂatio
3170 4370 3374 4411 cama-

117 4472 134 4501 ι
155 4426 522 4528 Dissipabitih'
550 4426 806 4528 capparis
824 4456 889 4523 ‘3,
915 4476 941 4508 »
969 4426 1117 4526 quod
1138 4460 1367 4525 propter
1398 4452 1694 4508 increduli-
1708 4426 1758 4490 Β
1777 4452 1846 4505 lis
1863 4426 2151 4522 sapientiae
2173 4450 2487 4504 etscientioe
2510 4464 2622 4507 non
2649 4446 3027 4502 manifestavit
3044 4445 3167 4498 tibi.
3210 4446 3368 4509 Caro,

114 4546 262 4598 tatem
275 4546 534 4618 abjectus
564 4546 802 4617 populus
826 4546 1092 4600 Judaicus
1122 4550 1223 4597 est.

170 4632 364 4700 Caprea
394 4643 487 4689 est
516 4634 797 4699 Christus,
830 4639 895 4687 ut
923 4634 980 4686 in
1007 4632 1238 4686 Cantica
1263 4649 1275 4682 :
1305 4650 1329 4681 ιι
1364 4630 1577 4684 Similis
1608 4635 1695 4684 est

113 4717 321 4775 dilecms
337 4740 505 4777 meus
517 4739 754 4793 capreae,
785 4742 807 4774 υ
824 4722 970 4792 quod
992 4721 1249 4775 Christus
1267 4719 1693 4775 similitudinem

111 4812 330 4881 suscepit
350 4812 687 4865 humanam.
712 4812 937 4879 Caprea,
968 4810 1227 4873 Ecclesia,
1263 4814 1327 4862 ut
1346 4808 1405 4862 in
1433 4808 1687 4863 Cantica:

118 4914 134 4944 ι
166 4897 481 4967 Revertere,
510 4900 711 4954 similis
731 4906 871 4965 esto,
896 4899 1097 4953 dilecte
1125 4899 1218 4958 mi,
1248 4913 1461 4968 capreae
1480 4897 1523 4932 ¹⁴
1546 4917 1557 4963 ;
1585 4917 1611 4951 υ
1635 4898 1694 4953 id

111 4992 197 5049 est,
216 4989 333 5043 redi
364 4990 439 5043 ad
465 4988 963 5054 munditiam,mea
982 4987 1182 5052 forma,
1218 5003 1389 5057 quam
1408 4987 1479 5041 ab
1508 4987 1695 5042 Eccle-

111 5073 179 5126 sia
192 5080 514 5149 suscepisti.
553 5080 661 5133 Per
686 5094 907 5147 caprea:
926 5077 1162 5132 virtutes
1187 5076 1528 5141 animalum,
1554 5083 1620 5130 ut
1636 5077 1696 5131 in

1773 4534 2240 4611 concupiscentia,
2260 4544 2324 4592 ut
2342 4539 2401 4591 in
2431 4537 2605 4591 Paula
2626 4554 2641 4584 :
2688 4554 2713 4586 ι
2740 4538 2884 4589 Caro
2908 4533 3252 4604 concupiscit
3277 4528 3375 4585 ad-

1776 4646 1967 4683 versus
1994 4629 2256 4699 spiritum
2300 4627 2365 4693 ³³,
2406 4645 2430 4677 »
2473 4626 2527 4679 id
2586 4631 2689 4689 est,
2720 4624 2905 4677 carnis
2928 4621 3378 4693 concupiscentia

1776 4724 1967 4772 contra
1997 4717 2265 4771 animam.
2289 4717 2449 4777 Caro,
2471 4712 2754 4777 mollities,
2780 4717 2845 4767 ut
2870 4712 2929 4766 in
2953 4711 3184 4765 Genesi:
3210 4726 3233 4761 ιι
3258 4712 3372 4765 Tu-

1777 4807 1841 4860 lit
1874 4820 2044 4860 unam
2088 4806 2159 4859 de
2211 4804 2380 4858 costis
2432 4805 2574 4872 ejus,
2621 4810 2679 4855 et
2728 4800 2961 4872 replevit
3006 4814 3232 4854 carnem
3268 4814 3371 4871 pro

1776 4895 1924 4961 ea“,
1960 4915 1985 4945 υ
2015 4894 2165 4966 quod
2194 4893 2365 4947 robur
2410 4891 2682 4946 Dominus
2711 4904 3115 4962 nonnunquam
3146 4904 3184 4944 a
3210 4888 3371 4948 nobis

1778 4985 1976 5049 aufert,
2011 4990 2069 5037 et
2084 4982 2375 5037 mollitiem
2394 4981 2453 5034 in
2474 4979 2634 5034 nobis
2655 4997 2775 5034 esse
2804 4979 3101 5051 permittit.
3125 4980 3234 5032 Per
3251 4988 3375 5031 car-

1778 5074 2191 5129 nessententias
2222 5087 2395 5127 sacrae
2408 5070 2801 5141 Scriptum,ut
2819 5069 2878 5122 in
2892 5068 3105 5122 Exodo:
3135 5088 3158 5119 ι
3193 5067 3373 5121 Edent

169 5252 345 5309 ‘Daa.
380 5270 504 5317 xxv,
534 5255 621 5311 34.
649 5254 673 5291 ²
700 5255 898 5311 Matth.
933 5268 1024 5317 xv,
1058 5250 1146 5322 24.
1167 5252 1364 5306 3Vers.
1398 5250 1486 5322 38.
1518 5252 1543 5287 ⁴
1566 5253 1690 5322 Αροι

1784 5291 1797 5315 ,
1830 5251 1912 5307 14.
1939 5249 2087 5322 a‘Job
2110 5264 2154 5322 ι.
2174 5246 2263 5322 20.
2293 5248 2318 5281 ⁸
2347 5248 2515 5301 Num.
2540 5261 2615 5322 vi,
2652 5245 2735 5322 i8_.
2759 5246 3159 5322 {Cautum}.
3188 5243 3211 5279 ⁸
3233 5242 3365 5322 Luc.

112 5334 188 5395 tu,
214 5322 299 5380 38.
331 5324 425 5382 4’1.
462 5312 501 5358 θ’
532 5327 605 5381 lll
636 5326 772 5395 Reg.
802 5340 898 5389 vn,
945 5312 1032 5379 16⁷.
1074 5321 1121 5357 ¹⁰
1155 5325 1285 5380 Luc.
1318 5339 1371 5387 Χ,
1404 5320 1495 5395 ξ18.
1516 5322 1579 5395 ἐξ
1604 5312 1799 5378 Matth.
1834 5337 1989 5395 Lm,
2024 5321 2077 5395 θζ.
2101 5318 2159 5395 μ¹²
2198 5320 2522 5395 [λυοᾈχξεν.
2546 5318 2631 5381 13,
2674 5317 2752 5380 15,
2784 5316 2872 5395 3l_.
2974 5312 3151 5395 Eccle-
3180 5313 3365 5395 xm}.

109 5392 143 5461 i‘
167 5396 322 5450 (Eant.
356 5412 421 5461 Ir,
451 5396 515 5450 9.
548 5397 592 5431 ιδ
619 5384 783 5453 (luxit.
810 5384 896 5460 In,
926 5396 977 5451 5.
1013 5396 1058 5431 ¹⁰
1088 5395 1228 5451 Gen.
1260 5384 1368 5457 xv,
1394 5392 1446 5449 9.
1484 5394 1526 5430 ³⁷
1558 5394 1687 5449 Levi

1781 5409 1821 5457 ν,
1862 5392 1914 5448 6.
1949 5384 1993 5426 ¹⁸
2031 5390 2134 5446 Job
2166 5404 2262 5461 vn,
2301 5388 2390 5461 12.
2422 5390 2468 5423 ¹⁹
2495 5390 2666 5461 Apoc.
2686 5403 2795 5461 Axx,
2826 5387 2877 5443 7.
2908 5386 2960 5422 ⁸ο
2985 5386 3251 5461 Ap_oc.__l!,
3282 5384 3365 5461 ω.

105 5460 140 5494 ²¹
170 5465 310 5520 Psal.
344 5455 501 5527 ciu.
533 5467 583 5522 8.
606 5466 653 5501 ²²
677 5455 955 5531 Mettiuv,
989 5466 1077 5523 24.
1111 5465 1157 5502 ³³
1189 5455 1347 5521 Joan.
1383 5480 1458 5530 γι,
1505 5466 1589 5520 55.
1636 5464 1681 5500 ³⁸

1781 5455 1864 5520 sal.
1898 5476 2053 5528 cvm,
2087 5460 2175 5519 '24.
2210 5460 2257 5493 ⁸³⁵
2284 5460 2387 5515 Job
2414 5455 2588 5531 svn't
2602 5459 2651 5516 5.
2681 5458 2729 5493 ⁸³
2757 5455 3113 5531 Gen.~i1,_‘2§.
3128 5455 3187 5531 _*"
3216 5456 3364 5531 Paeg.

108 5547 292 5609 tam.
339 5537 436 5596 39.
468 5526 524 5577 ³⁸
550 5538 651 5593 Job
678 5552 869 5601 xxxm.
900 5526 988 5596 Ἡ.
1020 5537 1068 5573 ¹⁹
1106 5541 1129 5593 Ι
1161 5540 1288 5593 Cor.
1318 5551 1408 5602 xv,
1444 5526 1528 5593 5.0.
1556 5535 1603 5569 3°
1627 5536 1690 5590 Gl

1796 5551 1870 5591 γι.
1895 5537 1949 5589 3.
1980 5534 2022 5570 ³¹
2045 5526 2172 5589 Gal.
2204 5546 2256 5593 v,
2282 5531 2372 5586 19.
2404 5530 2453 5566 ³³
2482 5531 2682 5584 Matth.
2712 5545 2821 5589 XVI.
2854 5528 2943 5585 i7.
2969 5526 3018 5563 ⁸³
3040 5528 3164 5583 Gal.
3190 5534 3242 5591 v,
3286 5527 3366 5609 l7.

107 5602 300 5689 3‘fien.
333 5623 400 5673 ιι,
435 5610 535 5662 2|.
