3818 6168
491 249 594 307 887

1086 250 1151 306 B.
1191 249 1464 306 RABANI
1501 247 1735 304 MAURI
1769 246 2108 303 ARCHIEP.
2147 246 2472 303 MOGUNT.
2512 245 2813 304 OPEBUH
2846 245 3033 303 PARS
3065 246 3163 303 III.

3593 257 3673 314 888

492 391 689 431 carnes
723 382 887 431 nocte
911 375 1012 430 illa
1036 391 1197 431 assas
1219 375 1340 446 igni
1368 375 1407 441 ι,
1435 393 1459 426 ι
1499 374 1558 429 id
1586 378 1690 441 est,
1722 373 1783 428 in
1830 370 2083 428 obscuri-
2103 376 2150 434 Α
2169 376 2490 427 sanctorum
2526 371 2573 407 ¹⁷
2602 372 2753 443 quod
2799 370 3033 444 spiritus
3057 378 3360 430 sanctorum
3391 375 3676 435 laetantmin

493 469 613 520 tate
640 464 765 519 vitae
783 464 1095 537 praesentis,
1132 463 1428 520 sententiis
1454 480 1628 519 sacrae
1667 463 1968 534 Scriptum
1998 479 2088 516 re-

496 552 588 607 ﬁci
616 552 904 608 debemus.
950 554 1062 608 Per
1086 569 1336 617 carnem,
1368 551 1627 624 discipuli
1656 551 1885 621 Christi,
1913 555 1979 606 ut
2030 551 2090 605 in

494 640 627 696 Job:
647 658 673 693 α
698 641 839 696 Pelli
854 659 993 697 mea;
1021 642 1368 713 consumptis
1378 641 1641 697 carnibus
1655 641 1893 696 adhaesit
1909 639 2024 708 os’,
2060 658 2088 694 ι

496 730 648 801 quod
674 729 1019 802 fugientibus
1066 731 1356 803 discipulis
1403 731 1626 786 Christo
1664 730 1872 785 milites
1901 730 1961 784 in
1989 746 2095 784 sua

495 819 755 890 passione
786 819 1107 877 astiterunt.
1139 821 1249 875 Per
1275 835 1500 875 carnem
1532 819 1773 874 humiles
1800 819 2087 885 doctrinae,

496 908 633 963 utin
661 909 905 979 psalmo:
932 928 960 962 ς(
982 909 1137 964 Pluit
1160 926 1330 981 super
1356 925 1452 964 eos
1479 908 1627 964 sicut
1652 909 1938 981 pulverem
1967 923 2089 962 car-

499 1012 602 1052 nes
612 996 655 1063 3,
679 1016 702 1049 ι
733 997 793 1052 id
821 1003 924 1064 est,
949 997 1235 1053 doctrinas
1259 999 1340 1053 eis
1366 998 1525 1055 dedit
1553 997 1891 1064 humiles,ad
1921 997 2092 1052 actio-

498 1102 600 1141 nes
629 1087 994 1159 pertinentes.
1033 1088 1143 1142 Per
1191 1103 1418 1142 carnem
1456 1086 1686 1141 inﬁrma
1719 1102 1910 1158 opera,
1942 1090 2008 1141 ut
2033 1085 2093 1139 in

500 1174 793 1230 Parabolis
819 1192 832 1231 :
854 1199 878 1227 ι
910 1176 1044 1231 Vita
1068 1175 1376 1243 carnium‘,
1394 1195 1420 1229 η
1455 1175 1603 1247 quod
1623 1175 1671 1230 si
1688 1175 1906 1230 minute
1936 1175 2095 1230 inno-

497 1264 685 1319 centia
709 1265 1041 1331 custoditur,
1056 1271 1116 1320 et
1139 1265 1187 1321 si
1217 1281 1330 1336 qua
1356 1269 1490 1321 sunt
1516 1264 1651 1320 foris
1676 1264 1920 1329 inﬁrma,
1933 1262 2097 1318 robo-

497 1359 716 1411 rantur.
764 1354 875 1409 Per
918 1371 1143 1409 carnem
1181 1353 1363 1426 impii,
1408 1361 1473 1409 ut
1512 1354 1572 1409 in
1607 1353 2042 1409 Deuteronomio
2078 1371 2090 1406 :

501 1460 527 1493 ι
561 1441 798 1499 Gladius
820 1459 981 1498 meus
995 1442 1285 1498 devorabit
1303 1459 1502 1499 carnes
1519 1443 1560 1509 ⁵,
1572 1463 1594 1495 ι
1620 1442 1677 1497 id
1698 1448 1803 1507 est,
1816 1441 2095 1513 judicium

496 1531 1443 1604 meumcondemnabitimpios.Per
1463 1549 1689 1587 carnem
1712 1548 1888 1604 pinna;
1905 1546 2095 1602 repro-

497 1618 717 1687 borum,
758 1626 823 1675 ut
858 1621 918 1675 in
946 1621 1312 1694 Apocalypsi:
1342 1639 1370 1675 ι
1401 1622 1477 1676 Ut
1511 1621 1861 1677 manducetis
1897 1635 2094 1674 carnes

2170 461 2387 516 intimis
2405 461 2691 517 caelorum.
2726 463 2992 517 Cardine:
3010 461 3398 533 pradicatores,
3406 470 3467 520 ut
3489 466 3541 521 in
3562 467 3675 523 Can-

2170 550 2308 605 tico:
2332 570 2358 602 ι
2384 549 2608 605 Domini
2633 550 2783 605 enim
2805 557 2938 606 sunt
2963 551 3213 606 cardines
3232 553 3453 609 terrae“.
3480 557 3604 626 quod
3624 558 3677 611 ad

2172 639 2476 695 Dominum
2494 639 2784 711 pertinent
2802 639 3194 711 praedicatores
3207 641 3458 698 Ecclesia.
3469 645 3680 701 Cardine:

2172 729 2317 783 ﬁnes
2329 728 2683 795 mundi,utin
2696 728 2828 784 Job:
2858 748 2888 780 ε(
2908 729 3176 785 Cardines
3193 747 3401 802 quoque
3418 732 3564 788 maris
3585 750 3682 805 ope-

2172 816 2282 873 riet
2302 817 2366 885 ¹⁹,
2400 836 2432 873 ιι
2461 817 2520 872 id
2543 824 2650 885 est,
2673 818 2814 873 ﬁnes
2841 817 3039 874 mundi
3064 819 3229 890 leget.

2245 907 2516 961 Carboncs
2544 912 2679 962 sunt
2701 907 2959 973 virtutes,
3009 924 3136 980 qua:
3159 914 3316 963 erant
3335 908 3390 963 in
3409 909 3614 975 Christo,
3637 919 3685 965 ut

2173 994 2234 1050 in
2261 995 2386 1067 lege
2429 996 2659 1067 plenum
2708 995 3110 1052 carbonibus...
3140 996 3467 1053 thuribulum
3491 999 3685 1070 pontifex

2172 1084 2308 1139 tulit
2347 1083 2431 1159 in»
2453 1086 2660 1140 Sancta
2687 1091 3012 1141 sanctorum
3030 1085 3098 1153 ³ο,
3130 1086 3276 1158 quod
3300 1103 3485 1159 corpus
3507 1089 3686 1159 plenum

2174 1174 2382 1228 sanctis
2420 1156 2722 1231 virtutibus
2751 1175 3008 1230 Christus
3050 1156 3254 1230 levabit
3287 1176 3354 1230 ad
3390 1156 3555 1231 celos.
3590 1177 3689 1232 Car-

2175 1262 2535 1327 boncs,sancti
2555 1262 2657 1334 qui
2679 1262 2740 1318 in
2770 1264 2883 1318 ﬁne
2899 1279 3029 1318 cum
3053 1263 3286 1319 Domino
3308 1263 3619 1334 judicabant,
3641 1271 3689 1319 ut

2173 1349 2235 1405 in
2258 1350 2533 1405 Psalmis:
2572 1371 2598 1402 ιι
2645 1352 2862 1407 Cadent
2896 1369 3068 1424 super
3104 1368 3200 1408 eos
3226 1351 3478 1408 carbones
3494 1351 3552 1419 ²¹,
3579 1353 3688 1424 quod

2175 1438 2445 1511 reprobos
2486 1440 2717 1512 perfecti
2754 1441 2933 1496 sancti
2975 1457 3106 1497 cum
3145 1441 3374 1497 Domino
3403 1440 3687 1513 judicabant.

2177 1529 2707 1591 Carboncs.ardores
2715 1531 3216 1602 pcenitentiaa,utin
3234 1529 3519 1602 parabolis:
3540 1551 3563 1583 ι
3589 1532 3690 1584 Car-

2176 1617 2349 1676 bones
2385 1617 2533 1689 ignis
2580 1635 2848 1690 congeres
2889 1636 3063 1693 super
3087 1625 3257 1692 caput
3279 1620 3397 1691 ejus
3412 1617 3472 1686 3,
3502 1636 3527 1672 ι
3547 1618 3595 1673 id
3614 1626 3689 1685 est,

500 1725 701 1778 regum
728 1716 786 1764 et
819 1709 1181 1765 tribunorum
1207 1712 1250 1777 θ,
1280 1731 1302 1760 ι
1330 1709 1389 1765 id
1408 1716 1513 1773 est,
1552 1715 1617 1764 ut
1642 1709 1998 1764 delectemini
2025 1708 2095 1763 de
2115 1696 2163 1757 Β
2183 1706 2340 1761 bonis
2360 1706 2622 1778 operibus
2648 1708 2762 1762 tuis
2788 1708 3083 1764 inimicum
3289 1708 3358 1765 ad
3375 1707 3692 1780 penitentiam

498 1797 752 1853 cruciatu
769 1797 1281 1871 reproborum,tam
1305 1799 1586 1870 majorum
1606 1815 1775 1870 quam
1792 1798 2091 1854 minorum.

574 1887 812 1942 Carmen
842 1887 966 1943 laus
1001 1887 1123 1954 Dei,
1154 1894 1220 1942 ut
1248 1888 1307 1943 in
1335 1889 1591 1961 psalmo:
1622 1909 1642 1938 σ
1677 1887 1921 1944 Immisit
1947 1889 2005 1944 in
2034 1905 2097 1944 os

501 1990 693 2030 meum
721 1977 1005 2032 canticum
1053 1994 1278 2046 novum,
1312 1994 1542 2034 carmen
1570 1979 1708 2049 [Deo
1734 1979 1949 2050 nostro]
1997 1979 2018 2014 ⁷
2063 1997 2091 2030 ι

505 2064 563 2119 id
591 2069 696 2131 est,
728 2070 797 2119 ut
821 2080 978 2120 more
1006 2082 1133 2120 meo
1160 2066 1387 2122 laudem
1415 2067 1594 2122 Deum
1615 2083 1825 2122 meum.
1859 2068 2096 2124 Carmen

499 2153 683 2224 gloria
712 2153 971 2222 caelestis,
1002 2159 1068 2210 ut
1085 2154 1145 2209 in
1176 2155 1493 2210 Ezechiele:
1531 2177 1557 2205 α
1590 2157 1766 2211 Erant
1788 2155 2010 2228 scripta:
2038 2157 2097 2212 in

502 2241 646 2297 libro
674 2243 1105 2298 lamentationes
1157 2244 1256 2315 [et]
1282 2261 1511 2300 carmen
1545 2245 1588 2312 ⁸,
1627 2268 1648 2294 ιι
1698 2245 1847 2316 quod
1884 2246 2098 2300 luctum

501 2329 666 2386 nobis
694 2331 754 2386 in
789 2333 1071 2404 praesenti,
1112 2337 1170 2388 et
1189 2333 1430 2404 gloriam
1455 2333 1515 2388 in
1543 2333 1732 2389 futuro
1760 2350 1919 2389 sacra
1956 2334 2102 2389 Scri-

500 2424 671 2491 ptura
695 2421 1010 2477 denuntiat.
1033 2422 1144 2477 Per
1156 2437 1384 2477 carnem
1411 2423 1819 2478 consolationes
1842 2425 2096 2491 internae,

503 2513 570 2563 ut
596 2509 655 2563 in
681 2509 815 2565 Job:
860 2532 884 2561 ιι
914 2511 1084 2566 Dedit
1107 2511 1361 2566 carmina
1383 2512 1443 2567 in
1469 2518 1631 2567 nocte
1645 2512 1688 2579 θ,
1731 2536 1754 2561 ιι
1797 2513 1945 2584 quod
1974 2530 2102 2568 con-

505 2597 808 2652 solationes
845 2583 1118 2654 Dominus
1146 2600 1263 2655 suis
1291 2601 1506 2656 confert
1530 2603 1589 2656 in
1618 2583 1999 2657 tribulatione.

578 2685 883 2751 Carmelus,
917 2687 1014 2759 qui
1042 2687 1449 2759 interpretatur
1472 2693 1704 2745 sm’entc’a
1730 2693 2101 2746 circumcisio-

512 2775 622 2839 m's,
673 2775 916 2829 carnalis
943 2781 1032 2830 est
1057 2776 1370 2847 purificatio
1400 2779 1742 2847 Iudaeorum,
1776 2787 1841 2835 ut
1859 2779 1918 2834 in
1945 2779 2102 2836 libris

520 2861 776 2933 Regum:
835 2885 858 2913 ι
912 2865 1047 2919 Erat
1086 2865 1268 2921 Nabal
1316 2873 1377 2921 et
1420 2869 1696 2939 possessio
1724 2870 1847 2940 ejus
1876 2871 1934 2926 in
1969 2867 2103 2926 Car-

506 2950 654 3005 melo
669 2949 735 3018 1°,
763 2972 785 3003 ι
806 2953 957 3024 quod
971 2954 1178 3009 stultus
1194 2955 1223 3010 J
1230 2955 1462 3011 udaicus
1490 2958 1731 3028 populus
1750 2959 1810 3013 in
1826 2961 2101 3016 exteriore

2176 1795 2568 1851 commovebis.
2622 1799 2910 1865 Carboncs,
2960 1797 3222 1853 incendia
3257 1796 3541 1864 charitatis,
3573 1802 3626 1851 ut
3650 1795 3692 1850 in

2178 1885 2448 1940 Psalmis:
2482 1903 2511 1940 α
2560 1885 2752 1941 Nubes
2778 1886 3147 1950 transierunt,
3182 1886 3391 1958 grando
3415 1891 3468 1941 et
3485 1883 3695 1940 carbones

2178 1973 2327 2044 ignis
2368 1973 2434 2041 ’³,
2466 1993 2494 2028 ι
2528 1974 2680 2046 quod
2702 1973 3046 2031 'abundante
3090 1975 3383 2046 iniquitate
3408 1980 3463 2030 et
3483 1972 3695 2046 praedica-

2178 2062 2362 2118 tiones
2407 2080 2465 2119 δι
2491 2063 2954 2119 comminationes
2981 2064 3044 2119 in
3070 2063 3266 2119 multis
3303 2064 3533 2119 salubres
3562 2077 3696 2116 cessa-

2178 2150 2338 2219 bunt,
2384 2158 2444 2207 et
2492 2154 2734 2208 flammae
2764 2153 3059 2209 charitatis
3089 2152 3458 2224 refrigescent.
3486 2153 3698 2210 Carbone:

2180 2240 2361 2295 sancti
2396 2240 2520 2309 viri,
2539 2247 2605 2296 ut
2618 2241 2680 2296 in
2708 2242 3016 2298 Ezechiele:
3041 2261 3065 2294 ι
3099 2243 3177 2299 Ut
3200 2241 3457 2298 carbones
3488 2240 3612 2312 ignis
3630 2255 3698 2293 ar-

2181 2329 2364 2384 dentis
2379 2329 2446 2396 ",
2472 2348 2501 2385 ι
2535 2331 2594 2385 id
2622 2337 2726 2397 est,
2760 2335 2826 2387 ut
2852 2337 3178 2387 sanctorum
3203 2331 3442 2385 virorum
3463 2329 3701 2385 Dominum

2181 2418 2241 2474 in
2259 2420 2490 2475 occultis
2508 2420 3139 2488 amantium.Carboncs,
3167 2419 3314 2476 bona
3323 2419 3569 2490 exempla,
3594 2424 3646 2471 ut
3660 2417 3699 2469 in

2181 2508 2454 2564 Psalmis:
2489 2530 2512 2562 ι
2547 2510 2691 2564 Cum
2726 2509 3062 2565 carbonibus
3104 2508 3446 2565 desolatoriis
3468 2507 3526 2575 ’⁵,
3550 2506 3598 2561 id
3624 2512 3700 2569 est,

2181 2613 2310 2652 cum
2325 2598 2593 2670 exemplis
2614 2597 2939 2665 bonis,vitia
2954 2598 3324 2654 vastantibus.
3343 2598 3599 2662 Carboncs,
3617 2610 3705 2666 pec-

2182 2692 2417 2755 catores,
2444 2694 2509 2742 ut
2528 2688 2586 2743 in
2600 2688 2864 2743 Psalmis:
2903 2706 2930 2741 ι
2967 2687 3258 2743 Carbones
3276 2687 3508 2742 succensi
3524 2690 3633 2740 sunt
3651 2680 3701 2736 ab

2182 2775 2322 2844 eo”,
2343 2796 2366 2827 ι
2401 2777 2549 2848 quod
2579 2777 2744 2832 multi
2769 2776 2841 2832 ab
2869 2777 3073 2832 ardore
3092 2777 3235 2848 justi
3254 2778 3276 2801 ⁶
3309 2774 3551 2832 desiderii
3571 2771 3703 2828 extin-

2180 2864 2255 2919 cti
2286 2865 2678 2938 peccantisque
2707 2865 2854 2938 nigri
2884 2882 2921 2921 a
2958 2866 3079 2921 Deo
3106 2865 3356 2922 succensi
3391 2870 3445 2920 et
3467 2857 3702 2918 illummati

2181 2958 2332 3008 sunt.
2370 2955 2639 3010 Carbonss
2668 2954 2847 3026 iniqui
2882 2954 2943 3013 in
2981 2954 3151 3010 malis
3178 2955 3292 3011 suis
3338 2955 3704 3028 perseverantes,

506 3019 899 3110 puriﬁcatione
926 3042 1260 3110 conﬁdebat,
1289 3045 1439 3116 quod
1467 3019 1649 3101 Nabal
1691 3048 1898 3103 stultus
1926 3048 2103 3104 inter-
2122 3019 2248 3098 cut
2262 3043 2323 3098 in
2340 3043 2616 3101 Jeremia:
2649 3062 2676 3097 α
2703 3019 3012 3116 Denigrata
3035 3051 3127 3100 est
3138 3061 3309 3117 super
3328 3019 3705 3100 carbonesfacies

508 3133 785 3198 pretatur.
808 3130 1114 3199 Carmelus,
1132 3133 1376 3203 cognitio
1405 3140 1843 3201 secretorum,ut
1868 3137 1929 3192 in
1954 3139 2103 3194 Can-

504 3216 617 3270 tico
639 3235 651 3270 :
676 3237 703 3270 ι
731 3218 916 3291 Caput
949 3225 1113 3275 tuum
1140 3227 1207 3276 ut
1233 3223 1524 3279 Carmelus
1562 3224 1626 3289 “,
1665 3248 1682 3270 -
1730 3225 1786 3279 id
1811 3232 1916 3293 est,
1945 3244 2106 3283 mens

507 3309 611 3361 tua
636 3306 929 3362 scientiam
955 3314 1014 3364 et
1042 3309 1300 3365 notitiam
1330 3297 1501 3368 habet
1525 3318 1887 3370 secretorum.

581 3394 863 3464 Cartz'lago
889 3396 1142 3452 membra
1165 3406 1300 3454 sunt
1318 3398 1548 3467 diaboli,
1573 3407 1640 3457 ut
1660 3402 1719 3456 in
1742 3402 1846 3459 Job
1873 3421 1886 3457 :
1928 3422 1950 3455 ι
1974 3404 2108 3458 Car-

507 3482 683 3554 tilago
711 3485 834 3555 ejus
863 3486 1024 3557 quasi
1052 3487 1265 3543 lamina
1289 3489 1473 3545 ferrea
1503 3490 1568 3557 ¹²,
1619 3514 1636 3539 ι
1672 3491 1820 3563 quod
1849 3493 2106 3548 membra

510 3570 720 3628 diaboli
749 3590 846 3628 eos
875 3575 973 3647 qui
995 3577 1251 3633 membra
1277 3584 1414 3634 sunt
1441 3579 1670 3644 Christi,
1693 3581 1964 3637 tribulare
1991 3600 2105 3638 non

509 3667 749 3717 cessant.
1403 3687 1413 3693 -

583 3751 872 3808 Carcctum
889 3754 1131 3826 populus
1148 3755 1434 3824 Iudaicus,
1455 3761 1523 3812 ut
1547 3757 1605 3812 in
1625 3759 1845 3815 Exodo:
1873 3780 1901 3813 α
1925 3762 2106 3834 Expo-

511 3839 766 3895 suiteum
784 3841 845 3896 in
863 3848 1085 3899 carecto
1104 3844 1421 3912 ﬂuminis”,
1445 3866 1470 3899 ι
1500 3847 1649 3918 quod
1670 3849 1914 3920 primum
1942 3851 2106 3906 Chri-

511 3933 636 3982 stus
666 3945 866 4002 aspero
879 3933 1087 4003 populo
1111 3934 1345 3989 Judaico
1378 3935 1660 4006 apparuit.
1683 3938 1973 3994 Careclum
1993 3940 2108 3995 vita

511 4015 955 4088 hypocritarum,
996 4027 1062 4075 ut
1094 4021 1153 4076 in
1198 4021 1339 4078 Job:
1387 4041 1415 4075 α
1475 4025 1589 4079 Aut
1632 4032 1818 4097 potest
1861 4045 2110 4084 crescere

513 4111 798 4160 carectum
823 4107 946 4162 sine
983 4125 1132 4180 aqua
1154 4110 1218 4176 ¹⁴,
1256 4130 1284 4167 ι
1315 4112 1465 4181 quod
1501 4113 1805 4185 hypocrita:
1842 4133 1956 4172 non
2002 4119 2109 4173 nisi

514 4209 582 4247 ex
609 4209 853 4266 superno
868 4213 1101 4252 munere
1123 4197 1466 4254 viriditatem
1484 4200 1643 4257 bonae
1663 4205 2005 4275 operationis
2023 4224 2112 4262 ac-

512 4281 746 4354 cipiunt.

583 4373 992 4441 Carbunculus,
1044 4377 1138 4431 lux
1182 4393 1402 4448 magnae
1449 4378 1710 4445 scientize,
1760 4387 1826 4436 ut
1871 4383 1930 4438 in
1972 4385 2108 4439 Eze-

512 4459 752 4516 chiele‘5
778 4463 1148 4520 carbunculus
1178 4465 1385 4522 dicitur
1417 4469 1705 4540 operuisse
1741 4471 1989 4542 primum
2013 4490 2110 4529 an-

511 4551 722 4619 gelum,
755 4553 905 4624 quod
932 4554 1029 4609 lux
1060 4571 1284 4626 magnae
1322 4557 1570 4613 scientiae
1606 4559 1907 4616 illustravit
1926 4562 2104 4618 illum.

585 4639 864 4696 Caradion
883 4643 1081 4699 vitium
1109 4651 1196 4700 est
1212 4646 1588 4717 loquacitatis,
1610 4654 1675 4704 ut
1693 4649 1754 4704 in
1772 4649 1896 4721 lege
1914 4651 1961 4687 ³⁸
1983 4668 2110 4723 pro-

512 4726 741 4782 hibetur
769 4732 1010 4802 populus
1036 4733 1139 4788 Dei
1167 4736 1460 4791 comedere
1481 4740 1501 4760 ⁶
1521 4738 1807 4807 caradion,
1832 4741 1982 4811 quod
2012 4742 2107 4812 qui

509 4815 627 4871 Deo
655 4817 878 4888 placere
905 4821 1152 4892 student,
1174 4823 1309 4880 vitio
1338 4826 1692 4897 loquacitatis
1721 4828 1982 4885 insistere
2011 4847 2110 4885 no-

508 4904 652 4961 lunt.

578 4998 848 5053 Cardine:
865 5005 999 5055 sunt
1017 5002 1248 5073 spiritus
1280 5004 1538 5074 angelici,
1564 5005 1701 5060 utin
1720 5006 1880 5062 libris
1891 5009 2108 5080 Regum

507 5086 767 5142 cardines
809 5087 1073 5144 dicuntur
1097 5089 1270 5146 fuisse
1322 5093 1380 5147 in
1408 5093 1679 5150 interiore
1707 5096 1873 5152 domo
1917 5099 2107 5154 Sancti

2185 3148 2383 3188 eorum
2398 3133 2463 3199 ³⁷,
2497 3151 2525 3187 n
2554 3133 2610 3188 id
2641 3139 2744 3201 est,
2776 3134 2929 3206 ipsos
2958 3134 3121 3190 valde
3172 3133 3391 3208 iniquos
3434 3134 3489 3189 in
3524 3129 3707 3204 pravita-

2185 3222 2338 3278 tibus
2361 3222 2478 3278 suis
2505 3230 2885 3279 servaverunt.

2259 3313 2562 3377 Craticula,
2595 3327 2695 3366 cor
2749 3312 3051 3384 cujuslibet
3104 3312 3302 3376 sancti,
3353 3318 3417 3367 ut
3439 3311 3493 3367 in
3525 3306 3704 3366 Exodo:

2191 3420 2214 3452 ι
2249 3400 2589 3456 Craticulam
2613 3399 2674 3455 in
2726 3401 2959 3458 modum
2986 3402 3129 3457 retis
3158 3417 3370 3457 aeneam
3394 3400 3459 3461 ³⁸.
3490 3418 3516 3453 ν
3562 3397 3609 3452 id
3629 3398 3704 3457 est,

2185 3493 2432 3543 mentem
2461 3488 2566 3543 viri
2616 3489 2797 3545 sancti
2822 3490 2884 3546 in
2933 3491 3211 3546 virtutum
3257 3486 3628 3561 multiplicitate
3646 3497 3706 3536 r0-

2186 3575 2428 3632 bustam.

2259 3665 2452 3721 Crater
2503 3673 2592 3723 est
2637 3668 2776 3723 ordo
2803 3667 3255 3739 praedicatorum,
3298 3673 3361 3724 ut
3395 3668 3453 3723 in
3492 3662 3704 3721 Cantico:

2191 3773 2220 3810 α
2249 3757 2450 3825 Crater
2475 3756 2776 3825 tornatilis,
2806 3773 3100 3830 nunquam
3126 3759 3383 3831 indigens
3410 3755 3596 3830 poculis
3612 3750 3661 3813 ”.
3683 3766 3704 3799 ν

2188 3846 2338 3918 quod
2364 3847 2756 3919 praedicatores
2767 3847 2948 3903 sancti
2967 3852 3026 3903 et
3052 3865 3090 3902 a
3112 3848 3347 3904 crimine
3362 3852 3488 3904 sunt
3506 3841 3707 3905 alieni,et

2189 3937 2468 4008 spirituali
2498 3937 2698 4010 poculo
2714 3937 2890 4010 pleni.

2262 4029 2460 4084 Caseus
2485 4033 2574 4081 est
2608 4026 2863 4081 sohditas
2907 4028 3138 4095 mentis,
3180 4030 3247 4083 ut
3287 4027 3347 4082 in
3371 4024 3500 4082 Job:
3529 4041 3554 4076 ι
3592 4018 3707 4074 Sicut

2190 4131 2414 4170 caseum
2443 4132 2536 4170 me
2562 4114 2870 4186 coagulasti
2888 4114 2956 4183 ³ο,
2988 4115 3045 4170 id
3074 4123 3178 4182 est,
3211 4117 3271 4171 in
3299 4107 3708 4187 compaginatione

2190 4204 2556 4276 pigrescentis
2582 4203 2938 4275 cogitationis
2966 4222 3057 4260 me
3081 4205 3350 4261 solidasti.

2265 4296 2460 4349 Castra
2494 4300 2630 4349 sunt
2654 4294 2861 4365 angeli,
2891 4299 2959 4348 ut
2982 4295 3043 4350 in
3071 4295 3280 4351 Genesi
3306 4313 3318 4350 :
3369 4313 3395 4348 ι
3425 4293 3599 4347 Castra
3635 4282 3707 4341 Dei

2126 4342 2175 4400 D
2190 4389 2326 4439 sunt
2349 4383 2441 4439 hic
2460 4383 2562 4452 3‘,»
2592 4342 2782 4450 iii—esi,
2796 4342 2999 4456 Aitgeli
3028 4383 3130 4439 Dei
3150 4390 3286 4440 sunt
3310 4385 3348 4439 ii
3375 4383 3432 4437 in
3449 4379 3624 4452 quibus
3642 4373 3710 4426 h8-

2189 4474 2334 4529 bitat
2347 4475 2517 4529 Deus.
2541 4473 2736 4529 Castra
2762 4471 2865 4526 viri
2894 4473 3093 4539 sancti,
3126 4479 3193 4528 ut
3219 4473 3280 4528 in
3301 4469 3589 4528 Ezechiele:
3611 4482 3633 4512 σ
3656 4459 3707 4514 Ut

2190 4582 2363 4620 sonus
2389 4563 2766 4619 multitudinis
2790 4569 2962 4634 atque
2997 4568 3308 4619 castrorum
3343 4561 3406 4629 δ’,
3436 4579 3462 4615 ι
3486 4558 3535 4612 id
3555 4558 3638 4615 est.
3662 4554 3709 4603 ιιι

2188 4653 2342 4708 fama
2367 4652 2677 4731 multorum
2704 4657 3046 4709 sanctorum.
3066 4653 3260 4708 Castra
3272 4656 3390 4709 tota
3406 4645 3555 4736 simul

2189 4743 2290 4810 sia,
2320 4747 2391 4797 ut
2440 4725 2501 4795 in
2554 4741 2784 4796 Cantico
2816 4761 2829 4796 :
2866 4760 2893 4795 ι
2930 4741 3006 4798 Ut
3066 4745 3377 4796 castrorum
3427 4735 3557 4791 acies
3596 4725 3707 4784 ordi-

2187 4838 2324 4887 nata
2344 4831 2411 4900 33,
2449 4850 2472 4883 ι
2520 4831 2577 4884 id
2625 4835 2729 4896 est,
2762 4836 2830 4886 ut
2863 4847 3095 4887 concors
3149 4828 3400 4886 Ecclesiae
3432 4824 3700 4915 convertas:

2192 4921 2404 4988 Castra,
2437 4920 2674 4976 virtutes
2703 4921 3045 4992 spirituales,
3075 4926 3142 4976 ut
3168 4921 3229 4975 in
3258 4917 3474 4974 Cantica
3498 4931 3511 4967 :
3546 4927 3571 4964 α
3595 4903 3703 4972 Quid

2189 5011 2401 5066 videbis
2428 5011 2487 5065 in
2517 5011 2889 5078 Sunamitide,
2940 5011 3049 5067 nisi
3080 5011 3277 5066 choros
3299 5012 3578 5063 castrorum
3605 4995 3654 5061 “s
3681 5010 3700 5045 ³

2190 5101 2337 5173 quod
2365 5100 2424 5155 in
2452 5101 2659 5172 populo
2687 5100 2940 5167 Judaico,
2959 5101 3182 5173 quando
3206 5110 3489 5155 conversus
3503 5081 3701 5173 fueritad

581 5175 600 5209 ¹
626 5175 817 5260 Exod;
830 5192 929 5260 xli,
953 5176 1006 5260 8_.
1031 5179 1056 5213 ³
1079 5180 1314 5260 Jobmx,
1341 5179 1430 5260 20:
1461 5182 1486 5216 ³
1514 5184 1660 5238 Psal.
1680 5199 1896 5260 ingrvit,
1923 5185 2013 5242 ‘27.
2045 5187 2068 5223 ⁴
2090 5171 2249 5260 Prov.
2282 5204 2393 5255 xw,
2422 5171 2512 5246 3C.
2530 5171 2568 5222 7‘
2595 5189 2773 5260 Deut.
2790 5203 2964 5260 xxxii,
2976 5171 3086 5246 712.
3116 5189 3141 5224 °
3160 5190 3328 5260 Apoc.
3359 5198 3462 5260 ω.
3497 5171 3698 5260 1.3-:

506 5260 693 5313 xxxrx,
718 5247 770 5304 4.
794 5248 818 5284 ⁸
847 5249 1041 5304 Ezech.
1073 5264 1134 5313 ιι,
1169 5248 1259 5308 10.
1291 5251 1316 5287 θ
1341 5253 1446 5308 Job
1472 5269 1636 5309 xxxv.
1676 5255 1720 5313 1.
1743 5255 1831 5312 ¹⁰Ι
1858 5247 1978 5364 Reg

507 5329 628 5364 VIII.
659 5318 749 5364 11-
783 5319 830 5353 ³⁵
862 5321 1275 5364 R1ﬂ0h,YYVlll’,
1330 5324 1396 5364 12
1448 5325 1494 5359 16
1530 5327 1639 5364 Inv
1699 5343 1755 5364 vr
1826 5327 1886 5364 tu
1961 5329 1978 5364 1

507 5329 628 5381 VIII,
659 5318 750 5394 tt.
783 5319 830 5394 ᾖ
859 5321 1054 5394 Ezech.
1085 5337 1280 5389 xxvm,
1330 5324 1413 5379 13.
1448 5325 1494 5359 ³⁸
1530 5327 1658 5381 ch.
1699 5343 1775 5394 χι,
1826 5327 1905 5384 l9.
1937 5318 2030 5384 ﬁI

1982 5239 2151 5323 .m,‘
2170 5239 2222 5316 ᾗ.
2238 5239 2490 5314 item:
2502 5239 2509 5241 ἡ
2523 5239 2632 5323 vn:
2650 5239 3141 5327 ΒζῖίῑόἰῐὲξιῖῙΒ.
3160 5239 3475 5327 iii-iisan,
3504 5249 3550 5327 3A.
3568 5246 3610 5327 1‘
3623 5239 3699 5327 1°?

2232 5311 2772 5398 νιιξέὄῖίεξῖεέιὶη.
2806 5311 2870 5397 ξιξ
2892 5311 3045 5389 ’έῗίο
3060 5311 3165 5387 33b
3184 5311 3362 5395 xit—svi,
3387 5311 3472 5398 3οζ
3500 5311 3692 5398 ’θμεξοίξο

516 5348 628 5381 uu,
667 5348 750 5372 ιι.
787 5348 828 5353 ’θ
859 5348 1054 5376 mauu.
1087 5348 1280 5389 iuvui,
1330 5348 1413 5379 lo.
1452 5348 1494 5359 ’ν
1530 5348 1658 5381 ων.
1700 5348 1775 5394 XI,
1828 5348 1905 5384 l3.
1941 5348 1978 5364 “
2006 5348 2029 5384 l
2062 5348 2077 5385 Ι

508 5400 634 5453 xxx,
662 5386 752 5467 3-4.
771 5388 1004 5467 :‘gsal.
1034 5407 1256 5467 cxxxiii,
1289 5395 1377 5467 11.
1425 5393 1474 5430 ²²
1501 5398 1662 5452 Prov.
1695 5414 1820 5465 xxv,
1849 5398 1939 5455 22.
1982 5400 2077 5457 ³³1

2189 5373 2197 5384 .
2232 5348 2328 5398 vn,
2368 5348 2457 5388 au.
2492 5348 2589 5394 "(1
2621 5348 2772 5386 nam.
2806 5348 2868 5397 II,
2903 5348 2958 5389 δ.
2998 5348 3045 5367 ιν
3063 5348 3165 5387 ,ιου
3184 5348 3362 5395 xxxv],
3387 5348 3469 5382 ου.
3502 5348 3540 5356 π
3565 5348 3692 5372 ωνιιο

2189 5443 2200 5456 ο
2233 5417 2367 5467 XVII.
2395 5401 2484 5460 13.
2535 5401 2583 5436 ²⁴
2614 5402 2807 5458 Ezech.
2836 5418 2874 5465 ι,
2919 5400 3005 5460 13.
3040 5402 3088 5438 ³⁵
3114 5402 3258 5458 Psal.
3280 5413 3419 5463 CXIX,
3448 5382 3692 5467 όκκΡξῇ·

507 5470 642 5541 ivli,
668 5457 723 5541 9.
771 5457 816 5494 ³⁷
843 5462 1166 5541 Τμωλῆ
1186 5453 1253 5522 8.’
1289 5465 1336 5500 ³⁸
1364 5468 1531 5541 Exod.
1562 5453 1822 5534 mm:
1860 5453 2077 5528 iCant

2189 5453 2525 5539 ἑζέῗῦοἷόι)
2555 5453 2814 5541 χῆὗῖῖιὶ
3023 5453 3365 5540 διίιὶξὲξῦ
3378 5453 3550 5526 Ezech.
3576 5473 3608 5517 ι,
3625 5453 3692 5510 24.

504 5526 553 5563 ³³
580 5529 743 5589 Cant.
772 5543 847 5594 v1,
881 5532 935 5595 3,
969 5533 1024 5588 9.
1055 5534 1104 5571 ³4
1124 5526 1206 5591 Ib.
1238 5553 1382 5591 vers.
1419 5537 1499 5595 l2.
