3818 6168
178 283 262 340 889

1041 275 1473 331 ALLEGORL‘E
1508 275 1588 330 IN
1625 273 1917 334 SACRAM
1955 274 2436 332 SCRIPTUM.

3275 261 3408 324 890‘

176 407 328 472 ﬁdem,
353 409 664 460 ornamenta
690 406 860 456 erunt
874 399 1250 472 spiritualium
1277 401 1570 457 virtutum.
1594 402 1766 462 σει-Α
1785 400 1960 467 sione,
1993 401 2262 456 videbunt
2287 401 2361 456 in‘
2376 401 2745 474 plenitudine,
2771 398 3124 471 requiescent
3143 397 3205 452 in
3231 411 3380 456 sum-

171 501 280 562 δῖνα,
307 497 684 566 persecutores,
724 496 790 545 ut
839 489 898 545 in
936 491 1152 562 psalmo
1186 510 1198 544 :
1237 509 1263 542 (ί
1309 490 1370 545 Si
1396 491 1705 546 consistant
1784 505 1879 544 ma
1907 506 2061 561 pace.
2098 490 2278 560 Igitur
2304 491 2490 562 prima
2523 491 2791 546 cathedra
2821 494 2908 544 est
2934 485 3268 559 iniquitatis,
3300 501 3384 538 se-

172 587 416 640 adversum
445 599 528 635 me
555 586 741 635 castra
759 580 797 641 ¹,
822 579 879 634 id
905 585 1008 643 est,
1030 581 1253 650 quando
1270 579 1410 634 mihi
1441 581 1705 634 resistent
1784 579 1968 634 cunda
1999 579 2298 650 aequitatis,
2341 579 2512 634 tertia
2538 579 2838 633 felicitatis.
2863 577 2971 642 Qui
3001 576 3058 630 in
3089 575 3273 647 prima
3301 589 3384 628 se-

169 671 424 728 adversarii
442 670 564 736 mei,
598 669 656 724 in
687 669 801 723 Deo
829 669 1125 723 confidam.

225 762 420 817 Galulus
447 765 530 814 est
556 758 830 822 Christus,
862 763 926 812 ut
944 757 1002 812 in
1025 758 1228 813 Genesi
1252 776 1263 811 :
1293 777 1318 810 «
1347 758 1578 813 Catulus
1596 758 1708 812 leo-

168 851 252 917 nis,
269 849 397 904 Juda
412 847 451 914 ³,
477 866 502 900 ν
524 849 582 902 id
619 853 723 914 est,
751 846 1008 901 Christus
1028 847 1096 901 de
1117 846 1268 902 tribu
1296 848 1326 901 J
1331 847 1460 901 uda.
1479 847 1706 902 Catulus

166 940 364 1012 populus
391 937 669 1002 Iudaicus,
692 942 757 991 ut
778 937 836 991 in
859 936 1074 1008 psalmo
1097 954 1108 989 :
1139 955 1164 988 (ί
1189 937 1348 991 Sicut
1358 936 1576 991 catulus
1595 936 1707 990 leo-

165 1030 234 1084 nis
249 1026 481 1081 habitans
517 1026 576 1080 in
610 1025 814 1080 abditis
831 1025 873 1090 ³,
903 1046 926 1076 ι
954 1025 1102 1096 quod
1149 1025 1437 1080 Christum
1467 1023 1706 1097 populus

160 1117 386 1172 Iudaicus
414 1120 743 1186 persecutus
770 1121 873 1182 est,
895 1115 1142 1185 primum
1165 1115 1215 1168 ei
1239 1113 1508 1168 insidians
1537 1114 1596 1168 in
1620 1131 1707 1168 oc-

163 1205 311 1260 cultis.
339 1206 576 1269 Catulus,
593 1203 866 1268 diabolus,
891 1209 956 1258 ut
975 1204 1038 1258 in
1053 1203 1196 1265 libro
1217 1203 1480 1258 Judicum
1499 1221 1535 1257 a
1553 1204 1710 1258 Sam-

161 1310 268 1348 sone
311 1293 516 1348 catulus
553 1293 732 1348 leonis
769 1293 1108 1348 interﬁcitur
1125 1291 1166 1358 ⁴,
1219 1293 1369 1364 quod
1405 1309 1440 1346 a
1487 1293 1708 1347 Christo

162 1381 374 1437 diabolus
397 1387 713 1452 superatur.
743 1382 854 1436 Per
877 1386 1086 1436 catulos
1115 1381 1370 1453 apostoli,
1395 1381 1534 1436 utin
1561 1381 1666 1436 Job
1691 1401 1702 1436 :

164 1491 182 1522 ι
204 1471 434 1525 Animam
477 1471 794 1524 catulorum
845 1469 1102 1542 implebis
1121 1471 1164 1534 ⁵,
1197 1491 1224 1522 ν
1257 1470 1312 1524 id
1351 1477 1455 1537 est,
1487 1470 1708 1524 deside-

161 1561 276 1614 rium
321 1561 698 1630 apostolorum
739 1565 796 1614 et
837 1560 1096 1614 Ecclesiae
1135 1559 1566 1614 consummabis.
1599 1560 1710 1613 Per

161 1651 328 1703 catulos
355 1648 610 1704 homines
629 1649 870 1720 reprobi,
893 1655 957 1703 ut
974 1649 1032 1704 in
1060 1649 1310 1720 psalmo:
1343 1669 1364 1698 ι
1389 1649 1574 1703 Catuli
1589 1649 1706 1703 leo-

1787 666 1941 734 dent,
1975 666 2296 722 subdantur
2314 668 2490 734 carni,
2520 667 2578 722 in
2610 666 3026 739 perpetratione
3051 663 3235 718 omnis
3261 679 3384 734 pec-

1787 755 1924 822 cati;
1949 756 2121 826 quiin
2151 757 2415 825 secunda,
2451 756 2755 828 praesident
2790 753 3045 810 Ecclesiae
3064 753 3124 808 in
3143 750 3384 807 auctori-

1787 849 1904 898 tate
1921 845 2057 899 recti
2068 845 2296 916 judicii;
2325 846 2420 916 qui
2439 846 2498 900 in
2528 845 2715 909 tertia,
2741 845 2995 900 exultant
3021 859 3148 898 cum
3177 841 3294 896 Deo
3321 839 3383 894 in

1788 933 2101 988 aeternitate
2128 933 2304 990 felicis
2323 935 2534 1006 gaudii.
2569 935 2646 992 Ex
2669 934 2758 989 his
2781 932 3064 988 cathedris
3086 930 3271 1004 prima
3297 934 3385 982 est

1787 1023 2102 1088 devitanda,
2117 1024 2363 1078 secunda
2377 1023 2638 1088 amanda,
2653 1023 2822 1078 tertia
2835 1019 3224 1087 desideranda,
3233 1017 3382 1089 quod

1787 1111 1988 1182 prima,
2020 1111 2254 1179 malitia,
2277 1113 2524 1167 secunda
2550 1112 2716 1179 bona,
2749 1112 2918 1166 tertia
2945 1111 3128 1164 beata.

1862 1203 2072 1256 Catena:
2108 1207 2242 1256 sunt
2277 1201 2645 1272 obligationes
2685 1201 2970 1266 vitiorum,
3011 1204 3076 1254 ut
3113 1198 3172 1252 in
3210 1197 3332 1266 lege
3365 1215 3376 1250 :

1795 1308 1820 1340 α
1855 1290 2116 1360 Confregi
2147 1295 2372 1345 catenas
2397 1294 2417 1314 ⁶
2445 1290 2719 1344 virtutum
2735 1294 3048 1344 vestrarum
3066 1287 3131 1353 ¹⁰,
3153 1305 3179 1339 ι
3199 1286 3255 1339 id
3276 1290 3380 1351 est,

1791 1379 2052 1451 dissipavi
2083 1379 2452 1450 obligationes
2479 1379 2712 1451 peccati,
2744 1395 2866 1450 quae
2905 1383 3122 1432 mentes
3165 1380 3385 1429 vestras

1791 1467 2199 1540 deprimebant.
2255 1471 2484 1535 Catena,
2522 1468 2874 1534 aﬂlictiones,
2905 1471 2971 1521 ut
3011 1467 3070 1520 in
3097 1463 3232 1520 Job:
3276 1463 3384 1518 «Si

1789 1555 1998 1612 fuerint
2025 1558 2084 1611 in
2113 1557 2346 1624 catenis,
2377 1563 2435 1612 et
2462 1558 2779 1612 vinciantur
2821 1554 3049 1610 funibus
3087 1557 3386 1625 pauperta-

1789 1645 1940 1711 tis“,
1965 1665 1990 1696 »
2010 1645 2066 1698 id
2095 1649 2199 1711 est,
2233 1646 2487 1716 quamvis
2506 1645 2717 1700 fuerint
2742 1645 2798 1698 in
2829 1647 2849 1668 *
2883 1641 3300 1707 afflictionibus,
3328 1646 3387 1695 et

161 1755 266 1792 num
291 1739 589 1808 rugientes,
619 1745 684 1793 ut
712 1739 935 1809 rapiant
949 1739 991 1804 ⁸,
1018 1756 1046 1790 ι
1069 1738 1217 1808 quod
1246 1737 1503 1792 homines
1529 1737 1705 1808 pravi,
1727 1721 1772 1780 Β
1791 1734 2038 1804 ligentur
2063 1733 2296 1790 vinculis
2327 1735 2613 1804 egestatis.
2648 1736 2877 1798 Catena,
2897 1734 3051 1788 durae
3079 1732 3232 1802 leges
3245 1746 3385 1800 gen-

163 1843 233 1898 qm
246 1827 506 1882 daemones
519 1833 840 1898 sequuntur
851 1827 1028 1882 bonos
1058 1827 1318 1898 persequi
1341 1843 1452 1881 non
1467 1833 1704 1882 cessant.

160 1916 244 1970 Per
263 1919 455 1970 catulos
489 1916 858 1984 detractores,
893 1923 956 1971 ut
991 1916 1049 1970 in
1078 1915 1216 1970 Job:
1257 1935 1282 1968 (ι
1315 1916 1523 1970 Dentes
1549 1921 1708 1970 catu-

160 2003 304 2058 lorum
319 2005 540 2060 leonum
574 2005 799 2060 contriti
829 2005 1016 2070 sunt",
1047 2024 1072 2054 ι
1106 2005 1160 2058 id
1185 2010 1290 2070 est,
1321 2003 1491 2058 verba
1518 2005 1708 2059 detra-

156 2099 335 2147 ctorum
362 2095 651 2149 destructa
679 2100 828 2149 sunt.
859 2095 968 2149 Per
995 2097 1203 2148 catulos
1231 2093 1533 2158 daemones,
1561 2099 1625 2148 ut
1652 2094 1711 2148 in

157 2183 333 2252 psalmo
357 2201 368 2235 :
391 2203 415 2236 ε(
445 2183 713 2238 Animam
737 2200 920 2239 meam
948 2183 1018 2237 de
1046 2183 1232 2237 medio
1260 2183 1575 2237 catulorum
1603 2183 1714 2237 leo-

157 2287 263 2324 num
278 2271 315 2330 ⁸,
341 2291 363 2322 ι
393 2272 446 2326 id
477 2278 586 2336 est,
602 2273 844 2327 redemit
869 2289 961 2327 me
986 2273 1055 2326 de
1068 2277 1345 2344 potestate
1366 2272 1704 2326 daemonum.

157 2359 242 2412 Per
255 2364 454 2415 catellas
477 2361 744 2432 gentiles,
777 2368 842 2415 ut
868 2361 926 2416 in
975 2361 1274 2432 Evangelio
1307 2378 1318 2414 τ
1351 2378 1379 2412 α
1411 2360 1611 2415 Catelli
1639 2361 1709 2415 de

155 2447 282 2502 micis
309 2449 473 2504 edunt
489 2450 534 2516 9,
563 2467 591 2502 »
625 2450 774 2520 quod
795 2449 1036 2520 gentiles
1063 2467 1234 2504 sacrae
1265 2449 1566 2521 Scriptura;
1595 2466 1710 2504 me-

158 2535 330 2592 dullam
353 2538 669 2610 inquirunt.

212 2626 454 2682 Gallicam
503 2628 767 2699 quaedam
815 2633 902 2682 est
929 2628 1144 2696 mundi,
1179 2629 1237 2682 in
1275 2645 1387 2698 qua
1414 2645 1527 2682 non
1556 2629 1714 2684 sedet

156 2714 399 2782 Christus;
423 2717 690 2787 quaedam
715 2717 942 2788 Moysis,
955 2717 1015 2772 in
1035 2733 1148 2788 qua
1175 2717 1490 2772 Phariszeus
1505 2722 1592 2772 est
1610 2734 1712 2772 au-

153 2803 375 2866 diendus;
407 2807 672 2876 quaedam
699 2807 1006 2872 seniorum,
1037 2806 1095 2861 in
1119 2823 1231 2878 qua
1247 2805 1510 2861 laudatur
1538 2807 1708 2862 Deus.

154 2891 308 2946 Prima
324 2895 774 2966 estpestilentiae,
791 2896 1038 2950 secunda
1051 2895 1483 2966 justitiae,tertia
1496 2895 1708 2964 gloriae.

152 2980 309 3036 Prima
341 2989 424 3038 est
449 2984 724 3040 mollities
751 2983 1106 3040 damnabilis.
1125 2985 1400 3050 Secunda,
1413 2985 1713 3040 austeritas

1789 1823 1954 1888 tium,
1987 1828 2051 1876 ut
2081 1823 2139 1877 in
2169 1823 2504 1894 Evangelio:
2540 1843 2562 1874 α
2601 1823 2796 1893 Neque
2817 1822 3049 1886 catenis,
3079 1821 3198 1891 jam
3230 1817 3384 1890 quis-

1791 1929 1960 1983 quam
1977 1928 2106 1966 eum
2133 1918 2354 1983 poterat
2380 1913 2556 1982 ligare
2574 1911 2638 1978 ‘9,
2660 1933 2682 1960 ι
2707 1911 2856 1982 quod
2879 1911 3188 1965 humanum
3207 1923 3386 1979 genus

1790 2017 1894 2056 nec
1910 2001 2045 2071 ipsae
2064 2001 2218 2056 durae
2237 2001 2388 2071 leges
2415 2000 2681 2057 Gentium
2701 2017 2736 2054 a
2757 1999 2999 2070 peccatis
3019 2002 3283 2069 poterant
3300 2013 3389 2050 co-

1792 2090 2004 2144 hibere.
2029 2092 2256 2155 Galenus,
2291 2089 2524 2144 virtutes
2546 2087 2884 2160 spirituales,
2907 2095 2974 2142 ut
2997 2087 3057 2140 in
3089 2085 3246 2139 libris
3274 2085 3386 2139 Re-

1791 2196 1928 2250 gum
1961 2197 1973 2233 :
2015 2197 2040 2231 «
2075 2179 2144 2234 Et
2170 2179 2330 2250 quasi
2366 2179 2426 2233 in
2464 2179 2695 2233 modum
2721 2178 2858 2232 retis
2887 2181 3215 2231 catenarum
3231 2172 3295 2240 ‘3,
3329 2172 3387 2226 id

1794 2274 1898 2335 est,
1913 2269 1984 2323 ad
1999 2268 2238 2322 formam
2251 2267 2682 2340 multiplicitatis
2693 2269 2963 2320 virtutum
2981 2263 3380 2336 spiritualium.

1793 2357 2019 2424 Galena',
2054 2363 2356 2429 praesentes
2384 2356 2792 2423 tribulationes,
2824 2359 2888 2409 ut
2917 2355 2976 2408 in
3005 2352 3336 2408 Ecclesiaste
3367 2370 3379 2404 :

1797 2466 1820 2497 ι
1853 2447 1934 2500 De
1973 2447 2185 2501 catenis
2217 2447 2514 2517 quisquam
2546 2445 2834 2516 egreditur
2860 2443 2931 2497 ad
2974 2441 3227 2513 requiem
3247 2439 3311 2502 1‘,
3359 2457 3381 2489 ι

1794 2535 1942 2606 quod
1971 2551 2007 2590 a
2033 2534 2399 2607 praesentibus
2426 2532 2886 2588 tribulationibus
2913 2529 3091 2586 sancti
3129 2529 3200 2583 ad
3227 2533 3388 2582 aeter-

1795 2641 1927 2679 nam
1956 2624 2282 2696 pertingant
2299 2623 2571 2695 requiem.

1868 2715 2166 2768 Gataractz
2187 2718 2322 2767 sunt
2341 2712 2600 2784 apostoli,
2623 2718 2689 2765 ut
2725 2711 2784 2764 in
2812 2711 3029 2781 psalmo
3055 2725 3066 2760 :
3105 2727 3128 2758 ι
3162 2709 3228 2762 In
3256 2721 3389 2760 voce

1796 2808 2205 2856 cataractarum
2236 2809 2464 2856 tuarum
2489 2801 2551 2863 ’5,
2579 2821 2601 2851 ι
2637 2800 2784 2871 quod
2813 2803 3133 2870 peccatores
3161 2799 3392 2868 sperant

1796 2891 1864 2945 de
1876 2889 2258 2944 misericordia
2266 2889 2385 2954 Dei,
2393 2905 2494 2960 per
2503 2887 2959 2960 praedicationem
2969 2885 3365 2956 Apostolorum
3374 2923 3387 2937 .

1797 2981 2114 3044 Galaractav,
2154 2978 2442 3049 profunda:
2461 2977 2753 3032 sententiae
2780 2992 2951 3030 sacrae
2980 2975 3300 3045 Scriptura,
3325 2978 3392 3026 ut

152 3070 416 3140 spiritualis
434 3073 752 3144 regiminis.
766 3073 974 3140 Tertia,
992 3074 1309 3128 sublimitas
1330 3073 1570 3128 caelestis
1583 3073 1712 3128 bea-
1727 3081 1772 3140 ο
1793 3069 1852 3123 in
1879 3068 2108 3123 Genesi:
2137 3086 2162 3120 α
2179 3069 2248 3122 Et
2261 3073 2556 3122 cataractae
2567 3065 2690 3120 coeli
2709 3071 2918 3136 apertae
2933 3070 3067 3118 sunt
3086 3063 3152 3128 ίθ,
3171 3085 3192 3111 ι
3209 3062 3266 3116 id
3283 3065 3386 3126 est,

152 3158 387 3216 titudinis.
409 3163 474 3218 In
503 3163 698 3234 prima
715 3163 913 3218 sedent
939 3163 1093 3228 mali,
1124 3163 1184 3217 in
1211 3163 1458 3217 secunda
1485 3161 1635 3228 boni,
1651 3163 1711 3217 in

151 3249 288 3304 tertia
311 3249 474 3306 beati.
513 3253 586 3306 In
614 3252 798 3322 prima
815 3258 1154 3324 peccatores,
1169 3251 1227 3306 in
1255 3251 1501 3306 secunda
1525 3252 1714 3306 docto-

152 3351 238 3404 res,
269 3337 321 3393 in
346 3341 515 3395 tertia
544 3346 828 3412 regentes.
863 3341 1111 3396 Primam
1135 3341 1460 3396 cathedram
1487 3341 1547 3395 hi
1579 3357 1716 3412 qua-

151 3428 254 3480 tuor
277 3429 436 3498 pedes
463 3435 814 3492 sustentant,
846 3430 1192 3500 negligentia
1219 3430 1326 3496 sui,
1361 3429 1560 3484 oblivio
1589 3429 1710 3496 Dei,

149 3513 285 3568 decor
311 3518 661 3586 visibilium,
695 3519 892 3573 dulcor
931 3519 1366 3573 delectabilium.
1399 3518 1718 3573 Reclinato-

153 3603 274 3658 rium
299 3608 433 3677 ejus,
457 3608 678 3679 peccati
707 3607 1022 3672 delectatio,
1055 3607 1313 3678 pulvinar
1351 3607 1564 3679 peccati
1591 3623 1716 3678 per-

152 3695 371 3763 petratio.
385 3697 935 3768 Negligentiasui,et
951 3695 1152 3751 oblivio
1172 3696 1272 3751 Dei
1293 3681 1575 3750 interioris
1598 3695 1717 3750 ani-

150 3796 232 3836 me
257 3785 434 3839 oculos
466 3792 700 3840 eruunt.
723 3785 902 3840 Decor
928 3785 1096 3850 visus,
1123 3791 1181 3840 et
1193 3785 1386 3839 dulcor
1403 3783 1716 3838 dilectionis

150 3872 425 3928 mortiferos
455 3876 587 3945 ejus
616 3874 851 3946 pedibus
896 3875 1128 3946 laqueos
1157 3873 1462 3928 involvunt.
1496 3873 1718 3928 Peccati

147 3957 404 4017 delectatio
434 3963 598 4018 illam
640 3963 930 4034 illaqueat,
959 3963 1173 4034 peccati
1216 3979 1344 4016 vero
1373 3961 1716 4033 perpetratio

150 4045 276 4102 illam
303 4052 638 4123 praecipitat.
667 4052 922 4116 Quatuor
947 4052 1202 4106 secundae
1225 4051 1504 4106 cathedrae
1523 4050 1714 4121 pedes,

149 4143 359 4204 quatuor
383 4147 520 4194 sunt
561 4140 876 4195 cardinales
915 4141 1170 4206 virtutes,
1205 4138 1522 4211 prudentia,
1557 4139 1718 4192 forti-

149 4225 276 4291 tudo,
290 4228 530 4296 justitia,
559 4229 952 4300 temperantia.
969 4227 1406 4283 Reclinatorium
1419 4229 1558 4297 ejus,
1577 4227 1720 4280 dile-

1795 3157 2082 3228 profundae
2110 3173 2282 3211 sacrae
2311 3156 2611 3227 Scriptura:
2650 3159 2888 3209 ostensae
2909 3152 3206 3208 sententiae
3233 3154 3386 3204 sunt.

1865 3247 2077 3302 Gauma
2105 3245 2253 3296 zelus
2282 3249 2370 3298 est
2390 3244 2540 3308 fidei,
2560 3249 2624 3299 ut
2648 3243 2708 3298 in
2735 3243 2840 3298 Job
2863 3261 2876 3296 :
2897 3261 2924 3296 α
2949 3243 3093 3296 Ossa
3111 3257 3238 3294 mea
3255 3255 3387 3307 aru-

1798 3338 1966 3388 erunt
1997 3350 2114 3404 prae
2149 3337 2407 3387 caumate
2437 3332 2500 3398 ⁸⁷,
2519 3352 2546 3385 ››
2573 3333 2631 3386 id
2661 3338 2764 3399 est,
2795 3332 3030 3386 virtutes
3048 3347 3188 3384 meae
3207 3345 3392 3383 emar-

1797 3429 2036 3478 cuerunt
2062 3439 2164 3493 pro
2193 3422 2308 3476 zelo
2328 3438 2472 3475 meo.

1868 3513 2056 3566 Gauda
2089 3517 2173 3564 est
2199 3510 2631 3581 perseverantia,
2667 3513 2731 3562 ut
2769 3509 2826 3562 in
2871 3509 3013 3578 lege.
3047 3505 3286 3576 jubetur
3311 3505 3395 3540 “3

1796 3599 2002 3655 auferri
2031 3600 2088 3653 in
2108 3599 2400 3664 sacriﬁcio,
2423 3599 2570 3669 quod
2598 3596 2874 3651 habeatur
2895 3594 3313 3667 perseverantia
3331 3593 3391 3646 in

1795 3689 1941 3744 bono
1965 3705 2153 3759 Opere.
2193 3689 2383 3744 Gauda
2417 3685 2800 3757 opprobrium,
2834 3691 2898 3740 ut
2933 3685 2992 3739 in
3031 3685 3155 3754 lege
3186 3703 3196 3737 :
3235 3701 3261 3734 ί(
3307 3683 3392 3736 Tu

1797 3779 1909 3832 eris
1937 3778 1996 3832 in
2024 3777 2260 3832 caudam
2280 3775 2344 3840 ‘9,
2362 3793 2388 3830 ›)
2413 3775 2470 3829 id
2496 3779 2599 3840 est,
2615 3775 2674 3828 in
2693 3773 3060 3846 opprobrium
3079 3778 3138 3826 et
3156 3771 3395 3842 ignomi-

1797 3869 1968 3922 niam.
2003 3867 2209 3926 Gauda,
2245 3864 2372 3919 ﬁnis
2396 3864 2602 3924 saeculi.
2631 3869 2696 3918 ut
2721 3863 2780 3916 in
2820 3862 3041 3917 Exodo:
3081 3879 3108 3912 α
3142 3859 3393 3916 Extende

1798 3973 2030 4011 manum
2061 3961 2238 4021 tuam,
2255 3961 2312 4009 et
2326 3953 2682 4026 apprehende
2703 3952 2941 4007 caudam
2968 3952 3092 4020 ejus
3110 3949 3176 4010 ³ο,
3195 3967 3222 4001 »
3245 3947 3394 4020 quod

1799 4047 1857 4101 in
1904 4047 2016 4100 ﬁne
2067 4043 2256 4098 saeculi
2302 4060 2404 4114 per
2459 4042 2707 4112 gratiam
2757 4057 2917 4095 suam
2963 4039 3120 4094 dabit
3167 4037 3393 4093 Judaeis.

1802 4137 2010 4200 Gauda,
2041 4132 2440 4196 Antichristus,
2476 4138 2539 4186 ut
2569 4131 2628 4185 in
2663 4130 2793 4186 Job:
2819 4149 2844 4182 «
2889 4129 3140 4199 Stringet
3166 4127 3400 4182 caudam

1802 4239 1962 4278 suam
1993 4222 2152 4294 quasi
2169 4222 2399 4275 cedrum
2413 4218 2478 4286 θί,
2509 4239 2533 4272 (ί
2564 4219 2712 4290 quod
2739 4219 2898 4272 illum
2927 4218 3257 4272 damnatum
3295 4215 3398 4269 ho-

149 4311 354 4382 ctioDei,
373 4319 659 4389 pulvinar,
676 4318 1064 4372 testimonium
1079 4317 1453 4372 conscientiae.
1474 4317 1722 4370 Pruden-
1803 4312 2013 4366 minem
2045 4311 2102 4365 in
2132 4310 2437 4365 maximam
2469 4307 2824 4363 altitudinem
2851 4305 3107 4360 elevabit.
3139 4305 3250 4358 Per
3273 4319 3399 4357 cau-

149 4401 215 4454 tia
235 4421 349 4474 qua:
389 4407 698 4474 illuminat,
748 4407 1018 4462 fortitudo
1049 4423 1173 4478 quae
1214 4405 1460 4470 roborat,
1502 4399 1938 4476 justitiaDdam
1972 4399 2375 4463 blandimenta,
2411 4404 2476 4452 ut
2521 4397 2580 4451 in
2607 4394 2972 4467 Apocalypsi:
3014 4412 3040 4445 «
3086 4394 3399 4447 Potestates

152 4505 252 4560 quae
275 4501 523 4562 exornat,
560 4496 940 4568 temperantia
977 4513 1099 4567 quae
1151 4495 1455 4550 modiﬁcat.
1489 4493 1724 4549 Dilectio
1804 4506 2078 4561 equorum
2105 4489 2163 4542 in
2191 4487 2383 4542 caudis
2407 4503 2604 4541 eorum
2617 4485 2685 4552 η,
2707 4505 2728 4536 ι
2773 4483 2921 4556 quod
2941 4486 3248 4553 potestates
3279 4481 3394 4536 hae-

151 4577 234 4633 Dei
275 4600 394 4653 quae
438 4585 711 4650 laetificat,
755 4584 1142 4640 testimonium
1180 4583 1532 4638 conscientiae
1575 4583 1724 4654 quod
1805 4579 2106 4633 reticorum
2136 4578 2193 4631 in
2224 4575 2622 4630 blandimentis
2647 4589 2863 4628 eorum.

152 4673 467 4742 tranquillat.
495 4675 562 4728 In
592 4673 861 4728 cathedra
887 4674 1057 4728 tertia
1085 4679 1340 4745 quatuor
1369 4673 1538 4744 pedes
1569 4678 1722 4739 sunt,

151 4756 424 4816 electorum
455 4763 670 4817 scilicet
694 4763 954 4829 essentia,
989 4761 1261 4834 potentia,
1295 4761 1545 4826 scientia,
1583 4760 1724 4814 dile-

152 4844 258 4900 ctio.
279 4848 742 4917 Reclinatorium,
769 4851 1072 4923 praesentia
1100 4850 1300 4906 divinae
1325 4850 1573 4904 visionis.
1594 4849 1726 4903 Pul-

1879 4669 2126 4721 Gat‘erna
2139 4665 2436 4719 estvulnus
2452 4665 2512 4718 in
2530 4665 2706 4717 latere
2724 4661 2970 4726 Domini,
2985 4666 3051 4714 ut
3069 4660 3127 4714 in
3139 4659 3369 4714 Cantico
3384 4676 3395 4712 :

1811 4775 1838 4810 ‹‹
1865 4758 2064 4826 Surge,
2095 4754 2276 4808 amica
2297 4769 2442 4819 mea,
2475 4751 2534 4806 in
2561 4767 2799 4806 caverna
2827 4751 3085 4805 macerias
3111 4747 3177 4816 9³,
3208 4769 3230 4800 ι
3251 4748 3400 4820 quod

1807 4862 1909 4918 per
1951 4848 2304 4898 sacramenta
2346 4859 2461 4896 suae
2505 4839 2926 4912 redemptionis,
2957 4856 3082 4911 quae
3119 4839 3188 4892 de
3227 4839 3402 4892 latere

151 4934 300 5004 τίων,
331 4956 438 5010 pax
466 4957 694 4995 summa
723 4941 948 5012 quietis.
989 4941 1145 4994 Tunc
1180 4955 1425 5010 namque
1454 4937 1726 4992 veraciter
1807 4933 2017 4988 Christi
2063 4931 2418 4997 effluxerunt,
2457 4936 2653 4984 sancta
2687 4929 2932 4984 Ecclesia
2967 4928 3038 4983 ab
3072 4926 3401 4982 inﬁdelitate

155 5023 288 5080 electi
314 5035 500 5096 erunt,
547 5035 832 5100 poterunt,
875 5029 1070 5096 scient,
1115 5028 1402 5093 amabunt,
1435 5026 1722 5093 videbunt,
1807 5021 2132 5092 resurrexit.
2184 5021 2450 5085 Caverna,
2507 5035 2603 5072 cor
2659 5017 2959 5088 cujuslibet
3010 5016 3209 5087 iniqui,
3233 5019 3299 5069 ut
3343 5014 3402 5068 in

154 5116 494 5184 requiescent,
529 5125 698 5172 erunt
743 5119 864 5173 sine
896 5119 1261 5183 mortalitate,
1305 5122 1573 5188 poterunt
1607 5116 1728 5170 sine
1810 5111 1988 5168 Isaia:
2011 5129 2038 5163 α
2056 5112 2119 5164 In
2141 5125 2435 5162 cavernam
2451 5107 2630 5178 reguli
2651 5123 2883 5160 manum
2906 5123 3067 5160 suam
3087 5102 3347 5170 mittet“,
3373 5125 3399 5156 υ

155 5199 433 5270 debilitate,
468 5206 652 5262 scient
689 5208 811 5263 sine
850 5224 1059 5270 errore,
1095 5206 1366 5261 amabunt
1397 5206 1518 5261 sine
1559 5205 1730 5259 otfen-
1813 5201 1962 5273 quod
1987 5199 2261 5254 Dominus
2283 5213 2688 5268 nonnunquam
2718 5212 2946 5267 pravam
2983 5199 3250 5258 mentem,
3278 5207 3403 5261 quae

210 5346 224 5378 ¹
259 5347 400 5418 Psal.
432 5365 582 5417 xxvi,
619 5352 672 5406 3.
715 5351 738 5386 ³
767 5352 906 5406 Gen.
940 5367 1088 5418 XLIX,
1119 5352 1174 5406 9.
1211 5351 1236 5385 ³
1260 5351 1407 5406 Psal.
1436 5364 1547 5415 xv1,
1576 5348 1666 5403 12.
1697 5347 1720 5382 ⁴
1748 5348 1876 5402 Jud.
1907 5359 2018 5418 Xiv,
2053 5343 2105 5396 5.
2148 5343 2170 5376 ⁵
2191 5341 2512 5418 ΙοδΑΧξδΙξζ
2550 5339 2596 5396 1.
2630 5341 2653 5373 δ
2682 5336 3116 5418 P§a1._q1_1_1,_2l.
3149 5338 3170 5372 ⁷
3190 5335 3296 5391 Job
3321 5350 3401 5418 iv,

159 5410 229 5488 10:
252 5417 274 5450 ⁸
307 5419 452 5475 Psal.
486 5404 598 5482 αἱ.
627 5404 708 5478 *5.
757 5404 792 5456 θ’
811 5404 1145 5486 Matth—fita
1164 5404 1348 5488 97.155
1359 5404 1502 5476 vLev.
1535 5404 1683 5481 iam,
1710 5418 1800 5476 13.
1833 5419 1873 5454 ¹¹
1905 5404 2016 5471 105
2047 5429 2231 5488 xxxvi,
2281 5411 2335 5488 8.
2365 5411 2416 5488 ξ’
2456 5412 2595 5466 Mar.
2639 5410 2778 5488 v,_1_3.
2810 5410 2858 5488 ff
2877 5410 2964 5488 _I_lI
2990 5411 3128 5480 Reg.
3178 5422 3278 5475 v11,

155 5483 191 5560 1f
213 5487 376 5560 ljlccle.
431 5507 510 5560 1v,
557 5476 640 5549 t4.
665 5476 728 5529 “¹⁵
761 5476 1256 5558 Ρέίᾷἷίτέέυξέξνίθ
1305 5479 1444 5548 Gen.
1477 5507 1574 5556 v11,
1614 5476 1696 5548 11.

1857 5489 1928 5544 ob
1955 5501 2126 5560 _xxgt,g
2148 5476 2238 5539 30.
2289 5484 2336 5519 ¹⁸
2353 5484 2492 5560 μγ.
2534 5497 2654 5548 vni,
2687 5481 2776 5538 25.
2805 5483 2852 5518 ¹⁹
2877 5482 3042 5538 Deut.
3074 5476 3268 5546 ixvm,
3311 5476 3400 5536 44.

154 5551 193 5588 ὐ
216 5557 372 5616 Exod.
400 5577 478 5626 1v,
499 5551 567 5619 '4.
597 5563 638 5600 ιι
665 5565 770 5620 Job
797 5579 889 5633 xu,
924 5565 1008 5624 12.
1039 5551 1087 5601 ές
1113 5568 1286 5637 Apoc.
1320 5579 1396 5631 Ix,
1428 5563 1515 5622 19.
1547 5551 1595 5598 is
1618 5563 1711 5618 Cal

1861 5600 1875 5625 ,
1904 5557 1995 5619 14.
2035 5556 2209 5621 “Isa.
2241 5570 2318 5624 x1,
2350 5553 2403 5610 8.
