3854 6164
473 293 577 352 895

1075 294 1138 348 Β.
1180 293 1453 348 RABANI
1489 292 1722 348 MAURI
1759 289 2097 347 ABOHIEP.
2139 286 2466 344 MOGUNT.
2507 285 2805 342 OPERUM
2840 287 3026 342 PARS
3064 286 3138 344 ΙΙΙ

3560 294 3637 349 896

467 419 652 475 verbis
679 417 1104 475 detractationis
1134 423 1192 472 et
1219 419 1592 474 excusationis
1615 419 1749 474 mali
1769 417 2061 473 invadunt.
2081 415 2134 475 A
2155 431 2182 465 α
2209 411 2361 466 Dixit
2377 416 2436 466 et
2455 411 2608 466 venit
2633 410 3009 483 cynomyia“,
3043 431 3068 460 ιι
3095 411 3231 482 quod
3254 411 3382 467 Deus
3397 414 3525 484 justo
3531 417 3642 486 judi-

473 511 720 578 Glypeus,
763 507 1045 579 superbia,
1082 513 1148 562 ut
1174 507 1233 562 in
1281 507 1438 562 libris
1467 509 1684 579 Regum
1717 526 1728 561 :
1767 526 1793 560 «
1827 507 2068 578 Clypeus

471 615 650 652 aereus
677 595 903 667 tegebat
933 597 1200 650 humeros
1223 597 1403 666 ejus‘,
1440 597 1532 652 rid
1565 603 1669 663 est,
1704 596 1885 668 rigida
1901 595 2069 650 elatio

473 692 558 740 est
585 685 644 739 in
667 685 738 739 iis
759 685 854 757 qui
885 685 1093 739 summi
1109 685 1167 740 in
1195 686 1361 740 corde
1390 685 1597 741 diaboli
1629 691 1781 741 sunt.
1818 685 2066 754 (Πείρεω,

472 773 793 828 munimina
822 774 1117 840 virtutum,
1151 778 1216 829 ut
1240 774 1299 828 in
1329 775 1560 830 Cantico
1597 793 1608 826 τ
1660 794 1685 828 ι
1717 775 1868 830 Mille
1889 773 2071 846 clypei

472 863 721 934 pendent
747 880 812 916 ex
842 879 910 917 ea
933 861 975 929 ³,
1013 881 1040 916 ι
1065 863 1212 934 quod
1243 881 1344 934 per
1363 871 1557 918 sancta
1583 865 1855 918 virtutum
1885 862 2071 917 muni-

473 951 631 1006 mina
681 951 740 1005 in
801 951 1091 1022 Scriptura
1120 951 1281 1006 nobis
1326 969 1486 1007 sacra
1533 953 1924 1008 ostenduntur.
1965 952 2073 1005 Per

474 1044 684 1109 clypeos
702 1040 805 1094 viri
827 1041 1026 1107 sancti,
1055 1046 1118 1095 ut
1137 1040 1196 1094 in
1223 1039 1383 1096 libris
1401 1041 1848 1096 Machabaeorum
1871 1059 1882 1094 :
1921 1059 1947 1092 ιι
1970 1041 2074 1094 Re-

473 1130 632 1184 fulsit
653 1130 737 1184 sol
764 1129 823 1183 in
851 1130 1076 1202 clypeos
1106 1147 1307 1184 aureos
1334 1131 1376 1196 ³,
1419 1150 1441 1183 ι
1467 1132 1616 1202 quod
1647 1131 1904 1186 Christus
1943 1130 2074 1184 illu-

476 1225 620 1272 strat
637 1219 786 1272 viros
815 1219 1124 1289 religiosos.
1150 1220 1260 1273 Per
1273 1223 1526 1288 clypeum
1555 1220 1730 1274 virtus
1765 1219 2071 1291 patientiae,

475 1314 541 1360 ut
569 1306 629 1360 in
670 1307 852 1360 Isaia:
883 1326 905 1357 ι
938 1307 1182 1377 Surgite,
1243 1307 1540 1378 principes,
1589 1314 1647 1362 et
1686 1308 1920 1378 accipite
1965 1308 2077 1378 cly-

476 1411 610 1468 pecs
637 1395 678 1460 4,
719 1416 742 1446 ι
777 1395 834 1449 id
866 1401 970 1462 est,
1014 1412 1128 1461 vos,
1163 1395 1260 1466 qui
1289 1396 1642 1467 spiritualem
1675 1397 1873 1467 geritis
1919 1396 2076 1468 prin-

477 1483 748 1555 cipatum,
782 1484 840 1538 in
887 1483 1161 1555 patientia
1219 1490 1405 1539 vestra
1457 1485 1815 1556 possidebitis
1861 1485 2078 1540 animas

479 1579 709 1628 vestras.

551 1663 880 1727 Cymbalum
911 1667 998 1716 est
1025 1663 1223 1716 vitium
1251 1663 1626 1734 loquacitatis,
1660 1669 1723 1718 ut
1752 1663 1810 1717 in
1861 1664 2036 1718 Paulo
2061 1682 2072 1718 :

2150 503 2236 556 cio
2265 517 2364 555 suo
2393 500 2704 571 nequitiam
2732 500 3035 572 impiorum
3066 516 3180 553 esse
3206 501 3464 570 permittit.

2223 591 2654 644 Cinnamomum
2693 595 2778 644 est
2808 589 3114 654 humilitas,
3134 595 3194 642 ut
3228 589 3280 643 in
3301 590 3496 645 Cantico
3520 611 3529 644 :
3553 613 3570 642 c
3599 594 3648 648 Et

2153 679 2571 734 cinnamomum
2589 695 2718 733 cum
2749 677 3025 732 universis
3035 676 3194 747 lignis
3211 677 3385 732 Libani
3399 678 3452 745 ¹⁰,
3477 703 3498 727 ιι
3510 680 3556 733 id
3571 688 3648 736 est.

2154 768 2444 824 humilitas
2473 784 2598 822 cum
2631 767 2908 821 universis
2934 765 3062 820 aliis
3095 764 3246 819 bonis
3270 766 3513 836 operibus.

2226 857 2491 912 σίνισίηηί
2521 862 2656 910 sunt
2673 861 2906 910 catervae
2927 854 3270 926 populorum,
3295 855 3419 908 utin
3443 855 3649 910 Cantico:

2159 967 2181 994 ι
2216 946 2286 1000 Et
2312 945 2554 1000 cincinni
2575 945 2686 998 mei
2715 943 2868 1016 pleni
2911 941 3090 1013 guttis
3118 941 3348 996 noctium
3371 941 3428 1007 ³ο,
3455 962 3480 993 ι
3509 944 3555 996 id
3577 953 3652 1000 est.

2144 1035 2343 1114 populi
2373 1033 2485 1088 mei
2509 1033 2822 1088 tenebrosis
2847 1031 3061 1104 peccati
3089 1029 3312 1085 ﬂuxibus
3339 1031 3510 1102 repleti
3541 1041 3654 1086 sunt.

2227 1125 2530 1191 Cingulum
2561 1130 2648 1177 est
2673 1123 2833 1192 vigor
2854 1121 3110 1192 justitiaa,
3142 1120 3276 1174 utin
3289 1119 3560 1174 Parabolis:
3577 1144 3592 1167 ο
3613 1121 3660 1174 Et

2156 1214 2444 1284 cingulum
2458 1212 2694 1266 tradidit
2701 1211 2784 1266 Ch
2790 1226 3023 1266 ananazo
3034 1209 3076 1244 ²¹
3087 1250 3101 1275 ,
3120 1229 3148 1260 ιο
3165 1208 3305 1280 quod
3314 1208 3528 1278 vigorem
3533 1209 3660 1278 justi-

2158 1303 2250 1358 tia:
2276 1302 2548 1358 Dominus
2577 1301 2732 1355 dedit
2761 1299 2970 1372 populo
2997 1299 3214 1369 gentili.

2231 1393 2488 1461 Ciniphcs
2519 1395 2651 1445 sunt
2685 1388 3016 1460 inquietudo
3064 1385 3261 1452 cordis,
3293 1390 3354 1438 ut
3375 1385 3429 1439 in
3453 1384 3664 1438 Pssimo:

2164 1501 2186 1530 ι
2207 1480 2360 1535 Dixit
2387 1485 2445 1533 et
2471 1479 2626 1533 venit
2651 1477 2950 1550 cynomyia
2973 1483 3032 1532 et
3060 1475 3304 1546 ciniphes
3314 1472 3376 1539 ³³,
3402 1493 3422 1525 ι
3445 1472 3569 1544 quod
3588 1473 3670 1526 Do-

2159 1569 2348 1624 minus
2377 1569 2435 1622 in
2464 1567 2715 1640 reprobis
2726 1584 2856 1622 cum
2869 1566 3124 1638 nequitia
3146 1564 3323 1636 operis
3335 1579 3444 1617 esse
3459 1561 3670 1633 permittit

2158 1657 2607 1730 inquietudinem
2639 1656 2842 1711 cordis.

483 1769 508 1803 c
541 1751 656 1804 Aut
673 1749 992 1822 cymbalum
1020 1751 1269 1806 tinniens
1296 1752 1336 1818 ⁵,
1375 1771 1398 1804 ι)
1443 1753 1500 1806 id
1531 1759 1634 1818 est,
1669 1752 1716 1807 si
1756 1752 1876 1806 sine
1902 1753 2081 1808 chari-
2101 1734 2148 1794 B
2235 1748 2450 1817 Cyprus
2481 1752 2568 1800 est
2587 1745 2789 1816 gratiae
2809 1745 3050 1799 caelestis
3069 1738 3671 1803 refectio.utinCantico:

477 1843 596 1893 tate
623 1839 801 1905 fuero,
835 1841 1155 1911 praedicatio
1183 1858 1312 1895 mea
1341 1841 1481 1896 nihil
1511 1842 1619 1896 nisi
1649 1843 1958 1914 loquacitas
1973 1848 2075 1896 est.

481 1929 830 1996 ()ymbalum,
847 1929 1168 2000 praedicatio
1183 1931 1533 1996 Antichristi,
1558 1936 1623 1984 ut
1640 1931 1697 1985 in
1717 1932 1864 1986 Isaia
1887 1950 1898 1984 :
1927 1951 1953 1984 ς(
1985 1932 2080 1986 Vae

478 2022 646 2072 terrae
691 2017 1012 2089 cymbalum
1047 2007 1263 2074 alarum
1293 2020 1335 2085 °,
1365 2039 1387 2070 ι
1422 2020 1570 2091 quod
1602 2021 1860 2075 maledici
1915 2020 2081 2075 debet

484 2105 880 2172 Antichristus,
917 2107 1066 2178 quod
1097 2108 1422 2179 praedicabit
1453 2108 1776 2180 superbiam
1807 2118 1864 2163 et
1889 2110 2082 2164 elatio-

479 2195 746 2250 nem.Pcr
754 2197 1070 2263 cymbalum
1087 2197 1354 2268 obsequia
1369 2197 1682 2264 charitatis,
1696 2204 1760 2253 ut
1771 2198 1830 2252 in
1839 2199 2074 2270 psalmo:

483 2300 510 2336 α
542 2284 792 2338 Laudate
832 2301 963 2339 eum
1019 2285 1078 2340 in
1132 2285 1462 2358 cymbalis",
1501 2305 1524 2337 ι
1565 2287 1714 2358 quod
1771 2287 1855 2341 illi
1900 2289 2080 2342 Deum

481 2373 725 2427 maxime
745 2374 998 2438 laudant,
1021 2375 1117 2445 qui
1130 2392 1231 2446 per
1258 2373 1592 2429 charitatem
1611 2376 1854 2447 Spiritus
1873 2377 2084 2432 fuerint

479 2461 737 2517 invicem.

555 2552 771 2620 Cyphus
799 2557 886 2605 est
911 2551 1168 2606 doctrina
1182 2553 1443 2618 caelestis,
1469 2559 1534 2606 ut
1563 2553 1622 2608 in
1651 2553 1888 2607 Genesi:
1925 2575 1950 2603 ι
1985 2555 2080 2609 In-

487 2639 639 2693 venit
657 2639 902 2710 cyphum
919 2639 978 2694 in
1007 2656 1166 2694 sacco
1188 2641 1484 2711 Benjamin
1507 2642 1549 2707 8,
1587 2661 1610 2692 ι
1643 2643 1790 2712 quod
1831 2643 2086 2698 doctrina

493 2728 736 2782 ccelestis
751 2733 874 2782 erat
893 2729 951 2782 in
966 2729 1132 2782 corde
1147 2729 1326 2784 Pauli.
1345 2732 1580 2799 Cyph-us,
1615 2731 1721 2796 lex,
1748 2737 1814 2785 ut
1842 2731 1900 2786 in
1925 2731 2085 2786 libris

492 2817 711 2886 Regum
743 2834 755 2869 :
789 2817 1004 2896 «.Tolle
1033 2818 1277 2888 cyphum
1307 2835 1466 2890 aqua;
1495 2820 1537 2886 9,
1573 2840 1594 2870 ι
1631 2820 1780 2890 quod
1815 2821 2084 2892 spiritua-

482 2905 595 2959 lem
625 2905 764 2976 legis
793 2905 1051 2960 notitiam
1079 2906 1336 2960 doctores
1357 2907 1677 2962 Judaeorum
1709 2925 1823 2962 non
1851 2909 2080 2964 habent.

485 2993 596 3048 Per
621 2995 858 3062 cyphum
891 2993 1197 3061 auditores,
1216 2995 1356 3049 utin
1375 2997 1562 3051 Exodo
1589 3014 1600 3049 :
1625 2998 1800 3066 Cyphz’
1811 2997 2087 3067 jubentur

494 3081 618 3134 ﬁeri
640 3081 699 3134 in
728 3081 920 3153 stipite
935 3083 1336 3150 candelabri”,
1360 3105 1381 3135 ι
1399 3085 1547 3156 quod
1571 3085 1858 3140 auditores
1881 3092 2011 3141 sunt
2025 3087 2084 3141 in

489 3169 736 3224 Ecclesia
757 3171 985 3225 Christi.

557 3259 710 3313 Cinis
725 3266 814 3313 est
851 3259 1119 3326 defectus,
1154 3265 1219 3314 ut
1263 3261 1322 3314 in
1341 3259 1445 3314 Job
1488 3279 1499 3312 :
1543 3279 1571 3314 «
1600 3262 1870 3317 Memoria
1897 3269 2086 3318 vestra

482 3347 902 3418 comparabitur
915 3347 1088 3402 cineri
1119 3348 1182 3414 ¹¹,
1207 3367 1231 3400 ι
1263 3348 1319 3402 id
1341 3353 1444 3414 est,
1473 3349 1750 3403 memoria
1775 3356 1964 3404 vestra
1993 3351 2087 3406 de-

483 3435 652 3490 ﬁciet.
693 3438 864 3502 Cinis,
916 3437 1266 3508 poenitentia,
1299 3443 1364 3491 ut
1416 3437 1475 3491 in
1517 3436 1662 3492 Job:
1727 3464 1739 3480 ν
1778 3439 1986 3510 Operui
2025 3441 2083 3495 in

484 3525 672 3580 cinere
697 3541 924 3579 carnem
966 3543 1153 3580 meam
1178 3525 1242 3592 η,
1280 3546 1303 3576 ι
1345 3527 1402 3580 id
1425 3532 1528 3593 est,
1556 3544 1656 3598 per
1692 3528 2083 3598 paenitentiam

485 3613 663 3668 delevi
685 3615 934 3669 carnalia
947 3621 1178 3686 peccata
1196 3632 1341 3669 mea.
1381 3619 1558 3682 Cinis,
1586 3617 1898 3680 humilitas,
1931 3624 1996 3672 ut
2023 3619 2083 3672 in

483 3702 588 3758 Job
617 3722 629 3757 :
663 3705 684 3727 ⁴’
712 3723 737 3756 α
771 3705 954 3759 Homo
982 3704 1040 3758 in
1087 3704 1333 3759 cinerem
1365 3711 1680 3760 revertetur
1697 3705 1760 3768 ¹³,
1805 3726 1830 3760 »
1877 3707 1936 3760 id
1974 3714 2080 3774 est,

483 3791 545 3846 in
567 3792 885 3848 humilitate
912 3811 973 3847 se
1002 3793 1302 3864 deprimet.
1317 3795 1491 3858 Cinis,
1513 3797 1532 3817 '
1561 3795 1846 3866 corruptio
1876 3802 2084 3850 morta-

484 3881 680 3948 litatis,
713 3889 778 3936 ut
805 3883 864 3936 in
891 3882 996 3937 Job
1028 3901 1040 3936 :
1079 3904 1101 3934 ι
1136 3884 1257 3952 Ago
1303 3883 1692 3954 paenitentiam
1741 3885 1799 3938 in
1820 3883 2007 3939 favilla
2029 3893 2086 3941 et

487 3969 674 4025 cinere
703 3970 766 4038 ¹⁴,
801 3991 830 4022 ι
863 3971 920 4026 id
949 3984 1052 4038 est,
1102 3972 1161 4025 in
1215 3972 1594 4043 corruptionis
1641 3980 1699 4027 et
1727 3975 2086 4029 mortalitatis

427 4038 449 4060 ί
487 4075 627 4114 mea:
642 4059 1437 4132 recordationefpcenitentiam
1466 4078 1592 4131 ago.
1623 4063 1777 4116 Cinis
1805 4069 2082 4133 peccator,

488 4152 554 4200 ut
581 4147 640 4200 in
680 4148 952 4202 Psalmis:
990 4170 1014 4200 ι
1059 4149 1204 4212 Quia
1246 4149 1493 4222 cinerem
1536 4155 1831 4222 tamquam
1883 4168 2087 4222 panem

491 4235 945 4306 [manducabam]
967 4237 1030 4302 ¹⁵,
1071 4256 1094 4288 ι
1110 4238 1259 4308 quod
1276 4216 1427 4292 Delis
1447 4237 1552 4292 sibi
1582 4216 1954 4310 peccatorem,
1986 4241 2082 4295 sed

2165 1855 2192 1891 α
2224 1837 2394 1908 Cypri
2425 1853 2552 1890 cum
2581 1835 2758 1889 nardo
2789 1834 2853 1900 ³³,
2893 1857 2908 1880 ι
2947 1834 3003 1887 id
3034 1840 3147 1896 est,
3182 1836 3201 1856 ¹
3255 1830 3461 1888 dilectio
3497 1827 3678 1880 interna

2163 1925 2492 1992 affectionis,
2511 1942 2638 1979 cum
2663 1924 2814 1978 fama
2849 1923 3006 1978 bonae
3034 1921 3286 1976 actionis.
3319 1920 3526 1988 Cyprus,
3545 1914 3680 1969 Eccle-

2163 2015 2249 2070 sia
2275 2013 2567 2079 catholica,
2599 2022 2663 2068 ut
2689 2013 2750 2068 in
2765 2012 3022 2067 Cantico:
3050 2031 3076 2062 «
3110 2012 3310 2064 Botrus
3337 2006 3477 2079 cypri
3499 2004 3681 2058 dilectus

2162 2120 2320 2158 meus
2343 2102 2480 2157 mihi
2492 2101 2557 2167 ²⁴,
2583 2126 2604 2150 ιι
2623 2102 2680 2156 id
2701 2107 2806 2168 est,
2832 2101 3090 2155 Christus
3121 2115 3287 2171 quem
3317 2097 3491 2166 diligo,
3521 2099 3592 2146 est
3611 2092 3681 2144 de-

2161 2209 2294 2247 cora
2311 2191 2624 2247 fecunditas
2644 2190 2920 2245 Ecclesiae.

2239 2283 2532 2350 Cypressus
2543 2286 2629 2334 est
2641 2279 2917 2345 Christus,
2933 2285 2999 2333 ut
3021 2278 3080 2331 in
3100 2274 3497 2331 Ecclesiastico:
3529 2289 3550 2322 α
3571 2269 3687 2324 Exal-

2164 2375 2283 2425 tata
2311 2387 2436 2424 sum
2466 2369 2626 2441 quasi
2656 2385 2953 2440 cypressus
2982 2367 3038 2422 in
3070 2371 3264 2421 monte
3295 2363 3420 2418 Sion
3443 2360 3500 2428 ³⁵,
3533 2381 3552 2407 υ
3577 2356 3687 2429 quod

2163 2459 2440 2526 Christus,
2475 2459 2574 2530 qui
2605 2462 2692 2512 est
2737 2456 3182 2529 incorruptibilis
3209 2451 3496 2526 _sapientia
3532 2446 3689 2510 Patris.

2163 2547 2415 2603 ascendit
2441 2547 2513 2601 ad
2541 2547 2763 2601 cceluni.

2238 2640 2500 2692 Circulus
2542 2642 2630 2690 est
2673 2651 2833 2690 sacra
2880 2633 3192 2705 Scriptura,
3225 2637 3289 2686 ut
3331 2630 3388 2684 in
3433 2624 3692 2683 Parabolis=

2174 2749 2200 2776 α
2234 2726 2491 2780 Circulus
2523 2741 2728 2779 aureus
2758 2725 2817 2778 in
2844 2722 3077 2778 naribus
3107 2721 3230 2776 suis
3259 2719 3322 2787 ¹⁰,
3355 2737 3381 2768 ι
3405 2719 3456 2771 id
3484 2721 3572 2780 est,
3592 2712 3697 2767 δετίο

2166 2821 2394 2887 pturam
2425 2831 2644 2868 sacram
2682 2814 3003 2884 frequentat
3054 2811 3296 2866 facultas
3348 2805 3698 2862 haereticorum.

2167 2905 2445 2970 Circulus,
2478 2903 2752 2974 protectio
2793 2918 3055 2974 superna,
3089 2906 3161 2954 ut
3189 2901 3248 2954 in
3275 2897 3376 2954 Job
3408 2915 3420 2948 :
3446 2916 3468 2948 ι
3491 2889 3700 2962 Nunquid

2167 3009 2342 3064 pones
2354 2992 2628 3046 circulum
2651 2991 2711 3046 in
2735 2990 2966 3045 naribus
2989 2991 3112 3060 ejus
3123 2989 3195 3056 ’7,
3219 3012 3240 3037 υ
3273 2988 3329 3041 id
3349 2992 3448 3050 est,
3461 2978 3672 3052 nunquid
3688 2981 3700 2998 '

2165 3099 2484 3154 compesces
2511 3098 2614 3152 per
2625 3079 3027 3152 protectionem
3049 3085 3214 3132 tuam
3234 3075 3464 3132 astutias
3475 3074 3598 3142 ejus.
3625 3068 3704 3120 Per

2165 3174 2403 3226 circulos
2438 3169 2566 3224 libri
2585 3169 2782 3234 sancti,
2801 3174 2867 3222 ut
2897 3168 2963 3222 in-
2993 3167 3216 3222 Exodo:
3241 3166 3486 3230 Quatuor
3517 3156 3705 3214 circulos

2166 3276 2368 3314 aureos
2398 3258 2740 3330 praeparabis
2756 3257 2822 3324 ³⁸,
2841 3276 2869 3310 ι)
2900 3257 2958 3310 id
2977 3262 3082 3322 est,
3115 3261 3363 3327 quatuor
3389 3250 3553 3307 sancti
3570 3248 3705 3303 Evan-

2165 3349 2300 3419 gelii
2331 3348 2504 3403 libros
2533 3348 2835 3417 intelliges.

2239 3438 2491 3492 δέδιθι-ἰα
2520 3441 2609 3491 est
2633 3453 2793 3492 sacra
2822 3436 3128 3507 Scriptura,
3175 3441 3240 3490 ut
3292 3435 3351 3488 in
3380 3431 3584 3488 Exodo:
3613 3446 3638 3479 ι
3664 3425 3705 3478 Si

2167 3528 2294 3598 quis
2321 3527 2606 3598 aperuerit
2633 3525 2937 3580 cisternam
2955 3525 3022 3592 ’9,
3056 3547 3082 3574 ι
3131 3524 3192 3578 id
3229 3530 3332 3590 est,
3371 3523 3417 3576 si
3445 3520 3558 3592 quis
3582 3531 3706 3586 expc

2165 3617 2345 3671 suerit
2371 3632 2589 3670 sacram
2628 3616 2997 3686 Scripturam.
3033 3616 3296 3669 Cisterna
3335 3629 3428 3666 cor
3467 3605 3706 3664 hominis:

2171 3726 2194 3758 ι
2226 3709 2247 3729 ⁶
2273 3705 2410 3760 Bibe
2437 3721 2642 3776 aquam
2673 3705 2742 3759 de
2771 3705 3014 3759 cisterna
3039 3710 3141 3758 tua
3168 3702 3236 3770 ³ο,
3273 3725 3294 3753 ι
3330 3701 3386 3755 id
3424 3704 3520 3763 est,
3564 3693 3709 3762 accipe

2165 3794 2605 3850 consolationem
2631 3794 2700 3848 de
2729 3794 2894 3848 corde
2923 3800 3039 3848 tuo.
3074 3794 3353 3857 Cisterna,
3389 3805 3540 3844 mens
3557 3798 3708 3857 prava.

2165 3889 2232 3939 ut
2255 3885 2314 3938 in
2342 3884 2628 3938 Ieremia:
2685 3907 2701 3932 ι
2753 3881 3040 3952 Frigidam
3085 3882 3225 3936 facit
3267 3881 3504 3935 cisterna
3551 3887 3710 3944 aquam

2167 3989 2330 4028 suam
2357 3972 2422 4038 ³¹,
2471 3993 2493 4024 ι
2539 3971 2688 4043 quod
2745 3971 2976 4043 impiam
3018 3970 3151 4024 facit
3183 3987 3346 4025 mens
3373 3964 3714 4038 cogitationem

2169 4078 2349 4116 suam.
2383 4062 2632 4116 Cisterna
2661 4060 2932 4124 infernus,
2951 4066 3016 4114 ut
3044 4061 3102 4114 in
3133 4059 3346 4114 Genesi
3358 4058 3424 4123 3’,
3445 4077 3465 4107 ι
3489 4054 3714 4109 miserunt

2168 4152 2226 4206 in
2237 4151 2542 4205 cisternam
2563 4149 2740 4204 Judaei
2763 4149 2988 4220 Joseph,
3003 4165 3126 4220 quae
3140 4165 3260 4202 non
3279 4145 3518 4202 habebat
3534 4153 3716 4213 aquam.

2167 4241 2318 4314 quod
2342 4240 2599 4294 Christus
2627 4238 2834 4292 Judaais
2861 4237 3191 4292 cadentibus
3207 4235 3498 4291 descendit
3515 4233 3567 4286 in
3591 4227 3719 4283 infer-

487 4323 874 4395 pmnitentem,
908 4325 1053 4381 sicut
1079 4327 1298 4397 justum
1325 4326 1667 4398 incorporat.
1709 4329 1817 4382 Per
1844 4333 2147 4426 cineremD
2165 4347 2323 4395 num,
2350 4329 2498 4400 quod
2527 4328 2742 4382 nullam
2765 4327 2962 4381 habuit
2991 4327 3332 4381 suavitatem
3357 4323 3560 4397 gratiae.

489 4415 901 4469 consummatio
956 4415 1262 4470 Dominicze
1309 4416 1606 4486 passionis,
1636 4423 1701 4470 ut
1746 4417 1802 4470 in
1853 4418 2078 4472 Exodo:

492 4522 518 4552 ι
541 4501 776 4558 Lebetes
805 4504 877 4558 ad
905 4505 1289 4576 suscipiendos
1316 4505 1530 4559 cineres
1562 4506 1626 4570 ¹⁰,
1647 4527 1670 4556 ι
1707 4506 1762 4560 id
1784 4513 1886 4573 est,
1916 4508 2087 4562 corda

489 4591 560 4644 ad
593 4593 948 4647 retinendam
978 4593 1310 4648 memoriam
1333 4594 1636 4650 Dominicaa
1657 4596 1952 4667 passionis.
1979 4597 2087 4650 Per

491 4681 700 4734 cineres
729 4681 1099 4751 perfectiones
1140 4681 1419 4737 bonorum
1449 4700 1701 4754 operum,
1738 4690 1802 4738 ut
1834 4685 1893 4738 in
1923 4685 2086 4740 Levi-

490 4767 602 4821 tico
635 4786 648 4820 :
687 4788 710 4816 ι
742 4769 898 4823 Tolle
947 4771 1185 4838 cineres,
1240 4788 1381 4842 quos
1418 4789 1583 4826 vorax
1631 4773 1778 4843 ignis
1823 4791 2085 4828 consum-

493 4855 608 4928 psit
627 4856 692 4922 ”,
719 4875 746 4910 »
775 4859 925 4928 quod
955 4859 1108 4914 Deus
1151 4861 1520 4931 perfectiones
1549 4860 1825 4915 bonorum
1854 4878 2088 4934 operum

491 4945 742 5017 suscipit,
777 4963 902 5018 quae
929 4949 1134 5003 ardens
1165 4967 1325 5005 amor
1359 4949 1786 5004 consummavit.

560 5035 869 5102 Gynomyz'a
899 5041 985 5092 est
1009 5038 1264 5110 nequitia
1289 5055 1610 5111 pravorum,
1644 5045 1709 5093 ut
1735 5039 1794 5093 in
1833 5040 2050 5111 psalmo
2076 5059 2088 5093 :

563 5215 638 5270 ¹Ῑ

2239 4421 2550 4486 Crystallus
2573 4424 2660 4471 est
2687 4417 2899 4470 duritia
2926 4416 3129 4481 cordis,
3162 4421 3230 4470 ut
3261 4415 3323 4469 in
3333 4414 3543 4487 psalmo
3569 4405 3721 4461 :«Mit-

2167 4508 2238 4563 tit
2264 4507 2590 4578 crystallum
2611 4506 2755 4560 sicut
2783 4505 3059 4560 buccellas
3071 4503 3138 4572 ³³,
3181 4527 3205 4556 ι
3235 4504 3389 4577 quod
3407 4503 3544 4556 sicut
3570 4495 3722 4551 ﬁdeles

2167 4598 2320 4652 Deus
2343 4595 2450 4650 sibi
2497 4596 2836 4666 incorporat,
2867 4595 2949 4648 sic
2992 4600 3051 4648 et
3092 4595 3270 4648 duros
3313 4599 3686 4658 nonnunquam
3709 4585 3723 4600 '

2167 4685 2387 4740 excolit.
2416 4685 2726 4752 Crystallus
2756 4688 2962 4738 natura
2989 4684 3262 4754 angelica,
3290 4689 3358 4736 ut
3385 4681 3442 4735 in
3459 4671 3723 4734 Ezechiele:

2172 4793 2197 4826 ι
2221 4774 2395 4838 Quasi
2441 4779 2701 4846 aspectus
2727 4773 2978 4844 crystalli
3007 4771 3298 4826 horribilis
3317 4771 3384 4836 3‘,
3422 4792 3442 4820 ι
3479 4768 3530 4822 id
3557 4771 3646 4820 est.
3674 4758 3727 4812 ad

2170 4863 2351 4918 instar
2378 4870 2595 4918 naturae
2625 4863 2910 4934 angelicae,
2934 4879 3058 4934 qua;
3081 4863 3203 4932 jam
3235 4858 3489 4932 pervenit
3507 4855 3568 4910 ad
3595 4846 3729 4906 stabi-

2172 4953 2392 5007 litatem
2423 4952 2878 5023 incorruptionis.

2247 5041 2446 5112 Cynthi
2501 5046 2635 5096 sunt
2671 5041 2914 5095 humiles
2969 5040 3260 5106 doctrinae,
3321 5045 3388 5092 ut
3433 5039 3490 5091 in
3541 5028 3726 5087 Exodo:

667 5215 806 5286 Reg.
839 5229 975 5281 xvn,
1007 5216 1062 5270 6.
1089 5215 1290 5270 ’Cant.
1323 5231 1399 5283 IV,
1433 5215 1486 5272 4.
1517 5217 1541 5250 ³
1567 5217 1807 5282 Mac.v1,
1842 5216 1928 5274 39.
1955 5217 1978 5252 ⁴
2007 5219 2114 5274 Isa.
2146 5233 2281 5285 χχιι,
2313 5221 2366 5275 5.
2400 5219 2424 5254 ⁵
2452 5221 2476 5275 Ι
2507 5221 2634 5274 Cor.
2666 5233 2787 5285 xm,
2816 5220 2872 5274 1.
2903 5220 2928 5254 ⁸
2956 5219 3064 5275 Isa.
3096 5231 3255 5284 xvm,
3287 5219 3344 5272 1.
3373 5217 3394 5252 ⁷
3423 5215 3565 5270 Psal.
3590 5204 3732 5286 ch

492 5286 514 5320 ε
544 5286 685 5357 Gen.
715 5273 862 5351 xiixv,
906 5273 984 5342 12’.
1011 5287 1078 5341 οι
1103 5288 1252 5357 8am.
1286 5273 1434 5352 xxvi,
1473 5273 1816 5344 MJOExod'.
1844 5303 1970 5354 xxv,
1998 5287 2080 5346 33.

2185 5273 2289 5345 Job
2317 5273 2436 5357 xm,
2454 5273 2552 5345 12.
2577 5290 2624 5326 ¹²
2647 5273 2912 5352 ,ἶὸῐιίιινμ
2955 5273 2977 5339 ἶ
2985 5289 3036 5346 5.
3065 5289 3110 5325 ¹³
3137 5273 3255 5344 Job,
3274 5302 3463 5350 xxxiv,
3488 5286 3574 5341 15.
3603 5273 3735 5357 ΜΨ

493 5370 628 5426 xm,
660 5356 714 5410 6.
746 5357 792 5390 ¹⁵
819 5358 966 5411 Psal.
1002 5371 1076 5423 οι,
1107 5355 1194 5414 10.
1231 5359 1276 5393 ιδ
1305 5359 1473 5413 Exod.
1508 5373 1678 5426 xxvii,
1711 5361 1764 5413 3.
1808 5359 1849 5395 ¹⁷
1880 5361 2008 5414 Lev.
2043 5376 2117 5426 γι,

2151 5358 2240 5416 10.
2275 5363 2320 5397 ¹⁸
2349 5353 2478 5416 Psal
2507 5375 2714 5425 umvn,
2745 5360 2833 5418 45.
2866 5362 2914 5396 ¹⁹
2941 5363 3103 5416 Cant.
3132 5374 3208 5423 iv,
3242 5360 3272 5414 1
3293 5359 3336 5414 i.
3371 5358 3419 5393 ὀ
3442 5359 3596 5412 Cant.
3626 5353 3734 5425 κ’.)ξο

491 5425 539 5498 ξξ
567 5418 728 5498 Prov.
758 5441 906 5498 xxxi,
939 5428 1028 5484 2i.
1065 5418 1128 5462 ’⁸³
1154 5430 1302 5484 Psal.
1345 5445 1550 5495 Lxxvu,
1585 5418 1676 5487 45.
1715 5430 1762 5466 ²³
1793 5432 1954 5486 Cant.
1990 5446 2064 5497 iv,

2174 5432 2263 5491 ,ιε
2296 5434 2458 5488 Cant.
2491 5431 2650 5498 1,14.
2693 5418 2741 5466 ξε
2768 5433 2936 5488 Eccli.
2969 5448 3116 5498 xxxv,
3159 5418 3252 5486 1'7.
3285 5430 3334 5464 ὀ
3364 5431 3522 5484 Prov.
3569 5438 3636 5486 x1,
3663 5418 3733 5471 2-2.

494 5495 786 5572 {qulua
819 5497 908 5572 21.
940 5498 1184 5572 “Exod.
1203 5516 1292 5566 xv,
1315 5500 1407 5556 12.
1437 5500 1486 5536 ³³
1513 5502 1684 5557 Exod.
1717 5517 1792 5568 ιιι,
1816 5503 1907 5558 33.
1937 5501 1986 5536 ³ο
2014 5495 2080 5558 Pr

2173 5548 2176 5558 .
2209 5519 2264 5572 v,
2293 5504 2382 5562 15.
2406 5503 2450 5539 ³¹
2473 5495 2586 5559 Jer.
2619 5519 2695 5570 γι,
2723 5504 2777 5558 7.
2809 5503 2856 5538 ³²
2876 5504 3016 5559 Gen.
3047 5495 3362 5568 xXxvu,23.
3385 5499 3434 5535 ³³
3457 5499 3546 5556 Ps.
3565 5502 3737 5550 chVII.

491 5565 584 5622 ‘17.
617 5565 665 5602 ⁸⁴
687 5567 883 5624 Ezech.
916 5584 956 5634 ι,
987 5569 1079 5624 22.
