3818 6168
165 349 247 406 897

1023 332 1456 390 ALLEGORIIE
1493 333 1574 390 IN
1611 333 1902 390 SACRAM
1940 333 2422 390 SCRIPTURAM.

3261 342 3370 400 898

167 492 188 526 ε
207 469 381 526 phiala,
401 469 456 520 et
475 461 652 536 cyathi
681 461 742 514 in
771 475 969 514 mensa
985 459 1027 524 ί,
1063 477 1090 514 υ
1123 460 1182 515 id
1211 465 1315 527 est,
1355 477 1589 516 summa:
1635 468 1694 517 et
1708 460 1754 522 A
1769 465 2093 515 sanctorum
2113 467 2172 516 et
2189 461 2482 516 domestici
2501 460 2622 523 Dei,
2650 459 2699 495 ²⁰
2719 482 2741 510 ιι
2767 459 2824 515 id
2845 468 2948 528 est,
2970 463 3107 518 socii
3144 471 3370 522 sancta-

162 559 358 614 linmiles
380 551 630 609 doctrinae
652 550 710 604 in
733 548 1029 621 scriptura.

216 647 412 702 Cithara
439 647 520 696 est
539 644 688 694 recta
709 639 982 710 operatio,
1006 643 1072 692 ut
1097 637 1155 692 in
1185 639 1456 693 Psalmis:
1491 657 1517 692 ι
1549 641 1690 694 Con-

159 733 352 791 titemini
381 728 606 786 Domino
633 727 692 781 in
713 727 930 782 cithara
949 725 991 792 ’,
1035 748 1051 772 ο
1086 727 1143 781 id
1172 733 1276 793 est,
1310 727 1369 782 in
1399 734 1552 782 recta
1563 745 1690 800 ope;

159 825 347 880 ratione.
369 821 584 874 Cithara
609 817 724 870 vita
749 815 946 881 activa,
969 820 1034 871 ut
1052 816 1111 870 in
1132 816 1372 871 Psalmis
1399 836 1412 870 :
1445 835 1472 870 α
1528 818 1686 872 Psal-

158 913 320 968 terium
340 907 638 979 jucundum
666 922 796 959 cum
823 905 1040 960 cithara
1075 905 1118 968 ³,
1157 925 1178 956 ι
1210 905 1268 959 id
1297 910 1402 968 est,
1435 906 1687 960 dulcedi-

158 1017 255 1056 nem
279 994 742 1066 contemplationis
769 1011 898 1048 cum
929 994 1165 1048 actione.
1195 997 1426 1050 Cithara
1445 995 1686 1050 mortiﬁ-

156 1091 268 1144 catio
291 1085 474 1149 carnis,
509 1088 572 1138 ut
601 1083 659 1137 in
688 1083 926 1137 Psalmis
961 1101 975 1137 :
1011 1101 1037 1136 α
1067 1083 1298 1138 Psallite
1341 1084 1581 1139 Domino
1629 1084 1688 1138 in

156 1179 329 1233 cithara
368 1180 422 1228 et
459 1189 586 1226 voce
633 1171 842 1226 Psalmi
888 1171 931 1239 ⁴,
966 1189 994 1224 ιο
1042 1171 1100 1226 id
1127 1177 1232 1239 est,
1263 1172 1322 1226 in
1350 1171 1690 1228 abstinentia

155 1265 295 1324 carnis
313 1270 362 1318 et
379 1262 672 1317 sanctitate
686 1259 818 1314 oris.
853 1261 1083 1316 Cithara
1113 1261 1327 1329 laetitia,
1361 1267 1426 1316 ut
1444 1262 1504 1316 in
1533 1262 1636 1317 Job
1669 1281 1684 1318 :

159 1378 174 1407 ι
194 1355 336 1408 Versa
376 1357 458 1406 est
499 1350 558 1404 in
603 1350 820 1404 luctum
847 1348 1062 1404 cithara
1089 1367 1218 1405 mea
1243 1351 1284 1417 ⁵,
1329 1369 1355 1403 ι
1390 1351 1446 1405 id
1477 1357 1580 1419 est,
1629 1351 1687 1406 in

157 1445 354 1498 dolorem
375 1439 565 1494 laetitia
583 1456 730 1493 mea.
755 1439 981 1494 Cithara
1001 1439 1248 1494 suavitas
1269 1440 1684 1507 consolationis,

157 1539 202 1587 ut
219 1533 264 1586 in
291 1529 431 1584 libris
459 1530 704 1599 Regum:
726 1547 754 1581 α
785 1528 1068 1583 Psallebat
1093 1529 1268 1584 David
1304 1530 1598 1597 citharam,
1633 1537 1690 1586 et

157 1619 510 1676 refocillabatur
554 1617 787 1688 spiritus
825 1618 959 1672 Saul
1004 1618 1048 1684 ³,
1083 1635 1110 1670 a
1142 1618 1290 1690 quod
1319 1635 1419 1690 per
1453 1619 1692 1675 suavita-

156 1720 239 1765 tem
260 1707 416 1764 dulcis
439 1706 740 1762 locutionis
767 1713 1119 1778 temperatur
1145 1707 1332 1762 fervor
1375 1709 1684 1764 irascenti.

1772 565 1919 604 rum.
1947 549 2112 617 Cives,
2144 550 2322 606 Judaei
2350 555 2768 623 persequentes,
2801 555 2867 605 ut
2905 551 2964 606 in
3021 552 3320 626 Evangelia
3363 575 3374 608 :

1777 656 1807 690 α
1837 638 1997 693 Cives
2026 644 2218 693 autem
2248 641 2371 710 ejus
2401 640 2638 694 oderant
2667 639 2826 694 illum
2839 638 2968 705 ²¹,·»
3001 643 3152 712 quod
3178 643 3374 698 inﬁde-
3473 685 3491 698 ,ι

1772 727 1852 781 les
1870 727 2050 782 Judaei
2069 729 2348 800 persecuti
2365 733 2499 784 sunt
2517 729 2826 784 Christum.
2862 731 3028 796 Cives,
3067 730 3368 799 daemones,

1769 821 1834 869 ut
1861 815 1919 870 in
1947 817 2252 887 Evangelia
2282 837 2294 872 :
2329 835 2355 870 α
2387 817 2542 872 Abiit
2567 822 2626 872 et
2644 817 2880 872 adhaesit
2901 818 3000 873 uni
3015 818 3218 874 civium
3237 819 3306 890 ”,
3339 839 3368 874 ι

1769 904 1828 958 id
1873 911 1976 971 est,
2036 907 2328 977 conjunxit
2383 924 2442 962 se
2481 906 2714 978 antiquo
2751 907 2918 974 hosti,
2961 907 3057 978 qui
3095 915 3181 964 est
3225 926 3370 966 unus

1769 992 2108 1048 daemonum.

1843 1083 2037 1138 Caecus
2067 1089 2154 1138 est
2180 1083 2349 1138 ardor
2375 1084 2688 1151 charitatis,
2718 1090 2784 1140 ut
2811 1085 2872 1140 in
2901 1085 3093 1141 Exodo
3125 1105 3138 1141 :
3173 1103 3205 1140 α
3230 1088 3370 1144 Coc-

1771 1187 1899 1226 cum
1941 1170 2028 1226 bis
2073 1172 2316 1228 tinctum
2362 1172 2428 1238 33,
2479 1195 2500 1224 ι
2535 1174 2592 1228 id
2633 1179 2738 1240 est,
2779 1175 3136 1230 dilectionem
3174 1176 3276 1231 Dei
3314 1183 3374 1232 et

1767 1260 2025 1332 proximi.
2042 1263 2253 1327 Caecus,
2276 1263 2462 1333 passio
2485 1263 2712 1330 Christi,
2740 1269 2806 1318 ut
2827 1263 2886 1318 in
2921 1264 3124 1319 Genesi
3157 1265 3218 1320 in
3250 1283 3370 1320 ma-

1769 1365 1906 1405 num
1919 1351 2090 1417 Zarae,
2112 1351 2208 1422 qui
2227 1357 2358 1422 post
2368 1357 2536 1406 natus
2555 1359 2642 1407 est
2669 1369 2696 1404 «
2726 1351 2994 1407 obstetrix
3019 1353 3218 1423 ligavit
3240 1371 3369 1409 coc-

1770 1439 1960 1494 cinum
1979 1439 2046 1506 ³⁴,
2081 1459 2107 1494 ι
2143 1440 2292 1511 quod
2323 1441 2394 1495 ad
2420 1441 2688 1513 populum
2716 1442 3008 1512 gentilem,
3040 1441 3136 1513 qui
3157 1459 3370 1498 assum-

1773 1534 1904 1600 ptus
1933 1533 2035 1594 est,
2067 1529 2271 1584 notitia
2289 1529 2594 1584 Dominicaa
2611 1530 2888 1600 passionis
2903 1531 3171 1602 pervenit.

1845 1618 2052 1672 Chorus
2076 1623 2162 1672 est
2189 1619 2503 1684 concordia,
2536 1624 2602 1672 ut
2629 1618 2687 1673 in
2731 1620 2969 1674 Psalmis
3001 1637 3014 1673 :
3053 1641 3076 1669 α
3119 1621 3373 1676 Laudate

1773 1721 1903 1760 eum
1933 1705 1992 1760 in
2015 1711 2285 1778 tympano
2316 1712 2374 1760 et
2402 1707 2573 1761 choro
2627 1706 2692 1772 ³⁵,
2729 1726 2754 1759 »
2807 1708 2862 1761 id
2907 1714 3011 1772 est,
3059 1709 3368 1779 glariﬁcate

208 1801 376 1854 Civitas
403 1801 487 1851 est
514 1795 704 1868 patria
722 1796 981 1862 celestis,
1003 1801 1066 1850 ut
1083 1796 1144 1850 in
1173 1797 1408 1852 Psalmis
1431 1814 1442 1849 :
1476 1815 1498 1850 ο
1531 1799 1689 1852 Jeru-
1707 1783 1752 1841 Β
1771 1795 1951 1849 Deum
1981 1793 2041 1848 in
2069 1793 2414 1850 abstinentia
2441 1795 2627 1850 carnis
2655 1802 2712 1850 et
2737 1797 3036 1851 concordia
3053 1797 3368 1854 charitatis.

156 1889 304 1952 salem,
331 1903 445 1958 quae
471 1885 785 1940 aediﬁcatur
813 1890 878 1939 ut
903 1884 1098 1939 civitas
1113 1885 1153 1951 ⁷,
1189 1903 1216 1938 a
1247 1885 1394 1957 quod
1430 1885 1564 1940 urbs
1594 1887 1692 1942 Illa

154 1977 343 2031 caelestis
361 1992 424 2028 ex
441 1973 638 2028 multis
653 1973 712 2027 in
734 1989 850 2028 una
887 1990 1022 2044 pace
1059 1973 1371 2028 viventibus
1399 1974 1691 2030 constitui-

151 2073 230 2120 tur.
249 2067 446 2128 Civitas,
479 2069 681 2116 sancta
713 2062 976 2128 Ecclesia,
1018 2068 1084 2116 ut
1109 2063 1170 2116 in
1197 2063 1427 2117 Cantica
1463 2081 1474 2117 :
1511 2083 1538 2116 (ι
1573 2063 1689 2119 Cir-

149 2154 272 2209 cuibo
288 2153 554 2206 civitatem
575 2167 678 2222 per
695 2151 812 2205 vias
833 2156 891 2205 et
902 2151 1166 2222 plateas“,
1193 2171 1216 2203 ι
1259 2152 1315 2206 id
1352 2157 1455 2218 est,
1499 2159 1688 2208 mente

150 2241 346 2297 lustrabo
365 2240 666 2295 Ecclesiam
686 2256 787 2310 per
799 2233 1089 2310 religiosos
1124 2246 1182 2294 et
1212 2241 1525 2296 surculares.
1547 2241 1690 2297 Civi-

148 2337 222 2396 tas,
244 2331 380 2401 virgo
408 2328 607 2393 Maria,
639 2332 700 2382 ut
730 2328 789 2382 in
827 2329 1066 2384 Psalmis
1111 2345 1126 2378 :
1163 2347 1188 2382 α
1231 2330 1490 2384 Gloriosa
1540 2331 1691 2386 dicta

148 2425 247 2474 sunt
279 2420 340 2473 de
371 2425 443 2484 te,
488 2417 690 2472 civitas
729 2417 830 2472 Dei
874 2419 916 2484 9,
953 2437 980 2471 ι)
1039 2419 1188 2490 quod
1245 2418 1580 2474 admiranda
1621 2420 1691 2474 de

146 2515 298 2563 sancta
322 2507 492 2562 Maria
505 2507 797 2560 dicuntur.
822 2509 1046 2573 Civitas,
1064 2509 1314 2562 humana
1323 2509 1689 2576 conversatio,

147 2605 194 2651 ut
215 2598 262 2652 in
283 2597 374 2652 Job
401 2615 412 2650 :
447 2614 474 2648 ε
502 2595 836 2651 Contemnit
860 2597 1279 2652 multitudinem
1310 2596 1548 2652 civitatis
1569 2597 1634 2664 ¹⁰,
1663 2615 1691 2650 ι

145 2685 186 2740 id
202 2686 642 2752 estabaminatur
656 2685 1128 2756 multiplicitatem
1138 2685 1575 2740 conversationis
1585 2687 1693 2741 hu-

147 2793 300 2830 manae.
318 2777 537 2840 Civitas,
566 2773 760 2828 anima
779 2781 992 2842 sancta,
1017 2775 1152 2829 utin
1173 2775 1472 2846 Evangelia
1497 2793 1553 2828 τε
1567 2777 1617 2830 Ν
1621 2788 1693 2830 an

145 2871 288 2935 potest
318 2865 502 2919 civitas
534 2861 807 2917 abscondi
842 2866 1012 2936 super
1049 2869 1299 2918 montem
1341 2865 1523 2936 posita
1564 2864 1626 2932 υ,
1662 2885 1686 2914 ι

145 2955 258 3023 quod
282 2971 384 3010 non
409 2959 605 3026 potest
633 2953 899 3008 occultari
929 2953 1120 3008 anima
1147 2953 1206 3008 in
1233 2953 1540 3008 eminentia
1561 2969 1691 3008 san-

142 3042 308 3098 ctitatis
328 3045 521 3116 posita.
589 3047 812 3112 Civitas,
855 3043 1142 3114 gentilitas
1184 3047 1251 3096 ut
1294 3043 1354 3096 in
1406 3042 1644 3097 Psalmis
1675 3061 1688 3096 :

1771 1883 1880 1938 Per
1909 1884 2137 1938 charum
2165 1883 2629 1955 cangregatianes
2659 1886 2984 1952 electorum,
3024 1893 3090 1940 ut
3124 1886 3184 1940 in
3221 1887 3372 1942 Can-

1769 1971 1916 2026 tica:
1954 1991 1982 2026 α
2013 1971 2158 2036 Quid
2185 1971 2445 2027 videbitis
2464 1973 2524 2027 in
2555 1974 2868 2041 Sunamite,
2910 1975 3018 2028 nisi
3056 1975 3256 2030 choros
3283 1993 3373 2031 ca-

1769 2059 2115 2116 atrorum?"3
2144 2079 2170 2114 »
2205 2061 2354 2132 quod
2409 2061 2470 2116 in
2512 2063 2758 2117 Ecclesia
2793 2063 3126 2134 degentibus
3163 2071 3368 2120 sanctae

1770 2149 2356 2221 suntsacietates,quae
2365 2149 2656 2220 spiritibus
2664 2150 2924 2223 malignis
2932 2151 3212 2206 terribiles
3221 2159 3371 2208 sunt.

1843 2239 2118 2308 Cophinus
2138 2243 2226 2292 est
2242 2255 2384 2310 opus
2399 2239 2617 2305 servile,
2637 2247 2702 2295 ut
2722 2241 2781 2294 in
2801 2241 3036 2294 Psalmis
3059 2259 3074 2294 :
3104 2259 3131 2292 ‹‹
3165 2241 3366 2296 Manus

1774 2328 1897 2398 ejus
1924 2327 1984 2382 in
2008 2328 2248 2400 cophino
2303 2328 2620 2384 servierunt
2661 2329 2726 2395 ³⁷,
2771 2348 2796 2381 ››
2838 2329 2894 2383 id
2934 2334 3036 2395 est,
3073 2329 3142 2384 de
3197 2346 3367 2401 apere

1775 2416 1961 2471 servili
1990 2434 2052 2472 se
2078 2417 2527 2472 intromiserunt.
2562 2418 2857 2486 Cophinus,
2890 2417 3193 2489 corruptio,
3215 2424 3281 2474 ut
3306 2418 3367 2473 in

1775 2505 2078 2576 Evangelia
2113 2524 2126 2560 :
2161 2523 2188 2560 α
2219 2506 2408 2576 Usque
2435 2506 2570 2561 dum
2591 2505 2796 2560 fodiam
2813 2506 2962 2560 circa
2973 2505 3219 2574 illam,et
3231 2507 3366 2562 mit-

1776 2599 1895 2648 tam
1922 2594 2225 2666 cophin‘um
2255 2595 2601 2660 stercoris”,
2634 2613 2660 2647 ››
2693 2595 2749 2649 id
2782 2601 2886 2661 est,
2935 2595 3070 2652 dum
3120 2600 3373 2652 mentem

1775 2683 1997 2738 ﬁdelem
2035 2683 2404 2738 et~humilem
2445 2680 2647 2738 faciam
2685 2700 3020 2754 cognoscere
3057 2684 3371 2756 corruptio-

1775 2789 1902 2826 nem
1934 2772 2146 2844 peccati
2175 2772 2282 2827 sui.
2313 2773 2423 2828 Per
2449 2773 2748 2842 caphinum
2777 2773 2947 2828 corda
2969 2773 3274 2844 justarum,
3307 2778 3374 2828 ut

1773 2861 1834 2915 in
1879 2861 2222 2932 Evangelia:
2261 2881 2284 2910 ι
2325 2861 2706 2932 Impleverunt
2759 2861 3054 2916 duodecim
3102 2861 3371 2932 cophinos

1772 2949 2218 3021 fragmentorum
2237 2949 2303 3016 ¹⁰,
2336 2967 2362 3002 ι
2395 2950 2544 3020 quod
2573 2950 2744 3004 corda
2771 2950 3084 3016 hominum,
3126 2949 3223 3022 qui
3271 2965 3372 3021 per

1774 3039 2069 3093 duodecim
2084 3039 2366 3110 apostolos
2385 3038 2688 3094 illuminati
2703 3045 2855 3106 sunt,
2878 3055 3049 3094 sacra:
3064 3039 3364 3111 Scriptura:

145 3148 164 3182 ε
188 3102 424 3189 Fluminis
435 3135 688 3208 impetus
703 3102 950 3188 laetiﬁcat
965 3132 1248 3188 civitatem
1263 3131 1363 3187 Dei
1373 3131 1437 3197 1³,
1460 3150 1482 3182 ι
1505 3131 1562 3186 id
1584 3137 1688 3198 est,
1711 3102 1756 3162 θ
1774 3102 2138 3200 expositione-
2147 3127 2473 3200 implentur.

141 3220 400 3279 fecunditas
419 3225 605 3280 sancti
637 3223 878 3295 Spiritus
907 3221 1182 3276 exhilarat
1205 3220 1476 3292 populum
1513 3220 1694 3290 genti-

143 3308 238 3363 lem.
265 3313 471 3380 Civitas,
506 3314 754 3386 populus
781 3311 1064 3376 Judaicus,
1098 3315 1164 3364 ut
1191 3309 1250 3364 in
1277 3309 1426 3364 Isaia
1457 3327 1468 3362 :
1507 3309 1694 3373 «Quo-

140 3399 268 3453 modo
291 3400 427 3456 t'acta
450 3409 540 3458 est
573 3401 836 3457 meretrix
887 3400 1081 3454 civitas
1111 3399 1280 3470 plena
1323 3398 1535 3468 judicio
1564 3397 1628 3463 ¹³,
1661 3416 1690 3452 ι)

141 3489 254 3555 quod
279 3490 423 3561 plebs
448 3492 707 3557 Judaica,
742 3507 864 3562 quae
889 3489 1173 3562 quondam
1203 3488 1310 3543 fuit
1341 3491 1363 3512 *
1391 3504 1492 3559 per
1517 3487 1696 3542 incre-

143 3574 352 3634 dulitatis
361 3581 585 3635 sordem
599 3598 633 3634 a
648 3581 765 3635 Deo
777 3578 1023 3634 recessit.
1053 3579 1274 3642 Civitas,
1298 3577 1542 3632 mundus
1563 3577 1688 3642 iste,

140 3666 255 3720 utin
279 3668 590 3725 Proverbiis
615 3688 626 3722 :
669 3689 692 3720 ‹
727 3669 1022 3724 Civitatem
1053 3666 1285 3721 fortium
1312 3666 1579 3720 ascendet
1607 3683 1694 3720 sa-

139 3752 377 3822 piens“,i
400 3758 457 3812 id
487 3764 598 3824 est,
644 3757 918 3812 mundum
961 3757 1134 3811 istum
1189 3755 1360 3810 vincit
1411 3755 1687 3809 Christus.

139 3841 316 3910 Civitas,
339 3863 434 3901 cor
460 3847 570 3901 viri
603 3846 802 3912 sancti,
837 3852 903 3900 ut
930 3846 988 3900 in
1015 3844 1252 3899 Psalmis
1285 3862 1296 3896 :
1329 3863 1351 3895 ε
1380 3845 1444 3898 In
1467 3844 1692 3898 civitate

138 3935 212 3984 tua
231 3933 520 4006 imaginem
553 3951 750 3991 eorum
779 3935 850 3990 ad
881 3935 1119 3989 nihilum
1136 3933 1331 4004 rediga
1351 3931 1416 3999 15,
1457 3950 1484 3986 ν
1509 3932 1565 3986 id
1587 3936 1688 3998 est,

137 4017 178 4072 in
198 4024 342 4078 corde
366 4025 471 4080 viri
495 4026 698 4092 sancti,
731 4025 790 4080 in
819 4041 928 4096 quo
974 4029 1037 4078 tu
1079 4022 1320 4087 habitas,
1370 4021 1524 4086 vitia,
1571 4038 1693 4092 quae

139 4115 240 4164 sunt
268 4112 661 4169 similitudines
705 4113 1024 4168 daemonum
1079 4113 1100 4134 ⁴
1153 4109 1406 4166 instruis.
1463 4110 1690 4171 Civitas,

136 4211 299 4270 corpus
314 4202 580 4270 hominis,
601 4208 667 4257 ut
687 4202 746 4257 in
768 4200 1064 4272 Evangelia
1089 4217 1100 4252 :
1131 4220 1153 4252 α
1177 4200 1474 4254 Civitatem
1497 4214 1693 4252 eorum

137 4291 380 4346 succendit
406 4292 547 4363 igni,
573 4312 595 4344 ι
621 4291 666 4326 ¹⁶
684 4291 740 4345 id
762 4298 865 4353 est,
880 4307 1082 4362 corpus
1097 4305 1294 4344 eorum
1306 4303 1472 4360 paena
1493 4287 1686 4342 affixit.

139 4374 322 4465 Civitas,
341 4379 616 4448 infernus,
639 4385 704 4434 ut
721 4381 780 4434 in
799 4379 1067 4434 Psalmis:
1108 4399 1130 4430 ι
1165 4377 1302 4442 Quis
1331 4377 1572 4432 deducet
1603 4393 1693 4431 me
1713 4405 1762 4465 D

1847 3219 2061 3272 Cottum
2092 3221 2180 3272 est
2205 3217 2342 3272 ordo
2369 3217 2820 3288 praedicatorum,
2868 3222 2934 3270 ut
2979 3217 3040 3270 in
3085 3217 3316 3272 Cantica
3349 3235 3361 3270 :

1779 3325 1806 3359 «
1839 3307 2058 3360 Collum
2083 3312 2248 3360 tuum
2268 3306 2416 3361 sicut
2425 3307 2601 3360 turris
2623 3306 2872 3360 eburnea
2888 3304 2954 3371 ³ο,
2984 3324 3008 3356 ι
3033 3305 3088 3360 id
3111 3311 3216 3372 est,
3234 3323 3371 3377 prae-

1775 3395 2069 3460 dicatores,
2101 3395 2196 3466 qui
2225 3395 2411 3450 cibum
2439 3394 2566 3449 vitae
2592 3393 2716 3448 aliis
2745 3393 3166 3458 transfundunt,
3201 3395 3260 3449 in
3311 3412 3372 3450 se

1775 3484 1963 3539 decori
1991 3489 2050 3538 et
2075 3485 2213 3538 casti
2244 3489 2393 3538 sunt.
2433 3484 2668 3543 Cottum,
2701 3480 2906 3536 sermo-
2932 3483 3366 3554 praedicationis,

1775 3583 1840 3627 ut
1857 3573 1916 3626 in
1933 3572 2218 3627 Parabolis
2250 3589 2262 3624 :
2302 3591 2326 3623 ι
2360 3572 2435 3626 Ut
2461 3570 2702 3625 addatur
2729 3575 2958 3642 torques
2979 3571 3122 3625 collo
3139 3578 3237 3626 tuo
3255 3571 3321 3638 ³³,
3339 3590 3368 3625 »

1775 3661 1834 3715 id
1863 3667 1967 3726 est,
1999 3666 2064 3715 ut
2090 3676 2276 3714 sermo
2315 3659 2726 3730 praedicationis
2757 3659 2818 3713 in
2867 3659 3148 3714 deﬁcienti
3193 3659 3376 3714 virtu-

1774 3757 1897 3806 tum
1933 3748 2276 3804 connexione
2314 3748 2699 3802 conﬁrmetur.
2729 3749 2963 3814 Cottum,
2999 3764 3176 3814 mens,
3210 3753 3276 3802 ut
3312 3747 3382 3802 in‘

1776 3840 1924 3894 Isaia
1945 3856 1956 3890 :
1977 3860 2002 3886 κ
2034 3838 2196 3892 Solve
2225 3835 2446 3890 vincula
2473 3835 2601 3890 colli
2637 3835 2722 3890 tui
2762 3835 2828 3902 3’,
2863 3855 2890 3890 ι)
2923 3835 2983 3890 id
3039 3842 3142 3900 est,
3195 3836 3374 3908 abjice

1775 3933 2004 3983 terrena
2029 3925 2309 3980 desideria
2337 3930 2454 3992 tua,
2487 3941 2611 3996 quae
2639 3925 2706 3979 ad
2737 3925 2853 3978 ima
2879 3924 3204 3996 deprimunt
3221 3941 3376 3981 men-

1735 4027 1750 4049 ’
1775 4022 1891 4072 tem
1919 4022 2098 4071 tuam.
2135 4016 2370 4080 Cottum,
2401 4013 2560 4080 ﬁdes,
2594 4013 2738 4068 utin
2770 4013 3000 4070 Cantica
3032 4032 3045 4070 :
3083 4033 3110 4067 (ι
3169 4015 3379 4070 Vulne-

1776 4106 1915 4161 rasti
1946 4123 2038 4160 me
2055 4105 2115 4159 in
2135 4120 2249 4158 uno
2273 4103 2427 4158 crine
2443 4103 2572 4158 colli
2605 4104 2690 4158 tui
2708 4102 2774 4169 ³³,
2813 4123 2839 4156 »
2872 4103 2931 4159 id
2959 4110 3062 4172 est,
3095 4103 3168 4160 ad
3195 4105 3378 4178 pieta-

1775 4201 1892 4250 tem
1932 4212 2023 4250 me
2072 4193 2422 4249 commovisti
2469 4193 2529 4248 in
2582 4193 2802 4248 unitate
2843 4193 2994 4261 ﬁdei,
3053 4210 3155 4265 per
3208 4211 3377 4265 quam

1777 4289 1963 4356 caput,
1999 4284 2276 4352 Christus,
2310 4300 2412 4338 sua
2432 4282 2671 4354 corpori,
2696 4299 2819 4354 quae
2839 4287 2926 4337 est
2953 4283 3216 4350 Ecclesia,
3248 4283 3378 4338 uni-

1774 4379 1888 4429 tur.
1921 4376 2133 4429 Cottum
2165 4373 2419 4440 audacia,
2442 4378 2509 4427 ut
2527 4372 2588 4426 in
2607 4371 2710 4427 Job
2739 4391 2752 4426 :
2789 4390 2814 4425 α
2835 4371 3098 4426 Cucurrit
3111 4371 3378 4426 adversus

140 4461 183 4516 in
205 4465 467 4522 civitatem
495 4469 778 4524 munitam
797 4469 862 4534 1⁷,
899 4487 922 4520 ›
957 4467 1106 4539 quod
1145 4468 1295 4522 Deus
1323 4473 1486 4538 pater
1516 4459 1754 4520 ﬁlium—
1780 4480 1911 4518 eum
1939 4464 2172 4518 adverso
2191 4463 2333 4517 callo
2355 4460 2421 4528 ³³,
2443 4480 2470 4513 ι)
2502 4461 2559 4515 id
2591 4465 2695 4526 est,
2739 4459 2984 4531 superba
3004 4461 3026 4482 ‘
3065 4459 3300 4514 audacia
3324 4459 3376 4514 ei

137 4567 269 4608 suum
293 4557 360 4612 ad
384 4557 672 4613 infernum
710 4557 1046 4612 descendere
1091 4555 1242 4611 fecit.
1295 4557 1403 4610 Per
1453 4558 1696 4610 civitates
1780 4552 2006 4608 restitit.
2039 4553 2274 4618 Cottum,
2306 4549 2455 4615 ﬁnis,
2489 4554 2554 4603 ut
2579 4549 2640 4602 in
2670 4547 2894 4602 Abacuc
2928 4565 2942 4601 :
2982 4565 3006 4599 ε
3068 4547 3376 4602 Denudasti

139 4647 360 4713 qumque,
389 4647 710 4719 corporales
739 4663 955 4712 sensus,
990 4651 1054 4700 ut
1077 4646 1136 4700 in
1168 4645 1468 4716 Evangelia
1502 4663 1513 4697 :
1554 4664 1578 4696 ι
1612 4645 1696 4699 Tu
1777 4643 2211 4697 fundamentum
2241 4642 2421 4710 usque
2449 4637 2520 4692 ad
2547 4637 2754 4691 collum
2772 4635 2839 4702 ³⁵,
2873 4655 2899 4686 »
2930 4635 2986 4690 id
3016 4640 3120 4703 est,
3142 4635 3378 4692 abscon-

141 4731 234 4784 esta
255 4749 416 4805 super
435 4735 684 4806 quinque
703 4735 954 4792 civitates
973 4735 1038 4796 ¹⁸,
1071 4754 1094 4786 ι
1125 4734 1184 4788 id
1213 4739 1316 4798 est,
1349 4731 1556 4787 habere
1603 4733 1698 4787 do-
1780 4733 1899 4786 dita
1939 4729 2146 4784 diaboli
2178 4733 2374 4800 aperta
2411 4725 2592 4780 fecisti
2621 4739 2797 4796 usque
2827 4725 2886 4778 in
2917 4725 3109 4778 ﬁnem.
3139 4726 3372 4794 Cottum,

141 4817 338 4876 minium
359 4823 789 4896 superquinque
815 4823 1414 4895 corporissensus.Per
1429 4824 1693 4888 civitates,
1781 4819 1968 4886 elatio,
2003 4824 2068 4872 ut
2093 4818 2153 4872 in
2181 4816 2286 4872 Job
2313 4834 2326 4870 :
2364 4833 2391 4869 α
2423 4815 2489 4870 In
2515 4814 2658 4869 collo
2689 4814 2812 4884 ejus
2855 4813 3170 4896 morabitur
3215 4814 3377 4869 forti-

143 4903 264 4979 impii
290 4929 301 4962 :
333 4913 354 4934 ’
377 4931 407 4965 α
427 4892 717 4968 Civitates
745 4892 941 4968 eorum
985 4911 1308 4967 destruxisti
1353 4911 1414 4978 ¹⁰,
1451 4929 1476 4962 ››
1511 4910 1566 4964 id
1593 4916 1696 4976 est,
1780 4907 1994 4974 tudo”,
2027 4907 2176 4978 quod
2204 4910 2435 4978 propter
2459 4902 2781 4974 superbiam
2829 4919 2991 4957 suam
3023 4892 3279 4958 diabolus
3316 4919 3377 4958 se

141 4992 306 5067 impios
331 5001 741 5057 condemnasti.
1783 4997 1986 5052 fortem
2007 4995 2247 5068 judicat.

196 5085 322 5142 Cives
347 5095 483 5144 sunt
508 5091 719 5158 ﬁdeles,
743 5092 884 5146 utin
913 5091 1087 5146 Paulo
1111 5106 1145 5144 :'
1163 5110 1186 5142 ς
1221 5091 1333 5144 Vas
1377 5089 1513 5144 estis
1557 5088 1702 5142 cives
1856 5087 2116 5144 Columba
2145 5089 2233 5139 est
2259 5082 2504 5155 Spiritus
2535 5086 2780 5147 sanctus,
2835 5085 2902 5135 ut
2934 5080 2994 5135 in
3038 5080 3370 5151 Evangelia:

195 5192 394 5250 ‘Exod.
426 5211 638 5263 xxxvu,
675 5193 758 5253 16.
797 5197 821 5232 ³
865 5199 1011 5252 Psal.
1043 5211 1214 5262 xxxn,
1263 5195 1315 5252 2.
1356 5195 1381 5230 ³
1422 5196 1569 5250 Psal.
1602 5209 1763 5257 Lxxx,
1795 5192 1848 5246 3.
1899 5191 1922 5226 ⁴
1964 5193 2110 5248 Psal.
2151 5205 2324 5263 xcvn,
2377 5188 2428 5263 5.
2467 5187 2642 5263 _5_Job
2679 5187 2942 5263 mutum;
2969 5187 3004 5263 ξ
3030 5187 3226 5263 I_Reg.
3259 5201 3371 5263 xv},

241 5263 260 5298 τ
282 5266 426 5322 Psal.
462 5255 637 5335 Cium,
663 5266 712 5324 3.
756 5269 780 5304 ⁸
811 5269 972 5324 Cant.
1005 5283 1088 5334 ιιι,
1131 5268 1185 5322 2.
1205 5255 1249 5302 ’³
1279 5268 1426 5324 Psal.
1473 5281 1689 5330 LXXXVI,

1844 5265 1856 5299 ’
1885 5265 1988 5320 Job
2033 5278 2218 5335 xxxxx,
2272 5262 2354 5335 11.
2389 5260 2431 5295 “
2466 5259 2854 5335 Math._v,_14.
2898 5257 2944 5294 ί²
2969 5258 3116 5335 Psal.
3149 5255 3276 5335 ξιξ,

140 5327 281 5390 “18a.
308 5351 346 5402 ι,
386 5337 476 5394 2|.
507 5337 552 5374 “
571 5327 730 5394 Prov.
764 5355 877 5406 χχι,
905 5339 994 5394 22.
1027 5327 1240 5394 “Psal.
1266 5353 1434 5403 LXXII,
1462 5337 1551 5395 20.
1586 5338 1630 5374 ¹⁰
1659 5327 1689 5392 ll

1847 5379 1857 5389 .
1890 5350 2023 5402 xxn,
2059 5333 2110 5390 7.
2131 5335 2174 5370 ¹“¹
2204 5327 2352 5406 Psal.
2384 5345 2500 5406 pur,
2531 5331 2621 5386 11.
2654 5331 2700 5366 ¹⁸
2725 5331 2858 5386 Luc.
2890 5343 3002 5406 si},
3029 5328 3203 5406 _1_9._“
3219 5329 3373 5406 Psal.

141 5407 272 5480 1.1,].
293 5398 347 5480 ³³
387 5409 530 5480 Eph.
569 5411 764 5480 11,719.
809 5398 1022 5466 ﬂ'Luc.
1058 5425 1170 5477 xxx,
1208 5409 1298 5466 14.
1348 5409 1396 5444 ⁸³
1426 5398 1572 5464 Ἰλιιο.
1601 5424 1689 5472 xv,

1847 5406 1895 5441 ’³
1935 5398 2104 5461 Exod.
2137 5420 2264 5480 xxv,
2298 5401 2428 5480 αξξ-³*
2459 5403 2598 5456 Gen.
2630 5415 2862 5480 Χειιινιιι,
2895 5398 2984 5456 28.
3028 5399 3256 5480 2“Psal.
3289 5415 3374 5467 CL,

140 5469 178 5524 4.
208 5472 249 5510 ’⁸
281 5469 452 5533 Cant:
483 5494 558 5546 vi,
599 5469 688 5538 {2.
725 5481 772 5516 ²⁷
809 5483 956 5537 Psal.
1003 5469 1169 5548 ωαχ,
1201 5483 1252 5536 7.
1284 5481 1330 5516 ’³
1361 5482 1493 5536 Luc.
1526 5495 1648 5548 xm,
1681 5469 1736 5533 8.
1767 5478 1815 5513 ’9
1842 5479 1999 5534 Matt.
2033 5491 2143 5542 x1v,
2191 5475 2308 5548 207;?
2335 5475 2506 5548 Marc.
2540 5472 2763 5548 v5.53“;
2796 5473 2930 5548 Luc.
2963 5485 3040 5538 Ix,
3071 5469 3147 5548 η
3169 5491 3181 5540 ;
3202 5472 3375 5548 Δ,[οειιι.

139 5548 323 5676 ζῖιίζῖὲ
338 5549 388 5584 ³ο
415 5539 579 5606 Cant.
611 5567 708 5618 vn,
734 5552 824 5608 45.
857 5553 900 5588 ³¹
942 5555 1102 5609 Prov.
1147 5539 1186 5616 ι,
1235 5553 1286 5608 9.
1332 5551 1382 5586 ³³
1418 5553 1526 5608 Isa.
1569 5539 1667 5615 ui,

1874 5551 2036 5606 Cant.
2064 5539 2141 5612 xv,
2181 5547 2236 5602 9.
2265 5539 2314 5584 ³⁴
2337 5545 2442 5602 Job
2467 5559 2554 5605 xv,
2589 5539 2680 5600 26.
2713 5542 2760 5578 ³⁵
2796 5543 2936 5598 Aba.
2967 5556 3052 5608 ιιι,
3084 5539 3175 5599 l3.
3199 5541 3248 5580 ³⁸
3275 5542 3380 5598 Job

144 5625 231 5681 XLI,
257 5625 343 5676 13.
