3818 6168
465 275 568 331 903

1068 269 1133 324 Β.
1174 264 1446 321 RABANI
1483 263 1716 320 MAURI
1752 263 2070 319 ARCHIEP
2105 261 2430 318 MOGUNT.
2471 259 2770 317 OPERUM
2805 259 2991 314 PARS
3027 260 3124 315 III.

3555 273 3634 329 901

463 405 615 454 sunt.
665 399 772 452 Per
817 410 999 448 corvos
1043 391 1454 464 praedicatores,
1505 394 1571 444 ut
1617 389 1676 442 in
1725 387 2012 442 Parabolis
2036 406 2047 441 :
2073 389 2124 447 A
2208 388 2495 441 Cortexest
2505 384 2854 456 signaculum
2869 383 3068 449 crucis,
3081 383 3206 438 utin
3217 385 3444 443 Cantico:
3478 409 3502 443 ι
3521 393 3640 450 Sicut

469 508 494 538 «
525 486 802 542 Eil‘odiant
828 499 956 538 eum
975 481 1124 535 corvi
1155 480 1224 534 de
1255 483 1506 534 torrente
1526 479 1566 542 ¹,
1609 497 1630 528 ι
1667 477 1722 530 id
1751 482 1854 540 est,
1903 477 2060 531 aufe-

464 581 596 631 rant
620 573 1011 644 blaspbemum
1031 569 1423 641 praedicatores
1445 567 1672 621 ﬂuentis
1691 566 1958 621 doctrinae
1978 583 2063 620 re-

465 663 870 719 sistentes.Per
898 676 1124 715 corvum
1149 657 1406 728 gentiles,
1439 663 1503 710 ut
1536 656 1594 710 in
1631 655 1896 709 Psalmis:
1934 674 1960 708 α
1992 655 2062 708 Et

465 752 634 824 pullis
668 766 958 805 corvorum
989 745 1374 802 invocantibus
1400 762 1529 799 eum
1559 744 1602 811 ³,
1638 764 1662 796 »
1696 744 1752 798 id
1781 749 1886 810 est,
1933 743 2062 797 filiis

464 841 718 910 gentium
742 837 1127 893 invocantibus
1146 835 1231 889 vel
1261 833 1640 906 quaerentibus
1669 849 1817 887 eum.

540 925 752 984 Corona
775 933 861 981 est
879 925 1127 991 victoria,
1150 930 1215 978 ut
1250 923 1308 978 in
1331 923 1516 977 Exodo
1539 941 1550 974 :
1603 941 1629 974 ι
1657 921 1850 976 Facies
1895 938 2064 992 super

468 1035 656 1074 arcam
684 1033 948 1071 coronam
965 1029 1198 1068 auream
1211 1012 1254 1070 3.
1277 1031 1304 1066 ι
1337 1012 1484 1083 quod
1507 1010 1778 1065 Dominus
1806 1009 2065 1064 ﬁdelibus

469 1108 588 1162 suis
619 1107 677 1161 in
707 1104 1020 1160 tentatione
1049 1103 1148 1156 dat
1173 1100 1482 1156 victoriam.
1508 1101 1739 1166 Corona,
1759 1105 2063 1154 conventus

471 1196 872 1269 apostolorum,
889 1199 954 1246 ut
974 1192 1031 1246 in
1047 1190 1286 1246 Psalmis
1309 1209 1321 1243 :
1349 1209 1377 1240 α
1399 1188 1642 1242 Posuisti
1663 1188 1720 1241 in
1739 1187 1921 1258 capite
1941 1189 2064 1257 ejus

471 1301 737 1339 coronam
758 1283 827 1336 de
861 1280 1046 1352 lapide
1084 1278 1328 1350 pretioso
1360 1277 1402 1342 ‘,
1448 1297 1473 1328 ι)
1519 1275 1576 1330 id
1617 1282 1719 1342 est,
1767 1275 1972 1330 dedisti
2012 1275 2063 1329 ei

471 1375 530 1428 in
547 1372 707 1427 initio
729 1368 1139 1443 praedicationis
1159 1365 1489 1421 concordem
1501 1370 1835 1419 conventum
1847 1369 2066 1436 aposto-

472 1464 674 1517 lorum.
704 1465 936 1524 L'orona,
979 1456 1282 1511 multitudo
1321 1459 1663 1518 sanctorum,
1707 1460 1771 1508 ut
1808 1453 1866 1506 in
1907 1453 2065 1508 Psal-

475 1551 614 1604 mis:
649 1548 952 1604 Bcnedices
989 1562 1206 1600 coronae
1246 1543 1381 1598 anni
1423 1543 1770 1612 benignitate
1817 1549 1917 1596 tua
1959 1542 2000 1608 5,
2035 1559 2063 1595 ι

473 1640 530 1693 id
563 1644 668 1695 est.
702 1637 860 1691 dabis
880 1640 1246 1705 augmentum
1261 1632 1457 1702 gratiae
1479 1631 1828 1686 multitudini
1855 1637 2071 1685 sancto-

2142 481 2330 529 cortex
2359 475 2493 528 mali
2513 474 2704 546 punici
2733 474 2814 528 ita
2839 490 2998 544 gena:
3025 479 3132 527 tuae
3158 473 3218 540 ‘9,
3246 492 3270 526 ι
3295 478 3426 546 quod
3458 481 3518 534 ad
3549 483 3644 538 imi.

2142 563 2412 617 tationem
2443 563 2625 617 crucis
2652 562 2831 616 sancti
2857 580 2917 616 se
2947 561 3118 632 ailligi
3132 562 3450 632 permittunt.
3464 568 3644 624 Percur-

2145 655 2302 706 ticcm
2332 651 2751 718 delectationes,
2779 656 2840 704 ut
2871 650 2927 705 in
2961 649 3100 704 Job:
3135 669 3158 700 ι
3184 652 3488 710 Mandebant
3526 659 3648 713 arbo-

2143 757 2270 794 rum
2299 740 2532 794 cortices
2558 739 2624 807 ’°,
2663 759 2687 792 »
2720 740 2777 794 id
2809 746 2912 802 est,
2954 738 3216 793 amabant
3251 743 3518 798 exteriores
3551 747 3650 802 visi-

2145 829 2342 884 bilium
2357 829 2772 884 delectationes.
2797 830 2906 882 Per
2917 831 3168 882 corticem
3182 845 3364 884 sensus
3379 831 3652 902 historiaies,

2145 925 2210 972 ut
2250 918 2308 972 in
2347 917 2585 972 Genesi:
2630 937 2656 970 α
2700 917 2975 972 Detractis
3023 916 3309 971 corticibus
3353 918 3501 974 arbor
3533 939 3659 994 appa-

2145 1007 2262 1062 ruit
2295 1006 2361 1070 ²¹,
2397 1026 2423 1059 »
2473 1007 2530 1060 id
2571 1012 2676 1073 est,
2728 1005 3002 1060 submotis
3053 1005 3416 1061 historialibus
3457 1009 3657 1063 sensibus

2145 1096 2312 1150 decor
2337 1095 2644 1166 spiritualis
2672 1096 3058 1166 intelligentiae
3083 1095 3336 1150 innotuit.

2217 1186 2415 1239 Crocus
2446 1190 2534 1238 est
2560 1185 2823 1250 charitas,
2865 1192 2930 1240 ut
2958 1185 3017 1239 in
3048 1187 3298 1240 cantico:
3337 1206 3358 1236 ι
3389 1187 3661 1242 Emissiones

2146 1291 2361 1346 sponsae
2390 1275 2602 1328 nardus
2630 1280 2687 1328 et
2712 1291 2906 1328 crocus
2922 1273 2988 1338 ’9,
3025 1294 3050 1326 ι)
3085 1276 3230 1345 quod
3258 1281 3438 1330 sancta
3469 1276 3581 1331 iacit
3611 1277 3664 1331 ad

2146 1363 2460 1433 exemplum
2477 1363 2605 1417 boni
2628 1362 2812 1434 operis
2827 1369 2882 1416 et
2903 1364 2974 1417 ad
2995 1363 3255 1418 virtutem
3282 1365 3504 1436 pertinet
3519 1366 3657 1419 chari-

2148 1453 2301 1507 tatis.

2221 1543 2499 1596 Coturm'a'
2512 1549 2598 1597 est
2617 1544 2723 1608 lex,
2752 1549 2817 1596 ut
2844 1543 2904 1596 in
2934 1544 3200 1598 Psalmis:
3245 1563 3273 1596 ι
3295 1544 3455 1610 Dixit,
3485 1552 3534 1598 et
3557 1545 3672 1598 venit

2152 1630 2406 1685 coturnix
2432 1630 2498 1698 ³³,
2535 1651 2559 1684 ›)
2592 1632 2742 1703 quod
2779 1631 3041 1704 praecepit
3078 1634 3227 1686 Deus
3260 1639 3316 1688 et
3347 1638 3494 1688 vetus
3529 1633 3599 1687 lex
3623 1633 3674 1687 de.

477 1745 628 1782 rum.
663 1729 877 1782 Corona
905 1723 1198 1795 praemium
1219 1721 1397 1792 regni,
1420 1726 1486 1774 ut
1511 1721 1568 1774 in
1585 1719 1832 1791 Epistola
1844 1719 2060 1775 Jacobi:
2089 1706 2135 1765 Β
2151 1721 2360 1775 Judaeis
2383 1723 2517 1776 data
2544 1721 2666 1776 fuit.
2701 1723 2809 1776 Per
2835 1727 3177 1802 coturnicem
3207 1723 3502 1794 voluptates
3523 1739 3675 1776 cama-

475 1836 498 1870 ι
535 1815 786 1886 Accipiet
802 1829 1066 1868 coronam
1093 1811 1219 1865 vita:
1238 1811 1281 1875 θ,
1308 1830 1333 1862 ››
1363 1810 1420 1863 id
1458 1815 1561 1875 est,
1599 1808 1868 1880 percipiet
1905 1815 2068 1864 aeter-

471 1905 707 1960 nitatem
733 1903 948 1972 gratiae.

547 1996 730 2048 Cornu
755 1997 842 2045 est
861 1989 1018 2060 regia
1046 1993 1312 2060 potestas,
1345 1994 1409 2042 ut
1432 1988 1489 2041 in
1511 1987 1751 2042 cantico:
1787 2005 1813 2039 ι
1845 1987 1914 2042 Et
1936 1987 2068 2042 sub-

475 2081 694 2137 limabit
722 2097 894 2135 cornu
925 2080 1136 2133 Christi
1164 2077 1252 2132 sui
1281 2077 1321 2143 7,
1355 2096 1380 2128 »
1407 2077 1554 2147 quod
1579 2077 1714 2130 data
1743 2081 1829 2130 est
1855 2075 2070 2130 homini

474 2171 698 2225 Christo
739 2175 984 2241 potestas
1014 2167 1070 2222 in
1101 2167 1238 2221 coelo
1269 2172 1326 2219 et.
1341 2166 1410 2242 ,in
1440 2172 1610 2220 terra.
1663 2166 1866 2232 Cornu,
1917 2165 2072 2219 forti-

472 2259 630 2324 tudo,
663 2263 728 2312 ut
757 2257 815 2311 in
846 2255 1082 2311 Psalmis
1105 2273 1116 2308 :
1155 2275 1182 2305 ε
1213 2255 1276 2309 In
1305 2260 1362 2308 te
1391 2253 1648 2308 inimicos
1677 2253 2071 2308 ventilabimus

473 2364 646 2403 cornu
675 2349 716 2412 ⁸,
751 2365 777 2397 ιο
811 2346 866 2399 id
896 2352 1000 2410 est,
1033 2344 1360 2399 fortitudine
1394 2351 1496 2398 tua
1530 2342 1921 2414 superabimus
1970 2343 2070 2397 lio-

474 2444 589 2491 stcs
618 2443 765 2491 tuos.
787 2437 994 2500 Cornu,
1029 2433 1352 2499 eminentia,
1366 2438 1431 2487 ut
1456 2433 1513 2486 in
1537 2433 1772 2487 Psalmis
1796 2451 1807 2486 :
1828 2450 1853 2483 (ι
1885 2434 2071 2504 Usque

475 2526 544 2578 ad
570 2541 746 2578 cornu
776 2522 972 2577 altaris
988 2523 1028 2588 θ,
1073 2542 1093 2573 ο
1131 2523 1185 2575 id
1229 2527 1331 2586 est,
1380 2537 1558 2592 usque
1598 2521 1668 2574 ad
1709 2521 2072 2574 eminentiam

475 2612 738 2667 Deitatis.
773 2614 979 2676 Cornu,
1012 2610 1292 2682 superbia,
1333 2617 1398 2665 ut
1425 2611 1484 2664 in
1513 2610 1781 2664 Psalmis:
1819 2628 1846 2663 «κ
1887 2610 2071 2664 Nolite

475 2701 720 2755 exaltare
743 2716 919 2754 cornu
950 2699 1014 2766 1°,
1051 2719 1079 2754 ι
1109 2700 1168 2753 id
1196 2704 1299 2766 est,
1347 2700 1519 2754 nolite
1566 2715 1663 2753 vos
1711 2699 1927 2753 elevare
1973 2716 2074 2770 per

482 2789 821 2860 superbiam.
846 2789 955 2843 Per
989 2805 1163 2842 cornu
1189 2787 1418 2842 brachia
1437 2789 1636 2852 crucis,
1653 2795 1718 2842 ut
1739 2788 1795 2842 in
1815 2787 2064 2842 Abacuc:

479 2899 502 2929 «
537 2881 762 2932 Cornua
791 2878 849 2931 in
879 2876 1137 2930 manibus
1157 2877 1357 2947 ejus“,
1392 2895 1419 2930 ι
1451 2877 1599 2948 quod
1620 2876 1862 2931 brachiis
1890 2878 2069 2932 crucis

479 2967 661 3021 inlixae
692 2972 826 3020 sunt
854 2982 1056 3024 manus
1083 2967 1226 3035 ejus.
1259 2967 1368 3020 Per
1409 2982 1584 3020 cornu
1627 2966 1804 3020 sancti
1840 2983 2066 3021 carnem

473 3057 820 3122 cxcedentes,
855 3055 986 3108 utin
1017 3055 1382 3126 Apocalypsi:
1417 3073 1444 3106 α
1469 3055 1595 3108 Vidi
1624 3073 1832 3124 agnum
1863 3055 2070 3110 haben-

472 3152 589 3199 tem
617 3161 827 3199 cornua
854 3149 1068 3215 septem
1102 3142 1163 3207 ",
1196 3162 1223 3196 ιι
1270 3143 1326 3197 id
1356 3149 1458 3209 est,
1495 3146 1908 3216 contemplatus
1944 3162 2070 3200 sum

476 3232 764 3287 Christum
779 3231 1069 3286 universos
1096 3237 1317 3286 sanctos
1346 3231 1741 3303 possidentem.
1763 3233 1871 3286 Per
1896 3250 2071 3287 cornu

473 3321 612 3392 legis
628 3321 1100 3392 impugnatorem,
1116 3320 1246 3374 utin
1276 3321 1628 3392 Apocalypsi.
1647 3342 1668 3373 ι
1695 3322 1820 3376 Vidi
1832 3321 2070 3376 bestiam

473 3410 867 3464 ascendentem
899 3409 970 3464 de
992 3408 1155 3475 mari,
1175 3409 1472 3464 habentem
1495 3427 1706 3466 cornua
1728 3411 1920 3466 decem
1940 3411 2004 3478 13,
2043 3431 2066 3462 ι

472 3499 526 3554 id
573 3505 677 3566 est,
725 3498 964 3553 intuitus
1002 3515 1128 3552 sum
1177 3499 1585 3554 Antichristum
1641 3517 1742 3572 per
1794 3501 1970 3554 malos
2011 3518 2071 3554 se

473 3589 833 3654 exultantem,
880 3588 1258 3660 possidentem
1307 3589 1709 3660 inpugnatores
1757 3589 1913 3658 legis.
1964 3590 2072 3643 Per

473 3694 686 3733 cornua
712 3677 824 3732 duo
841 3677 1220 3742 Testamenta,
1236 3677 1365 3731 utin
1377 3677 1710 3748 Apocalypsi
1732 3696 1745 3731 :
1769 3696 1796 3730 α
1820 3677 2074 3732 Habebat

473 3767 656 3822 bestia
677 3767 789 3822 duo
804 3767 1094 3832 cornua“,
1114 3786 1136 3817 ι
1172 3766 1320 3836 quod
1346 3766 1725 3820 Antichristus
1747 3767 1857 3820 duo
1895 3771 2070 3820 testa-

474 3862 668 3911 menta
684 3855 790 3910 sibi
820 3847 1133 3927 usurpabit.
1166 3855 1276 3909 Per
1302 3871 1514 3909 cornua
1541 3855 1856 3910 munimina
1893 3855 2070 3910 virtu-

2151 1812 2250 1877 les,
2284 1818 2350 1866 ut
2373 1811 2432 1865 in
2465 1813 2763 1866 Numeris:
2800 1832 2824 1859 a
2859 1813 3076 1866 Ventus
3105 1818 3357 1884 arreptas
3399 1819 3536 1867 trans
3559 1829 3677 1866 mare

2149 1901 2462 1955 coturnices
2515 1901 2720 1956 detulit
2750 1901 2809 1955 in
2848 1907 3034 1955 castra
3074 1901 3139 1968 Ἃ,
3187 1922 3210 1952 ι
3257 1902 3399 1972 quod
3428 1902 3681 1973 voluptates

2150 1992 2421 2057 carnales,
2456 2008 2579 2062 qua:
2606 1995 2739 2044 sunt
2766 1991 2826 2044 in
2855 1990 3134 2044 mundo...
3167 1991 3298 2048 viris
3323 1990 3588 2061 religiosis.

2221 2081 2375 2134 Costa
2398 2086 2484 2134 est
2503 2079 2674 2134 robur
2691 2063 3002 2151 spirituale,
3023 2085 3090 2134 ut
3103 2079 3162 2134 in
3183 2080 3413 2135 Genesi:
3435 2097 3460 2132 α
3482 2081 3682 2149 Cumque

2151 2167 2541 2233 obdormisset,
2574 2169 2706 2223 tulit
2734 2173 2967 2234 costam,
3016 2175 3076 2222 et
3112 2169 3346 2240 replevit
3382 2184 3581 2223 carnem
3610 2183 3684 2237 pro

2151 2274 2219 2311 ea
2242 2257 2308 2324 ’5,
2345 2275 2372 2309 θ
2403 2257 2550 2328 quod
2590 2263 2725 2311 tunc
2762 2255 3057 2311 moraliter
3097 2258 3182 2316 ﬁt,
3226 2257 3442 2328 quando
3479 2255 3684 2310 oblivioni

2151 2347 2395 2418 seipsum
2426 2346 2613 2417 aliquo
2641 2345 2917 2410 tradente,
2951 2351 3008 2398 et
3042 2345 3339 2416 spirituale
3367 2344 3524 2399 robur
3557 2343 3614 2396 ab
3636 2357 3684 2395 eo

2151 2434 2387 2498 destrui,
2433 2440 2490 2488 et
2527 2435 2809 2488 carnalem
2850 2434 2901 2487 ei
2946 2435 3250 2488 molliciem
3295 2433 3567 2506 permittit.
3608 2433 3688 2485 Per

2153 2529 2322 2579 costas
2363 2540 2561 2577 sensus
2606 2523 2824 2588 animae,
2873 2528 2939 2576 ut
2976 2522 3035 2576 in
3073 2523 3218 2578 Job:
3263 2541 3291 2575 α
3319 2523 3490 2577 Media
3523 2520 3690 2575 invadit

2151 2618 2334 2667 costas
2363 2613 2485 2682 ejus
2512 2610 2577 2677 ³⁸,
2617 2630 2640 2661 ι
2673 2611 2818 2682 quod
2844 2611 3019 2682 impio
3036 2628 3246 2683 corpus
3272 2612 3466 2666 animae
3491 2627 3589 2665 suae
3611 2607 3692 2680 spi-

2152 2700 2375 2755 ritualis
2401 2705 2621 2769 egestas
2647 2699 2975 2771 corrumpit.

2225 2790 2450 2844 Cubitus
2481 2794 2568 2842 est
2594 2787 2739 2842 bona
2769 2788 2935 2854 actio,
2971 2796 3038 2842 ut
3063 2788 3122 2842 in
3147 2789 3308 2844 libris
3336 2790 3565 2860 Regum:
3593 2805 3618 2837 ι
3639 2786 3693 2840 Os

2151 2877 2346 2930 lateris
2374 2876 2543 2931 unius
2569 2877 2740 2932 cubiti
2760 2877 2826 2944 ’7,
2860 2897 2886 2929 ››
2916 2878 3064 2948 quod
3095 2895 3286 2933 sermo
3308 2877 3695 2950 predicatoriset

2149 2967 2428 3021 unitatem
2454 2984 2596 3022 verae
2631 2967 2940 3034 charitatis,
2971 2973 3029 3021 et
3059 2969 3454 3023 strenuitatem
3485 2965 3696 3038 praedicat

2150 3058 2309 3114 bonae
2339 3059 2592 3113 actionis.
2611 3060 2975 3114 Percubitum
2998 3060 3392 3131 multiplicitas
3404 3060 3520 3113 vita:
3531 3057 3694 3111 activa.

2153 3154 2217 3202 ut
2244 3148 2303 3202 in
2344 3147 2625 3202 Ezechiele
2657 3167 2670 3200 :
2717 3150 2736 3169 ⁶
2796 3165 2822 3198 ¢
2863 3147 3172 3203 Funiculus
3211 3166 3309 3202 sex
3348 3148 3632 3204 cubitorum
3659 3151 3701 3196 et

2151 3239 2338 3309 palmo
2366 3237 2432 3304 ³⁸,
2469 3257 2494 3288 ››
2520 3238 2666 3308 quod
2685 3237 2973 3308 Scriptura
2994 3244 3303 3310 utramque
3331 3239 3497 3292 vitam
3523 3240 3701 3290 conten-

2151 3328 2252 3393 dit,
2285 3329 2521 3382 activam
2551 3335 2608 3382 et
2634 3327 3150 3399 contemplativam.

2225 3419 2410 3472 Cubile
2437 3422 2524 3472 est
2535 3434 2693 3471 mens
2711 3433 2900 3488 prava,
2928 3424 2993 3472 ut
3017 3419 3074 3472 in
3097 3419 3371 3474 Psalmis:
3397 3416 3698 3488 iniquitatem

2153 3507 2458 3562 meditatus
2477 3514 2564 3560 est
2579 3507 2636 3560 in
2656 3506 2825 3560 cubili
2846 3523 2948 3560 suo
2965 3507 3032 3573 '9,
3063 3527 3087 3558 »
3114 3509 3172 3562 id
3188 3514 3293 3574 est,
3321 3508 3524 3562 malum
3543 3506 3702 3558 tracta-

2150 3597 2230 3651 vit
2256 3595 2520 3650 inanimo
2553 3613 2673 3650 suo.
2707 3595 2913 3662 Cubile,
2946 3597 3109 3667 quies
3137 3597 3372 3664 diaboli,
3402 3603 3465 3652 ut
3487 3597 3542 3650 in
3569 3591 3701 3648 Isaia:

2154 3700 2184 3736 c
2216 3684 2336 3738 Erit
2362 3683 2542 3738 cubile
2571 3685 2877 3738 draconum
2905 3684 2972 3750 ³ο,
2993 3703 3020 3738 »
3056 3687 3212 3756 quod
3245 3678 3702 3757 reprobusquilibet

2151 3777 2210 3827 et
2227 3772 2630 3828 habitationem
2661 3791 2721 3827 se
2749 3773 2885 3827 facit
2907 3773 3343 3830 daemoniorum.
3369 3775 3561 3838 Cubile,
3595 3769 3705 3822 bona

2151 3878 2330 3928 mens,
2390 3867 2454 3916 ut
2509 3862 2568 3916 in
2623 3861 2922 3933 Evangelia
2963 3880 2976 3915 :
3039 3880 3064 3913 «
3110 3863 3274 3917 Intra
3327 3863 3386 3916 in
3441 3857 3702 3915 cubiculum

472 3951 616 4011 tum,
637 3944 1068 3999 utinPsalmis:
1111 3961 1137 3995 ί(
1170 3943 1395 3998 Cornua
1422 3944 1820 4015 producentem
1863 3950 1920 3998 et
1962 3960 2070 3998 un-
2150 3955 2314 4006 tuum
2341 3951 2406 4018 3',
2448 3970 2470 4002 ι
2505 3951 2558 4004 id
2601 3955 2704 4015 est,
2747 3951 2917 4022 dilige
2953 3953 3435 4023 tranquillitatem
3475 3952 3704 4006 internum

471 4034 636 4106 80188
665 4033 730 4101 ⁸⁵,
754 4053 776 4084 ³
805 4032 864 4086 id
883 4037 988 4098 εει»
1006 4031 1237 4086 ΐοδιιεῐδ
1256 4031 1530 4087 Virtutum
1558 4039 1615 4087 et
1629 4033 2072 4104 Perseverantias
2152 4041 2357 4096 mentis
2384 4046 2514 4095 tuae.
2535 4041 2738 4107 Cubile,
2767 4041 2926 4112 quies
2951 4041 3220 4110 caelestis,
3248 4049 3315 4096 ut
3337 4042 3397 4096 in
3426 4035 3704 4108 Evangelia:

475 4122 894 4178 habentes.Per
907 4137 1083 4176 cornu
1100 4121 1738 4192 potestatesimpiorum,
1767 4122 1898 4176 utin
1910 4123 2070 4176 Psal-
2158 4149 2181 4181 ι
2215 4131 2340 4184 Jam
2371 4146 2590 4184 mecum
2618 4130 2779 4201 pueri
2809 4130 2920 4184 mei
2957 4131 3180 4185 suntin
3222 4131 3394 4186 cubili
3434 4129 3496 4195 ³³,
3531 4146 3556 4180 ι
3594 4122 3708 4196 quod

476 4212 634 4266 mis:
692 4229 719 4262 «
777 4211 847 4265 Et
901 4209 1092 4264 omnia
1144 4225 1354 4264 cornua
1415 4217 1769 4283 peccatorum
1834 4212 2073 4267 confrin-
2154 4222 2486 4276 sanctorum
2516 4219 2735 4285 animae,
2784 4236 2818 4272 a
2859 4218 3189 4292 corporibus
3231 4227 3432 4285 exutis,
3468 4221 3577 4289 jam
3607 4217 3708 4268 sunt

471 4317 604 4373 88m
633 4301 697 4366 ¹⁶ν
734 4320 760 4354 »
809 4300 862 4353 id
907 4305 1010 4366 est:
1058 4305 1364 4371 Potestates
1413 4299 1712 4372 impiorum
1761 4302 2066 4358 destmam.
2088 4324 2280 4403 Deum
2322 4308 2558 4363 Domino
2581 4309 2639 4363 in
2661 4309 2847 4380 quiete
2884 4308 3115 4364 caelesti.
3159 4311 3274 4366 Per
3311 4311 3483 4365 cubile
3521 4301 3710 4378 praemia

473 4391 584 4446 Per
619 4407 831 4445 cornua
867 4394 1174 4461 potestates
1217 4392 1522 4462 justorum,
1563 4398 1629 4446 ut
1677 4392 1734 4446 in
1785 4393 2022 4447 Psalmis
2055 4389 2499 4465 :"sanctorum,
2530 4403 2598 4452 ut
2623 4398 2680 4452 in
2709 4398 2978 4452 Psalmis.
3018 4419 3039 4449 σ
3075 4399 3451 4453 Laetabuntur
3477 4397 3531 4450 in
3555 4389 3708 4447 cubili-

473 4479 519 4516 ¹⁷
551 4497 578 4532 α
613 4479 1019 4534 Exaltabuntur
1046 4495 1259 4534 cornua
1264 4481 1566 4551 justorum,
1592 4499 1618 4534 ι
1649 4481 1797 4554 quod
1823 4488 2070 4553 potesta-
2153 4485 2256 4541 bus
2278 4486 2400 4541 suis
2417 4487 2484 4552 ³³,
2523 4506 2550 4540 ι
2579 4488 2729 4559 quod
2743 4488 2920 4543 sancti
2949 4489 3017 4541 de
3030 4487 3286 4558 praemiis
3306 4487 3423 4542 suis
3437 4484 3537 4541 sibi
3555 4493 3709 4537 secun-

473 4573 560 4622 tes
585 4567 862 4623 bonorum
891 4569 1040 4622 Deus
1071 4568 1254 4640 el'igit-
2153 4576 2288 4630 dum
2317 4575 2519 4630 merita
2547 4594 2650 4631 sua
2678 4577 2736 4630 in
2765 4579 2904 4631 coelo
2933 4578 3078 4632 datis
3109 4578 3403 4632 laetantur.
3449 4575 3550 4628 Per
3570 4571 3708 4625 cubilc

547 4657 776 4710 Cortina
805 4662 892 4710 est
904 4657 989 4710 vir
1007 4663 1253 4723 sanctus,
1279 4663 1345 4712 ut
1363 4658 1422 4713 in
1445 4659 1660 4714 Exodo:
1702 4680 1723 4710 ι
1755 4661 2070 4731 Longitudo
2153 4665 2540 4720 conventicula
2569 4666 3015 4732 malorum,utin
3047 4667 3320 4720 Cantica:
3347 4687 3370 4717 ε
3390 4655 3708 4721 Coronaberis

475 4745 702 4800 cortinae
731 4745 959 4800 habebit
975 4746 1170 4818 viginti
1193 4752 1316 4802 octo
1337 4747 1554 4802 cubitos
1583 4749 1648 4815 ¹⁸,
1684 4771 1712 4801 ι
1755 4749 1903 4820 quod
1950 4749 2071 4821 qui-
2152 4755 2222 4809 de
2253 4753 2530 4810 cubilibus
2559 4755 2784 4810 leonum
2802 4755 2869 4822 εκ,
2905 4775 2931 4807 ι)
2965 4755 3022 4809 id
3047 4761 3156 4822 est,
3188 4755 3478 4810 victoriam
3503 4753 3709 4821 reporta-

474 4831 613 4887 libet
637 4840 865 4890 sanctus
891 4835 948 4889 in
969 4835 1264 4892 dilectione
1285 4837 1386 4892 Dei
1402 4844 1460 4892 et
1478 4837 1714 4910 proximi
1742 4839 2069 4909 decalogum
2151 4840 2237 4895 bis
2261 4841 2330 4895 de
2358 4841 2755 4897 conventiculis
2781 4841 3174 4914 superborum.

473 4921 715 4994 implens
745 4923 820 4978 ad
833 4925 1125 4995 praemium
1141 4926 1342 4981 futura:
1361 4927 1786 4982 resurrectionis
1835 4931 1855 4952 '
1885 4928 2068 4999 exspi-
2225 4933 2297 4997 ζ·
2329 4932 2557 4986 Culmus
2587 4937 2672 4985 est
2698 4936 2878 4985 status
2907 4929 3124 4995 mundi,
3148 4935 3214 4984 ut
3229 4930 3291 4984 in
3321 4927 3554 4984 Genesi:
3586 4941 3610 4974 a
3636 4922 3708 4974 Se-

474 5017 584 5067 I'ﬁt-
2153 5026 2307 5092 ptem
2337 5021 2500 5092 spicae
2530 5021 2881 5094 pullulabant
2911 5021 2964 5076 in
2995 5019 3184 5075 culmo
3231 5035 3347 5074 uno
3388 5018 3452 5084 ³⁵,
3482 5034 3506 5069 ι
3541 5013 3591 5068 id
3624 5017 3704 5064 ests

545 5193 562 5228 ¹
595 5195 763 5268 Prov.
783 5209 908 5261 xxx,
931 5193 1022 5268 17_.
1045 5192 1072 5268 ἲ
1096 5194 1242 5268 Psal.
1263 5207 1446 5260 ovaI,
1468 5193 1527 5268 ξ)ζ
1549 5193 1773 5268 δίΕκῗοά.
1791 5209 1916 5260 xxv,
1950 5196 2040 5251 11.

2159 5198 2273 5252 'sal.
2297 5213 2388 5265 xx,
2423 5197 2475 5254 4.
2503 5199 2526 5233 ⁵
2554 5199 2702 5254 Psal.
2735 5214 2880 5264 LXIV,
2913 5198 3002 5254 12.
3033 5202 3058 5234 δ
3086 5199 3208 5252 Jac.
3234 5212 3274 5264 ι,
3307 5196 3396 5253 12.
3426 5195 3446 5230 ⁷
3473 5192 3700 5268 ῙΒβξςΗ*

473 5263 618 5342 10._3_
642 5257 955 5342 Psal_xu._iii,
979 5265 1032 5320 6.
1055 5266 1078 5300 θ
1099 5265 1246 5342 Psal.
1281 5257 1547 5342 _L_xvr,"27.
1579 5266 1625 5300 ¹⁰
1653 5267 1806 5342 Psal.
1845 5257 2028 5342 Lxxrv,
2054 5267 2065 5342 _.'

2161 5269 2177 5302 ¹
2200 5257 2386 5323 Αὺαςί
2403 5285 2487 5334 III,
2518 5270 2572 5324 4.
2605 5269 2652 5305 ¹²
2679 5272 2849 5342 Apoc.
2871 5257 2931 5342 'v,
2955 5269 3086 5342 6.713
3112 5257 3292 5340 Apoc.
3322 5263 3573 5342 x_1u,1._‘f
3589 5257 3700 5316 Ibid.

478 5350 528 5406 υ.
558 5335 647 5406 11.
684 5336 726 5370 ¹⁵
755 5337 900 5391 Psal.
929 5351 1120 5395 vam.
1157 5336 1243 5392 32.
1279 5337 1324 5371 ¹⁶
1353 5337 1500 5390 Psal.
1529 5350 1712 5403 Lxx1v,
1746 5338 1835 5391 14.
1868 5338 1912 5372 ¹’¹
1944 5339 2065 5392 Psal

2159 5354 2305 5402 xxxv,
2337 5342 2427 5395 11.
2455 5341 2498 5376 ιδ
2528 5342 2697 5396 Exod.
2729 5333 2878 5406 xxvi,
2901 5340 2955 5397 2.
2985 5341 3030 5376 ¹⁹
3055 5333 3222 5395 Οωιί.
3245 5340 3391 5404 v1,7.
3423 5337 3470 5370 ὀ
3493 5333 3586 5390 Job
3601 5343 3700 5406 X§§~

475 5404 778 5479 εδδ-(ἔρῃ.
815 5423 940 5470 xxx,
973 5407 1068 5479 37.
1101 5407 1149 5442 επ
1183 5409 1345 5464 Cant.
1388 5423 1464 5473 1v,
1500 5408 1589 5479 13,
1621 5395 1712 5462 μζ
1754 5407 1804 5442 ’³
1833 5410 1980 5464 Psal.
2012 5424 2065 5464 οι

2159 5411 2247 5466 40.
2288 5395 2334 5445 ἀέ
2368 5395 2766 5476 Numina.
2795 5411 2844 5446 ’⁵
2868 5395 3013 5467 Gen.
3042 5427 3100 5479 ιι,
3139 5395 3440 5465 21.26101)
3467 5417 3617 5479 xviri,
3631 5395 3701 5479 2%-

474 5473 522 5510 ²⁷
551 5475 631 5530 ΙΙΙ
650 5477 909 5549 vn,
931 5469 1020 5533 31.
1053 5478 1101 5514 ²⁸
1130 5479 1324 5534 Ezech.
1357 5469 1518 5543 x145.
1547 5478 1596 5514 ²⁹
1617 5479 1765 5534 Psal.
1795 5495 1958 5536 xxxv.
1992 5481 2046 5535 5.
2076 5469 2126 5516 ³6
2151 5483 2260 5536 Isa.
2287 5498 2473 5549 xxxxv,
2498 5484 2587 5538 13.
2618 5469 2662 5518 3"
2697 5484 2896 5539 Matth.
2930 5498 3006 5544 vi.
3031 5469 3167 5536 6.,”
3195 5483 3334 5536 Luc.
3361 5495 3434 5543 xi,
3453 5479 3502 5532 7.
3530 5469 3703 5526 "Psal.

479 5559 668 5614 oxmx,
693 5546 756 5603 5.
779 5546 827 5583 ³4
852 5548 1015 5603 Cant.
1046 5563 1122 5614 xv,
1155 5549 1210 5605 8.
1238 5549 1287 5583 ³⁵
1315 5549 1455 5606 Gen.
1489 5563 1603 5618 XLI,
1630 5550 1684 5616 5,
1725 5550 1815 5608 22.
