3818 6168
174 281 254 383 ὼε
685 371 699 383 ,
1018 314 1451 372 maeonia
1487 315 1566 370 IN
1607 315 1898 401 sicam
1935 319 2418 375 SCRIP'I‘URAM.
3198 355 3206 362 .
3247 323 3352 382 ωδ

169 450 336 516 septem
356 434 630 493 fertilitatis
658 440 718 489 et
743 436 1057 492 sterilitatis
1091 439 1227 492 anni
1259 439 1482 493 venturi
1511 444 1674 494 erant
1688 444 1736 500 A
1759 441 1864 494 Job
1897 459 1908 494 :
1949 462 1970 493 ι
1999 441 2156 496 Cutis
2178 459 2309 497 mea
2324 443 2478 500 aruit
2505 445 2578 510 ‘3;
2617 463 2643 494 ι
2663 445 2812 516 quod
2838 445 2902 512 ii,
2931 447 3030 519 qui
3051 447 3222 502 rebus
3243 455 3357 504 ter-

167 535 212 588 in
227 536 345 587 statu
373 527 519 598 hujus
547 525 748 579 saeculi.
777 527 1005 581 Culmus
1035 527 1270 600 quilibet
1298 528 1594 582 simulator
1613 533 1678 581 ut
1759 530 1908 584 renis
1939 531 2307 586 immoderate
2352 540 2632 600 arescunt,
2665 533 2736 588 ab
2773 535 3008 590 humore
3036 535 3238 592 divinae
3265 537 3354 592 di-

170 623 211 675 in
233 618 458 691 propheta
486 632 496 666 :
533 631 558 664 ί
593 632 616 664 ι
649 613 882 674 Culmus
917 621 1072 670 stans
1107 633 1220 672 non
1244 617 1416 670 estin
1445 634 1532 682 ea,
1555 633 1680 688 ger-
1759 619 2012 673 lectionis
2053 627 2333 675 arescunt.
2381 623 2551 687 (Iutis,
2593 623 2828 694 quilibet
2864 624 3140 692 inﬁrmus,
3189 631 3254 681 ut
3295 627 3354 682 in

168 725 264 763 men
288 708 319 772 ¹,
347 725 371 759 »
397 702 528 774 quod
575 703 864 774 hypocrita
911 710 1060 759 recte
1100 706 1284 760 vivere
1315 705 1549 772 noverit,
1580 707 1679 760 sed
1761 708 1865 762 Job
1901 727 1912 762 :
1950 729 1969 760 ι
1997 710 2154 763 Cutis
2183 727 2311 764 mea
2336 711 2634 781 denigrata
2661 727 2832 784 super
2858 730 2948 768 me
2969 714 3032 781 ‘7,
3057 732 3084 767 ι
3104 716 3252 786 quod
3273 717 3359 770 in-

171 813 250 851 non
269 800 338 848 est
362 809 475 845 vera
501 791 763 845 sanctitas
791 791 850 844 in
881 809 965 846 eo.
1272 861 1279 866 _
1763 798 1928 858 firmi,
1960 797 2056 868 qui
2100 804 2233 852 sunt
2270 799 2328 853 in
2385 801 2631 855 Ecclesia
2667 801 2926 856 veniente
2972 805 3358 875 persecutione

219 887 351 937 (Talea
375 888 450 934 est
473 879 742 934 Barrabas
773 881 935 947 latro,
965 888 1029 936 ut
1055 883 1116 937 in
1145 883 1446 953 Evangelia
1476 899 1491 940 :
1532 903 1558 936 α
1586 885 1680 938 Li-
1764 887 2150 942 obscurantur.
2166 889 2337 956 Cutis,
2355 889 2638 956 mollities,
2662 891 2794 946 utin
2814 893 3060 947 Ieremia
3083 911 3094 945 :
3115 913 3137 945 α
3162 895 3360 950 Adhae-

168 979 349 1044 qnantes
368 969 580 1024 culicem
600 968 640 1034 ³,
676 987 704 1022 ι
748 971 896 1040 quod
927 971 1103 1026 Judaei
1126 972 1232 1026 sibi
1260 972 1468 1026 dimitti
1497 979 1684 1043 postu-
1768 975 1841 1029 sit
1855 976 1998 1030 cutis
2020 978 2143 1046 ejus
2159 977 2376 1032 ossibus
2402 979 2472 1032 ‘3:
2499 996 2525 1031 γ»
2549 980 2697 1050 quod
2721 981 3014 1052 spirituale
3035 981 3210 1038 robur
3225 985 3363 1038 mol-

169 1061 311 1114 labant
335 1060 604 1112 latronem.
1769 1064 1916 1118 lities
1933 1065 2174 1120 carnalis
2190 1065 2415 1121 invasit.
2454 1067 2630 1135 Cutis,
2659 1075 2970 1139 peccatum,
3013 1075 3080 1126 ut
3119 1071 3180 1126 in
3219 1071 3356 1126 Job:

215 1152 429 1203 (‘uttrum
451 1151 531 1200 est
551 1163 788 1202 acumen
808 1147 1146 1214 intellectus,
1170 1150 1312 1204 utin
1332 1149 1679 1204 Proverbiis:
1770 1172 1795 1204 «
1831 1154 2063 1208 Saccum
2101 1155 2312 1209 confeci
2339 1173 2510 1227 super
2553 1163 2739 1212 cutem
2777 1175 2964 1214 meam
2999 1160 3064 1226 η,
3106 1177 3136 1214 ι
3165 1160 3223 1216 id
3255 1167 3360 1226 est,

168 1259 188 1285 κ
225 1238 384 1291 Statue
419 1236 651 1290 cultrum
694 1235 754 1290 in
789 1241 1020 1307 gutture
1055 1242 1154 1293 tuo
1176 1238 1220 1305 ³,
1261 1257 1288 1292 ››
1321 1238 1378 1292 id
1407 1243 1510 1305 est,
1541 1238 1685 1293 habe
1765 1258 1868 1312 per
1893 1243 2136 1314 rigorem
2157 1244 2496 1315 poenitentiae
2524 1246 2701 1301 delevi
2731 1253 3038 1318 peccatum.

162 1342 342 1380 acumen
369 1341 582 1380 sensum
606 1325 666 1378 in
692 1326 913 1396 eloquio
933 1333 1052 1381 tuo.
1077 1328 1186 1382 Per
1214 1331 1463 1382 cultrum
1484 1345 1686 1399 prece-
1740 1326 1748 1334 ”
2533 1353 2582 1406 D
2997 1349 3003 1355 ‘

164 1421 232 1484 pta
253 1413 350 1476 Dei,
377 1426 437 1467 ut
460 1413 516 1468 in
541 1414 712 1468 Iosue
743 1432 756 1466 :
786 1433 812 1466 (ι
835 1415 944 1469 Fac
971 1415 1074 1470 tibi
1104 1417 1312 1470 cultros
1340 1416 1608 1487 lapideos,
1627 1423 1686 1472 et

191 1459 232 1468 ν-
253 1459 350 1476 ’⁷1⁷
382 1459 436 1467 -ν
460 1459 516 1468 ’-Π
542 1459 563 1467 ν
578 1459 711 1468 νυνιν
743 1459 756 1466 ⁵
789 1459 812 1466 “
835 1459 858 1469 ε
879 1459 943 1468 -ν
974 1459 1074 1470 -.ν’
1105 1459 1238 1470 ν“.”
1252 1459 1312 1470 νυ
1628 1459 1686 1472 νυ

187 1502 428 1538 ίηηιπιρῖδο
457 1502 594 1538 ("ine
645 1504 812 1538 Ῐαπιοοι
846 1502 868 1537 ἆ
925 1522 951 1538 ν.
1001 1505 1145 1538 nnan
1205 1505 1474 1538 Πηγηῖνηιο
1531 1507 1684 1538 ῐοοιιο

1833 1461 2026 1538 imula.
2301 1461 2646 1538 Dil_uculum.
2831 1464 2972 1538 Dies.
3038 1537 3041 1538 ν
3151 1534 3156 1538 ι

163 1502 428 1556 circumcide
455 1502 596 1556 ﬁlios
643 1504 816 1557 Israel
846 1502 890 1569 ⁴,
925 1522 951 1556 ιι
1001 1505 1149 1575 quod
1205 1505 1476 1560 Dominus
1523 1507 1685 1560 Iesus

1833 1532 2002 1582 'vitz‘av.
2295 1532 2560 1598 Defectus.
2833 1535 3129 1589 Denarius.

163 1591 336 1646 robusta
358 1590 664 1645 hominibus
693 1591 849 1645 dedit
875 1599 1172 1664 praecepta,
1196 1593 1398 1664 quibus
1423 1594 1686 1649 vitiorum
1767 1601 2052 1654 Diadema.
2297 1590 2470 1656 Ilibes.
2832 1605 2976 1658 Dum.

161 1680 203 1733 in
219 1680 282 1733 eis
304 1681 699 1750 superﬂuitates
731 1680 1154 1736 abscinduntur.
1706 1759 1734 1761 _
2303 1674 2522 1761 Dextra.
2839 1677 3034 1761 Draco.
3056 1749 3070 1761 ῃ
3155 1751 3166 1761 ⁸

211 1771 384 1823 Curras
401 1775 668 1824 estccetus
689 1777 1030 1837 sanctorum,
1058 1777 1124 1825 ut
1141 1771 1201 1825 in
1217 1773 1460 1843 psalmo:
1490 1792 1516 1824 «
1544 1773 1686 1827 Cur-

1833 1745 2059 1795 )rmitio.
2295 1745 2456 1798 Deus.
2834 1747 3251 1804 Dromedarius.

1833 1815 2080 1866 Flavium.
2303 1816 2558 1870 Darsum.
2831 1819 2963 1872 Dz’ai
2966 1823 3071 1872 tus.

164 1874 231 1911 rus
253 1857 337 1911 Dei
362 1857 540 1912 decem
569 1857 822 1914 millibus
847 1858 888 1924 ⁵,
915 1860 1106 1930 »quod
1135 1861 1313 1915 sancti
1340 1861 1398 1915 in
1421 1861 1545 1932 lege
1566 1877 1690 1933 per—
1771 1829 2080 1938 ξ

161 1946 254 2000 fecti
291 1951 422 2002 sunt.
467 1948 704 2014 Curras,
739 1965 945 2020 magna
993 1956 1241 2020 peccata,
1273 1956 1337 2004 ut
1363 1950 1421 2004 in
1451 1950 1638 2004 Exodo
1673 1967 1688 2006 :
1772 1956 2036 2022 Dragma.
2303 1928 2622 2012 Damascus.

164 2055 181 2083 ι
203 2035 373 2090 Currus
410 2035 718 2108 Pharaonis
759 2043 818 2092 et
854 2037 1154 2092 exercitum
1207 2039 1328 2109 ejus
1370 2039 1606 2110 projecit
1632 2039 1692 2094 in
1775 2026 1996 2080 Ποτηῑιεο
2296 2029 2588 2082 Dominus-

160 2140 273 2178 mare
289 2125 324 2188 ⁸,
357 2143 379 2176 ι)
409 2125 550 2196 quod
595 2132 716 2180 tam
761 2143 950 2198 parva,
999 2143 1168 2198 quam
1213 2144 1418 2198 magna
1465 2133 1692 2198 peccata

157 2211 370 2268 Dominus
391 2213 572 2268 obruit
592 2215 652 2269 in
685 2214 982 2286 baptismo.
1007 2218 1240 2282 (τω-ηις,
1253 2218 1520 2288 praelatus
1537 2234 1693 2272 man-

1841 2125 2084 2178 Damula
2115 2129 2201 2178 est
2225 2123 2498 2192 diabolus,
2525 2131 2589 2180 ut
2615 2126 2674 2181 in
2700 2127 2846 2182 Isaia
2873 2146 2885 2181 :
2925 2148 2948 2180 ι
2983 2129 3054 2184 Et
3081 2129 3194 2184 erit
3211 2129 3374 2201 quasi

1773 2211 2002 2266 damula
2028 2212 2248 2283 fugiens
2276 2212 2347 2277 9°,
2373 2234 2400 2265 ι)
2433 2215 2582 2285 quod
2622 2231 2737 2270 una
2763 2233 2891 2270 cum
2917 2217 3098 2288 capite
3129 2234 3232 2272 suo
3255 2217 3374 2272 dia-

155 2306 318 2366 suetus,
341 2309 400 2357 ut
421 2303 477 2357 in
497 2303 660 2358 libris
687 2305 945 2376 Regnum
971 2323 982 2358 :
1021 2324 1048 2357 (ε
1077 2307 1288 2360 Οιιιτιιε
1317 2307 1490 2361 Israel
1519 2307 1558 2373 ⁷,
1586 2328 1608 2358 ι
1635 2306 1692 2360 id
1774 2299 1902 2356 bolo
1930 2301 2165 2372 quilibet
2193 2302 2464 2374 reprobus
2492 2304 2705 2358 recedit
2726 2303 2798 2358 ab
2825 2305 3086 2360 Ecclesia.

154 2396 230 2453 est,
253 2391 489 2462 populum
537 2394 716 2447 Israel
758 2411 858 2465 per
897 2395 1388 2449 mansuetudinem
1434 2401 1690 2466 portans.

154 2477 232 2530 Per
252 2495 461 2535 currum
497 2498 588 2536 res
621 2482 820 2536 mundi
857 2481 1168 2550 instabiles,
1201 2490 1267 2538 ut
1294 2485 1355 2537 in
1400 2484 1639 2538 Psalmis
1675 2503 1688 2537 :

155 2587 171 2615 ε
198 2567 252 2620 Hi
276 2567 327 2622 in
352 2569 601 2625 curribus
634 2573 676 2638 ⁸,
715 2590 742 2624 ))
775 2571 833 2626 id
878 2578 982 2636 est,
1025 2572 1375 2626 delectantur
1420 2573 1480 2627 in
1531 2573 1698 2628 rebus

152 2655 445 2713 volubilibus.
805 2640 819 2658 ’
1391 2645 1403 2653 ί

201 2745 314 2800 Cras
333 2754 412 2801 est
434 2749 744 2820 corruptio,
767 2754 834 2804 ut
859 2749 918 2803 in
949 2749 1095 2804 Isaia
1119 2769 1130 2803 :
1160 2769 1186 2801 «
1208 2751 1414 2805 Revela
1438 2767 1566 2805 crus
1591 2751 1632 2817 ο,
1667 2770 1691 2801 ι

149 2831 190 2885 id
212 2840 295 2899 est,
316 2837 534 2892 ostende
563 2855 740 2910 quam
776 2838 1155 2910 corruptibilis
1174 2839 1269 2893 sis.
1302 2840 1412 2894 Per
1439 2856 1568 2894 crus
1593 2838 1694 2894 bo-

150 2937 204 2973 na
217 2922 482 2992 desideria,
498 2933 564 2981 ut
583 2927 648 2981 in
677 2926 920 2981 Levitico
950 2945 963 2980 :
989 2945 1016 2980 ε
1053 2928 1212 2990 Quod
1241 2927 1416 2982 habet
1441 2928 1698 2998 longiora

149 3024 276 3065 crura
298 3018 436 3068 retro
464 3014 529 3082 ¹⁰,
567 3036 596 3070 ››
623 3015 772 3086 quod
801 3015 926 3069 illos
955 3015 1164 3070 imitari
1191 3015 1480 3082 debemus,
1511 3015 1605 3086 qui
1625 3016 1697 3069 ad

1849 2391 2148 2446 Damascus
2197 2397 2282 2446 est
2325 2391 2600 2455 diabolus,
2639 2398 2703 2446 ut
2743 2393 2802 2446 in
2855 2393 3128 2448 Cantica:
3163 2411 3192 2448 ‹‹
3239 2396 3374 2458 Quae

1780 2479 2008 2551 respicit
2035 2486 2231 2534 contra
2257 2481 2594 2536 Damascum
2615 2479 2681 2547 ²¹,
2717 2499 2744 2534 n
2777 2482 2926 2553 quod
2957 2481 3220 2537 discretio
3243 2499 3378 2538 nos-

1779 2575 1869 2623 tra
1922 2570 2162 2624 astutias
2214 2569 2382 2650 debet
2423 2570 2730 2642 praevenire
2775 2571 3002 2626 diaboli.
3053 2573 3370 2650 Damascus,

1780 2674 1968 2712 massa
1995 2649 2382 2729 reproborum,
2409 2667 2476 2712 ut
2502 2659 2560 2713 in
2593 2659 2740 2714 Isaia
2771 2677 2782 2711 :
2823 2678 2846 2710 ι
2892 2659 3029 2714 Ecce
3071 2660 3378 2716 Damascus

1777 2747 1996 2800 desinet
2023 2763 2146 2802 esse
2173 2747 2368 2802 civitas
2395 2746 2472 2815 ²²;
2508 2767 2536 2802 »
2581 2748 2729 2819 quod
2758 2763 2869 2803 non
2905 2747 3130 2820 reprobi
3157 2765 3380 2821 semper

1779 2836 2179 2906 permittentur
2229 2836 2320 2890 hic
2365 2836 2666 2890 demorari.
2695 2839 3016 2903 Damascus,
3057 2839 3379 2894 Romanum

1779 2924 2100 2996 imperium,
2135 2930 2200 2978 ut
2224 2925 2283 2978 in
2313 2925 2498 2979 Isaia:
2537 2945 2560 2976 ι
2613 2926 2682 2980 Et
2722 2925 2929 2996 peribit
2972 2925 3244 2982 fortitudo
3272 2928 3381 2982 Da-

1779 3013 1957 3068 masci
1982 3012 2057 3066 23:
2095 3033 2120 3066 υ
2151 3014 2298 3084 quod
2319 3019 2568 3084 potestas
2596 3014 2836 3068 Romani
2867 3014 3090 3087 imperii
3114 3015 3374 3082 cessabit,

147 3101 464 3157 aeternitatem
489 3075 700 3159 futurae
745 3103 872 3158 vitae
922 3104 1202 3158 desideria
1229 3122 1334 3160 sua
1363 3075 1692 3179 extendunt.
1713 3075 1756 3137 Ο
1779 3109 1837 3156 et
1857 3102 2066 3157 Christi
2092 3075 2363 3174 potestas,
2397 3119 2520 3174 quae
2539 3109 2752 3157 aeterna
2779 3109 2882 3170 est,
2913 3075 3131 3176 regnat.

147 3184 227 3239 Per
262 3205 375 3244 crus
417 3192 626 3247 robora
675 3193 998 3248 stabilitatis
1039 3199 1104 3248 ut
1137 3193 1196 3247 in
1242 3194 1562 3264 Evangelia,
1597 3196 1618 3216 "
1641 3200 1700 3248 et

143 3273 384 3347 frangetur
411 3281 508 3352 qui
533 3283 838 3336 mittentur
864 3282 1098 3352 maligni
1127 3281 1358 3352 spiritus
1378 3299 1491 3338 non
1517 3283 1698 3337 solum

145 3360 436 3436 inreprobis,
451 3371 550 3424 sed
573 3379 636 3425 et
665 3370 723 3424 in
754 3371 892 3442 ipsis
923 3371 1114 3425 electis
1139 3372 1360 3426 auferre
1389 3371 1559 3426 robur
1587 3377 1698 3426 sta-

142 3449 344 3510 bilitatis.
376 3459 482 3512 Per
508 3476 708 3524 crura,
735 3461 991 3514 doctores
1029 3460 1226 3526 sancti,
1256 3465 1321 3515 ut
1348 3461 1404 3514 in
1441 3461 1693 3531 Evange-

141 3539 230 3594 lio:
261 3563 286 3594 α
313 3545 467 3610 Quod
509 3565 628 3604 non
677 3548 969 3619 fregerunt
1017 3566 1184 3604 crura
1223 3551 1356 3603 Jesu
1385 3549 1448 3614 ¹¹,
1485 3568 1509 3601 ι
1545 3549 1693 3620 quod

137 3631 480 3697 pmdicatores
509 3641 758 3703 sanctos,
785 3637 988 3708 quibus
1019 3637 1078 3691 in
1107 3637 1353 3692 Ecclesia
1379 3654 1482 3692 sua
1511 3637 1698 3692 Domi-

139 3732 218 3772 nus
245 3721 510 3793 innititur,
563 3732 956 3798 persecutores
1002 3726 1118 3780 sive
1159 3726 1394 3796 maligni
1456 3726 1696 3798 Spiritus

135 3822 353 3868 enervare
379 3831 494 3871 non
516 3821 775 3888 possunt.
809 3817 918 3870 Per
947 3831 1119 3870 crura
1154 3816 1360 3872 itinera
1394 3815 1696 3871 Dominicis

138 3893 510 3968 incarnationis,
554 3911 622 3958 ut
670 3903 730 3958 in
779 3904 1010 3960 Cantica
1046 3921 1058 3959 :
1093 3921 1120 3956 α
1153 3905 1334 3959 Crura
1378 3905 1500 3975 ejus
1537 3905 1698 3976 quasi

141 3983 366 4046 columna;
393 4008 730 4048 marmoreae
756 3991 820 4058 ¹²,
857 4011 885 4046 ι
919 3993 1066 4064 quod
1111 4010 1456 4065 quaecunque
1493 3993 1551 4048 in
1597 3993 1699 4048 hu-

141 4077 366 4133 manitate
404 4098 711 4152 aggressus
766 4086 854 4137 est
893 4082 1170 4150 Christus,
1219 4089 1372 4138 recta
1426 4090 1484 4137 et
1532 4082 1699 4138 fortia

139 4157 338 4221 fuerunt.

189 4254 349 4310 Custos
385 4265 472 4313 est
518 4258 800 4325 Christus,
833 4265 898 4314 ut
925 4259 984 4314 in
1027 4260 1176 4316 Isaia
1205 4277 1215 4312 :
1254 4278 1282 4312 α
1314 4260 1534 4323 Custos,
1562 4259 1697 4330 quid

136 4336 188 4392 de
223 4350 368 4399 nocte
399 4346 484 4400 *3?
512 4367 540 4401 ι
561 4349 621 4402 id
644 4353 748 4414 est,
781 4349 916 4419 quid
939 4347 1142 4404 faciam
1171 4349 1240 4403 de
1269 4365 1397 4402 mea
1424 4347 1692 4418 iniquita-

134 4433 176 4479 te
201 4431 217 4450 '
249 4433 494 4490 Christus
523 4436 749 4490 faciam.
781 4437 891 4491 Per
928 4439 1186 4498 custodes,
1219 4437 1496 4502 doctores,
1529 4443 1594 4491 ut
1635 4436 1692 4492 in

137 4514 356 4576 Cantica:
385 4543 414 4576 α
433 4526 722 4580 Tulerunt
749 4526 988 4596 pallium
1013 4543 1203 4580 meum
1230 4526 1488 4580 custodes
1509 4541 1696 4580 muro-

135 4620 232 4662 rum
257 4609 311 4678 ¹⁴,
347 4632 372 4663 ›
403 4613 460 4668 id
511 4621 621 4681 est,
657 4631 886 4686 pravam
934 4619 1269 4684 vetustatem
1314 4631 1502 4669 meam
1546 4615 1693 4669 tule-

137 4704 290 4752 mnta
313 4717 401 4756 me
425 4702 689 4758 doctores
712 4703 1102 4759 Ecclesiarum.
1132 4705 1240 4759 Per
1268 4706 1504 4758 custodes
1534 4703 1697 4775 spiri-

135 4789 200 4836 tus
224 4789 460 4860 maligni,
489 4799 559 4847 ut
579 4793 639 4846 in
669 4792 970 4863 Evangelia
1004 4811 1014 4846 :
1056 4813 1076 4843 α
1115 4793 1238 4848 Prae
1269 4793 1472 4847 timore
1502 4799 1693 4847 autem

137 4871 228 4938 ejus
251 4881 497 4935 exterriti
527 4886 666 4936 sunt
691 4882 951 4936 custodes
979 4881 1040 4948 ‘5,
1073 4901 1094 4932 ι
1120 4881 1269 4952 quod
1297 4882 1552 4936 veniente
1580 4883 1694 4936 Do-

135 4962 250 5019 mino
275 4968 342 5022 ad
365 4971 676 5039 judicium,
703 4988 815 5026 non
844 4972 1026 5026 solum
1053 4971 1309 5024 homines
1329 4970 1570 5042 reprobi,
1595 4971 1692 5025 sed

136 5053 176 5101 et
196 5067 418 5125 nequam
446 5059 688 5131 spiritus
717 5059 1011 5115 timebunt.

183 5140 314 5198 Cutis
337 5152 425 5201 est
453 5147 698 5220 quilibet
726 5147 996 5220 reprobus
1025 5147 1266 5202 terrenis
1294 5165 1515 5213 vacans,
1543 5155 1608 5204 ut
1634 5149 1694 5204 in

1849 3193 2098 3260 Dragma
2140 3196 2225 3246 est
2271 3191 2520 3246 humana
2563 3197 2787 3258 natura,
2819 3197 2886 3247 ut
2919 3191 2980 3247 in
3027 3193 3328 3265 Evangelia
3360 3213 3372 3248 :

1783 3299 1810 3333 α
1832 3281 2026 3336 Inveni
2041 3281 2356 3351 dragmam,
2380 3297 2547 3352 quam
2567 3281 2924 3352 perdideram
2944 3281 3011 3348 9‘,
3033 3302 3062 3335 ι
3084 3283 3143 3338 id
3170 3289 3275 3350 est,
3294 3300 3380 3338 re-

1779 3369 2012 3425 formavi
2034 3370 2339 3423 humanam
2369 3375 2650 3436 naturam,
2669 3387 2840 3442 quam
2865 3387 2966 3443 per
2991 3371 3214 3443 culpam
3241 3373 3380 3428 ami-

1779 3475 1984 3513 seram.
2017 3459 2124 3512 Per
2152 3459 2476 3512 drachmam
2505 3464 2707 3513 natura
2735 3459 3072 3530 Evangelica
3089 3466 3147 3514 et
3173 3462 3377 3517 huma-

1775 3563 1868 3615 na,
1887 3552 1952 3602 ut
1979 3547 2038 3600 in
2057 3547 2355 3616 Evangelia
2383 3568 2395 3601 :
2427 3565 2454 3599 «
2485 3546 2620 3610 Quae
2647 3547 2852 3602 mulier
2871 3548 3084 3603 habens
3112 3549 3377 3622 dragmas

1779 3636 1972 3690 decem
2000 3633 2066 3700 ³⁵,
2101 3653 2128 3687 »
2161 3634 2309 3704 quod
2351 3639 2564 3689 aeterna
2591 3634 2692 3689 Dei
2724 3635 3003 3706 sapientia
3046 3653 3246 3692 novem
3281 3654 3374 3692 or-

1778 3723 1936 3779 dines
1965 3723 2024 3776 in
2053 3721 2270 3794 angelis
2291 3728 2350 3778 et
2378 3725 2400 3744 θ
2429 3721 2704 3777 decimam
2731 3723 2790 3783 in
2819 3723 3140 3778 hominibus
3156 3723 3370 3780 habuit.

1851 3813 2026 3867 Draco
2065 3815 2154 3865 est
2179 3809 2454 3876 diabolus,
2483 3815 2548 3864 ut
2573 3810 2633 3864 in
2659 3811 2997 3884 Apocalypsi
3031 3831 3042 3865 :
3079 3832 3102 3865 ι
3135 3813 3374 3870 Michael

1781 3907 1840 3963 et
1883 3898 2069 3970 angeli
2117 3899 2239 3969 ejus
2286 3898 2688 3970 praeliabantur
2725 3917 2854 3954 cum
2893 3901 3135 3956 dracone
3162 3901 3237 3970 ’0;
3265 3921 3294 3956 υ
3319 3909 3378 3958 et

1780 3989 2036 4044 Christus
2065 3993 2123 4042 et
2148 3987 2390 4042 ministri
2416 3988 2538 4058 ejus
2567 4004 2694 4043 cum
2723 3987 2963 4044 diabolo.
2985 3991 3180 4058 Draco,
3214 4007 3377 4048 mun-

1780 4079 1885 4134 dus
1910 4077 2035 4143 iste,
2065 4083 2131 4132 ut
2158 4077 2218 4130 in
2242 4076 2482 4131 Psalmis
2510 4096 2521 4131 :
2559 4077 2736 4133 Draco
2763 4078 2889 4146 iste,
2922 4096 3091 4152 quem
3119 4081 3375 4136 formasti

1779 4167 1850 4222 ad
1879 4165 2228 4221 illudendum
2256 4165 2310 4220 ei
2335 4164 2410 4233 ’7;
2435 4185 2461 4218 »
2489 4167 2640 4238 quod
2669 4167 2904 4224 irridere
2931 4169 3200 4228 debemus
3219 4170 3376 4226 falla-

1777 4257 1922 4311 ciam
1952 4254 2166 4310 mundi.
2193 4257 2390 4322 Draco,
2413 4255 2811 4324 Antichristus,
2835 4263 2900 4314 ut
2922 4259 2982 4314 in
2997 4260 3333 4332 Apocalypsi
3357 4278 3370 4314 :

1785 4365 1806 4396 α
1833 4346 1970 4400 Ecce
1999 4344 2166 4398 draco
2191 4361 2430 4415 magnus
2458 4349 2518 4399 et
2543 4346 2702 4400 rufus
2729 4345 2795 4413 '3;
2832 4366 2856 4398 ι
2889 4348 3038 4419 quod
3063 4348 3373 4404 Antichris-

1751 4419 1871 4490 Ptus
1901 4435 2010 4488 erit
2037 4419 2312 4505 superbus
2341 4439 2398 4488 et
2415 4435 2676 4490 crudelis.
2709 4436 2818 4490 Per
2845 4439 3110 4492 dracones
3137 4436 3370 4508 spiritus

1777 4525 1931 4592 mali,
1955 4529 2020 4578 ut
2035 4523 2094 4576 in
2114 4523 2260 4578 Isaia
2291 4542 2302 4576 :
2336 4540 2364 4574 α
2391 4523 2512 4578 Erit
2528 4523 2710 4578 cubile
2729 4524 3034 4578 draconum
3053 4523 3132 4593 ’9;
3167 4545 3195 4579 ι
3219 4526 3369 4598 quod

1778 4629 1948 4683 prava
1975 4628 2134 4666 mens
2162 4611 2339 4665 malos
2361 4611 2418 4664 in
2447 4629 2507 4666 se
2528 4612 2759 4684 spiritus
2786 4628 2887 4683 per
2903 4613 3124 4684 culpam
3153 4613 3370 4670 habita.

1777 4719 1838 4756 re
1875 4699 2170 4772 permittit.
2216 4700 2325 4754 Per
2361 4701 2623 4756 dracones
2649 4701 2848 4766 Judaei,
2881 4706 2946 4757 ut
2969 4701 3028 4757 in
3068 4703 3315 4760 Ieremia
3349 4725 3366 4760 :

1779 4809 1806 4844 α
1837 4791 2151 4845 Traxerunt
2177 4794 2405 4844 ventum
2437 4791 2598 4862 quasi
2625 4790 2894 4863 dracones
2921 4789 2986 4856 ³ο,
3025 4811 3048 4843 ι
3077 4793 3226 4864 quod
3250 4794 3367 4848 col-

1775 4881 2033 4949 legerunt
2055 4877 2318 4932 virulenti
2344 4878 2522 4933 Judaei
2542 4879 2836 4934 consilium
2857 4879 3124 4936 adversus
3150 4883 3181 4937 J
3185 4899 3364 4939 esum.

1775 4970 1885 5024 Per
1910 4970 2188 5034 dracones,
2219 4967 2478 5038 gentiles,
2514 4973 2579 5022 ut
2601 4968 2662 5022 in
2691 4967 2875 5022 Isaia:
2909 4971 2930 4991 "
2964 4987 2991 5022 «
3021 4969 3370 5027 Gloriﬁcabit

1775 5075 1870 5114 me
1891 5057 2075 5112 bestia
2093 5057 2234 5128 agri,
2260 5057 2548 5123 dracones,
2571 5055 2636 5120 3*,
2658 5062 2822 5124 em,»
2852 5057 2911 5113 id
2931 5063 3034 5125 est,
3057 5059 3370 5116 laudabunt

1778 5165 1868 5204 me
1897 5147 2156 5202 homines
2184 5146 2400 5214 mundi,
2433 5151 2491 5201 et
2512 5145 2753 5202 maxime
2779 5147 2972 5219 populi
2993 5148 3254 5218 gentiles.

189 5298 340 5381 ‘95s.
369 5320 496 5381 vni,
531 5307 642 5381 7.}
662 5309 860 5381 Matth.
895 5323 1052 5373 xxxii,
1081 5306 1241 5381 24:37
1257 5309 1418 5362 Prov.
1453 5307 1696 5381 “111,72.
1725 5307 1748 5342 ⁴
1785 5310 1898 5363 Jos.
1929 5324 1982 5374 v,
2017 5309 2070 5381 2.
2103 5307 2301 5381 5Ps‘al.
2331 5308 2767 5381 vaimiExod.
2801 5323 2890 5375 xv,
2923 5307 3114 5381 4.,7IV
3142 5309 3278 5381 Reg.
3304 5324 3365 5379 ιι,

135 5366 243 5454 εἳ..
257 5375 409 5454 Paul.
442 5366 563 5444 xix,
595 5378 649 5433 8.
681 5379 704 5412 9
726 5381 839 5454 plsa.
870 5366 1355 5454 atvu,2._1°_l.ev._
1379 5395 1456 5439 x1,
1489 5381 1581 5454 21ἶ
1599 5366 1650 5454 ξ¹¹
1685 5419 1694 5454 ._

1834 5421 1845 5432 .
1878 5366 2362 5454 x1x,33.h"_Can_t.
2396 5393 2446 5442 γ,
2473 5379 2757 5454 15.331813.
2790 5366 2903 5445 xxi,
2933 5381 2961 5434 'l
2979 5380 2993 5434 l
3011 5421 3030 5454 ._
3056 5379 3101 5454 f‘
3129 5366 3290 5454 Cant.
3309 5366 3362 5449 v,

137 5442 173 5488 7.
201 5442 452 5517 “Matth.
487 5442 686 5517 vam,
711 5451 762 5505 4.
795 5451 841 5484 ¹⁸
863 5451 966 5506 Job
985 5442 1082 5516 vn,
1117 5451 1169 5506 5.
1200 5451 1243 5484 1⁷
1271 5450 1376 5505 Job
1403 5467 1528 5513 xxx,
1555 5450 1644 5506 30.
1685 5452 1694 5484 1

1835 5469 1954 5505 ren.
1979 5442 2061 5512 iv,
2092 5448 2146 5505 8.
2179 5450 2226 5484 ¹⁹
2252 5449 2356 5504 Job
2385 5464 2495 5514 xxv,
2524 5451 2614 5505 15.
2643 5449 2692 5484 ³ο
2719 5451 2826 5505 Isa.
2855 5442 2974 5516 xm,
3007 5452 3096 5506 14.
3131 5451 3174 5487 ²¹
3201 5442 3362 5510 Cant;

305 5515 355 5596 ξ
528 5513 830 5596 xvnar’l'r?
857 5523 970 5596 1.3.3:
997 5513 1118 5586 "ﬁt
1149 5522 1202 5574 4·
1234 5521 1280 5596 sf
1307 5523 1438 5596 Irllfé-
1472 5539 1561 5586 ΧΥ,
1590 5523 1643 5576 9.
1671 5522 1694 5556 ³

1833 5523 1881 5576 d.
1921 5539 1971 5575 ν.
2003 5521 2055 5576 8.
2088 5519 2135 5554 ’δ
2159 5523 2328 5591 Apoc.
2369 5513 2552 5586 xu,7.
2583 5519 2630 5556 ³⁷
2663 5522 2810 5576 Psal.
2838 5513 3076 5589 0111,26.
3117 5522 3164 5558 ’⁸
3191 5525 3361 5596 Apoc.

134 5585 276 5638 3111.3.
305 5587 351 5623 ³9
381 5591 493 5646 Isa.
527 5585 715 5654 xxxiv.
747 5593 836 5649 13.
869 5592 917 5626 3°
945 5595 1058 5648 Jer.
1093 5585 1203 5658 le,
1237 5592 1290 5647 6.
1322 5592 1364 5627 ³⁸
1400 5595 1508 5648 Isa.
1535 5607 1691 5660 xun,
1727 5593 1814 5648 20.

333 5690 822 5782 amonem.

3054 5695 3132 5754 29
