3854 6164
217 258 298 315 900

1078 258 1510 321 ΑιιΕΘΟΒΙιΕ
1548 261 1625 316 ΙΝ
1668 261 1959 317 SACRAM
1995 260 2476 319 SCRIP’I‘URAM.

3307 262 3411 323 910

214 387 257 438 in
281 382 463 438 Exodo:
491 399 511 428 α
536 379 987 436 Sacrificabimus
1008 383 1246 439 Domino
1279 386 1335 442 in
1367 386 1590 440 deserto
1620 387 1637 419 ί
1667 404 1678 452 ;
1704 405 1729 437 ι)
1752 384 2187 455 Acupivi.-Dies,
2218 388 2399 437 status
2422 384 2718 445 malorum,
2736 392 2797 437 ut
2826 383 2884 436 in
2923 383 3220 453 Evangelia
3253 403 3263 437 :
3294 403 3315 435 ι
3344 386 3412 441 Et

211 474 252 527 id
274 477 358 534 est,
385 468 671 524 serviemus
700 470 937 525 Domino
964 471 1024 525 in
1061 479 1255 527 sancta
1293 475 1731 528 conversatione.

210 563 293 615 Per
308 562 545 613 desertum
586 558 883 623 daemones,
920 567 983 615 ut
1012 561 1069 615 in
1100 563 1334 616 Psalmis
1368 582 1377 615 :
1418 587 1432 609 -
1472 565 1665 634 Neque
1704 580 1735 617 a

207 647 393 704 desertis
414 646 684 701 montibus
709 648 749 712 ‘3,
786 671 801 695 ι
840 650 987 719 quod
1016 666 1119 704 nec
1146 651 1283 722 ipsis
1313 652 1599 722 spiritibus
1623 669 1738 705 ma-

208 739 336 808 lignis
349 740 485 807 patet
509 736 663 790 lacus
689 737 966 806 fugienda
994 739 1193 794 divinae
1222 741 1554 810 majestatis.

254 829 423 880 θετιιά
448 830 530 878 est
549 825 723 879 Filius
743 826 860 887 Dei,
880 828 1007 881 utin
1041 829 1307 883 Psalmis:
1347 853 1369 876 «
1407 831 1612 884 Dextra
1624 830 1737 884 Da-

205 915 310 969 ωἱοὶ
332 914 443 968 fecit
468 914 729 969 virtutem
759 914 800 979 ³,
838 936 862 967 ι)
903 917 960 970 id
999 924 1100 983 est,
1140 918 1238 973 Dei
1271 918 1443 973 Filius
1473 926 1739 989 operatur

202 1003 443 1059 mirabilia.
481 1005 675 1057 Dextra
706 1004 808 1058 Dei
850 1006 1118 1074 gratiam,
1150 1013 1213 1061 ut
1242 1007 1299 1060 in
1330 1008 1434 1062 Job
1466 1026 1478 1059 :
1511 1026 1536 1060 ι
1570 1008 1740 1079 Operi

203 1109 419 1146 manuum
452 1097 675 1149 tuarum
726 1094 978 1164 porriges
1003 1095 1259 1151 dextram
1287 1095 1329 1163 ‘,
1364 1116 1386 1147 ι
1422 1097 1478 1151 id
1506 1101 1611 1159 est,
1637 1096 1736 1160 illi,

201 1198 329 1251 quem
351 1181 650 1247 condidisti,
682 1181 844 1236 dabis
868 1184 1112 1253 gratiam
1142 1190 1322 1239 tuam.
1343 1187 1563 1249 Dextra,
1576 1185 1736 1255 justi,

199 1270 745 1325 utinDeuteranamio:
769 1291 791 1321 ι
820 1272 883 1327 In
908 1273 1139 1327 dextera
1166 1274 1501 1344 ejusignea'
1526 1275 1611 1328 lex
1632 1274 1673 1340 ⁵,
1710 1294 1735 1326 ι)

198 1358 337 1424 idest,
350 1359 400 1412 in
415 1359 619 1413 sanctis
652 1361 777 1428 ejus
807 1360 1051 1416 Charitas
1079 1363 1302 1417 ardens.
1331 1365 1554 1427 Dextra,
1588 1364 1740 1421 salus

194 1448 367 1511 animae,
397 1453 455 1502 ut
501 1448 561 1503 in
608 1449 847 1503 Psalmis
880 1468 891 1503 :
922 1469 949 1501 (ί
1000 1450 1266 1506 Diabolus
1312 1457 1426 1507 stet
1466 1469 1502 1505 a
1529 1452 1741 1506 dextris

195 1537 285 1605 ejus
306 1537 340 1599 ⁸,
373 1558 392 1585 ο
422 1537 475 1591 id
502 1543 611 1603 est,
646 1539 940 1608 pecuniam
982 1541 1287 1611 praeposuit
1323 1541 1493 1595 saluti
1540 1541 1740 1596 animm

193 1626 338 1693 ‘ejus,
354 1627 563 1690 Dertra,
599 1626 744 1683 bona
776 1628 943 1694 actio,
970 1636 1034 1682 ut
1076 1629 1136 1683 in
1161 1629 1401 1683 Psalmis
1432 1647 1443 1682 :
1486 1650 1506 1679 ι
1544 1629 1741 1684 dextra

1819 474 2044 544 quidem
2075 473 2130 525 in
2166 473 2269 526 hac
2301 472 2408 535 die,
2446 490 2566 542 quae
2611 473 2679 525 ad
2710 489 2903 542 pacem
2936 472 3039 526 tibi
3065 472 3129 536 ³³,
3167 493 3189 523 ι
3219 473 3276 527 id
3303 480 3405 540 est,

1820 563 1877 617 in
1908 563 2012 616 hoc
2039 568 2190 616 statu
2218 570 2334 625 tuo,
2356 577 2523 631 quem
2556 567 2713 614 tenes
2744 560 2801 615 in
2842 577 2994 631 pace.
3015 564 3151 627 Dies,
3175 562 3412 616 delecta-

1818 652 1897 705 tio
1927 651 2156 721 peccati,
2192 651 2341 703 utin
2376 650 2479 703 Job
2514 669 2578 702 ες(
2610 650 2740 703 Dies
2769 650 2866 703 illa
2894 636 3145 704 vertatur
3175 651 3233 704 in
3254 657 3413 706 tene-

1818 739 1948 793 bras
1975 739 2039 801 ”,
2076 760 2102 789 υ
2138 740 2191 793 id
2220 746 2325 803 est,
2357 739 2572 793 utinam
2602 739 2987 809 praevideatur,
3029 740 3101 793 ad
3144 733 3412 810 quantam

1820 828 2214 883 obscuritatem
2234 829 2445 898 peccati
2465 828 2759 882 delectatio
2780 828 3064 883 hominem
3086 830 3376 900 pertrahat
3400 831 3412 882 !

1820 919 1963 983 Dies,
1998 923 2240 988 tempus,
2270 924 2334 972 ut
2362 917 2417 971 in
2453 917 2783 973 Ecclesiaste
2813 936 2824 969 :
2863 938 2885 968 ι
2922 919 2985 972 In
3015 918 3106 972 die
3140 918 3415 974 bonorum

1822 1024 1893 1060 ne
1923 1007 2222 1060 immemor
2260 1006 2334 1060 sis
2381 1008 2657 1061 malorum
2686 1006 2751 1069 Ἠ,
2788 1032 2810 1053 υ
2848 1007 2901 1060 id
2933 1014 3035 1072 est,
3068 1007 3129 1061 in
3163 1013 3416 1078 tempore

1824 1095 2028 1165 quietis
2057 1095 2171 1149 nali
2191 1096 2489 1151 immemor
2508 1099 2628 1150 esse
2657 1094 3113 1167 perturbationis.
3145 1098 3286 1159 Dies,
3330 1113 3417 1151 ca-

1823 1184 1909 1238 lor
1936 1184 2282 1247 tentationis,
2318 1191 2382 1237 ut
2406 1184 2465 1237 in
2510 1184 2807 1255 Evangelia
2844 1202 2854 1237 :
2890 1204 2917 1238 (
2952 1186 3178 1240 Pondus
3221 1186 3336 1240 diei
3360 1193 3419 1240 et

1823 1279 1991 1335 {estus
2013 1273 2077 1337 ³⁵,
2112 1294 2135 1323 n
2172 1273 2226 1326 id
2257 1279 2360 1338 est,
2402 1289 2544 1328 onus
2574 1274 2901 1327 tentationis
2927 1280 2987 1329 et
3018 1273 3416 1331 tribulationis.

1824 1362 2262 1427 Dies,€eter11itas
2287 1361 2417 1421 diei.
2438 1362 2574 1416 utin
2614 1361 2851 1416 Psalmis
2879 1382 2889 1415 :
2928 1385 2949 1409 ι
2982 1363 3188 1418 Tecum
3218 1364 3420 1435 princi-

1824 1452 1978 1521 pium
2000 1451 2058 1505 in
2081 1451 2172 1504 die
2184 1451 2406 1506 virtutis
2427 1456 2537 1505 tute
2553 1450 2618 1516 ’6,
2642 1450 2699 1505 id
2732 1456 2834 1516 est,
2872 1466 2983 1506 una
3003 1457 3188 1506 tecum
3227 1470 3417 1507 essen-

1821 1540 1903 1594 tia
1933 1540 1988 1594 in
2023 1540 2335 1596 mternitate
2382 1540 2695 1610 majestatis
2741 1545 2869 1594 tuae.
2910 1542 3051 1605 Dies,
3083 1542 3421 1597 illuminatia

1822 1630 2043 1682 mentir.
2080 1635 2143 1684 ut
2168 1628 2225 1683 in
2252 1629 2357 1683 Job
2393 1647 2404 1682 :
2439 1650 2467 1681 α
2495 1629 2888 1699 Unusquisque
2935 1630 2994 1684 in
3024 1630 3113 1684 die
3161 1647 3262 1685 suo
3290 1630 3355 1696 2⁷,
3396 1654 3412 1680 ι

192 1728 341 1767 eorum
367 1714 574 1783 repleta
610 1721 695 1769 est
742 1716 1069 1771 muneribus
1099 1718 1137 1780 ⁷,
1168 1740 1191 1769 ››
1222 1718 1279 1773 id
1307 1723 1410 1781 est,
1455 1699 1800 1787 justitiamB
1825 1718 1972 1787 quod
2002 1718 2388 1791 unusquisque
2417 1718 2626 1772 electus
2668 1719 2724 1772 in
2772 1718 3182 1775 illuminatiane
3218 1719 3424 1774 mentis

191 1818 311 1855 suam
325 1803 577 1859 vendunt.
593 1807 818 1870 Dextra,
852 1807 1271 1877 contemplatio,
1293 1814 1357 1863 ut
1385 1808 1444 1862 in
1465 1808 1695 1863 Cantica
1721 1825 1735 1862 :

193 1889 395 1945 «Dextra
430 1892 584 1948 illius
624 1894 1038 1965 amplexabitur
1076 1898 1233 1963 me”;
1262 1896 1319 1951 id
1362 1903 1466 1962 est,
1493 1903 1739 1952 contem-

189 1978 322 2047 platio
346 1980 483 2035 illius
512 1982 822 2039 laetiﬁcabit
870 1999 980 2038 me.
1014 1986 1230 2049 Dextra,
1274 1986 1546 2056 potentia,
1582 1991 1646 2040 ut
1674 1986 1733 2041 in

188 2067 377 2123 Psalmis
405 2088 415 2122 :
440 2089 463 2121 α
498 2071 708 2126 Dextra
738 2089 933 2127 eorum
969 2073 1168 2128 dextra
1206 2074 1521 2145 iniquitatis
1551 2075 1591 2139 θ,
1627 2093 1653 2127 ι
1683 2075 1737 2128 id

185 2165 263 2221 est,
281 2164 505 2227 potestas
527 2177 728 2215 eorum
750 2162 945 2233 iniqua
981 2159 1083 2219 est.
1122 2166 1340 2227 Dea-tm,
1373 2164 1735 2234 prosperitas,

184 2250 231 2297 ut
250 2245 299 2300 in
319 2247 457 2318 lege:
497 2269 520 2298 ι
545 2251 634 2304 Ne
662 2251 910 2306 declines
950 2252 1019 2307 ad
1060 2253 1337 2319 dextram,
1367 2269 1469 2307 nec
1500 2253 1572 2306 ad
1598 2253 1737 2308 sini-

184 2340 323 2388 stiam
350 2336 408 2403 ³ο,
437 2356 462 2390 ο
508 2339 569 2392 id
611 2346 715 2405 est,
762 2356 874 2396 non
905 2346 962 2395 te
1011 2342 1191 2397 eleves
1241 2342 1300 2397 in
1342 2342 1733 2413 prosperitate.

181 2422 362 2489 Dextra,
376 2425 616 2495 quilibet
629 2427 864 2493 amicus,
884 2433 947 2482 ut
967 2428 1025 2481 in
1040 2428 1285 2483 Psalmis
1311 2447 1322 2481 :
1362 2448 1385 2481 «
1410 2429 1739 2485 Considera-

180 2508 355 2566 bamad
374 2514 704 2581 dextram“,
730 2523 861 2582 etc.,
890 2535 911 2568 ι
940 2517 997 2570 id
1018 2523 1123 2583 est,
1159 2518 1388 2587 quaesivi
1429 2518 1579 2573 inter
1600 2519 1738 2573 ami-

173 2614 245 2652 cos
266 2601 350 2670 qui
371 2620 455 2657 me
475 2605 727 2674 juvaret,
756 2612 813 2660 et
840 2622 953 2661 non
994 2606 1199 2661 inveni.
1226 2608 1450 2673 Dextra,
1482 2607 1649 2662 elatio
1680 2608 1738 2663 in

174 2687 442 2757 Virtuﬁbus,
467 2699 539 2748 ut
564 2693 623 2747 in
652 2694 788 2749 Job:
829 2717 850 2744 ιι
886 2696 944 2750 Si
974 2712 1065 2751 me
1095 2702 1310 2750 vertam
1358 2696 1429 2750 ad
1459 2696 1733 2757 dextram,

1823 1824 1936 1860 suae
1963 1807 2191 1861 reﬁcere
2228 1806 2396 1861 debet
2439 1807 2754 1876 proximum
2786 1823 2969 1862 suum.
3002 1809 3143 1872 Dies,
3177 1809 3423 1863 charitas

1821 1896 2025 1966 quietis
2055 1896 2308 1959 internae,
2343 1900 2406 1950 ut
2432 1895 2492 1949 in
2520 1896 2725 1950 Genesi
2762 1914 2773 1948 :
2811 1914 2836 1948 (ι
2871 1896 3248 1951 Sanctiticavit
3274 1898 3423 1952 Deus

1821 1985 1967 2041 diem
1998 1985 2301 2055 septimum
2321 1983 2387 2048 ³⁸,
2415 2003 2441 2038 ν
2465 1984 2615 2054 quod
2637 2001 2737 2055 per
2759 1984 3076 2039 claritatem
3100 1986 3305 2055 quietis
3334 1986 3422 2039 in—
3504 2062 3515 2067 μ

1820 2080 1997 2131 terna:
2024 2075 2193 2131 homo
2222 2074 2338 2128 Deo
2354 2079 2732 2127 consecratur.
2761 2075 2898 2137 Dies,
2930 2074 3118 2143 patria
3155 2074 3418 2137 caelestis,

1823 2170 1886 2218 ut
1914 2164 1972 2219 in
2002 2164 2232 2219 Cantica
2256 2182 2270 2219 :
2303 2183 2325 2215 ι
2361 2164 2549 2218 Donec
2573 2163 2787 2233 aspiret
2815 2162 2934 2216 dies
2954 2161 3019 2227 9°,
3057 2181 3081 2214 ι
3105 2163 3162 2216 id
3192 2168 3295 2228 est,
3319 2164 3422 2218 do-

1821 2269 1923 2307 nec
1951 2252 2177 2308 claritas
2197 2252 2395 2324 patriae
2414 2252 2653 2307 caelestis
2682 2257 2962 2322 erumpat.
3003 2252 3141 2317 Dies,
3168 2252 3424 2309 incarna-

1820 2342 1899 2397 tio
1922 2342 2152 2407 Christi,
2182 2348 2247 2395 ut
2273 2342 2332 2396 in
2368 2340 2605 2397 Psalmis
2635 2360 2648 2394 :
2677 2364 2699 2391 ι
2732 2342 2797 2397 In
2815 2340 2906 2394 die
2937 2340 3423 2400 mandavitDomi-

1822 2446 1928 2485 nus
1955 2430 2021 2496 ³ο,
2059 2449 2086 2482 »
2118 2431 2262 2501 quod
2294 2430 2351 2483 in
2381 2430 2502 2484 luce
2545 2429 2948 2484 incarnationis
2975 2446 3111 2493 suae,
3155 2429 3421 2484 misertus

1822 2527 1907 2574 est
1928 2520 2156 2574 mundo.
2174 2519 2283 2573 Per
2301 2521 2448 2573 diem
2474 2518 2728 2573 homines
2761 2519 3054 2589 redempti,
3090 2526 3156 2575 ut
3184 2519 3242 2573 in
3265 2518 3369 2574 Job
3406 2538 3417 2572 :

1828 2635 1841 2655 ι
1876 2610 2001 2663 Non
2024 2613 2383 2679 computetur
2410 2607 2469 2663 in
2499 2606 2694 2661 diebus
2721 2609 2853 2661 anni
2873 2608 2937 2671 3',
2973 2629 2998 2658 ιο
3034 2608 3113 2677 [id
3142 2608 3248 2677 est]
3273 2608 3423 2663 inter

1821 2699 2139 2769 redemptos
2168 2696 2424 2751 homines
2443 2702 2700 2767 apastata
2718 2696 2953 2766 angelus
2968 2697 3039 2750 ad
3067 2697 3288 2751 veniam
3307 2713 3421 2751 non

174 2792 261 2831 non
301 2780 483 2837 videbo
546 2782 706 2838 illum
736 2782 801 2848 *3,
835 2800 859 2833 ι
894 2785 950 2839 id
982 2791 1084 2852 est,
1114 2785 1161 2839 si
1209 2785 1279 2840 de
1312 2784 1611 2840 virtutibus
1647 2801 1737 2840 su-
1818 2788 2119 2858 pertingat.
2150 2787 2258 2841 Per
2303 2788 2451 2840 diem
2493 2800 2664 2856 opera
2703 2784 2867 2849 bona,
2914 2790 2977 2838 ut
3023 2785 3084 2839 in
3135 2785 3373 2843 Psalmis
3406 2803 3415 2837 :

171 2866 521 2934 pemia,illum
535 2874 902 2944 contemplari
922 2890 1162 2945 nequeo.
1186 2877 1410 2938 Dextra,
1438 2875 1552 2929 vita
1578 2882 1736 2930 aeter-
1811 2894 1847 2936 ,ι
1878 2876 2047 2929 Novit
2063 2875 2338 2931 Dominus
2368 2874 2486 2928 dies
2513 2875 2796 2943 justorum
2823 2873 2887 2939 3’,
2920 2892 2942 2922 »
2973 2874 3123 2944 quod
3139 2872 3414 2945 approbat

169 2960 246 3008 nat
264 2962 320 3010 ut
346 2958 400 3013 in
430 2960 724 3016 Parabalis
753 2981 764 3014 :
803 2981 829 3014 α
860 2963 1175 3033 Longitudo
1203 2963 1424 3017 dierum
1451 2963 1511 3018 in
1541 2964 1737 3018 dextra
1758 3018 1797 3036 η
1820 2981 1991 3036 opera
2015 2970 2358 3019 sanctorum.

170 3044 267 3111 ejus
292 3046 346 3111 ³³,
374 3050 526 3119 quod
556 3050 670 3104 vita
726 3052 967 3107 caelestis
1011 3068 1300 3123 nunquam
1348 3069 1449 3123 per
1487 3053 1733 3123 aliquem
1755 3044 1798 3078 υ
1886 3057 2213 3125 Diluculum
2236 3059 2322 3108 est
2350 3054 2621 3108 adventus
2652 3053 2888 3107 internae
2917 3051 3223 3115 charitatis,
3260 3057 3325 3107 ut
3349 3052 3409 3105 in

168 3132 305 3188 ﬁnem
328 3139 589 3193 cessabit.
640 3142 862 3204 Dextra,
902 3140 1074 3205 favor,
1116 3147 1181 3195 ut
1223 3141 1280 3196 in
1310 3141 1548 3196 Psalmis
1580 3159 1590 3193 :
1630 3163 1652 3192 ε
1686 3144 1735 3199 Λ

1822 3142 1917 3198 Job
1942 3161 1952 3195 τ
1981 3165 2007 3190 α
2031 3144 2389 3213 Cansurgens
2402 3142 2646 3197 diluculo
2666 3141 2934 3196 afferebat
2952 3141 3277 3197 holocausta
3292 3140 3358 3206 ³³,
3390 3160 3412 3191 )

168 3219 344 3277 dextris
374 3232 458 3279 est
482 3227 630 3282 mihi
649 3228 818 3291 Deus,
842 3229 899 3283 id
937 3235 1042 3295 est,
1069 3230 1218 3284 favet
1248 3230 1406 3295 mihi,
1437 3250 1459 3282 ι
1484 3248 1555 3286 ne
1589 3247 1736 3285 com-
1816 3232 1965 3302 quod
2013 3231 2343 3286 adveniente
2392 3232 2617 3285 interna
2660 3230 2914 3286 claritate
2960 3229 3160 3285 orabat
3214 3230 3413 3284 Deum.

168 3324 359 3367 merear
384 3315 446 3368 ¹⁴.
482 3339 507 3368 ι

220 3401 499 3461 Des-traria
516 3411 658 3461 sunt
674 3412 1010 3461 ornamenta
1030 3406 1302 3465 bonorum
1327 3420 1582 3478 operum,
1596 3414 1661 3464 ut
1678 3408 1736 3462 in

164 3484 290 3557 lege:
311 3512 335 3539 ιι
355 3493 732 3551 Dextrariaet
758 3496 999 3551 annulos
1038 3496 1101 3560 1⁵,
1134 3519 1155 3547 ι
1190 3496 1248 3551 id
1277 3502 1451 3562 est,...
1481 3503 1539 3553 et
1575 3513 1737 3552 orna-

163 3580 260 3631 tum
286 3578 563 3640 bonarum
589 3601 845 3655 operum.

218 3667 464 3723 Diadema
512 3679 605 3727 est
644 3673 968 3727 humanitas
1010 3673 1235 3735 Christi,
1269 3680 1334 3729 ut
1363 3673 1423 3729 in
1454 3674 1687 3729 Cantica
1720 3692 1731 3727 :

164 3770 184 3801 α
208 3753 388 3813 Videte
407 3776 608 3830 regem
638 3762 902 3817 Salomon
916 3762 975 3816 in
999 3761 1337 3826 diademate,
1371 3779 1480 3831 qua
1511 3778 1740 3816 corona-

161 3841 223 3895 νὴ
245 3860 363 3901 eum
382 3856 575 3904 mater
596 3867 701 3904 sua
720 3850 783 3913 ¹⁶,
807 3870 827 3901 ι
846 3850 900 3904 id
932 3857 1034 3915 est,
1067 3851 1341 3906 honorate
1362 3852 1649 3906 Christum
1679 3851 1737 3907 in

157 3928 484 3991 humanitate
514 3955 641 4001 sua,
663 3955 831 4009 quam
846 3939 968 3994 sine
992 3944 1152 4011 patre
1172 3940 1243 3993 de
1271 3946 1451 3995 matre
1473 3940 1732 4011 sumpsit.

159 4018 349 4087 Dextra,
376 4026 684 4095 judicium,
704 4034 767 4081 ut
794 4028 853 4082 in
883 4027 1021 4083 Job:
1069 4028 1138 4084 Et
1165 4028 1482 4083 diademate
1524 4029 1735 4098 judicio

153 4122 257 4164 meo
286 4111 343 4178 ³⁷,
375 4133 401 4168 »
436 4115 493 4169 id
523 4117 816 4194 esthuasi
841 4117 1087 4189 quodam
1121 4117 1459 4183 diademate,
1482 4117 1561 4172 sic
1581 4117 1734 4187 judi-

153 4195 221 4250 Cio
246 4216 367 4257 mea
394 4204 702 4259 decoratus
728 4222 875 4260 sum.

206 4288 318 4345 Dies
347 4300 433 4349 est
450 4295 629 4350 Pater
645 4300 703 4349 et
738 4296 930 4360 Filius,
964 4302 1029 4351 ut
1064 4296 1124 4351 in
1152 4295 1392 4351 Psalmis
1421 4314 1431 4347 :
1470 4298 1487 4317 ‘
1523 4314 1549 4347 α
1580 4295 1735 4349 Nun-

152 4374 272 4433 tiate
288 4381 440 4437 diem
462 4384 562 4439 die
578 4384 642 4450 ‘3,
670 4403 694 4437 )›
716 4384 775 4439 id
793 4391 896 4448 est,
915 4385 1210 4456 praedicata
1230 4384 1456 4441 Patrem
1477 4384 1548 4437 de
1568 4383 1727 4437 Filio.

148 4464 267 4531 Dies,
300 4473 543 4541 angelus
570 4470 797 4530 Gabriel
825 4480 883 4529 et
909 4474 1066 4544 virgo
1081 4473 1279 4537 Maria,
1298 4473 1428 4529 utin
1444 4473 1682 4527 Psalmis
1716 4491 1726 4525 :

150 4576 167 4601 εξ
200 4554 319 4612 Dies
343 4560 459 4616 diei
486 4568 709 4617 emetat
736 4561 967 4618 verbum
996 4564 1060 4627 1°,
1090 4582 1113 4615 ι
1144 4563 1202 4617 id
1232 4569 1334 4627 est,
1350 4564 1582 4631 angelus
1595 4579 1733 4619 nun-

1820 3322 2166 3385 Diluculum,
2201 3320 2471 3385 studium,
2503 3326 2568 3374 ut
2590 3319 2647 3374 in
2674 3319 2916 3375 Psalmis
2948 3337 2960 3371 :
3002 3343 3021 3364 υ
3048 3319 3304 3374 Diluculo
3324 3335 3417 3375 ve-

1819 3409 2050 3463 niebant
2079 3409 2149 3462 ad
2178 3426 2307 3463 eum
2336 3408 2399 3460 3‘.
2439 3426 2464 3458 o
2499 3411 2843 3473 Dilucidum,
2877 3413 3118 3478 tempus,
3163 3424 3417 3464 resurre-

1819 3498 2036 3563 ctionis,
2072 3502 2137 3552 ut
2160 3498 2220 3551 in
2250 3497 2490 3551 Psalmis
2522 3514 2533 3549 :
2563 3514 2589 3548 «
2620 3496 2927 3565 Exsurgam
2956 3496 3202 3552 diluculo
3216 3495 3282 3561 ³⁵,
3308 3513 3336 3549 »
3361 3495 3417 3550 id

1819 3593 1921 3653 est,
1956 3602 2122 3640 mane
2148 3591 2282 3640 ante
2312 3586 2512 3639 lucem.

1890 3678 2109 3742 Digitus
2137 3681 2224 3729 est
2239 3674 2479 3745 Spiritus
2494 3678 2740 3737 sanctus,
2758 3679 2823 3727 ut
2850 3672 2909 3726 in
2937 3672 3233 3742 Evangelia
3258 3692 3272 3730 :
3298 3693 3319 3724 ι
3355 3673 3415 3729 Si

1820 3765 1878 3818 in
1903 3765 2079 3835 digito
2109 3765 2229 3829 Dei,
2266 3784 2289 3815 ι
2323 3764 2379 3817 id
2426 3770 2529 3829 est,
2561 3768 2618 3816 et
2673 3762 2729 3815 in
2784 3761 2995 3831 Spiritu
3045 3762 3166 3827 Dei,
3195 3782 3219 3811 (ι
3253 3762 3414 3831 ejicio

1820 3854 2097 3909 daamania
2122 3852 2187 3905 ³⁸.
2227 3875 2247 3900 ι
2273 3855 2491 3919 Digitus
2542 3851 2823 3915 discretio,
2857 3856 2922 3905 ut
2966 3850 3024 3904 in
3069 3850 3366 3921 Evangelia
3396 3868 3408 3903 :

1824 3963 1847 3996 ‹
1880 3943 2068 4014 Digiti)
2087 3941 2363 3996 scribebat
2381 3942 2438 3996 in
2466 3948 2679 3996 terram
2697 3939 2763 4005 ³⁷,
2781 3956 2807 3992 D
2832 3939 2979 4010 quod
3001 3939 3198 3994 humili
3212 3939 3417 3995 discre-

1816 4033 1969 4088 tione
1998 4039 2287 4087 terrenum
2317 4048 2412 4085 cor
2452 4036 2707 4085 nostrum
2746 4029 3087 4100 perscrutari
3125 4028 3411 4083 debemus.

1817 4124 2054 4189 Digitus,
2073 4122 2453 4185 moderamen,
2478 4125 2543 4175 ut
2569 4120 2623 4174 in
2652 4118 2755 4173 Job
2787 4137 2797 4171 :
2828 4138 2852 4169 α
2877 4118 3248 4190 Superpanite
3267 4118 3416 4188 digi-

1817 4216 1939 4265 tum
1964 4216 2213 4265 vestrum
2244 4209 2398 4264 cordi
2428 4215 2612 4264 vestra
2639 4208 2704 4274 ³⁸,
2739 4225 2767 4259 n
2799 4207 2852 4262 id
2909 4213 3012 4272 est,
3045 4206 3416 4263 moderamini

1818 4300 2155 4353 locutionem
2175 4304 2438 4353 vestram.
2454 4298 2561 4351 Per
2579 4298 2818 4363 digitum
2831 4296 3123 4351 diversitas
3154 4312 3416 4368 persona-

1818 4405 1962 4453 rum,
1999 4394 2061 4441 ut
2090 4389 2147 4441 in
2172 4387 2319 4441 Isaia
2346 4406 2355 4439 :
2386 4407 2412 4436 (ι
2431 4386 2567 4449 Quis
2596 4385 2865 4455 appendit
2885 4385 3066 4439 tribus
3086 4384 3277 4454 digitis
3298 4401 3414 4441 ma-

1816 4472 1925 4527 lem
1954 4477 2118 4526 terrae
2138 4470 2205 4535 39,
2241 4489 2261 4522 ο
2306 4487 2407 4541 per
2447 4473 2612 4539 quis?
2650 4469 2838 4523 unitas
2887 4468 3284 4533 subsistentia},
3316 4485 3416 4539 per

1819 4566 1941 4625 tres,
1973 4563 1992 4582 θ
2017 4560 2203 4615 unitas
2234 4575 2623 4630 personarum.
2657 4558 2764 4612 Per
2793 4559 2992 4625 digitos
3024 4563 3266 4627 quatuor
3283 4556 3412 4613 libri

149 4639 285 4700 tiavit
328 4648 549 4705 Mariae.
598 4652 740 4715 Dies,
774 4651 1047 4717 diabolus,
1082 4658 1147 4707 ut
1188 4652 1247 4706 in
1296 4651 1438 4707 Job:
1478 4672 1503 4703 α
1532 4652 1734 4705 Pereat
1815 4648 2261 4717 Evangeliorum,
2287 4647 2424 4703 utin
2444 4647 2631 4703 Exodo
2654 4665 2665 4698 :
2692 4668 2710 4696 ι
2738 4648 3014 4701 Coronam
3038 4646 3415 4703 interrasilem

147 4729 265 4797 dies,
298 4736 357 4792 in
411 4755 530 4811 qua
562 4745 729 4795 natus
777 4758 905 4796 sum
931 4740 998 4809 9°,
1035 4761 1061 4795 ι
1089 4741 1147 4796 id
1189 4746 1293 4806 est,
1319 4741 1620 4796 damnatus
1658 4741 1734 4795 sit
1815 4738 1987 4793 altam
2009 4742 2251 4808 quatuor
2272 4735 2539 4806 digitis“,
2567 4754 2593 4789 ››
2627 4736 2774 4806 quod
2797 4735 3069 4806 quidquid
3101 4735 3413 4795 sanctitatis

150 4817 400 4889 diabolus,
422 4844 531 4898 per
548 4845 717 4899 quem
749 4830 1012 4904 sedugtus
1043 4847 1185 4886 sum.
1214 4834 1352 4894 Dies,
1385 4830 1731 4901 prosperitas
1819 4826 2106 4889 habemus,
2140 4825 2559 4882 conversatione
2580 4829 2775 4879 nostra
2811 4824 2869 4878 in
2894 4824 3052 4878 libris
3080 4824 3412 4893 Evangelia-

146 4922 446 4980 Pl‘lvorum,
466 4917 601 4973 utin
620 4918 894 4973 Jeremia:
930 4919 1135 4973 «Diem
1166 4920 1410 4974 hominis
1439 4936 1553 4976 non
1587 4921 1607 4941 *
1638 4919 1736 4973 de-
1820 4932 1946 4970 rum
1974 4915 2260 4969 discimus.
2295 4916 2402 4969 Per
2428 4916 2627 4981 digitos
2656 4913 2900 4984 operarii
2948 4913 3223 4975 Ecclesiae,
3256 4919 3319 4967 ut
3356 4913 3415 4965 in

145 4996 442 5060 Sideramus
462 5004 653 5070 ",nid
670 5012 773 5071 est,
795 5008 1225 5078 prosperitatem
1251 5008 1437 5079 saeculi
1469 5024 1581 5063 non
1604 5024 1739 5063 con-
1824 5004 2053 5062 Cantica
2082 5024 2093 5057 :
2150 5022 2177 5057 α
2208 5004 2380 5085 Digiti
2438 5006 2549 5063 mei
2606 5003 2758 5074 pleni
2813 5003 3045 5073 myrrha
3094 5001 3417 5072 probatissi-

201 5106 217 5177 Ῡ
250 5108 420 5163 Exod.
456 5125 577 5173 VIII,
612 5111 700 5166 27.
747 5112 769 5146 ³
794 5114 940 5167 Psal.
980 5127 1207 5177 Lxxvm,
1249 5114 1299 5166 7.
1333 5112 1356 5146 ³
1396 5113 1541 5165 Psal.
1585 5127 1713 5177 cvn,
1744 5112 1796 5166 7.
1830 5110 1852 5145 ⁴
1881 5110 1984 5165 Job
2024 5125 2136 5175 XIV,
2170 5112 2256 5164 15.
2301 5111 2323 5143 ⁵
2363 5112 2524 5165 Deut.
2560 5125 2753 5165 xxxm.
2788 5111 2840 5164 2.
2890 5111 2913 5145 ⁸
2944 5112 3091 5165 Psal.
3126 5125 3283 5175 cvm,
3318 5108 3407 5166 10.

144 5171 324 5249 7-13531.
374 5196 511 5247 xxv,
544 5171 630 5236 1'0.
673 5184 695 5218 ⁸
725 5185 886 5239 Cant.
920 5199 981 5249 ιι,
1015 5184 1068 5238 6.
1103 5185 1125 5217 9
1153 5171 1299 5241 Psal.
1336 5196 1527 5245 cxun,
1563 5192 1614 5235 ῖς.
1652 5171 1710 5217 ¹ο’

1822 5189 1899 5235 ut.
1934 5198 1984 5247 ν,
2019 5171 2281 5247 32ζχγιι,
2310 5182 2398 5235 Μ.
2430 5183 2471 5215 ¹¹
2514 5184 2659 5237 Psal.
2687 5198 2832 5245 (πίω,
2866 5184 2919 5237 5.
2956 5181 3005 5216 ¹²
3026 5181 3129 5239 Job
3162 5171 3317 5245 xxni,
3351 5181 3406 5235 9.

145 5242 181 5276 ¹³
202 5247 361 5304 Prov:
394 5242 603 5315 111,16.
638 5254 681 5288 “
702 5256 849 5309 Psal.
882 5242 979 5317 xv,
999 5254 1052 5308 8.
1088 5255 1131 5288 ¹⁵
1160 5255 1328 5310 Exod.
1362 5269 1488 5317 xxv,
1512 5242 1600 5308 33.
1636 5255 1680 5287 ¹⁶
1714 5256 1735 5308 i

1822 5272 1882 5307 n.
1917 5242 2063 5311 xxxi.
2094 5242 2181 5308 50.
2206 5253 2251 5286 ιτ
2272 5242 2444 5306 Cant.
2478 5254 2677 5317 111,11.
2716 5255 2759 5287 ιδ
2778 5242 2881 5307 λοι)
2906 5268 3054 5315 xxxx,
3082 5254 3161 5307 14.
3192 5253 3237 5286 ω
3259 5242 3405 5307 Psal.

141 5328 247 5389 XCV,
279 5321 332 5377 2.
367 5322 420 5356 ²⁰
463 5324 612 5377 Psal.
656 5339 811 5389 xvm,
846 5327 897 5380 3.
948 5326 989 5359 ²¹
1024 5328 1137 5379 Jer.
1168 5341 1303 5389 xvn,
1335 5326 1423 5381 16.
1455 5325 1501 5358 ²²
1533 5328 1664 5380 Luc.
1702 5341 1731 5378 Χ

1850 5324 1937 5377 42.
1971 5323 2017 5358 ²³
2045 5324 2148 5377 Job
2179 5338 2261 5387 ill,
2294 5324 2347 5377 4.
2381 5323 2426 5357 ²⁴
2456 5326 2595 5378 Eccl.
2632 5340 2726 5387 vu,
2759 5324 2848 5379 15.
2882 5324 2928 5358 ²⁵
2959 5325 3154 5379 Matth.
3188 5339 3276 5381 xx.
3318 5324 3407 5378 12.

140 5383 178 5461 ξ
202 5390 346 5445 Psal.
379 5406 503 5455 cxx,
546 5394 594 5449 3.
624 5383 809 5453 2"Job
833 5412 869 5461 1,
902 5402 954 5454 4.
999 5397 1045 5431 2⁸
1085 5399 1223 5453 Gen.
1260 5383 1319 5461 1i,
1350 5397 1402 5451 3.
1437 5395 1484 5429 ’9
1513 5398 1674 5455 Cant.
1710 5409 1735 5453 1:

1822 5396 1890 5452 Π.
1922 5394 1969 5429 3°
2008 5396 2152 5450 Psal.
2195 5383 2305 5460 xm,
2344 5394 2397 5448 9.
2432 5394 2475 5430 ³¹
2503 5396 2604 5451 Job
2643 5383 2725 5457 in,
2756 5396 2811 5450 6.
2844 5395 2890 5429 ³³
2921 5396 3067 5453 Psal.
3100 5410 3285 5458 XXXVI,
3329 5395 3408 5452 18.

139 5454 298 5535 §Job
329 5478 370 5528 ῐ,
403 5464 462 5519 6.
492 5454 544 5499 ³4
573 5466 717 5520 Psal.
752 5454 958 5533 Lxxvn,
986 5467 1075 5523 34.
1109 5468 1156 5502 ³⁵
1187 5454 1330 5525 Psal.
1368 5482 1479 5534 va,
1512 5468 1565 5522 9.
1588 5467 1637 5502 ³⁸
1666 5470 1735 5523 Lu

139 5529 213 5583 12.
244 5532 289 5568 ⁴⁰
319 5535 503 5589 Exod.
536 5550 740 5592 XXXVII.
770 5538 858 5592 12.

1844 5482 1916 5527 x1.
1960 5466 2040 5524 l9.
2076 5466 2119 5501 ³⁷
2149 5454 2307 5521 ἰοειῃῇ
2344 5482 2462 5528 vm,
2494 5468 2546 5529 6.
2583 5468 2635 5523 8.
2666 5454 2845 5522 38Job
2876 5483 2986 5523 κου.
3021 5466 3074 5521 5.
3104 5466 3151 5501 ³9
3180 5454 3287 5521 lsa.
3320 5480 3406 5533 XL,

170 5542 213 5583 2.
244 5542 289 5568 ὐ
319 5542 503 5589 Exod.
536 5550 740 5603 xxxv",
770 5542 858 5592 l2.
