3854 6164
440 293 543 352 911
1035 289 1100 344 Β.
1141 287 1415 343 RABANI
1452 285 1686 343 MAURI
1722 287 2058 344 ARCHIEP.
2097 288 2424 346 MOGUNT.
2466 289 2767 347 OPERUM
2804 290 2989 347 PARS
3026 291 3124 346 IIl.
3546 293 3633 354 9η

442 433 542 473 ma
568 417 608 484 ¹,
643 433 673 469 ι
704 414 761 469 id
786 417 889 475 est,
923 411 1166 484 operarii
1192 411 1306 466 mei
1333 411 1654 483 gloriantur
1690 412 1748 467 in
1790 412 2030 468 tribula-
2048 413 2308 474 Aderavi
2325 415 2618 486 pulchram
2648 416 2851 471 facere.
2877 417 3104 479 Domus,
3135 415 3424 472 humanitas
3446 418 3632 485 (.‘hristi,

439 504 706 562 tionibus.
2120 506 2183 556 ut
2203 502 2262 557 in
2280 503 2568 559 Parabolis
2585 523 2636 558 :«
2654 504 2944 576 Sapientia
2952 503 3238 560 aediﬁcavit
3249 504 3345 560 sibi
3353 505 3634 572 domum“,-

511 595 750 649 Dilectus
771 594 858 644 est
874 590 1044 643 Pater
1062 593 1122 643 et
1134 589 1333 656 Filius,
1366 596 1432 644 ut
1450 589 1509 644 in
1539 590 1773 646 Cantica
1805 608 1817 643 :
1838 608 1864 641 (ι
1886 591 2039 656 Qua-
2120 591 2269 661 quod
2288 591 2390 646 Dei
2401 591 2577 646 Filius
2593 610 2820 648 carnem
2833 592 2941 648 sibi
2951 593 3265 665 assumpsit.
3294 595 3487 659 Domus,
3506 611 3638 649 mun-

438 683 509 738 lis
530 686 617 736 est
641 679 878 735 dilectus
907 684 1040 733 tuus
1085 693 1150 732 ex
1199 678 1401 733 dilecta
1428 678 1452 712 ²
1470 678 1496 732 ?
1522 678 1579 733 id
1605 683 1708 743 est,
1757 678 1932 733 Filius
1968 679 2039 734 de
2118 678 2225 734 dus
2254 679 2381 747 iste,
2413 686 2478 735 ut
2507 681 2565 735 in
2588 682 2889 753 Evangelia
2921 701 2934 737 :
2972 702 2996 734 ι
3034 682 3104 736 Et
3130 698 3255 736 vasa
3277 682 3389 752 ejus
3412 681 3463 736 in
3487 683 3636 749 domo,

439 771 626 826 Patre.
659 771 920 835 Dilectus,
943 768 1182 840 populus
1204 767 1492 833 Judaicus,
1523 772 1589 822 ut
1626 767 1684 822 in
1713 767 1988 839 propheta
2020 785 2032 820 :
2117 784 2231 823 non
2252 769 2566 826 descendat
2601 771 2800 826 tollere
2831 769 2980 834 ea”,
3007 787 3034 823 ι
3059 770 3117 824 id
3150 776 3250 837 est,
3275 770 3339 826 ad
3364 770 3641 842 cupiditates

441 878 473 913 α
499 858 646 924 Quid
675 863 779 922 est,
808 857 955 929 quod
1003 855 1240 910 dilectus
1280 873 1441 911 meus
1478 856 1612 910 facit
1659 856 1872 911 scelera
1896 855 2038 911 mul-
2118 858 2306 913 saeculi
2336 873 2449 913 non
2476 859 2689 923 redeat,
2723 876 2863 932 quas
2884 857 3130 931 reliquit.
3159 860 3367 919 Damus.
3386 858 3644 927 tamilia,ut

433 954 497 1003 ta
521 946 564 1014 ³,
600 966 628 1001 υ
660 947 719 1002 id
747 952 836 1002 est
881 946 1031 1016 quod
1077 951 1196 1000 tam
1235 945 1425 1016 impie,
1458 961 1627 1016 quem
1668 945 2039 1017 spiritualiter
2117 946 2177 1001 in
2204 945 2362 1000 libris
2408 947 2626 1018 Regum
2661 966 2673 1002 :
2709 966 2738 1002 α
2770 949 2845 1005 Ut
2890 947 3195 1020 loquereris
3244 947 3311 1002 de
3356 947 3519 1013 domo,
3543 967 3566 998 ι
3600 948 3642 1002 id

430 1037 622 1108 diligO,
653 1040 863 1108 peccat-
1694 1060 1702 1069 ι
2117 1040 2222 1101 est,
2242 1034 2313 1090 de
2331 1035 2566 1101 familia,
2604 1055 2629 1088 α
2666 1037 2865 1092 famuli
2894 1036 2979 1092 tui
3006 1035 3074 1090 ³⁸.
3111 1055 3135 1087 ι
3166 1037 3374 1101 Domus,
3401 1035 3644 1091 delectatio

501 1127 812 1188 Diluvium,
842 1123 1174 1197 baptismus,
1205 1128 1272 1178 ut
1299 1123 1359 1178 in
1389 1122 1627 1178 Psalmis
1655 1141 1668 1176 :
1706 1142 1728 1174 ι
1762 1122 2037 1177 Dominus
2115 1123 2339 1189 favoris,
2361 1130 2428 1179 ut
2456 1124 2515 1179 in
2540 1123 2645 1179 Job
2676 1143 2690 1179 :
2727 1144 2753 1178 α
2785 1125 3070 1181 Innitetur
3084 1140 3250 1197 super
3273 1124 3481 1179 domum
3499 1141 3643 1191 suam,

430 1214 706 1270 diluvium
758 1213 1075 1268 inhabitare
1129 1212 1266 1267 facit
1291 1211 1348 1279 ⁴;
1386 1230 1409 1263 ι
1443 1211 1500 1266 id
1557 1217 1662 1279 est,
1695 1210 2037 1284 baptismum
2116 1217 2297 1268 etnon
2318 1211 2490 1268 stabit
2507 1212 2670 1281 πρίει
2684 1215 2876 1281 est,ad
2895 1215 3123 1270 laudem
3135 1212 3646 1269 humanamiufuturo

434 1304 494 1358 in
520 1320 623 1359 sua
652 1302 899 1359 Ecclesia
924 1318 1047 1357 esse
1086 1300 1396 1356 constituit.
1425 1302 1737 1367 Diluvium,
1759 1300 2037 1371 judicium
2116 1317 2231 1356 non
2271 1301 2550 1373 respiciet,
2581 1302 2682 1358 sed
2737 1303 2862 1374 ipsa
2915 1303 3155 1359 deficiet.
3212 1303 3420 1367 Damus,
3457 1302 3650 1373 populus

439 1398 775 1458 extremum,
792 1397 858 1446 ut
872 1391 933 1446 in
951 1390 1191 1445 Psalmis
1216 1409 1228 1444 :
1256 1408 1282 1444 ι
1303 1391 1368 1444 In
1393 1389 1604 1444 diluvia
1630 1389 1655 1423 ⁵
1674 1405 1961 1461 aquarum.

2126 1389 2460 1455 Iudaeorum,
2493 1396 2559 1446 ut
2586 1391 2646 1446 in
2671 1392 3009 1463 Evangelia:
3046 1409 3075 1445 ι
3110 1391 3439 1447 Revertarin
3463 1391 3648 1445 domum

437 1481 495 1536 id
522 1487 628 1548 est,
656 1480 715 1536 in
738 1479 951 1552 judicio
966 1484 1240 1546 extrema,
1254 1478 1314 1533 in
1343 1494 1452 1549 qua
1480 1477 1725 1550 reprobi,
1749 1478 1846 1550 qui
1862 1478 2039 1534 ﬂuida
2118 1494 2324 1544 meam,
2342 1479 2492 1534 unde
2513 1480 2656 1534 exivi
2670 1480 2735 1546 ³³,
2757 1481 2907 1553 quod
2926 1480 2997 1537 ad
3018 1481 3282 1553 populum
3296 1479 3655 1535 Judaicumdia-

437 1576 590 1635 sunt,
613 1567 1053 1633 damnabuntur,
1079 1566 1239 1639 justi,
1274 1583 1387 1622 non
1409 1566 1697 1638 peribunt.
1726 1568 2037 1634 Diluvium,
2123 1566 2285 1622 belus
2305 1567 2404 1634 ait,
2429 1568 2654 1640 quando
2679 1569 2967 1625 Christum
3015 1569 3295 1642 suscipere
3318 1569 3504 1634 renuit,
3521 1584 3552 1622 a
3570 1583 3654 1639 quo

437 1664 750 1731 peccatum,
779 1662 845 1712 ut
874 1657 933 1711 in
962 1636 1168 1711 Genesi
1201 1674 1213 1709 :
1251 1674 1280 1708 α
1312 1636 1651 1711 Interﬁciam
1701 1656 1862 1728 aquis
1891 1656 2040 1711 dilu-
2123 1656 2276 1723 exiit,
2296 1636 2520 1728 quando
2540 1658 2721 1729 legem
2740 1659 3003 1730 suscepit.
3022 1636 3248 1722 Damus,
3265 1636 3657 1729 gentilitas,utia

439 1747 515 1802 vii
533 1763 758 1802 omnem
785 1762 1013 1801 carnem
1039 1746 1083 1813 ⁸,
1120 1766 1144 1797 ι
1181 1745 1330 1818 quod
1367 1745 1640 1810 carnales,
1673 1761 1915 1816 quorum
1942 1762 2041 1800 νο-
2066 1759 2106 1818 B
2126 1745 2398 1800 Psalmis:
2426 1766 2450 1798 ι
2472 1746 2684 1802 Damus
2700 1746 2873 1802 Jacab
2890 1748 2960 1802 de
2982 1746 3429 1820 papulabarbam
3442 1744 3658 1816 “,iquod

436 1835 748 1908 luptatibus
777 1838 799 1859 θ
829 1834 1043 1908 peccati
1065 1834 1215 1891 Deus
1240 1833 1493 1889 consumi
1519 1832 1815 1905 permittit.
2122 1834 2425 1906 aliquando
2447 1835 2667 1891 alienus
2685 1852 2721 1890 a
2739 1837 2857 1892 Dea
2877 1836 3121 1909 populus
3142 1835 3366 1907 gentilis
3375 1834 3560 1899 erat,in
3576 1849 3662 1904 quo

507 1926 662 1979 Dives
689 1930 776 1979 est
804 1924 971 1988 Deus,
1004 1929 1070 1978 ut
1096 1922 1156 1978 in
1188 1923 1522 1994 Evangelia:
1549 1940 1577 1974 α
1600 1922 1781 1976 Homo
1811 1922 2039 1993 quidam
2123 1923 2290 1978 modo
2319 1940 2422 1995 per
2448 1924 2616 1979 ﬁdem
2645 1924 2764 1997 ipse
2788 1923 3024 1980 habitat.
3041 1927 3266 1989 Domus,
3297 1923 3542 1996 pratectio
3571 1922 3663 1976 Sal-

439 2018 565 2069 erat
609 2012 781 2079 dives,
814 2012 912 2085 qui
942 2011 1184 2067 habebat
1227 2011 1479 2067 villicum
1509 2012 1549 2076 ⁷,
1584 2030 1613 2064 ι
1642 2011 1700 2065 id
1734 2017 1838 2077 est,
1867 2011 2035 2077 Deus,
2122 2013 2352 2078 vataris,
2384 2017 2448 2067 ut
2475 2013 2535 2067 in
2565 2013 2804 2069 Psalmis
2836 2033 2850 2068 :
2888 2033 2918 2066 ι
2950 2013 3183 2069 Herodii
3211 2013 3406 2069 domus
3441 2011 3540 2066 dux
3560 2010 3665 2078 (est)

441 2102 633 2175 qui...‘
649 2119 709 2157 se
738 2101 910 2156 habet
934 2100 1242 2156 hominem.
1264 2102 1441 2165 Dives,
1475 2100 1714 2172 populus
1751 2099 2039 2167 Iudaicus,
2123 2116 2317 2156 eorum
2337 2101 2400 2167 ³⁵,
2421 2118 2448 2154 ι
2472 2103 2623 2173 quod
2643 2102 2910 2175 profectio
2929 2103 3143 2159 Christi
3153 2102 3356 2158 electas
3381 2116 3502 2157 suos
3523 2099 3662 2154 ducit.

442 2190 583 2246 utin
603 2189 903 2262 Evangelia
931 2208 942 2243 :
970 2208 998 2243 α
1028 2190 1210 2245 Homo
1239 2189 1466 2262 quidam
1497 2194 1621 2244 erat
1638 2189 1813 2255 dives,
1843 2187 1941 2260 qui
1960 2189 2044 2243 in-
2122 2191 2347 2255 Domus,
2410 2190 2602 2246 anima
2656 2208 2850 2264 prava,
2876 2197 2942 2246 ut
2980 2193 3042 2247 in
3086 2189 3412 2247 Ezechiele:
3441 2209 3466 2242 α
3494 2189 3667 2245 Domus

440 2279 723 2335 duebatur
747 2295 1002 2352 purpura
1029 2283 1089 2334 et
1111 2277 1278 2351 bysso
1305 2279 1348 2344 ⁸,
1367 2296 1394 2330 ››
1427 2278 1575 2350 quod
1595 2278 1836 2350 papulus
1853 2277 2044 2332 Judai-
2124 2295 2478 2350 exasperans,
2503 2299 2530 2335 ν
2554 2281 2705 2352 quod
2731 2281 2923 2336 anima
2943 2297 3117 2354 prava
3129 2297 3232 2353 per
3245 2279 3669 2352 nequitiamsuam

441 2385 540 2424 cus
560 2372 581 2392 ⁹
600 2368 660 2424 in
679 2368 834 2424 cultu
849 2367 977 2423 vitae
1007 2367 1300 2423 exterioris
1325 2366 1692 2438 gloriabatur.
1717 2367 1825 2420 Per
1848 2367 2043 2420 divit”
2125 2368 2195 2422 ad
2251 2367 2617 2441 asperitatem
2676 2375 2940 2441 provocat
2994 2370 3321 2425 Dominum.
3349 2370 3551 2433 Domus,
3576 2365 3671 2438 ipsa

442 2464 725 2513 amatores
753 2456 969 2524 mundi,
1001 2462 1067 2511 ut
1092 2456 1152 2510 in
1181 2455 1454 2511 Psalmis:
1485 2476 1510 2507 α
1535 2455 1745 2510 Divites
1767 2459 2045 2525 eguerunt
2124 2473 2294 2523 mors,
2322 2462 2390 2512 ut
2414 2457 2474 2512 in
2499 2457 2607 2512 Job
2633 2475 2646 2512 :
2684 2477 2711 2511 α
2742 2458 2848 2514 Ubi
2876 2458 3188 2514 constituta
3222 2464 3309 2514 est
3333 2459 3519 2513 damus
3549 2453 3670 2510 omni

441 2552 500 2601 et
523 2545 844 2602 esurierunt
861 2546 903 2613 9;
933 2564 956 2597 ι
990 2545 1138 2617 quod
1162 2545 1360 2600 mundi
1388 2549 1670 2600 amatores
1699 2547 1950 2614 egestate
1987 2547 2044 2598 et
2123 2545 2329 2600 viventi
2351 2546 2427 2614 κς
2462 2565 2489 2600 ι
2524 2547 2673 2618 quod
2702 2563 2816 2603 non
2847 2553 2935 2603 est
2959 2548 3151 2615 homo,
3184 2547 3281 2620 qui
3325 2547 3479 2612 vivet,
3507 2549 3558 2599 et
3583 2558 3672 2598 non

441 2633 627 2690 esurie
654 2633 960 2689 tabescent.
1259 2650 1265 2659 '
2123 2634 2333 2690 videbit
2358 2640 2618 2690 mortem.
2649 2636 2759 2691 Per
2786 2638 3032 2703 domum,
3064 2637 3275 2691 diversi
3302 2635 3527 2693 ordines,
3554 2637 3610 2687 ut
3626 2631 3674 2686 in

512 2725 732 2777 Divitiz
757 2728 892 2778 sunt
928 2721 1098 2776 verba
1144 2722 1302 2794 legis,
1334 2727 1400 2777 ut
1441 2721 1501 2776 in
1548 2721 1692 2776 Job:
1732 2740 1755 2773 ι
1784 2720 2037 2783 Divitias,
2123 2722 2406 2780 Psalmis:
2442 2744 2466 2775 α
2500 2724 2651 2780 Deus
2697 2724 2758 2780 in
2814 2723 3076 2780 domibus
3130 2726 3276 2796 ejus,
3306 2723 3433 2778 ‘.in
3480 2719 3674 2776 diversis

448 2827 591 2882 quas
618 2811 927 2878 devoravit,
951 2816 1173 2866 evomat
1186 2811 1250 2876 1°,
1277 2809 1374 2864 )id
1398 2815 1502 2877 est,
1535 2809 1707 2865 verba
1733 2810 1894 2881 legis,
1919 2826 2043 2882 qua:
2126 2814 2147 2835 θ
2163 2811 3362 2884 orationibusejusagnam'tur”.Perdamas
3372 2808 3676 2867 conscientia

443 2898 658 2966 habuit,
691 2900 934 2955 amittet.
968 2901 1202 2966 Divitia',
1235 2898 1488 2964 consilia,
1521 2903 1587 2953 ut
1623 2899 1683 2953 in
1733 2894 1837 2953 Job
1874 2917 1887 2953 :
1924 2915 1953 2952 α
1985 2898 2044 2954 Si
2125 2900 2304 2967 bonae,
2318 2906 2384 2956 ut
2410 2901 2469 2956 in
2489 2900 2594 2957 Job
2627 2919 2689 2955 τι
2711 2902 2969 2974 Replevit
2989 2902 3191 2957 damas
3213 2918 3346 2957 suas
3363 2903 3576 2972 argenta
3592 2896 3672 2957 ".o

440 2989 800 3067 laetatussum
810 3005 981 3061 super
997 2990 1019 3012 ⁶
1031 2988 1202 3060 justis
1223 2987 1431 3043 divitiis
1449 2988 1515 3054 ¹¹,
1542 3007 1569 3040 »
1591 2987 1647 3042 id
1673 2993 1777 3053 est,
1810 2987 1881 3042 de
1907 3004 2042 3043 can-
2126 2990 2273 3062 quod
2298 2990 2528 3062 perfecti
2556 2990 2831 3046 charitate
2883 2991 3057 3046 divini
3096 2990 3311 3063 eloquii
3344 2989 3404 3044 in
3441 2987 3548 3044 suis
3577 3002 3678 3041 con-

442 3077 604 3145 siliis,
637 3076 842 3150 quibus
869 3076 1234 3145 abundantia,
1269 3092 1626 3148 nequaquam
1655 3092 1799 3130 vana
1846 3076 2042 3132 laetitia
2060 3078 2104 3139 C
2126 3079 2376 3134 scientiis
2403 3078 2713 3134 abundant.
2746 3079 2855 3134 Per
2889 3081 3075 3134 duino:
3117 3079 3483 3151 cogitationes
3512 3090 3676 3148 prava,

442 3183 536 3220 me
565 3167 760 3221 extuli.
784 3168 1019 3233 Diaitiz,
1045 3165 1548 3237 contemplationes
1569 3164 1690 3226 Dei,
1714 3170 1780 3220 ut
1805 3165 1864 3219 in
1884 3165 2045 3220 Psal-
2126 3174 2191 3222 ut
2216 3168 2277 3223 in
2304 3167 2408 3223 Job
2443 3186 2456 3222 :
2491 3188 2515 3220 α
2549 3169 2614 3224 In
2639 3167 2899 3223 domibus
2936 3168 3198 3236 desertis,
3226 3185 3350 3240 qua:
3394 3167 3451 3222 in
3472 3163 3680 3221 tumulos

442 3253 552 3310 mis
579 3271 593 3308 :
623 3274 648 3306 α
674 3255 742 3310 Et
769 3253 1014 3326 pasceris
1040 3254 1099 3311 in
1126 3253 1336 3308 divitiis
1386 3255 1511 3325 ejus
1543 3252 1604 3316 ι’,
1638 3273 1663 3304 ο
1696 3252 1753 3307 id
1782 3258 1887 3321 est,
1928 3254 2045 3326 spi-
2125 3261 2259 3312 sunt
2285 3257 2525 3312 redactae
2544 3255 2610 3325 ²⁹;
2628 3274 2656 3309 ι
2680 3257 2830 3328 quod
2850 3256 3032 3329 iniqui
3060 3256 3434 3328 cogitationes
3457 3253 3679 3309 habeats

444 3343 707 3401 ritualem
734 3342 967 3398 habebis
993 3343 1356 3398 refectionem
1384 3342 1441 3397 in
1479 3342 2044 3414 contemplationibus
2124 3346 2242 3400 Dea
2267 3345 2581 3413 derelictas,
2613 3352 2672 3400 et
2707 3345 2767 3400 in
2813 3345 2894 3400 eis
2941 3345 3365 3417 corruptionem
3399 3349 3456 3400 et
3487 3342 3681 3398 fetorem

444 3432 586 3503 eius.
2125 3433 2336 3505 peccati
2361 3434 2570 3489 ferunt.
2598 3434 2709 3489 Per
2752 3435 2939 3489 domos
2986 3450 3231 3506 corpora
3274 3434 3530 3497 humana,
3558 3428 3682 3484 utin

511 3523 783 3577 Dominus
809 3520 1112 3594 aliquando
1141 3522 1327 3599 Pater,
1369 3520 1672 3593 aliquando
1699 3519 1895 3588 Filius,
1937 3522 2043 3577 ali-
2123 3521 2228 3578 Job
2255 3541 2268 3576 :
2301 3543 2325 3574 ε
2346 3522 2527 3578 Tanta
2538 3521 2736 3593 magis,
2761 3522 2858 3594 qui
2876 3521 3074 3577 damas
3102 3522 3292 3578 luteas
3320 3520 3562 3576 habitant
3574 3515 3631 3575 ⁸⁰ς
3663 3535 3682 3565 ε

443 3610 669 3681 quando
727 3610 970 3682 Spiritus
1023 3616 1270 3673 sanctus,
1296 3615 1362 3665 ut
1415 3609 1475 3664 in
1523 3626 1638 3665 una
1696 3611 1802 3665 hoc
1828 3627 1993 3666 versu
2027 3629 2041 3665 :
2124 3611 2273 3682 quod
2303 3611 2553 3682 quandiu
2596 3611 2656 3665 in
2705 3611 2812 3666 hoc
2853 3609 3215 3682 corruptibili
3253 3626 3483 3683 corpore
3524 3618 3682 3662 sumus

446 3717 472 3751 ι
504 3698 796 3755 Exaudivit
840 3698 1115 3755 Dominus
1158 3715 1351 3754 vocem
1394 3700 1562 3757 ﬂetus
1601 3699 1732 3766 mei,
1763 3698 2046 3754 exaudivit
2122 3706 2350 3770 peccato
2364 3700 2435 3755 ad
2461 3700 2693 3771 plenum
2712 3716 2904 3754 carere
2933 3716 3048 3754 non
3071 3716 3399 3771 possumus.

442 3787 716 3843 Dominus
734 3788 1186 3860 deprecationem
1209 3804 1414 3852 meum,
1433 3788 1706 3842 Dominus
1729 3787 2043 3843 arationem
2193 3790 2588 3844 Dramcdarius
2614 3793 2701 3844 est
2723 3787 3029 3860 gentilitas,
3060 3793 3128 3843 ut
3151 3788 3213 3844 in
3236 3788 3408 3846 Isaia:
3430 3806 3457 3840 α
3487 3787 3683 3842 Droma-

443 3892 630 3932 meam
658 3877 908 3949 suscepit
934 3876 999 3930 ¹³.
1034 3900 1057 3926 ιι
1089 3878 1378 3943 Dominus,
1406 3875 1642 3948 quilibet
1666 3877 1948 3948 przelatus,
1979 3880 2046 3930 ut
2121 3876 2286 3943 darii,
2318 3876 2541 3932 Madian
2569 3882 2628 3931 et
2654 3877 2812 3948 Epha
2837 3876 2912 3944 3';
2950 3896 2977 3930 ν
3008 3877 3163 3948 quod
3208 3877 3449 3949 populus
3473 3869 3679 3946 gentilis.

442 3963 501 4019 in
531 3965 691 4020 libris
718 3966 935 4036 Regum
969 3983 982 4019 :
1016 3983 1046 4016 σι
1074 3964 1348 4020 Dominus
1368 3965 1530 4020 tollet
1548 3965 1854 4020 Dominum
1880 3969 2043 4020 tuum
2123 3965 2220 4036 qui
2244 3965 2401 4037 prius
2423 3964 2745 4038 pertinebat
2770 3965 3155 4036 adjudicium,
3172 3966 3300 4038 jam
3319 3981 3487 4038 super
3509 3957 3687 4017 miseri-

443 4053 626 4120 ate“,
644 4075 667 4104 ι
684 4052 857 4120 idest,
877 4053 1056 4108 Eliam
1078 4054 1373 4124 praelatum
1388 4058 1571 4108 tuum.
1604 4053 1714 4109 Per
1736 4056 2043 4110 Dominum
2120 4053 2313 4109 cordia
2337 4055 2579 4110 honorat
2603 4054 2926 4110 Dominum.

442 4146 689 4213 peccata,
703 4147 769 4196 ut
786 4142 847 4196 in
867 4141 1201 4213 Evangelia:
1232 4161 1259 4195 α
1281 4142 1351 4198 Et
1367 4141 1633 4197 dixerunt
1648 4142 1875 4198 Domini
1894 4143 2038 4214 ejus,
2191 4145 2426 4198 Domum
2475 4148 2610 4198 sunt
2649 4146 2948 4215 sequentes
2985 4142 3222 4215 quique,
3253 4150 3323 4199 ut
3346 4142 3406 4198 in
3441 4136 3651 4197 Psalmis
3675 4152 3685 4186 :

443 4230 591 4296 Quid
620 4230 834 4289 solvitis
878 4231 1097 4303 pullum
1125 4229 1171 4265 ¹⁵
1189 4231 1215 4285 ?
1248 4252 1272 4283 ι
1304 4231 1511 4287 Multos
1536 4233 1719 4304 pullos
1764 4231 2040 4287 Dominus
2125 4252 2147 4285 ι
2182 4232 2423 4288 Darsum
2465 4248 2663 4288 eorum
2705 4249 2929 4305 semper
2949 4231 3186 4288 incurva
3208 4233 3259 4269 ω
3282 4251 3297 4301 ;
3320 4251 3352 4286 ιι
3380 4232 3437 4286 id
3464 4235 3559 4293 est,
3585 4222 3689 4280 sub-

440 4317 656 4384 habuit,
691 4320 840 4391 quod
868 4321 1176 4375 multarum
1213 4325 1570 4393 peccatorum
1610 4320 2040 4376 enarmitatibus
2056 4386 2097 4394 _
2116 4321 2297 4392 jectas
2321 4338 2539 4392 pravas,
2566 4321 2664 4393 qui
2690 4321 2868 4376 malos
2886 4321 3151 4393 praelatos
3170 4316 3579 4394 sequuntur,“
3602 4320 3691 4368 ter-

444 4409 685 4481 papulus
707 4386 733 4434 τ’
762 4410 949 4481 gentis
976 4386 1272 4465 serviebat.
2056 4386 2260 4465 Drena
2289 4386 2403 4464 labi
2429 4386 2712 4482 permitte.
2752 4386 3012 4477 Darium,
3062 4386 3351 4478 mens,-ut
3372 4410 3432 4464 in
3454 4386 3685 4463 Psalmis:

3808 3964 3812 4149 ι

515 4499 718 4553 Domus
763 4503 851 4553 est
905 4498 1091 4571 patria
1124 4499 1386 4565 caelestis,
1411 4503 1477 4554 ut
1500 4498 1560 4554 in
1588 4498 1827 4554 Psalmis
1853 4518 1866 4554 :
1909 4519 1934 4552 ι
1967 4501 2043 4556 Ut
2124 4517 2152 4552 α
2176 4498 2414 4554 Divertit
2440 4498 2512 4554 ab
2539 4497 2805 4554 oneribus
2830 4498 3064 4579 dorsum
3098 4498 3230 4570 ejus
3246 4498 3315 4566 ³³,
3352 4517 3379 4551 ι
3406 4496 3461 4552 id
3506 4500 3599 4557 est,
3622 4486 3690 4579 fil“
3804 4530 3807 4579 i

444 4585 754 4641 inhabitem
788 4586 849 4642 in
888 4587 1055 4642 doma
1101 4587 1326 4644 Domini
1370 4587 1437 4650 ¹⁶,
1470 4605 1498 4638 η
1529 4587 1587 4641 id
1626 4594 1730 4654 est,
1762 4587 1946 4642 vivam
1982 4588 2040 4644 in
2123 4587 2326 4642 levavit
2352 4602 2387 4641 a
2426 4586 2671 4658 peccatis
2706 4590 2957 4641 mentem
2990 4576 3136 4657 ejus.
3190 4588 3451 4651 Danum,
3482 4576 3685 4654 reprobi.

444 4673 629 4746 patria
648 4674 878 4729 cmlesti.
906 4675 1404 4744 Damus,Ecclesia,
1427 4675 1564 4730 utin
1583 4675 1842 4731 Psalmo:
1869 4693 1897 4728 α
1928 4677 2041 4732 Do-
2123 4680 2190 4731 ut
2212 4676 2273 4730 in
2300 4675 2538 4730 Psalmis
2562 4694 2574 4730 :
2608 4695 2636 4729 ι
2665 4675 2848 4730 Panes
2874 4690 2972 4728 eos
2997 4674 3237 4730 dorsum
3255 4674 3324 4738 ³⁸,
3351 4694 3379 4728 s
3408 4673 3466 4728 id
3482 4675 3690 4740 estpro-

446 4777 606 4818 mum
633 4767 791 4818 tuam
820 4763 980 4818 decet
1008 4764 1328 4821 sanctitudo
1356 4763 1418 4831 ‘7,
1452 4782 1483 4817 in
1516 4764 1666 4834 quod
1706 4770 1947 4838 oportet.
1977 4771 2044 4820 ut
2118 4764 2283 4836 jicies
2300 4780 2397 4820 eos
2422 4769 2549 4835 post
2564 4768 2641 4830 te,
2664 4762 2721 4816 id
2748 4767 2852 4824 est.
2890 4761 3111 4834 impios.
3138 4764 3406 4829 Domum,
3432 4755 3686 4834 patientis-

445 4851 714 4907 sanctitas
741 4851 818 4906 sit
842 4851 902 4907 in
931 4852 1194 4909 Ecclesia.
1230 4855 1452 4918 Domus,
1495 4869 1656 4908 mens
1686 4853 1948 4920 hominis,
1979 4860 2045 4910 ut
2124 4859 2190 4909 ut
2234 4853 2294 4909 in
2344 4853 2587 4909 Psalmis
2620 4870 2632 4905 :
2662 4873 2686 4902 σι
2714 4852 2895 4924 Super
2919 4851 3150 4906 dorsum
3186 4868 3385 4907 meum
3422 4847 3689 4906 mbricave-
3802 4847 3808 4924 ξ

446 4941 505 4996 in
524 4939 790 4998 Psalmis:
809 4962 834 4991 ι
857 4940 1113 5009 Domine,
1126 4941 1295 4998 dilexi
1313 4941 1570 4996 decorem
1589 4942 1791 4998 damus
1809 4948 1922 5000 tuae
1940 4943 2037 5002 “.-
2124 4949 2260 4998 runt
2283 4947 2603 5014 peccatores
2619 4940 2668 4977 ³⁵
2692 4959 2706 5009 ;
2734 4960 2761 4991 ι
2795 4939 2944 5012 quod
2974 4939 3198 5012 patiens
3228 4941 3333 5008 fui,
3367 4940 3541 4996 multa
3566 4932 3689 4990 mall

448 5030 506 5086 id
531 5036 638 5095 est,
670 5035 921 5086 mentem
938 5047 1142 5096 meam,
1174 5030 1235 5086 in
1265 5047 1380 5101 qua
1395 5029 1653 5086 habitare
1677 5030 1866 5099 debes,
1899 5031 2045 5088 desi-
2124 5031 2533 5103 irragaverunt.
2564 5031 2819 5095 Dorsum,
2837 5032 3085 5084 rectores
3099 5028 3366 5086 Ecclesia:
3393 5033 3457 5084 ut
3484 5026 3540 5082 in
3564 5020 3687 5079 Psal-

528 5209 545 5243 ¹
575 5210 738 5266 Cant.
769 5224 823 5274 v,
855 5209 910 5264 5.
951 5208 977 5244 ²
1003 5210 1165 5276 Cant,
1196 5224 1250 5277 v,
1279 5210 1335 5266 9.
1377 5210 1402 5245 ³
1428 5210 1542 5266 Jer.
1577 5224 1652 5275 x1,
1692 5209 1774 5268 l5.
1818 5210 1841 5246 ⁴
1869 5211 2016 5266 Psal.
2045 5226 2050 5264 1

2161 5225 2218 5277 ιι,
2249 5210 2338 5266 1ο.
2369 5209 2393 5245 ⁵
2419 5209 2566 5264 Psal.
2599 5224 2748 5275 xm,
2781 5211 2836 5267 6.
2878 5211 2903 5246 ⁰
2930 5213 3072 5268 Gen.
3105 5225 3181 5277 vi,
3217 5211 3273 5266 7.
3305 5211 3328 5247 “¹
3355 5211 3486 5266 Luc.
3518 5199 3683 5277 mhi;

453 5278 632 5349 9Luc.
664 5293 780 5346 XVI,
804 5268 898 5336 19.
930 5280 956 5316 ο
985 5281 1132 5336 Psal.
1153 5268 1361 5349 'xx'xm,
1390 5281 1482 5338 11.
1514 5280 1562 5318 ω
1590 5268 1694 5337 ,τόδ
1721 5297 1810 5342 xx.
1840 5282 1932 5337 15.
1960 5282 2001 5318 ιι
2031 5282 2136 5337 Job
2162 5268 2312 5347 xm,
2342 5281 2433 5337 25.
2466 5279 2676 5336 “Psal.
2710 5268 2895 5348 xxxvi,
2925 5281 2981 5337 3.
3013 5282 3060 5320 ιθ
3085 5268 3238 5338 Psal.
3270 5295 3350 5347 Vl,
3380 5279 3435 5345 9,
3463 5279 3548 5333 1o.
3582 5268 3687 5327 μιν

454 5348 591 5420 Reg.
624 5364 685 5417 ιι,
705 5353 759 5417 3,
792 5351 848 5406 5.
878 5350 924 5386 ¹⁵
951 5352 1084 5407 Luc.
1116 5366 1230 5417 xxx,
1262 5352 1353 5407 33.
1389 5353 1435 5388 ¹⁶
1453 5353 1601 5408 Psal.
1631 5367 1768 5417 xxii,
1801 5352 1854 5408 6.
1886 5352 1930 5388 ¹⁷
1958 5353 1976 5408 l

2162 5366 2266 5418 .cn,
2291 5360 2343 5405 5.
2368 5352 2413 5388 ⁸⁸
2429 5351 2579 5407 PsaL
2610 5366 2736 5409 xxv.
2761 5351 2814 5406 8.
2838 5353 2885 5390 ¹⁹
2898 5354 3060 5410 Prov.
3082 5367 3158 5413 Ix.
3186 5353 3211 5404 1
3229 5395 3243 5407 .
3275 5352 3326 5387 ³ο
3354 5349 3547 5408 Matth.
3563 5354 3684 5420 ngf.

451 5409 643 5493 {Ife
675 5409 730 5477 '11
750 5409 898 5493 τῖες.
934 5436 1030 5484 vn,
1078 5423 1169 5480 19.
1199 5409 1248 5458 έ²
1286 5423 1391 5479 Job
1418 5439 1539 5484 vm.
1585 5424 1675 5480 15.
1703 5409 1767 5460 ’θ’
1789 5424 1922 5480 Luc.
1967 5438 2045 5484 χι.
2074 5423 2165 5480 24.
2211 5409 2265 5459 ’ί
2286 5424 2434 5480 Psal.
2474 5436 2595 5491 om,
2625 5425 2681 5479 1.
2719 5421 2769 5493 ξε
2793 5425 2942 5480 Psal.
2975 5409 3094 5491 em,
3123 5409 3218 5479 1'7.
3259 5422 3310 5458 ιο
3342 5420 3447 5478 Job
3472 5432 3589 5493 xxx.
3613 5409 3688 5467 2:1

406 5564 413 5570 .
452 5488 500 5570 ξ’
519 5490 668 5570 fisa}.
706 5488 879 5570 ξεινιῇ
910 5493 975 5570 ς.
996 5492 1177 5570 '1ng
1201 5508 1286 5570 in,
1318 5495 1409 5551 15.
1438 5494 1488 5531 ’⁸
1523 5494 1628 5570 {ab
1655 5510 1748 5553 xv.
1781 5494 1872 5551 98.
1902 5495 1928 5531 ³

2162 5511 2184 5560 ',
2221 5493 2306 5553 19.
2346 5494 2391 5532 ³¹
2422 5497 2529 5552 Isa.
2572 5488 2664 5552 ἐπι..
2695 5492 2745 5530 ³³
2771 5495 2919 5551 Psal.
2949 5488 3140 5553 man.
3173 5493 3268 5550 26.
3298 5494 3350 5530 ³³
3377 5491 3521 5548 Psal.
3550 5498 3684 5544 un.

394 5564 413 5629 _’
457 5562 506 5616 7.
540 5561 587 5597 ³⁴
609 5561 756 5618 Psal.
786 5577 879 5629 xx,
906 5561 996 5618 13.
1022 5562 1070 5598 ³⁸
1097 5564 1245 5620 Psal.
1274 5578 1503 5633 cxxvm,
1535 5565 1588 5624 3.
