3818 6168
219 271 305 328 913
943 265 958 284 ’
1113 270 1542 327 ALLEGORLE
1579 275 1656 328 IN
1695 276 1986 345 SACRAM
2025 243 2507 334 scalprum.
3343 279 3444 334 ou

210 400 300 453 mis
329 417 340 450 :
374 417 396 447 σ
427 395 735 450 Posteriora
763 395 917 449 dorsi
949 397 1077 465 ejus
1105 396 1164 450 in
1194 395 1408 467 pallore
1438 397 1615 462 auri',
1640 418 1668 452 ν
1700 399 1756 455 id
1777 405 1978 462 Anum
2010 401 2080 456 de
2109 401 2275 456 ebore
2294 402 2358 466 ‘5,
2393 421 2416 453 ι)
2441 401 2589 472 quod
2620 406 2809 455 noster
2837 402 3100 473 paciﬁcus
3129 403 3199 458 de
3223 404 3453 459 fortitu-

211 494 284 541 est
305 485 514 557 praemia
533 484 734 538 rectori
761 484 1020 538 Ecclesia:
1063 485 1121 538 in
1161 484 1360 538 decore
1398 492 1619 542 aeternae
1658 489 1766 543 cla-
1848 490 1978 545 dine
2001 497 2322 546 sanctorum
2352 505 2514 544 suam
2545 489 2850 544 Ecclesiam
2881 492 3208 547 construxit.

211 575 383 630 ritatis.
1916 581 2166 634 Ebrietas
2197 586 2283 634 est
2306 579 2578 650 gaudium
2601 596 2857 650 supernae
2874 581 3093 650 gratiae,
3120 587 3186 636 ut
3213 581 3270 636 in
3298 583 3445 638 Can-

262 664 512 718 Dormitio
557 667 644 716 est
682 661 842 732 quies
881 661 1024 728 vitae,
1077 669 1138 716 ut
1180 663 1241 718 in
1281 664 1513 719 Cantico
1546 683 1560 718 :
1589 684 1617 714 α
1648 666 1764 736 Ego
1847 669 1956 723 tico
1985 687 1996 722 :
2031 690 2053 720 ι
2089 669 2470 732 Inebriamini,
2505 653 2819 722 charissimi
2838 668 2916 736 ‘°;
2947 687 2974 722 »
3005 670 3154 740 quod
3173 670 3447 726 charitate

206 751 410 816 dormio,
441 757 497 805 et
521 767 617 804 cor
639 767 832 805 meum
858 751 1054 822 vigilat
1073 749 1114 816 9,
1150 769 1176 804 ι
1202 751 1262 806 id
1291 758 1395 819 est,
1427 753 1486 808 in
1518 759 1760 808 contem-
1847 761 2018 811 erunt
2062 757 2370 828 plenissimi
2419 756 2598 820 electi,
2662 756 2887 827 quando
2943 757 3128 812 carnis
3173 757 3342 814 simul
3387 765 3447 813 et

201 841 418 913 platione
463 840 704 910 quiesco.
759 842 1052 906 Dormz‘tio,
1103 845 1315 912 torpor,
1350 847 1413 896 ut
1456 842 1515 895 in
1544 843 1756 896 Paulo:
1847 845 2050 900 animae
2071 845 2333 900 felicitate
2362 845 2743 916 perfruentur.
2791 846 3060 912 Ebrietas,
3101 847 3326 902 interna
3351 864 3443 902 sa-

204 951 222 981 ι
250 931 427 999 Surge.
455 929 550 1000 qui
585 928 796 983 dormis
817 929 859 996 3,
890 949 912 978 ι
962 929 1018 983 id
1057 934 1160 996 est,
1195 930 1291 1000 qui
1329 929 1400 984 ab
1438 931 1563 985 utili
1595 948 1761 1002 opere
1843 934 2010 988 tietas
2031 940 2370 1000 sanctorum,
2393 940 2457 988 ut
2477 933 2534 988 in
2556 933 2794 987 Psalmis
2819 953 2830 988 :
2859 951 2886 986 α
2909 933 3347 990 Inebriabuntur
3371 935 3442 990 ab

199 1025 377 1088 torpes.
405 1019 678 1071 Dormitio
707 1033 878 1084 mors,
903 1024 967 1072 ut
995 1017 1055 1072 in
1087 1019 1384 1088 Evangelio
1410 1039 1425 1074 :
1453 1021 1755 1086 «Lazarus,
1843 1021 2101 1078 ubertate
2130 1024 2330 1077 domus
2357 1027 2467 1077 tuae
2493 1023 2572 1089 ¹⁷;
2605 1041 2630 1074 »
2660 1022 2717 1076 id
2746 1028 2850 1089 est,
2868 1023 2938 1077 de
2959 1039 3214 1094 supernae
3243 1023 3442 1079 domus

197 1107 380 1160 amicus
408 1115 619 1170 noster,
651 1105 861 1160 dormit
880 1107 920 1170 ⁸,
955 1124 982 1158 ιι
1008 1106 1064 1160 id
1085 1112 1190 1171 est,
1216 1114 1471 1162 mortuus
1492 1114 1596 1162 est.
1627 1111 1761 1163 Ποιο-
1842 1116 1954 1166 tua;
1980 1112 2330 1182 plenitudine
2349 1117 2406 1165 et
2424 1111 2513 1166 hic
2543 1111 2878 1183 quandoque
2900 1112 3080 1166 sancti
3103 1113 3188 1167 tui
3207 1128 3442 1184 pascun-

199 1199 346 1259 mitio,
377 1195 669 1264 aegritudo,
701 1201 766 1248 ut
793 1195 851 1248 in
885 1195 1184 1265 Evangelio
1209 1215 1220 1250 :
1245 1213 1272 1247 α
1301 1196 1760 1252 Dormitaverunt
1841 1205 1954 1254 tur.
1987 1201 2258 1266 Ebrietas,
2286 1216 2447 1254 amor
2473 1199 2689 1264 mundi,
2713 1205 2780 1254 ut
2806 1199 2865 1254 in
2893 1201 3085 1254 Joele:
3118 1217 3146 1252 ‹‹
3178 1201 3442 1272 Expergi-

193 1299 360 1337 omnes
385 1290 442 1338 et
467 1283 822 1337 dormierunt
841 1283 882 1350 ⁵,
915 1303 943 1334 ››
973 1283 1123 1354 quod
1155 1301 1256 1354 per
1283 1285 1502 1355 pondus
1527 1286 1756 1355 aegritu-
1839 1288 2078 1354 scimini,
2107 1288 2265 1354 ebrii,
2293 1294 2351 1343 et
2388 1290 2518 1343 flete
2540 1289 2602 1356 ‘3,
2639 1306 2665 1342 ι
2695 1288 2751 1342 id
2774 1295 2877 1355 est,
2921 1305 3034 1353 vos,
3075 1289 3171 1361 qui
3209 1290 3441 1360 diligitis

193 1373 315 1426 diuis
341 1371 664 1443 pervenitur
682 1373 753 1426 ad
773 1388 1032 1426 somnum
1063 1372 1756 1436 mortis.Dormitio,excze-
1839 1377 2134 1442 mundum,
2181 1377 2455 1432 intendite
2497 1393 2592 1430 vos
2633 1377 2784 1448 ipsos
2830 1383 2887 1431 et
2931 1377 3134 1432 dolete.
3166 1379 3434 1440 Ebrietas,

192 1461 331 1528 cutio,
372 1465 435 1514 ut
462 1459 522 1514 in
549 1461 788 1514 Psalmis
821 1479 832 1512 :
861 1480 885 1512 «
917 1461 1378 1516 Dormitaverunt
1406 1479 1621 1529 omnes,
1660 1464 1758 1536 qui
1839 1465 2089 1520 anxietas
2110 1465 2238 1520 vitae
2268 1465 2578 1536 praisentis,
2621 1471 2686 1520 ut
2726 1465 2784 1520 in
2826 1466 3096 1520 Ieremia:
3136 1485 3160 1518 α
3195 1465 3441 1521 Inebria-

191 1549 532 1603 ascenderunt
547 1549 592 1616 θ,
627 1569 654 1601 »
686 1549 741 1602 id
773 1555 876 1614 est,
910 1549 1138 1620 superbi
1167 1567 1364 1604 omnes
1387 1557 1754 1606 excaecantur.
1839 1553 1919 1607 vit
1947 1571 2036 1607 me
2066 1553 2346 1608 absinthio
2361 1555 2424 1619 ‘9,
2460 1573 2486 1607 ι
2517 1554 2574 1608 id
2599 1559 2702 1618 est,
2733 1560 2956 1608 tantum
2975 1571 3070 1626 per
3103 1555 3436 1610 amaritudi-

191 1640 428 1702 Darmire,
463 1638 522 1692 in
552 1644 848 1709 peccatum
887 1639 1106 1705 cadere,
1129 1646 1195 1694 ut
1221 1639 1281 1694 in
1311 1641 1554 1711 psalmo:
1576 1661 1598 1692 ι
1624 1641 1759 1695 Dor-
1840 1659 1970 1696 nem
1997 1643 2123 1697 vitm
2149 1643 2440 1714 praesentis
2463 1660 2554 1696 me
2584 1643 2800 1698 anxiari
2828 1643 3101 1714 permisit,
3120 1643 3270 1714 quod
3293 1661 3328 1698 a
3347 1661 3436 1699 me

191 1728 380 1781 mitavit
407 1727 603 1781 anima
643 1743 771 1782 mea
800 1744 913 1798 pne
963 1728 1187 1796 (taedio),
1228 1749 1251 1780 ι
1303 1729 1358 1782 id
1410 1735 1515 1797 est,
1540 1729 1595 1784 in
1629 1747 1756 1801 pec-
1774 1719 1820 1778 Β
1839 1731 1960 1802 ipso
1980 1748 2145 1803 paena
2159 1732 2550 1788 alienantium.
2575 1734 2844 1798 Ebrietas,
2869 1748 3044 1798 error,
3072 1732 3208 1787 utin
3225 1733 3431 1788 Paulo:

190 1823 292 1870 cato
324 1833 465 1888 saepe
523 1817 718 1887 lapsus
769 1833 915 1871 sum.
966 1819 1256 1881 Dor-milio,
1291 1836 1392 1890 pro
1435 1817 1752 1884 concubitu,
1843 1839 1871 1872 ι
1900 1820 2006 1884 Qui
2027 1820 2168 1874 ebrii
2199 1827 2350 1887 sunt,
2382 1826 2546 1875 nocte
2576 1820 2715 1874 ebrii
2747 1826 2880 1875 sunt
2896 1819 2964 1886 ³ο,
3003 1840 3026 1871 ι
3059 1823 3078 1843 ⁶
3112 1826 3170 1876 et
3208 1821 3304 1892 qui
3342 1838 3433 1875 er-

187 1913 239 1958 ιιι
261 1908 280 1926 ⁶
310 1924 332 1954 ι
367 1905 638 1959 dormivit
684 1921 813 1959 cum
860 1923 947 1972 ea,
983 1927 1006 1956 ιι
1053 1907 1110 1960 id
1147 1914 1252 1974 est,
1297 1906 1596 1962 concubuit
1627 1924 1756 1962 cum
1838 1914 1984 1974 rant,
2013 1925 2114 1979 per
2140 1907 2533 1963 obscuritatem
2557 1914 2751 1963 errant
2778 1908 3128 1978 ignorantiae.

185 2010 254 2048 ea.
1911 1998 2144 2052 Ecclesia
2175 2003 2260 2051 est
2285 1997 2344 2051 in
2386 1996 2550 2063 bono,
2583 2003 2648 2052 ut
2675 1997 2734 2051 in
2766 1997 3002 2050 Psalmis
3037 2015 3049 2050 :
3079 2015 3106 2048 α
3148 1999 3214 2053 In
3249 1999 3435 2054 medio

239 2087 350 2138 Dux
387 2088 472 2138 est
510 2083 793 2148 Christus,
835 2088 901 2138 ut
941 2083 1000 2138 in
1039 2085 1255 2139 cantico
1291 2085 1464 2140 Exodi
1509 2104 1520 2139 :
1575 2104 1600 2136 a
1633 2087 1756 2142 Dux
1840 2085 2097 2140 Ecclesiae
2121 2085 2360 2140 laudabo
2389 2085 2528 2151 te“,
2559 2105 2586 2138 ι
2622 2085 2678 2139 id
2709 2090 2812 2150 est,
2844 2085 2903 2139 in
2933 2086 3326 2141 communione
3369 2089 3432 2141 tl-

181 2173 313 2227 fuisti
360 2173 417 2226 in
457 2171 848 2226 misericordia
874 2178 976 2228 tua
1029 2174 1253 2244 populo,
1291 2190 1460 2245 quem
1518 2174 1757 2228 redemi-
1835 2174 2046 2228 delium
2075 2173 2384 2245 praedicabo
2403 2180 2478 2228 te.
2507 2175 2767 2238 Ecclesia,
2800 2174 2858 2228 in
2887 2174 3055 2239 malo,
3093 2180 3160 2228 ut
3183 2174 3242 2228 in
3271 2174 3430 2229 Psal-

180 2263 238 2316 sti
254 2262 290 2326 7,
314 2282 338 2314 ι)
368 2262 517 2332 quod
571 2261 778 2315 electos
823 2278 956 2316 suos
1003 2262 1276 2316 Dominus
1318 2263 1756 2317 misericorditer
1836 2263 1942 2316 mis
1975 2287 1989 2318 :
2016 2282 2043 2316 ι
2077 2263 2238 2318 0divi
2261 2263 2562 2318 Ecclesiam
2605 2263 2882 2317 malorum
2905 2261 2973 2327 ’³,
3009 2281 3035 2314 ››
3069 2261 3124 2316 id
3164 2267 3266 2328 est,
3300 2279 3428 2317 con-

179 2350 305 2404 ducit
331 2350 398 2404 ad
422 2367 502 2404 se.
537 2351 652 2404 Per
679 2351 838 2405 duces
868 2350 1127 2421 apostoli,
1147 2351 1286 2406 utin
1305 2351 1447 2405 libro
1476 2353 1710 2406 Numeri
1734 2371 1745 2406 :
1833 2357 2060 2406 ventum
2089 2351 2528 2406 immundorum.

185 2459 204 2490 εἰ
232 2438 564 2494 Obtulerunt
600 2439 770 2492 duces
797 2439 856 2493 in
877 2439 1228 2494 dedicatione
1259 2440 1453 2494 altaris
1471 2441 1513 2503 ⁸,
1544 2460 1567 2491 ι
1601 2441 1751 2511 quod
1903 2441 2050 2494 Edus
2095 2445 2183 2494 est
2228 2439 2503 2507 Christus,
2535 2447 2599 2494 ut
2633 2440 2693 2494 in
2740 2440 2926 2495 Exodo
2961 2457 2972 2493 :
3002 2442 3024 2462 '
3059 2457 3083 2491 ι
3114 2439 3343 2494 Tolletis
3371 2445 3430 2492 et

182 2529 240 2582 ad
262 2527 644 2582 adiﬁcandam
667 2533 921 2582 sanctam
945 2528 1248 2583 Ecclesiam
1276 2529 1514 2600 apostoli
1537 2529 1751 2600 seipsos
1834 2527 2002 2582 edum
2017 2527 2082 2594 ³³,
2113 2546 2140 2580 ι
2175 2528 2232 2582 id
2263 2533 2367 2593 est,
2393 2527 2755 2582 immolabitis
2788 2527 3096 2594 Christum,
3121 2527 3236 2598 'qui
3272 2526 3428 2582 venit

183 2617 582 2688 impenderunt.
617 2617 726 2671 Per
751 2618 910 2672 duces
939 2617 1095 2688 pravi
1123 2618 1398 2683 doctores,
1430 2623 1496 2672 ut
1516 2618 1574 2672 in
1593 2618 1698 2672 Iob
1732 2637 1743 2671 :
1833 2616 1892 2670 in
1923 2616 2292 2670 similitudine
2309 2616 2494 2671 carnis
2518 2616 2748 2688 peccati.
2783 2617 2950 2683 Edus,
2967 2615 3268 2687 correptio,
3290 2615 3426 2670 utin

181 2726 198 2754 ι
229 2706 323 2769 Qui
349 2712 513 2760 vocat
542 2705 716 2760 duces
745 2705 1016 2776 impios“;
1043 2725 1070 2758 ι
1103 2706 1251 2777 quod
1289 2707 1444 2776 pravi
1475 2707 1747 2772 doctores,
1833 2705 2038 2760 Genesi
2071 2723 2082 2758 :
2108 2705 2364 2760 Mittatur
2398 2705 2536 2759 edus
2575 2705 2644 2759 de
2687 2705 2870 2777 capris
2881 2704 2948 2766 ²⁴.
2981 2705 3129 2776 quod
3168 2704 3425 2759 Christus

175 2793 288 2848 dum
311 2811 370 2848 se
406 2811 524 2849 non
553 2794 884 2858 emundant,
915 2795 988 2848 ad
1034 2795 1382 2865 impietatem
1424 2800 1746 2866 erumpunt.
1834 2793 2136 2848 Ecclesiam
2159 2794 2228 2848 de
2247 2793 2510 2864 gentibus
2538 2810 2640 2865 per
2669 2793 3062 2864 praedicatores
3090 2809 3220 2848 suos
3248 2792 3424 2847 corri-

171 2883 260 2935 Per
289 2884 445 2936 duces
474 2882 749 2948 haeretici,
773 2888 837 2937 ut
866 2882 926 2936 in
951 2883 1056 2936 Job
1087 2901 1098 2935 :
1145 2902 1171 2934 «
1209 2881 1350 2936 Voce
1392 2899 1496 2937 sua
1521 2883 1746 2938 cohibe-
1829 2882 1970 2954 puit.
2001 2883 2167 2946 Edus,
2199 2888 2456 2954 peccator
2483 2889 2548 2936 ut
2585 2882 2644 2936 in
2673 2883 2900 2947 Genesi,
2928 2882 3179 2937 tunicam
3217 2881 3424 2952 Ioseph

170 2969 283 3025 bant
305 2971 473 3026 duces
487 2971 559 3038 ω,
595 2989 622 3023 ι)
655 2971 803 3042 quod
832 2971 1110 3041 patefacta
1127 2971 1364 3026 veritate
1393 2971 1746 3035 Christi,he-
1770 3033 1806 3042 _
1829 2971 1888 3025 in
1917 2971 2192 3041 sanguine
2219 2970 2309 3025 edi
2356 2970 2556 3025 fratres
2597 2970 2686 3024 sui
2729 2970 3036 3034 tinxerunt,
3079 2968 3229 3040 quod
3256 2968 3420 3023 Chri-

171 3061 306 3114 retici
333 3033 755 3115 obmutescunt.
789 3033 898 3113 Per
924 3062 1104 3126 duces,
1137 3061 1276 3114 vitia
1301 3033 1652 3132 principalia,
1685 3033 1808 3116 utc
1829 3065 1981 3114 stum
2009 3033 2206 3125 Iudaei,
2239 3077 2304 3114 ac
2330 3059 2376 3114 si
2399 3065 2548 3114 esset
2573 3064 2851 3130 peccator,
2883 3059 2952 3113 de
2981 3033 3209 3130 peccato
3236 3057 3423 3112 redar-

169 3148 216 3202 in
239 3149 368 3204 Job:
417 3169 442 3200 α
478 3149 770 3203 Odoratur
809 3148 869 3202 in
909 3149 1354 3203 exhortationem
1393 3149 1682 3216 ducum“,
1721 3170 1743 3201 »
1827 3154 2091 3218 guerunt.
2116 3149 2225 3202 Per
2247 3150 2429 3214 edam,
2453 3146 2695 3218 reprobi,
2717 3155 2784 3202 ut
2811 3148 2870 3201 in
2900 3147 3234 3218 Evangelio:
3265 3165 3295 3198 α
3322 3145 3424 3199 Pa-

167 3238 292 3308 quod
338 3239 627 3310 perfectus
677 3237 930 3308 quilibet,
962 3239 1242 3308 quomodo
1281 3237 1418 3292 vitia
1448 3238 1746 3308 originalia
1828 3245 1947 3292 stor
1973 3243 2235 3308 segregat
2255 3253 2384 3290 oves
2399 3235 2470 3290 ab
2491 3236 2684 3302 edis”,
2712 3257 2738 3289 ››
2762 3235 2908 3307 quod
2934 3235 3191 3290 Christus
3221 3235 3424 3289 electos

169 3326 429 3382 hominem
458 3327 536 3380 ad
570 3325 780 3381 malum
815 3329 834 3349 '
857 3326 1144 3396 instigent,
1178 3327 1480 3397 praevidere
1509 3327 1668 3381 solet.
1827 3343 1862 3380 a
1885 3325 2136 3396 reprobis
2165 3324 2466 3396 separabit.
2501 3325 2611 3378 Per
2636 3327 2799 3379 edam
2823 3329 3052 3396 peccata
3077 3322 3419 3389 carnis,utin

1827 3414 2061 3468 Genesi:
2089 3415 2108 3436 ⁶
2134 3433 2156 3463 ι
2185 3413 2576 3483 Pelliculisque
2594 3413 2825 3466 edorum
2839 3412 3307 3468 circumdeditme
3317 3410 3420 3477 ’3,»

931 3487 971 3540 Ε
1829 3501 1978 3573 quod
2006 3507 2122 3555 tam
2152 3501 2295 3555 dura
2323 3501 2562 3572 pertulit
2589 3501 2862 3566 Christus,
2903 3515 2969 3554 ac
3016 3501 3063 3554 si
3101 3505 3330 3571 peccata
3365 3499 3422 3553 in

161 3614 294 3666 31m,-
693 3614 848 3669 gsca.
1219 3613 1396 3666 Emis.
1690 3622 1701 3633 κ
1827 3589 2070 3662 propriis
2099 3589 2360 3660 operibus
2379 3589 2684 3642 habuisset.
2718 3589 2827 3642 Per
2864 3590 3028 3642 cdum
3057 3587 3425 3658 cogitationes

163 3684 397 3739 Ecclesia.
681 3684 903 3738 Ethera.
1214 3683 1420 3750 Equus.
1826 3678 2151 3745 immundae,
2184 3683 2249 3732 ut
2275 3678 2335 3732 in
2355 3677 2609 3732 Cantico:
2636 3697 2659 3728 ι
2685 3677 2755 3732 Et
2776 3692 2940 3748 pasce
2968 3677 3102 3730 edos
3119 3676 3426 3746 tuosjuxta

684 3755 958 3837 Ethiopia.
1214 3754 1488 3837 Erinacii.

1909 3766 2248 3821 ternaculum
2278 3771 2564 3837 pastorum
2579 3763 2645 3831 ³⁷,
2685 3785 2708 3816 ι
2741 3765 2796 3819 id
2835 3770 2949 3832 est,
2980 3765 3148 3820 reﬁce
3175 3764 3417 3820 immun-

164 3825 391 3950 ι.
681 3826 942 3950 ξπαοερν-
1217 3825 1419 3878 Emam
1825 3857 1926 3911 dos
1955 3871 2153 3910 sensus
2187 3825 2317 3909 tuos
2366 3853 2436 3908 ad
2466 3825 2646 3908 instar
2691 3825 3081 3926 reproborum.
3129 3849 3238 3909 Per
3264 3853 3417 3908 edam

369 3914 442 3950 ιο.
726 3899 988 3950 rercztus.
1226 3895 1405 3948 Estas.
1957 3945 1968 3950 ,
2242 3943 2253 3950 ,
2366 3943 2397 3950 _.
2568 3947 2573 3950 ,
2639 3942 2651 3950 .
2762 3942 2796 3950 Α
2943 3943 2955 3950 .
3094 3942 3157 3950 --_
3223 3941 3238 3950 .
3307 3941 3318 3950 .

164 3915 442 3950 emutatio.
681 3915 988 3950 EICT‘CU‘US.
1226 3915 1405 3948 Δειαε.
1957 3945 1968 3956 ,
2242 3943 2253 3954 .
2386 3943 2397 3954 .
2639 3942 2651 3954 .
2757 3915 2775 3926 ⁸
2943 3943 2955 3954 .
3307 3941 3318 3954 .

161 3965 532 4022 Εηηιηοεοήα.
687 3967 954 4020 Ebrietas.
1216 3965 1506 4020 Ειενηωη,
1823 3951 2068 4016 gemitus
2108 3948 2469 4015 pmmtentue,
2519 3947 2585 3996 ut
2635 3959 2696 3998 in
2754 3942 2992 3996 Genesi:
3027 3961 3052 3994 α
3094 3942 3170 3998 Ut
3216 3941 3418 3996 iaciam

167 4037 382 4105 Engadi.
687 4039 851 4092 Edus.
1219 4037 1480 4104 Etlu‘opes.
1827 4037 1848 4057 ⁶
1877 4051 1972 4088 eos
1991 4050 2056 4087 ex
2094 4033 2214 4087 edis
2233 4048 2418 4086 escam
2447 4031 2594 4102 patri
2621 4037 2740 4096 tuo,
2768 4030 2970 4102 quibus
2998 4030 3236 4084 libenter
3253 4029 3422 4084 vesci-

167 4107 350 4192 Erugo.
689 4109 948 4192 ἐπρίω.
1221 4109 1619 4175 Επτριοναιοῖρε.

1829 4121 1987 4178 tursm
2018 4141 2030 4175 :
2069 4141 2096 4174 ›)
2128 4121 2274 4192 quod
2303 4120 2374 4175 de
2400 4119 2751 4191 gentibus...
2782 4120 2932 4174 Deus
2955 4119 3223 4174 reﬁcitur.

167 4178 370 4303 illum.
1902 4212 2091 4277 Edam,
2124 4178 2485 4277 sbnguine‘us,
2501 4215 2558 4263 et
2577 4215 2664 4264 est
2682 4209 2928 4264 mundus
2945 4209 3081 4264 iste:
3105 4229 3128 4260 ε
3148 4207 3257 4273 Qui
3275 4208 3426 4263 venit

1833 4301 1902 4354 de
1928 4299 2123 4366 Edom,
2156 4317 2182 4352 ι
2215 4299 2272 4353 id
2295 4304 2399 4365 est,
2431 4299 2526 4369 qui
2565 4298 2820 4354 ascendit
2847 4298 2917 4352 de
2955 4298 3186 4352 mundo.
3225 4299 3418 4362 Edam,

227 4391 370 4444 Ebur
398 4397 492 4446 est
524 4391 644 4444 vita
669 4395 992 4444 sanctorum
1021 4388 1256 4442 Patrum
1276 4394 1340 4442 ut
1371 4388 1429 4442 in
1459 4389 1706 4444 Ieremia
1735 4385 1814 4444 εν
1832 4389 2072 4443 carnalis
2098 4388 2354 4459 quisque,
2387 4392 2451 4441 ut
2476 4387 2534 4441 in
2565 4387 2794 4442 Genesi:
2821 4407 2844 4436 σ
2868 4385 3244 4450 Quamobrem
3268 4401 3427 4439 νοσερ-
3469 4393 3482 4400 ’

173 4465 198 4524 ι’
217 4477 661 4534 Rubicundiores
691 4477 858 4533 ebore
878 4478 1112 4549 antiquo
1129 4475 1193 4544 ¹²,
1219 4495 1246 4530 ι
1268 4477 1577 4532 sanctiores
1603 4478 1750 4548 quod
1833 4485 1956 4533 tum
1983 4484 2068 4532 est
2094 4493 2301 4531 nomen
2321 4477 2444 4546 ejus
2474 4475 2646 4530 Edom
2657 4475 2723 4540 ’9,
2744 4498 2766 4523 ι
2791 4475 2939 4545 quod
2955 4473 3052 4545 qui
3069 4489 3298 4527 carnem
3315 4473 3426 4545 spi-

167 4575 312 4622 erant
326 4568 568 4640 antiqui
593 4573 801 4639 patres.
827 4569 998 4632 Ebur,
1017 4565 1360 4636 incorruptio
1374 4566 1557 4626 carnis
1587 4566 1750 4620 Chri-
1834 4567 1967 4621 ritui
1989 4565 2263 4637 praeponit
2276 4567 2406 4636 jure
2434 4563 2673 4618 carnalis
2695 4562 2879 4616 vocari
2894 4561 3078 4616 debet.
3108 4563 3279 4616 Edam
3294 4578 3424 4634 pec-

168 4655 230 4708 sti
255 4663 315 4710 ut
340 4657 400 4711 in
425 4657 667 4712 Cantico
700 4675 712 4709 :
751 4674 777 4708 α
813 4656 1026 4710 Venter
1069 4656 1192 4726 ejus
1246 4654 1608 4721 eburneus”,
1630 4675 1657 4706 ιι
1691 4655 1748 4709 id
1834 4661 2023 4708 catum
2056 4672 2068 4707 :
2111 4677 2128 4702 ι
2165 4653 2380 4707 Memor
2406 4657 2546 4717 esto,
2569 4649 2823 4714 Domine,
2857 4649 3102 4704 ﬁliorum
3119 4649 3296 4705 Edom
3313 4649 3422 4717 3°,»

167 4750 468 4818 est,corpus
481 4748 610 4816 ejus
638 4745 1047 4816 acorruptione
1060 4743 1274 4815 peccati
1301 4743 1749 4810 alienum.Ebur,
1834 4742 2003 4812 quod,
2044 4742 2268 4812 quando
2310 4740 2534 4794 claritas
2571 4754 2826 4810 supernae
2863 4738 3060 4810 patriai
3113 4739 3424 4810 apparebit,

169 4835 419 4889 institas:
460 4853 492 4887 ι
532 4835 749 4889 Collum
771 4840 934 4888 tuum
964 4834 1110 4888 sicut
1145 4832 1318 4886 turris
1363 4831 1686 4898 eburnea“,
1727 4853 1748 4882 ι
1835 4836 2012 4894 actus,
2072 4829 2169 4900 qui
2216 4846 2250 4884 a
2292 4835 2518 4900 peccato
2562 4833 2924 4898 generantur,
2977 4827 3252 4882 Dominus
3302 4843 3429 4882 con-

169 4923 304 4990 quod
345 4930 580 4978 sanctos
632 4922 888 4977 Ecclesiae
923 4921 1316 4993 pnedicatores
1352 4925 1411 4974 et
1439 4920 1755 4975 sublimitas
1837 4917 2144 4973 demnabit.
2178 4919 2369 4984 Edam,
2399 4918 2637 4989 populus
2655 4916 2938 4980 Iudaicus,
2968 4921 3035 4970 ut
3060 4915 3119 4970 in
3147 4915 3290 4970 libro
3317 4916 3432 4971 Nu-

170 5011 653 5084 contemplationis
669 5017 728 5066 et
737 5011 888 5065 nitor
906 5010 1264 5064 commendat
1283 5009 1752 5073 castitatis.Ebur,
1838 5007 2016 5062 meri:
2054 5031 2080 5060 ι
2103 5007 2298 5062 Noluit
2315 5007 2488 5062 Edom
2511 5005 2813 5061 transitum
2842 5004 3091 5077 praebere
3119 5003 3314 5059 lsraeli
3333 5019 3436 5075 per

173 5097 452 5167 fortitudo,
466 5105 539 5156 ut
561 5101 622 5155 in
646 5099 805 5155 libris
825 5100 1074 5169 Regum:
1096 5119 1118 5150 ι
1142 5099 1292 5153 Fecit
1316 5098 1581 5152 Salomon
1599 5097 1758 5152 thro-
1838 5104 2050 5151 terram
2081 5112 2244 5150 suam
2259 5095 2326 5163 εί,
2363 5115 2388 5146 ι)
2415 5095 2563 5166 quod
2589 5094 2860 5166 populum
2885 5093 3157 5164 gentilem
3183 5092 3258 5146 ad
3287 5091 3432 5147 noti-

235 5263 250 5293 ι
277 5261 426 5314 Psal.
459 5273 637 5325 van,
666 5259 755 5313 14.
787 5258 812 5292 ²
837 5261 997 5314 Cant.
1025 5273 1077 5325 v,
1109 5258 1163 5330 2.
1186 5258 1371 5330 3Eph.
1402 5273 1456 5325 v,
1487 5257 1577 5312 14.
1608 5257 1743 5330 {Ias

1946 5256 2038 5311 11-
2071 5256 2096 5290 ⁵
2123 5255 2482 5330 Matth-exva
2509 5258 2561 5308 5-
2584 5255 2608 5288 °
2635 5253 2784 5330 1388.1.-
2809 5265 2970 5330 πίων
3003 5251 3056 5305 7-
3087 5250 3110 5330 ἶ
3137 5248 3314 5330 Exsi-
3341 5263 3432 5330 ιγ’

175 5329 252 5382 13.
271 5337 292 5362 δ
311 5333 490 5384 ιςυω.
523 5319 688 5385 γιι.’2.
713 5330 738 5365 θ
765 5331 868 5384 Job
897 5319 1079 5397 xxxw,
1103 5329 1193 5385 18.
1225 5319 1416 5384 10'.lob.
1439 5319 1587 5394 itm,
1610 5326 1700 5385 10.
1725 5328 1766 5362 ¹¹
1789 5319 2104 5393 ,Ιουχχχιιῆ
2131 5325 2222 5383 28.
2255 5325 2522 5380 19Τὶινεξιι.
2557 5340 2630 5390 IV,
2655 5325 2708 5379 7.
2737 5323 2783 5397 fi}
2807 5324 2967 5397 Capt.
2999 5335 3052 5388 ν,
3086 5321 3178 5397 με
3209 5319 3432 5397 ﬁgant.

178 5401 336 5464 “1,4.
362 5401 455 5456 ¹δι
481 5402 620 5471 Reg.
641 5417 694 5466 χ,
727 5401 806 5458 18.
839 5401 885 5436 ιο
913 5389 1078 5455 Cant.
1100 5415 1154 5464 ν,
1189 5403 1238 5456 ι.
1273 5399 1318 5436 ίτ
1339 5402 1486 5456 Psal.
1513 5389 1659 5466 tx'xv,

1927 5398 2002 5471 el.
2021 5389 2165 5471 “1,5.
2198 5398 2244 5471 "l
2269 5389 2782 5471 Thren._1_n,jl_5._'°
2809 5395 2834 5448 Ι
2861 5393 3027 5447 Thes.
3059 5407 3126 5471 v,_
3145 5389 3263 5471 713*

177 5462 277 5534 ω,
307 5471 398 5527 23.
429 5471 480 5506 ³³
512 5462 659 5526 Ρῖτιι.
684 5462 816 5538 xxv,
846 5473 900 5526 5.
926 5471 974 5505 ’³
999 5462 1169 5526 Exod.
1198 5487 1298 5537 χιι,
1320 5473 1374 5528 5.
1406 5472 1453 5507 ³⁴
1490 5473 1630 5527 Gen.
1648 5462 1685 5526 ἰι

1929 5470 1990 5524 ι1.
2016 5462 2288 5524 “Matth.
2321 5483 2447 5538 xxv,
2482 5466 2572 5525 32.
2598 5466 2648 5502 ’⁸
2675 5466 2818 5520 Gen.
2859 5477 3031 5529 xxvu,
3057 5464 3147 5520 16.
3191 5462 3240 5498 '7
3273 5463 3437 5517 Cant.

179 5555 214 5608 ι,
237 5543 289 5596 8.
315 5543 363 5578 ⁸³
386 5543 539 5598 Gen.
566 5557 736 5608 xxvn,
765 5541 820 5597 9.
850 5543 898 5578 ’⁸
925 5544 1068 5598 Gen.
1101 5557 1229 5608 xxv,
1263 5543 1348 5600 35.
1383 5543 1432 5578 ³ο
1459 5543 1607 5598 Psal.
1635 5557 1687 5598 cs

947 5544 1068 5598 Sien.
1101 5557 1229 5608 xxv,
1263 5543 1348 5600 35.
1383 5543 1432 5578 ³ο
1459 5543 1607 5598 Psal.
1635 5556 1856 5607 cxxxvx,
1889 5539 1943 5594 7.
1976 5540 2020 5576 ³¹
2051 5541 2222 5595 Num.
2244 5555 2335 5605 xx,
2366 5537 2455 5595 18.
