3854 6164
419 319 522 375 9l'5
1009 317 1068 370 Β.
1111 310 1388 370 RABANI
1430 308 1662 368 MAURI
1701 305 2040 365 ARCHIEF.

2079 298 2745 368 HOGUNT.,OPERUM
2782 302 2966 357 PARS
3002 301 3099 358 ΠΙ.
3529 307 3612 364 916

411 445 553 500 tiam
583 443 739 516 plebs
765 443 996 497 Judaica
1021 440 1320 495 admittere
1345 439 1541 492 noluit.
1568 439 1756 502 Edam,
1789 435 2012 507 gentiii-
2029 436 2076 496 Α
2095 418 2211 488 tem
2241 430 2446 488 diaboli
2465 436 2721 486 armatus
2739 434 2826 484 est
2851 428 3234 500 praedicatione
3259 443 3353 484 sua
3382 431 3611 486 Christus.

421 532 526 591 tas,
560 533 625 581 ut
644 527 704 580 in
719 524 957 578 Genesi:
984 544 1005 574 ι
1031 523 1208 594 Reges
1235 521 1548 591 regnabant
1565 521 1625 574 in
1639 520 1812 574 Edom
1837 518 2014 589 prius-

422 631 592 687 quam
632 619 780 668 esset
825 629 921 669 rex
963 613 1027 671 in
1054 612 1225 667 Israel
1243 611 1281 676 ί,
1321 627 1347 663 ι
1381 611 1528 681 quod
1586 610 1646 663 in
1699 607 2012 678 gentilitate

421 707 586 758 mut
611 703 864 757 nonnulli
895 702 1094 765 sancti,
1125 705 1430 770 antequam
1476 699 1718 770 populus
1749 697 2015 752 Iudaicus

419 797 570 846 esset
587 797 928 862 assumptus.
976 791 1166 855 Edam,
1200 787 1474 851 diabolus,
1510 792 1572 840 ut
1620 786 1679 840 in
1723 785 2007 840 Ieremia:

425 899 452 929 σι
482 880 691 934 Audite
705 880 998 934 consilium
1027 877 1272 944 Domini,
1296 877 1444 948 quod
1461 875 1618 929 misit
1634 874 1706 928 de
1725 874 1899 928 Edom
1916 871 1962 940 ³,
1986 889 2008 923 ι

421 969 480 1040 id
507 975 610 1035 est,
643 967 910 1040 suscipite
936 968 1105 1022 ﬁdem
1137 965 1364 1031 Christi,
1388 980 1557 1035 quem
1577 963 1734 1017 misit
1758 963 1928 1016 Pater
1943 961 2014 1016 ad

421 1055 707 1112 diabolum
736 1057 1160 1114 destruendum.
1195 1057 1384 1119 Edam,
1418 1054 1690 1119 infernus,
1719 1058 1784 1106 ut
1802 1052 1860 1106 in
1889 1052 2017 1106 Eze-

423 1147 606 1202 chiele
635 1164 648 1200 :
679 1164 705 1197 α
728 1146 952 1200 Faciam
973 1145 1032 1199 in
1060 1143 1236 1199 Edoni
1257 1145 1421 1214 juxta
1448 1141 1593 1196 iram
1621 1158 1807 1196 meam
1822 1139 1864 1206 ³,
1900 1159 1928 1194 ι
1959 1139 2016 1193 id

425 1242 531 1300 est,
560 1233 761 1290 faciam
790 1235 1028 1298 inferno,
1061 1249 1128 1287 ac
1145 1232 1192 1286 si
1211 1247 1392 1286 essem
1423 1232 1600 1285 iratus
1619 1229 2016 1300 ei,exspolians

426 1339 580 1391 eum,
619 1329 678 1379 et
703 1323 834 1380 inde
854 1324 1060 1377 electos
1089 1321 1390 1386 adducens,
1423 1319 1508 1372 vel
1535 1320 1795 1374 educens.

497 1415 740 1482 Egyptus
770 1417 855 1466 est
896 1410 1161 1476 tenebrae,
1195 1416 1252 1463 et
1281 1415 1368 1462 est
1413 1407 1659 1462 mundus
1695 1407 1822 1472 iste,
1853 1412 1918 1460 ut
1961 1407 2020 1460 in

426 1501 634 1556 Genesi
665 1519 675 1554 :
708 1519 734 1552 ι
760 1501 886 1554 Noli
915 1499 1251 1554 descendere
1275 1498 1335 1552 in
1367 1498 1671 1568 Egyptum
1689 1494 1730 1560 ‘,
1759 1514 1784 1547 ι
1823 1495 1879 1549 id
1911 1503 2014 1560 est,

425 1589 658 1660 diligere
671 1589 965 1644 mundum.
986 1589 1247 1656 Egyptus,
1263 1593 1571 1658 peccatum,
1593 1591 1657 1640 ut
1674 1584 1732 1638 in
1747 1583 2012 1638 Psalmis:

433 1699 458 1728 α
493 1681 559 1733 In
588 1678 739 1733 exitu
769 1677 942 1732 Israel
964 1677 1033 1730 de
1060 1677 1299 1747 Egypto
1320 1676 1361 1741 ⁵,
1395 1699 1413 1722 ιι
1441 1675 1590 1745 quod
1613 1673 1836 1744 quando
1859 1672 2020 1726 electi

2165 525 2402 590 Βηθηάῄ
2419 525 2542 589 fons
2573 523 2681 584 edi,
2707 526 2766 573 et
2793 525 2879 572 est
2896 517 3224 590 baptismus,
3240 526 3302 573 ut
3324 519 3375 574 in
3397 521 3615 576 Cantica:

2099 632 2124 664 (ι
2156 613 2404 666 Dilectus
2429 627 2588 664 meus
2626 609 2767 662 mihi
2808 608 2868 662 in
2896 607 3073 662 vineis
3105 608 3383 678 Engadi“,
3412 630 3436 659 ιι
3467 610 3616 673 idest,

2096 701 2372 766 Christus,
2399 715 2566 770 quem
2595 697 2786 767 diligo,
2821 696 2880 750 in
2906 695 3018 750 illis
3039 696 3386 768 spirituaiiter
3410 708 3620 769 apparet,

2097 791 2191 862 qui
2222 789 2502 860 baptismo
2551 785 2649 842 loti
2705 791 2854 840 sunt.
2886 785 3121 854 Engadi,
3153 785 3473 855 paenitentia,
3495 793 3550 841 ut
3577 789 3623 842 in

2094 879 2254 933 libris
2283 873 2500 948 Regum
2525 895 2536 929 :
2576 895 2600 928 «
2637 875 2774 931 Ecce
2796 874 2968 929 David
2991 871 3205 928 habitat
3231 874 3287 928 in
3311 875 3433 929 locis
3457 876 3628 930 tutissi-

2095 967 2203 1022 mis
2233 967 2444 1037 Engadi
2474 965 2536 1018 η.
2564 983 2588 1018 ››
2623 964 2773 1034 quod
2795 962 3048 1019 Christus
3078 962 3252 1016 inillis
3278 963 3491 1028 habitat,
3518 981 3629 1035 quos

2097 1054 2428 1128 pcenitentia
2455 1069 2678 1108 securos
2709 1048 2908 1106 reddit.

2168 1145 2356 1213 Equus
2397 1148 2482 1196 est
2515 1141 2837 1196 humanitas
2865 1139 3092 1203 Christi,
3130 1145 3195 1194 ut
3225 1140 3282 1193 in
3307 1141 3628 1212 Apocalypsi:

2105 1251 2129 1283 α
2168 1233 2304 1288 Ecce
2337 1247 2514 1302 equus
2547 1230 2706 1284 albus
2727 1230 2790 1294 '9,
2833 1249 2857 1280 ι
2891 1227 2944 1282 id
2988 1235 3092 1293 est,
3134 1244 3267 1282 caro
3294 1228 3484 1283 Christi
3513 1232 3632 1284 omni

2101 1322 2402 1377 sanctitate
2431 1323 2451 1344 '
2475 1319 2672 1389 fulget.
2701 1320 2906 1387 Equus,
2933 1317 3169 1388 quilibet
3182 1318 3504 1388 praedicator,
3525 1320 3634 1372 utin

2101 1411 2238 1466 Job:
2287 1429 2309 1460 α
2341 1408 2607 1479 Nunquid
2653 1406 2925 1478 praebebis
2951 1423 3096 1477 equo
3143 1406 3503 1461 fortitudinem
3523 1406 3634 1458 ’⁸29

2104 1498 2253 1570 quod
2275 1499 2429 1552 solus
2456 1498 2607 1552 Deus
2627 1495 3011 1550 fortitudinem
3045 1495 3176 1549 boni
3210 1495 3388 1566 operis
3419 1497 3638 1566 pradica-

2101 1589 2209 1642 tori
2239 1586 2490 1641 conferre
2519 1586 2756 1640 videtur.
2787 1585 2994 1652 Equus,
3034 1583 3270 1654 quilibet
3295 1583 3499 1655 impius,
3520 1590 3574 1638 ut
3597 1585 3639 1637 in

2103 1676 2334 1730 Cantica
2396 1695 2408 1728 :
2473 1691 2498 1726 ι(
2543 1675 2762 1745 Equum
2813 1679 2870 1727 et
2925 1689 3282 1728 ascensorem
3332 1673 3558 1744 projiciet
3599 1674 3640 1726 in

431 1784 466 1821 a
492 1765 734 1838 peccatis
760 1765 878 1820 suis
907 1765 1150 1836 exempti
1175 1781 1276 1836 per
1305 1762 1707 1818 confessionem
1737 1762 1808 1816 ad
1827 1761 2086 1820 sanctioB
2106 1781 2261 1818 mare
2281 1763 2355 1832 '1;
2403 1783 2429 1815 ι)
2476 1763 2624 1834 quod
2669 1763 2940 1817 Dominus
2985 1762 3225 1832 impium
3267 1761 3562 1832 quemlibet,
3603 1767 3645 1814 et

428 1862 605 1910 tatem
619 1855 964 1926 pertingant.
981 1855 1242 1922 Egyptus,
1258 1853 1576 1918 inﬁdelitas,
1595 1855 1658 1905 ut
1670 1851 1728 1905 in
1748 1850 1984 1904 Psalmis
2005 1867 2016 1902 :

435 1963 463 1997 α
491 1943 698 2014 Ioseph
746 1957 874 1998 cum
929 1942 1105 1996 exiret
1152 1941 1222 1996 de
1269 1947 1426 1995 terra
1469 1940 1694 2012 [Egypti
1726 1958 1738 1992 :
1772 1940 2023 2010 linguam

432 2047 618 2088 meam
637 2032 681 2098 θ,
731 2037 860 2098 etc.,
922 2031 1068 2102 quod
1121 2031 1360 2102 populus
1401 2030 1773 2092 Christianus,
1837 2028 2024 2082 exiens

433 2121 502 2176 de
530 2119 782 2176 tenebris
801 2119 1168 2184 inﬁdelitatis,
1195 2123 1473 2190 praecepta
1493 2117 1634 2172 Novi
1657 2116 2024 2182 Testamenti,

434 2210 590 2282 prius
616 2209 916 2280 incognita,
962 2207 1192 2271 audivit,
1236 2209 1496 2276 Egyptus,
1545 2206 1850 2277 gentilitas,
1881 2211 1946 2260 ut
1971 2205 2030 2260 in

436 2298 733 2370 Evangelio
766 2317 778 2351 :
808 2318 832 2349 ι
867 2299 1014 2352 Puer
1039 2299 1202 2352 Iesus
1229 2296 1300 2350 de
1326 2295 1522 2350 Judaea
1540 2293 1848 2348 translatus
1863 2300 1950 2348 est
1970 2294 2029 2348 in

433 2387 737 2457 Egyptum
759 2385 798 2451 ⁷,
837 2403 864 2438 ι
915 2385 1064 2456 quod
1111 2384 1304 2438 relicto
1355 2381 1562 2454 pepulo
1603 2382 1924 2437 Iudaeorum
1959 2383 2027 2436 ad

434 2481 634 2544 gentes
651 2472 790 2528 ﬁdes
808 2473 1212 2528 incarnationis
1227 2471 1432 2527 Christi
1461 2472 1733 2542 pervenit.
1765 2473 2026 2540 Egyptus,

435 2563 709 2628 infernus,
742 2568 810 2616 ut
828 2563 888 2616 in
913 2561 1098 2617 Exodo
1117 2562 1141 2598 ⁸
1167 2576 1271 2632 per
1298 2561 1742 2614 immolationem
1764 2560 1913 2630 agni,
1955 2558 2032 2614 ls-

437 2653 555 2707 rael
583 2651 858 2706 liberatus
884 2656 971 2704 est
995 2651 1066 2704 de
1094 2650 1350 2721 Egypto,
1385 2649 1534 2720 quod
1578 2663 1680 2720 per
1714 2649 2032 2720 passionem

443 2737 650 2794 Christi
682 2739 843 2794 electi
871 2739 1087 2792 reducti
1115 2738 1231 2792 sint
1257 2737 1328 2792 de
1355 2737 1594 2792 inferne.

512 2829 685 2882 mata
707 2832 840 2882 sunt
865 2828 1183 2899 palmarum
1213 2825 1534 2897 spirituales
1549 2825 1844 2896 triumphi,
1884 2831 1950 2880 ut
1977 2825 2034 2880 in

446 2914 676 2970 Cantico
710 2935 722 2969 :
756 2933 784 2966 α
834 2917 1021 2970 Coma).
1053 2915 1178 2986 ejus
1215 2915 1361 2969 sicut
1395 2915 1556 2968 elatae
1595 2915 1910 2986 palmarum
1930 2913 1972 2979 9,
2009 2931 2032 2968 ι

447 3002 594 3076 quod
623 3004 871 3076 perfecti,
895 3005 990 3075 qui
1020 3004 1244 3058 Christo
1274 3004 1442 3075 capiti
1476 3001 1710 3058 vicinius
1739 3002 2034 3068 inhaerent,
2067 3064 2072 3076 ι

444 3093 581 3147 vitia
605 3093 882 3150 tentantia
909 3092 1146 3146 viriliter
1171 3092 1421 3146 vincunt.

516 3181 799 3236 Electrum
819 3187 906 3236 est
931 3181 1207 3245 Christus,
1221 3187 1286 3235 ut
1313 3181 1370 3235 in
1392 3181 1676 3235 Ezechiele
1701 3198 1714 3234 :
1748 3199 1774 3234 ‹‹
1808 3182 1889 3236 De
1916 3196 2036 3235 me-

445 3271 540 3326 dio
567 3271 710 3341 ejus,
732 3269 890 3341 quasi
923 3269 1132 3341 species
1161 3267 1351 3323 electri
1369 3268 1624 3340 ‘°,rquod
1654 3269 1714 3324 in
1737 3269 2037 3324 novissimo

449 3353 541 3414 die
570 3359 1068 3431 apparebitjudex
1098 3357 1348 3412 vivorum
1396 3364 1454 3412 et
1499 3364 1848 3413 mortuorum
1877 3359 2040 3412 Jesus

449 3447 724 3516 Christus,
748 3448 844 3520 qui
875 3447 1025 3502 Deus
1039 3453 1128 3502 est
1153 3453 1213 3501 et
1243 3447 1412 3502 homo
1439 3453 1542 3514 est,
1568 3447 1713 3502 sicut
1735 3463 1802 3502 ex
1819 3462 1957 3502 auro
1985 3449 2042 3500 et

449 3543 686 3608 argento
709 3536 978 3598 electrum
1009 3536 1294 3590 miscetur.

521 3627 805 3681 Emulatto
833 3630 921 3679 est
942 3623 1106 3690 bona,
1139 3629 1206 3679 ut
1232 3623 1292 3678 in
1333 3625 1602 3678 Cantico:
1631 3641 1657 3675 ¢
1704 3624 1859 3680 Dura
1899 3623 2044 3684 sicut

450 3713 704 3768 infernus
719 3713 1002 3768 simulatio
1023 3713 1090 3778 ω,
1125 3733 1152 3762 ιι
1177 3713 1324 3784 quod
1366 3713 1546 3767 sancti
1573 3713 1677 3766 viri
1707 3729 1805 3783 per
1835 3712 2042 3767 bonum

451 3802 631 3857 zelum
657 3801 902 3873 graviter
931 3807 1192 3856 uruntur.
1222 3799 1507 3856 Emmath
1533 3801 1701 3866 mala,
1722 3808 1788 3856 ut
1803 3802 1864 3856 in
1894 3801 2040 3855 Psal-

454 3891 563 3944 mis
595 3909 606 3944 :
643 3905 672 3944 ¢
697 3891 823 3945 Noli
852 3890 1105 3944 aemulari
1121 3889 1179 3943 in
1209 3889 1649 3961 malignantibus
1670 3889 1749 3956 u;
1785 3909 1810 3942 ι
1851 3889 1909 3944 id
1937 3895 2040 3955 est,

455 3992 568 4034 non
595 3986 652 4033 te
674 3979 881 4050 pigeat,
915 3979 1065 4049 quod
1093 3975 1257 4032 malis
1276 3977 1474 4032 similis
1501 3992 1615 4032 non
1643 3994 1720 4032 es.
1741 3979 2041 4044 Emulatz‘o,

457 4068 666 4122 bonum
695 4068 1033 4137 exemplum,
1066 4072 1130 4120 ut
1157 4067 1216 4120 in
1243 4067 1417 4121 Paulo
1443 4085 1454 4118 :
1476 4086 1498 4118 ι
1532 4067 1635 4120 Et'
1661 4079 1855 4121 nostra
1879 4084 2046 4122 aemu-

455 4155 591 4210 latio
621 4155 937 4226 provocavit
965 4153 1172 4207 multos
1186 4153 1250 4214 1³.
1283 4172 1308 4206 ι
1332 4154 1386 4207 id
1415 4160 1516 4219 est,
1552 4153 1758 4212 bonum
1791 4161 2046 4210 nostrum

456 4243 771 4314 exemplum
791 4241 1050 4295 excitavit
1075 4241 1366 4312 plurimos.

525 4331 890 4386 Emam-toria
918 4335 1052 4384 sunt
1073 4329 1184 4384 duo
1223 4331 1600 4393 Testamenta,
1634 4336 1700 4384 ut
1725 4331 1784 4386 in
1811 4332 1996 4386 Exodo
2030 4351 2041 4385 :

2103 1869 2252 1918 eum,
2283 1853 2378 1924 qui
2407 1853 2458 1906 ei
2496 1853 2840 1911 dominatur,
2881 1849 3189 1924 diabolum,
3209 1851 3480 1920 "demergit
3503 1850 3552 1904 in
3577 1849 3646 1904 in—

2105 1943 2344 1997 fernum.
2397 1943 2600 2010 Equus,
2653 1941 2756 1994 hoc
2794 1956 3039 2010 praesens
3079 1939 3362 2004 saeculum,
3391 1945 3451 1993 ut
3481 1939 3532 1992 in
3567 1940 3648 1992 Ge-

2108 2032 2228 2086 nesi
2264 2050 2276 2084 :
2307 2052 2328 2082 ¢
2367 2031 2628 2084 Mordens
2656 2029 2897 2098 ungulas
2927 2028 3056 2098 equi
3078 2027 3144 2090 ἤ,
3173 2048 3200 2076 ιι
3231 2029 3376 2098 quod
3395 2029 3648 2082 crudelita-

2109 2125 2224 2174 tem
2265 2133 2423 2173 suam
2473 2117 2855 2172 Antichristus
2899 2115 3184 2170 exercebit
3224 2115 3282 2170 in
3327 2119 3432 2169 ﬁne
3479 2117 3647 2170 seculi.

2111 2207 2317 2276 Equus,
2355 2222 2557 2278 corpus
2587 2205 2848 2271 hominis,
2879 2210 2944 2259 ut
2981 2205 3042 2258 in
3089 2203 3376 2258 Parabolis
3406 2223 3417 2256 :
3445 2224 3466 2255 ε
3500 2205 3653 2276 Equus

2111 2303 2344 2367 paratus
2372 2296 2440 2349 ad
2481 2295 2630 2349 diem
2659 2293 2788 2348 belli
2807 2289 2870 2358 ⁸³,
2911 2313 2934 2344 ι
2959 2293 3016 2346 id
3045 2299 3152 2359 est,
3183 2303 3378 2364 Corpus
3395 2293 3654 2346 discrimini

2111 2385 2310 2439 mortis
2339 2381 2608 2438 oblatum.
2643 2385 2848 2452 Equus,
2872 2382 3052 2436 honor
3069 2381 3373 2446 saacularis,
3386 2388 3445 2436 ut
3468 2382 3518 2436 in
3536 2381 3656 2435 Psal-

2111 2475 2218 2528 mis
2253 2493 2263 2526 :
2305 2495 2326 2521 ι
2359 2470 2546 2527 Fallax
2578 2489 2756 2543 equus
2800 2467 2872 2524 ad
2919 2471 3165 2525 salutem
3184 2469 3250 2535 ³4,
3282 2489 3309 2523 ι
3347 2470 3483 2542 quod
3514 2471 3657 2525 honor

2113 2562 2432 2618 mundanus
2455 2561 2670 2622 homini
2687 2561 2926 2614 salutem
2939 2559 3196 2614 conferre
3207 2575 3316 2614 non
3342 2561 3493 2613 valet.
3507 2561 3658 2628 Equus

2113 2666 2292 2707 caecus
2315 2656 2652 2722 persecutor,
2678 2657 2743 2704 ut
2761 2650 2819 2703 in
2848 2648 3215 2720 Apocalypsi:
3245 2669 3271 2700 ς(
3293 2649 3362 2703 Et
3387 2665 3501 2702 ecce
3518 2664 3660 2719 equus

2115 2739 2368 2795 rufus”:
2421 2759 2444 2792 ι)
2485 2734 2633 2810 quod
2671 2742 3058 2810 persecutores
3093 2743 3413 2793 sanctorum
3449 2737 3660 2791 crudeles

2117 2834 2298 2886 erant.
2331 2830 2536 2898 Equus,
2570 2828 2749 2886 forma
2791 2826 3206 2886 haereticorum,
3240 2833 3305 2881 ut
3345 2827 3400 2880 in
3432 2826 3661 2898 Apocaly-

2117 2916 2205 2990 psi
2236 2936 2248 2970 :
2287 2937 2312 2968 α
2334 2919 2404 2972 Et
2441 2932 2566 2972 ecce
2599 2933 2777 2987 equus
2805 2913 3042 2985 niger”,
3080 2935 3105 2966 ι
3159 2917 3310 2987 quod
3338 2915 3561 2970 haeretici
3586 2930 3663 2986 per

2121 3007 2328 3061 erroris
2365 3005 2773 3077 turpitudinem
2817 3005 3165 3076 nigrescunt.
3195 3005 3396 3073 Equus,
3431 3004 3666 3058 Antichri-

2057 3068 2330 3160 Cstus,ut
2356 3097 2414 3151 in
2441 3068 2808 3166 Apocalypsi:
2836 3111 2860 3143 α
2877 3068 2950 3148 iit
2977 3109 3101 3147 ecce
3135 3068 3314 3165 equus
3336 3068 3555 3165 pallidus
3571 3092 3622 3153 ⁸⁷,
3641 3111 3663 3144 ι

2119 3185 2266 3255 quod
2322 3183 2652 3238 Antichristi
2712 3181 2994 3254 superbia,
3021 3188 3454 3253 quantacunque
3500 3195 3667 3249 magna

2118 3273 2306 3336 fuerit,
2353 3272 2574 3326 deﬁciet
2599 3272 2816 3328 inﬂue.
2853 3271 3063 3340 Equus,
3107 3271 3436 3326 libidinosus
3457 3269 3665 3341 quilibet,

2122 3368 2187 3416 ut
2214 3362 2273 3416 in
2300 3361 2538 3418 Psalmis
2572 3379 2583 3413 :
2619 3377 2646 3412 α
2679 3361 2866 3416 Nolite
2905 3359 3026 3413 ﬁeri
3077 3361 3230 3414 sicut
3279 3375 3452 3432 equus
3499 3364 3550 3412 et
3577 3373 3670 3410 mu-

2123 3449 2297 3515 lus”;
2329 3471 2352 3501 ι
2381 3449 2436 3503 id
2468 3455 2571 3515 est,
2603 3448 2776 3504 nolite
2805 3465 2926 3503 esse
2955 3449 3230 3504 luxuriosi
3277 3455 3334 3503 et
3366 3445 3668 3503 infructuosi.

2125 3539 2234 3593 Per
2262 3555 2422 3608 equos
2451 3537 2706 3608 apostoli,
2732 3542 2796 3591 ut
2823 3537 2884 3592 in
2915 3535 3100 3592 Exodo
3123 3540 3176 3590 ε·
3211 3557 3234 3589 ι
3261 3537 3454 3592 Misisti
3479 3537 3532 3590 in
3549 3549 3672 3588 mare

2125 3645 2298 3700 equos
2317 3634 2463 3690 tuos,
2503 3645 2528 3680 ιι
2558 3627 2615 3684 id
2636 3631 2740 3690 est,
2776 3627 2834 3680 in
2867 3626 3145 3684 mundum
3175 3627 3488 3682 universum
3508 3623 3671 3696 prndi-

2124 3720 2341 3768 catores
2387 3719 2536 3790 tuos.
2571 3714 2679 3771 Per
2729 3729 2890 3782 equos
2944 3711 3176 3784 superbi
3214 3720 3272 3767 et
3317 3713 3520 3778 divites,
3540 3715 3594 3764 ut
3627 3709 3670 3761 in

2125 3803 2308 3858 Isaia:
2350 3823 2372 3852 ι
2412 3802 2508 3856 Vae
2545 3801 2641 3875 qui
2699 3799 3046 3856 descendunt
3090 3801 3152 3857 in
3209 3803 3520 3874 Egyptum,
3548 3797 3672 3873 equis

2125 3896 2414 3962 sperantes
2432 3889 2505 3956 *9;
2537 3910 2560 3945 »ι
2585 3889 2642 3947 id
2671 3895 2774 3954 est,
2792 3906 2870 3944 vae
2900 3889 2987 3954 iis,
3017 3889 3111 3960 qui
3145 3891 3314 3948 nimis
3341 3894 3522 3947 amant
3547 3900 3674 3940 mun-

2127 3979 2282 4042 dum,
2314 3980 2373 4036 in
2401 3978 2728 4034 substantiis
2768 3977 3192 4034 abundantibus
3220 3979 3566 4037 conﬁdentes.
3592 3975 3675 4031 Per

2127 4085 2284 4136 equos
2315 4083 2502 4139 Opera,
2539 4073 2603 4120 ut
2630 4067 2690 4120 in
2709 4067 3042 4138 Apocalypsi
3073 4085 3086 4120 :
3119 4087 3145 4117 ι
3178 4066 3554 4138 Sequebantur
3573 4076 3673 4116 eum

2127 4157 2186 4210 in
2231 4157 2390 4228 equis
2417 4154 2616 4210 albis”
2656 4174 2668 4208 :
2698 4174 2721 4206 ι
2755 4155 2810 4208 id
2869 4159 2956 4209 est
2989 4154 3314 4230 passionem
3352 4171 3504 4210 suam
3531 4152 3676 4207 imita-

2126 4245 2334 4300 bantur
2363 4245 2541 4299 sancti
2583 4245 2641 4306 in
2678 4243 2940 4315 operibus
2988 4245 3122 4298 suis.
3160 4244 3271 4298 Per
3305 4260 3478 4313 equos.
3507 4239 3678 4313 cogita-

2059 4348 2108 4407 ι)
2126 4335 2326 4400 tiones,
2365 4339 2431 4388 ut
2457 4334 2518 4387 in
2545 4333 3016 4387 Deuteronomio:
3057 4352 3078 4382 ι
3114 4333 3234 4386 Rex
3265 4350 3376 4388 non
3394 4328 3680 4400 multiplica-

458 4439 485 4473 α
519 4419 878 4475 Emunctoria
933 4419 1074 4474 ﬂant
1115 4435 1182 4472 ex
1221 4433 1360 4473 auro
1405 4419 1706 4489 purissimo
1725 4419 1788 4485 Μ,
1826 4439 1850 4471 ))
1899 4421 2048 4492 quod
2131 4422 2214 4476 bit
2239 4421 2344 4476 sibi
2375 4437 2548 4492 equos
2567 4421 2632 4487 δι,
2671 4440 2696 4472 ›δ
2727 4421 2785 4474 id
2815 4426 2920 4487 est,
2953 4423 2975 4450 "
2995 4421 3264 4492 prmlatus
3303 4419 3557 4492 superbos
3590 4429 3676 4468 non

455 4515 762 4580 utrumque
799 4505 1222 4563 Testamentum
1253 4507 1507 4564 claritate
1543 4509 1831 4579 sapientiae
1859 4510 2046 4580 splen-

457 4599 571 4653 det.

528 4687 688 4740 Ensis
744 4693 832 4740 est
890 4687 1044 4756 rigor
1097 4686 1470 4752 continentia,
1533 4691 1598 4741 ut
1652 4687 1711 4741 in
1766 4689 2040 4742 Cantico:

449 4787 487 4824 ιι
517 4773 969 4844 Uniuscujusque
1000 4775 1150 4828 ensis
1175 4791 1345 4844 super
1361 4775 1546 4828 femur
1575 4778 1596 4798 ⁶
1623 4781 1786 4830 tuum
1799 4776 1862 4842 *5,
1897 4777 2046 4848 quod

454 4863 617 4917 electi
645 4872 746 4933 per
774 4862 1019 4933 rigorem
1039 4863 1396 4918 continentia;
1429 4864 1770 4920 mortiﬁcant
1793 4865 2046 4920 membra

452 4966 557 5006 sua
584 4967 712 5023 quae
747 4957 882 5006 sunt
930 4967 1098 5022 super
1141 4958 1374 5005 terram.
1425 4953 1602 5018 Ensis,
1635 4969 1871 5007 acumen
1899 4971 2043 5025 prae—

450 5041 762 5100 dicationis.
787 5045 854 5094 ut
871 5041 928 5093 in
959 5039 1114 5094 libris
1142 5041 1360 5111 Regum
1386 5059 1396 5092 :
1438 5060 1460 5092 ς
1494 5039 1789 5096 Accinctus
1817 5048 1902 5096 est
1942 5043 2048 5096 Da-

449 5129 539 5184 vid
591 5146 726 5195 ense
773 5144 875 5182 suo
894 5129 970 5194 1‘;
997 5151 1022 5180 »
1067 5129 1214 5200 quod
1241 5129 1312 5184 ad
1343 5128 1730 5184 debellandum
1779 5130 2044 5201 impieta-

2131 4509 2360 4564 habebit
2401 4511 2698 4580 cogitatus.
2746 4510 2952 4577 Equus,
2995 4507 3236 4580 quilibet
3279 4514 3515 4572 sanctus,
3543 4509 3598 4559 ut
3634 4501 3678 4554 in

2129 4599 2232 4653 Job
2255 4618 2265 4651 :
2307 4618 2328 4648 ι
2354 4598 2586 4652 Deridet
2604 4613 2808 4668 equum
2832 4604 2889 4652 et
2909 4593 3268 4652 ascensorem
3290 4596 3482 4667 ejus”,
3509 4615 3531 4647 ν
3560 4588 3677 4663 quod

2129 4687 2384 4742 diabolus
2436 4687 2494 4740 in
2539 4685 2962 4746 simulatoribus
3017 4687 3134 4740 suis
3176 4685 3479 4758 quemlibet
3531 4682 3678 4734 virum

2127 4779 2402 4838 sanctum,
2438 4780 2498 4828 et
2523 4773 2621 4844 qui
2647 4774 2697 4828 ei
2719 4773 3058 4838 dominatur,
3093 4775 3278 4828 Deum
3307 4769 3609 4829 contemnit.

2197 4863 2384 4932 Erugo
2413 4869 2499 4918 est
2515 4862 2796 4934 superbia,
2823 4868 2888 4916 ut
2909 4863 2969 4916 in
2999 4861 3327 4933 Evangelio:
3365 4879 3388 4913 α
3416 4859 3513 4914 Ubi
3539 4867 3678 4922 eraso

2125 4951 2514 5020 demolitur”;
2549 4952 2602 5006 id
2631 4958 2734 5018 est,
2768 4951 2941 5006 nolite
2978 4951 3036 5006 in
3072 4966 3242 5023 apere
3270 4956 3450 5004 vestro
3476 4940 3679 5002 homini-

2127 5041 2230 5096 bus
2252 5043 2490 5113 placere,
2518 5046 2578 5095 et
2603 5041 2658 5094 id
2679 5055 2780 5112 per
2795 5039 3116 5111 superbiam
3145 5040 3425 5094 amittam.

2199 5129 2382 5186 Eruca
2404 5125 2736 5194 estluxuria,
2764 5135 2829 5183 ut
2861 5129 2919 5182 in
2949 5128 3134 5186 Joele:
3161 5148 3183 5179 ι
3215 5127 3516 5182 Residuum
3535 5131 3678 5176 emes

520 5219 538 5251 ¹
565 5219 703 5272 Gen.
738 5231 922 5286 ιςκιςνι,
955 5217 1044 5274 31.
1093 5216 1116 5250 '-’
1139 5219 1252 5271 Jer.
1287 5232 1432 5283 XLXI,
1472 5217 1560 5274 ‘20.
1610 5217 1634 5250 ³
1671 5200 2024 5286 Ezech.xxv,
2057 5219 2145 5274 14.
2191 5219 2214 5254 ⁴
2245 5219 2384 5273 Gen.
2419 5233 2566 5284 xxvi,
2603 5217 2653 5274 '2.
2697 5218 2720 5250 ⁵
2749 5217 2894 5272 Psal.
2927 5231 3082 5286 cxm,
3117 5217 3169 5270 1.
3222 5217 3246 5250 ⁶
3275 5215 3417 5286 Psal.
3459 5223 3602 5286 μιαί,
3635 5200 3676 5257 5-

449 5289 472 5360 ?
498 5289 696 5360 Matth.
719 5281 780 5354 ιι,
815 5277 1024 5352 13,14.
1051 5288 1072 5360 ξ
1112 5288 1281 5360 Exod.
1317 5277 1430 5352 xn,
1450 5289 1524 5360 Ἃ
1548 5295 1606 5343 et
1633 5305 1788 5360 seqq.
1820 5291 1844 5324 θ
1872 5277 2032 5344 Cant.

452 5359 501 5426 1.
532 5353 579 5393 ¹³
600 5351 652 5426 Π
679 5351 807 5414 Cor.
841 5351 916 5424 Ix,
949 5361 998 5426 2.
1035 5359 1078 5393 ¹⁴
1105 5351 1273 5426 Exod.
1309 5351 1433 5418 xxv.
1466 5359 1554 5414 38.
1585 5359 1629 5394 ¹⁵
1660 5351 1818 5414 Cant.
1855 5375 1936 5416 ιη.
1981 5360 2032 5416 8.

2073 5303 2128 5354 ν,
2161 5292 2248 5344 11.
2284 5289 2330 5328 ιο
2359 5282 2560 5344 Ezech.
2585 5303 2624 5346 ι.
2675 5290 2726 5342 4.
2770 5289 2810 5326 ¹¹
2843 5289 3005 5342 Cant.
3038 5282 3156 5346 vin.
3189 5286 3244 5342 6.
3275 5285 3324 5327 ³³
3356 5282 3494 5339 Psal.
3523 5288 3672 5354 χχιιι.

2078 5345 2126 5395 ίέ
2163 5363 2180 5415 Ι
2218 5361 2350 5431 Reg.
2397 5375 2522 5427 xxv,
2557 5345 2621 5414 3.
2659 5359 2702 5395 ¹τ
2756 5357 3112 5431 Cent._r,_1-i.
3159 5359 3205 5392 ¹⁸
3253 5359 3274 5411 Ι
3317 5359 3449 5431 Reg.
3479 5364 3609 5431 ἔχιν.

449 5420 494 5464 ίθ
521 5421 690 5498 Apoc.
725 5443 798 5488 Vl,
833 5431 884 5482 2.
908 5419 1077 5484 ὶι³101)
1103 5423 1284 5486 kxxm.
1305 5430 1392 5483 22.
1416 5429 1458 5466 ﬂ
1493 5431 1659 5485 Exod.
1693 5445 1781 5494 xv,
1807 5435 1852 5484 1.
1879 5431 1926 5466 ⁵η
1945 5433 2024 5485 Ge

2117 5443 2258 5492 HJK,
2284 5419 2371 5486 1’7.
2402 5431 2448 5469 ’³
2477 5419 2636 5485 Prov.
2670 5447 2781 5488 xxr.
2815 5430 2906 5485 31.
2930 5428 2974 5464 ³⁵
2996 5429 3142 5484 Psal.
3176 5441 3347 5487 xxx",
3372 5419 3674 5498 1"7‘._’5§p_o¢_.

449 5507 521 5560 V1,
555 5485 607 5552 Il.
637 5496 694 5576 εξ
709 5485 920 5576 ψει.)
952 5501 1007 5576 5.
1037 5501 1082 5534 ετ
1115 5501 1251 5576 ibid.
1279 5485 1418 5576 ius.
1457 5501 1500 5538 τε
1531 5503 1674 5556 Psal.
1711 5485 1856 5562 χέῃ,
1886 5503 1938 5554 e.
1963 5503 2010 5537 πθ

2117 5520 2149 5556 ι.
2183 5485 2331 5560 xxii.
2358 5505 2408 5557 1.
2434 5502 2481 5537 ³ο
2511 5505 2680 5576 Apoc.
2715 5485 2824 5566 xix,
2860 5499 2948 5555 14.
2983 5499 3025 5542 ³1
3054 5502 3216 5556 Deut.
3250 5485 3383 5552 xvii.
3429 5495 3502 5552 ιθ.
3532 5485 3678 5543 1|{Job

445 5583 630 5634 xxx1x,
663 5569 752 5624 21.
786 5569 832 5602 ³³
854 5570 1049 5624 Matth.
1081 5585 1154 5635 v1,
1182 5572 1269 5631 19,
1304 5572 1394 5624 20.
