3854 6164
453 298 558 354 ‘JI‘J
1056 303 1117 354 Β.
1161 302 1432 356 RABANI
1471 303 1701 359 MAURI
1739 306 2074 362 ARCHIEP.
2117 309 2440 366 MOGUNT.
2483 310 2779 366 OPERUM
2817 311 3000 366 PARS
3039 312 3112 366 llI
3549 319 3631 376 920

479 441 574 480 um
605 428 728 498 ejus
756 426 960 496 dejecit
987 427 1044 480 in
1074 441 1230 480 mare
1260 427 1300 494 ί,
1337 445 1363 480 ι
1398 428 1548 499 quod
1587 429 1736 484 Deus
1783 431 2042 486 multitu-
2060 435 2112 494 Α
2203 437 2382 490 Facies
2412 443 2499 490 est
2525 437 2676 490 Deus
2703 435 2892 501 Pater,
2919 441 2984 489 ut
3009 435 3066 488 in
3093 435 3390 507 Evangelio:
3425 459 3450 492 α
3475 444 3633 512 Angeli

451 515 642 570 dinem
672 515 989 570 daemonum
1019 515 1305 570 damnavit
1363 517 1419 571 in
1469 518 1704 573 inferno.
1739 520 2044 586 Exercitus,
2129 540 2258 578 vero
2281 541 2478 580 eorum
2495 542 2720 596 semper
2737 525 2930 578 vident
2947 524 3140 578 faciem
3161 526 3329 580 Patris
3355 527 3413 592 ‘5,
3443 547 3466 580 s
3489 529 3536 583 id
3554 539 3632 597 est,

451 604 605 669 vitia,
637 609 700 658 ut
719 603 777 658 in
806 603 909 658 Job
941 622 954 656 :
983 626 1008 652 α
1046 605 1114 658 Et
1141 605 1420 660 ululatum
1441 608 1720 672 exercitus
1739 608 1780 674 2,
1817 628 1842 660 ››
1862 609 1916 662 id
1940 615 2042 676 est,
2128 613 2306 667 Deum
2336 615 2564 668 Patrem
2591 615 2885 668 intuentur
2917 614 3146 684 jugiter.
3195 615 3377 680 Facies,
3406 617 3567 684 Filius,
3591 627 3640 674 ut

449 692 750 763 strepitum
779 691 1176 748 vitiorum.Per
1201 698 1522 760 exercitum,
1546 697 1725 751 sancti
1746 703 2040 769 martyres,
2127 701 2188 754 in
2242 702 2482 757 Psalmis
2513 723 2536 757 ι
2583 722 2609 755 α
2643 703 2944 774 Usquequo
2997 702 3198 756 avertis
3245 702 3424 758 faciem
3453 709 3585 761 tuam
3615 726 3642 762 a

445 785 516 835 ut
565 780 624 835 in
666 781 1002 853 Apocalypsi
1034 801 1046 836 :
1077 803 1099 834 ι
1148 783 1454 850 Exercitus,
1488 785 1584 855 qui
1635 791 1769 840 sunt
1795 787 1854 840 in
1883 787 2040 854 coelo,
2132 791 2242 862 [me
2259 791 2304 862 7]
2325 791 2388 857 1°,
2409 810 2436 845 υ
2468 793 2525 846 id
2545 798 2648 858 est,
2681 793 2930 863 quandiu
2952 792 3141 846 differs
3166 793 3372 847 mittere
3387 795 3638 862 Christum,

447 869 828 940 sequebantur
853 887 984 924 eum
1011 870 1055 937 ³,
1093 889 1116 922 ι
1167 871 1224 926 id
1274 877 1378 940 est,
1413 879 1712 946 martyres,
1759 875 1856 946 qui
1886 881 2048 930 erant
2125 869 2297 950 quem
2326 881 2603 936 missurus
2637 882 2744 936 es?
2799 884 2994 946 Facies,
3049 881 3330 952 praesentia
3378 882 3484 949 Dei,
3511 891 3564 939 ut
3597 886 3642 941 in

447 957 509 1012 in
529 958 760 1026 mundo,
795 959 1167 1014 imitabantur
1197 961 1511 1016 Christum.
2129 969 2368 1024 Psalmis
2398 989 2410 1023 :
2458 992 2480 1022 ι
2514 973 2598 1026 Ne
2625 977 2848 1026 avertas
2875 971 3074 1025 faciem
3096 977 3248 1026 tuam
3276 987 3309 1024 a
3334 972 3540 1042 [me,]",
3569 975 3641 1027 nid

520 1048 719 1102 Exitus
745 1055 880 1102 sunt
905 1047 1172 1114 defectus,
1222 1055 1288 1104 ut
1330 1050 1388 1105 in
1420 1051 1718 1122 Evangelia
1753 1068 1767 1108 :
1803 1069 1830 1105 α
1865 1055 1946 1108 Ite
1975 1055 2046 1108 ad
2131 1065 2233 1124 est,
2264 1076 2337 1114 ne
2367 1060 2610 1130 deneges
2651 1061 2709 1114 in
2747 1060 2938 1115 futuro
2986 1059 3124 1113 mihi
3154 1059 3480 1130 praesentiam
3503 1066 3642 1116 tuam.

448 1137 630 1191 exitus
657 1136 876 1192 viarum
895 1137 938 1203 ⁴,
965 1141 987 1162 ‘
1020 1156 1048 1191 ι
1081 1138 1206 1193 illos
1237 1145 1428 1194 vocate
1476 1141 1572 1211 qui
1617 1140 1676 1195 in
1704 1141 1849 1196 bono
1879 1159 2047 1214 Opere
2129 1148 2332 1213 Facies,
2349 1149 2547 1202 notitia
2566 1149 2687 1214 Dei,
2708 1155 2773 1203 ut
2801 1149 2859 1202 in
2894 1148 3162 1202 Psalmis:
3198 1168 3226 1199 ιι
3245 1147 3476 1230 Quaerite
3490 1149 3645 1203 faciem

447 1232 581 1280 sunt
607 1225 798 1280 fortes.
829 1227 1044 1293 Exitus,
1071 1229 1546 1298 compunctiones,
1584 1234 1648 1282 ut
1671 1230 1730 1284 in
1760 1231 1998 1286 Psalmis
2030 1251 2041 1285 :
2130 1238 2252 1306 ejus
2299 1254 2522 1308 semper
2541 1238 2603 1304 ‘3,
2640 1257 2665 1289 »
2712 1238 2770 1291 id
2801 1243 2904 1300 est,
2937 1237 3247 1292 desiderate
3271 1237 3413 1290 omni
3444 1225 3646 1308 tempore

451 1332 478 1368 α
509 1313 702 1370 Exitus
725 1331 1004 1386 aquarum
1021 1316 1374 1370 deduxerunt
1403 1317 1548 1371 oculi
1579 1318 1738 1383 mei5,
1793 1337 1820 1372 ιν
1853 1319 1910 1373 id
1939 1327 2043 1388 est,
2129 1326 2449 1397 pertingere
2480 1327 2554 1380 ad
2574 1327 2950 1398 cognitionem
2971 1325 3301 1392 Dei.Facies,
3331 1325 3651 1380 benevolentia

446 1403 902 1474 compunctiones
957 1405 1214 1459 ﬂetuum.
1275 1407 1490 1470 Exitus,
1551 1406 1765 1462 relictio
1810 1411 2044 1479 peccati,
2131 1415 2250 1481 Dei,
2283 1420 2348 1470 ut
2373 1415 2432 1469 in
2451 1415 2726 1470 Psalmis:
2755 1435 2780 1468 (ι
2798 1416 2884 1470 Ne
2901 1415 3162 1486 projicias
3177 1430 3313 1468 mea
3336 1413 3463 1469 facie
3485 1415 3648 1480 tua“,p

447 1496 514 1546 ut
540 1492 600 1546 in
629 1491 866 1546 Psalmis
897 1511 909 1546 :
955 1511 980 1544 «
1014 1494 1078 1547 In
1107 1493 1259 1548 exitu
1289 1495 1461 1550 Israel
1492 1494 1563 1548 de
1591 1495 1830 1567 Ᾱέεγριο
1857 1497 1900 1563 θ,
1932 1517 1955 1548 ι
1989 1498 2046 1552 id
2129 1503 2186 1557 id
2223 1508 2327 1570 est,
2359 1521 2470 1558 non
2499 1505 2652 1558 sinas
2681 1521 2771 1558 me
2817 1504 3144 1558 innovatum
3185 1504 3305 1574 ejici
3343 1520 3376 1558 a
3423 1503 3542 1558 facie
3561 1509 3650 1570 tua,

449 1584 553 1646 est,
598 1580 824 1652 quando
847 1581 1057 1638 electus
1088 1582 1298 1638 deserit
1325 1588 1618 1654 peccatum
1647 1601 1832 1648 suum,
1868 1592 1926 1640 et
1955 1603 2045 1642 re-
2129 1593 2184 1646 id
2217 1599 2322 1658 est,
2365 1609 2400 1646 a
2437 1592 2828 1648 benevolentia
2861 1599 2980 1647 tua.
3011 1595 3212 1658 Facies,
3252 1593 3466 1646 scientia
3486 1592 3585 1656 Dei,
3607 1600 3654 1645 ut

449 1669 600 1724 cedit
627 1668 698 1723 ab
727 1684 813 1724 eo.
2128 1681 2186 1734 in
2216 1681 2490 1736 Psalmis:
2549 1700 2578 1734 α
2605 1681 2825 1736 Avertit
2865 1681 3066 1735 faciem
3115 1697 3294 1747 suam,
3337 1697 3402 1735 ne
3439 1680 3595 1734 videat
3615 1680 3656 1733 in

1233 1760 1276 1814 Ρ
2063 1753 2110 1812 Β
2129 1771 2296 1822 finem
2319 1768 2384 1836 9°,
2420 1790 2448 1822 τι
2499 1769 2555 1823 id
2587 1777 2690 1836 est,
2738 1786 2852 1824 non
2889 1769 3059 1824 habet
3087 1769 3373 1823 scientiam
3402 1785 3500 1839 qua
3521 1767 3658 1838 possit

449 1848 698 1928 Faretra.
991 1849 1374 1928 Frumentum.
1514 1853 1982 1928 Fundamentum.
2129 1858 2272 1912 scire
2301 1858 2452 1912 mala
2462 1864 2675 1912 nostra.
2691 1860 2890 1924 Facies,
2917 1858 3192 1928 protectio
3214 1858 3331 1924 Dei,
3349 1863 3410 1912 ut
3434 1857 3486 1912 in
3511 1855 3660 1911 Haba-

451 1918 651 1972 Facies.
985 1919 1169 1972 Fovea.
1515 1924 1689 1976 Finis.

453 1989 784 2042 Fasciculus.
982 1990 1254 2042 Flamma.
1515 1995 1734 2042 Fulnor.

2137 1962 2230 2000 cuc
2262 1965 2274 1998 :
2313 1967 2335 1996 ε
2370 1948 2518 2000 Ante
2538 1947 2736 2001 faciem
2765 1918 2887 2018 ejus
2917 1918 3022 2000 ibit
3059 1963 3212 2002 mors
3233 1945 3296 2012 εί,
3322 1918 3354 1998 ἰ
3384 1946 3437 2000 id
3463 1951 3551 2010 est,
3589 1942 3659 1998 ubi

451 1989 784 2114 ἷΐὲιῗξῗυιω.
982 1990 1254 2115 ἕξζξιηῖὲῗι.
2133 2036 2379 2108 Protegit
2406 2037 2574 2096 Deus,
2611 2035 2689 2090 ibi
2716 1989 2971 2090 diabolus
3023 1989 3320 2108 praevalere
3355 2051 3458 2090 non
3501 1989 3659 2106 pitest.

1517 2099 1800 2190 ’
2131 2127 2332 2190 Facies,
2361 2125 2770 2181 animadversio
2799 2127 2922 2192 Dei,
2947 2133 3012 2180 ut
3050 2126 3111 2180 in
3139 2126 3270 2181 Job:
3303 2144 3329 2178 α
3352 2127 3493 2180 Tunc
3511 2142 3542 2179 a
3559 2122 3665 2178 facie

451 2202 916 2281 Firmamentum.
983 2204 1176 2281 F_avus_.
1513 2208 1736 2281 Fumus.
2133 2219 2234 2268 tua
2262 2230 2373 2268 non
2418 2214 2729 2269 abscondar
2755 2213 2822 2279 ³³,
2862 2234 2884 2264 ι
2931 2214 2989 2268 id
3021 2220 3124 2281 est,
3158 2215 3205 2268 si
3235 2215 3359 2269 talis
3395 2214 3552 2278 fuero,
3577 2212 3665 2266 ani-

451 2273 695 2326 Fi‘ccua'
987 2275 1218 2329 Famam
1519 2279 1756 2362 ΡονοῗΡ-ς·
2135 2303 2580 2358 madversionem
2608 2309 2765 2358 tuam
2784 2273 2896 2358 non
2907 2273 3316 2370 timeo.Facz'es,
3343 2273 3667 2374 unusquisque

451 2344 588 2397 Flos.
984 2345 1202 2398 Femur.
1521 2349 1818 2402 Fortztudo.
2146 2395 2170 2402 -
2195 2393 2210 2402 .
2250 2393 2284 2402 ..
2410 2394 2448 2402 ..
2555 2395 2566 2402 .
2916 2394 2927 2402 .
3081 2395 3132 2402 --
3192 2395 3204 2402 .
3302 2394 3338 2402 -.
3375 2395 3405 2402 ._
3495 2393 3504 2402 .
3567 2391 3599 2402 ..

451 2354 588 2397 Mos.
984 2354 1202 2398 Femur.
1521 2354 1818 2404 Fortitudo.

451 2415 740 2469 Foramen.
987 2416 1318 2471 Femz'nalz'a.
1522 2421 1708 2473 Fum's.

2145 2393 2320 2448 fidelis
2347 2409 2383 2447 a
2409 2394 2646 2449 Domino
2674 2394 3046 2464 cognoscitur.
3081 2395 3243 2448 Unde
3284 2354 3542 2448 diciturin

452 2485 647 2540 Fortis.
984 2487 1256 2540 Fenestra.
1519 2492 1649 2544 Fur.
2138 2483 2313 2537 chiele
2338 2489 2580 2554 quatuor
2599 2483 2984 2552 Evangelistis,
3011 2482 3117 2536 sub
3147 2483 3328 2554 specie
3353 2489 3568 2553 quatuor
3581 2481 3672 2534 ani-

453 2556 644 2640 Frons.
986 2559 1173 2640 Faber.
1521 2563 1770 2640 Fructus.
2138 2571 2372 2626 malium
2415 2591 2426 2624 :
2487 2593 2510 2623 ι
2563 2573 2820 2636 Quatuor
2846 2571 3018 2626 facies
3043 2573 3145 2626 uni
3186 2578 3362 2637 erant,
3399 2577 3452 2625 et
3479 2575 3672 2640 quatuor

456 2627 710 2680 Ferrum.
988 2630 1227 2682 Festuca.
1523 2633 1698 2688 Fossa.

457 2697 720 2751 Frenum.
989 2701 1164 2753 Fiala.
1519 2704 1638 2756 Fere.
1850 2705 1863 2718 '

2149 2677 2338 2732 pennae
2351 2659 2524 2726 uni”,
2565 2681 2588 2711 ι
2623 2661 2772 2733 quod
2804 2661 3071 2716 nimirum
3094 2661 3294 2716 eadem
3321 2661 3452 2714 ﬁdes
3471 2664 3671 2712 contem-

459 2713 720 2751 rrenum.
989 2713 1164 2753 mala.
1519 2713 1638 2758 Far.
1851 2713 1863 2718 '

459 2769 671 2834 Frigia.
993 2771 1186 2824 Filius.
1521 2775 1726 2828 Fames.

2152 2713 2420 2820 plationis,
2436 2713 3050 2821 ietyparlcontemplatio
3059 2749 3368 2804 divinitatis
3391 2747 3571 2803 eratin
3593 2746 3674 2834 sin-

455 2833 688 2905 Ἐυιὸυν·
992 2842 1156 2894 Filia.
1523 2846 1733 2899 Frater.
2138 2838 2304 2909 gulis,
2337 2855 2460 2909 quae
2520 2844 2578 2892 et
2614 2839 2674 2892 in
2722 2837 2999 2892 omnibus.
3053 2840 3256 2902 Facies,
3293 2837 3533 2898 Ecclesia,
3560 2839 3613 2888 ut
3632 2833 3675 2886 in

459 2909 709 2998 fulmen.
993 2913 1260 2998 Fimbria.
1527 2916 1774 2998 Framea.

2152 2927 2476 2998 Apocalypsi
2508 2945 2519 2978 :
2585 2947 2608 2978 α
2641 2927 2834 2980 Facies
2885 2926 3031 2980 sicut
3077 2927 3163 2980 sol
3223 2926 3368 2991 lucet
3412 2925 3467 2979 in
3514 2924 3674 2976 virtute

460 2980 703 3104 gum“
994 2983 1224 3066 “sint”
1524 2987 1740 3064 auc“:
2141 2980 2320 3080 85554,
2343 2980 2553 3086 inquod
2583 3021 2776 3068 sancta
2795 3015 3039 3070 Ecclesia
3061 3031 3095 3068 a
3117 2980 3342 3070 Christo
3361 3013 3676 3075 illuminatur,

501 3051 674 3105 unda.
990 3055 1224 3106 Folzum.
1525 3059 1628 3110 Fel.
2077 3067 2122 3110 Ω
2262 3104 2326 3110 -__
2607 3104 2617 3110 _
2808 3104 2820 3110 -
2874 3103 2886 3110 .
2957 3103 2967 3110 .
3063 3103 3074 3110 .
3289 3104 3336 3110 μ
3392 3103 3403 3110 .
3461 3103 3470 3110 .
3527 3103 3557 3110 -
3615 3103 3624 3110 .

462 3067 674 3105 runaa.
990 3067 1224 3106 ponunt.
1525 3067 1628 3112 Fel.

462 3122 711 3177 Fluenta.
992 3125 1148 3178 Fons.
1527 3129 1751 3182 Femina

2153 3067 2396 3159 "filios
2871 3103 3250 3158 imitationem
3279 3103 3493 3158 Christi.
3519 3103 3675 3160 Facies.

461 3193 677 3261 Frigus.
997 3196 1307 3250 Ferculum.
1526 3200 1677 3252 Fera.
2141 3209 2238 3246 cor
2283 3191 2548 3256 hominis,
2573 3196 2640 3245 ut
2688 3191 2745 3246 in
2791 3191 2894 3246 Job
2923 3211 2934 3245 :
2971 3191 3209 3246 Levabis
3255 3192 3445 3248 faciem
3470 3197 3604 3246 tuam
3626 3185 3681 3240 ad

532 3281 764 3336 Faretra
793 3288 879 3337 est
921 3283 1198 3339 occultum
1237 3285 1513 3355 judicium
1559 3286 1680 3352 Dei,
1714 3293 1778 3341 ut
1825 3287 1882 3341 in
1910 3288 2014 3343 Job
2041 3308 2053 3344 :
2141 3281 2318 3334 Deum
2339 3279 2386 3314 ³⁵
2417 3299 2444 3333 )›
2473 3280 2532 3334 id
2556 3286 2662 3373 est,
2683 3279 2962 3373 eriges‘ad
2999 3281 3181 3373 Deum
3201 3298 3307 3373 cor-
3321 3287 3493 3373 tuum.
3521 3279 3680 3373 Facies.

469 3387 492 3421 ι
526 3369 817 3425 Faretram
845 3387 1008 3426 suam
1037 3373 1262 3443 aperuit
1302 3373 1342 3440 ⁷,
1368 3392 1396 3426 ι
1429 3373 1484 3428 id
1516 3380 1622 3440 est,
1651 3377 1929 3430 occultum
1964 3378 2062 3447 ju-
2143 3369 2400 3434 intentio,
2433 3375 2498 3422 ut
2525 3369 2584 3422 in
2613 3367 2718 3423 Job
2750 3386 2762 3421 :
2800 3388 2823 3419 ι
2859 3369 3096 3439 Operuit
3148 3370 3344 3424 faciem
3375 3369 3490 3440 ejus
3529 3367 3683 3420 crassi-

464 3457 673 3513 dicium
701 3475 868 3515 suum
891 3463 912 3484 '
933 3461 1193 3516 detraxit.
1228 3463 1477 3530 Faretra,
1497 3464 1837 3519 machinatio
1867 3482 2062 3536 pravo-
2143 3457 2278 3511 ιιιάο
2306 3455 2373 3522 ³⁸,
2408 3477 2432 3508 ι
2457 3457 2514 3511 id
2547 3463 2652 3523 est,
2699 3456 2876 3511 nimia
2907 3457 3261 3513 abundantia
3287 3457 3521 3528 οοιτυΡίῒ
3541 3455 3685 3508 inmn‘

464 3563 612 3613 rum,
644 3549 784 3603 utin
814 3549 1054 3604 Psalmis
1087 3568 1098 3604 :
1143 3569 1170 3604 α
1199 3551 1546 3622 Paraverunt
1576 3553 1811 3623 sagittas
1841 3570 1973 3609 suas

2161 3547 2357 3600 :ionem
2378 3547 2520 3616 ejus.
2574 3548 2776 3614 Facies,
2807 3547 3170 3613 conscientia,
3205 3554 3271 3603 ut
3298 3549 3358 3602 in
3394 3543 3683 3615 Evangelio:

467 3634 678 3691 faretra
703 3637 746 3702 ⁸,
775 3659 797 3688 ι
831 3638 888 3692 id
920 3645 1025 3705 est,
1077 3645 1461 3696 tractaverunt
1505 3642 1738 3696 consilia
1763 3659 1866 3697 sua
1891 3660 1989 3714 pra

2161 3638 2284 3692 :Tu
2330 3655 2459 3692 cum
2501 3639 2750 3709 jejunae,
2797 3655 2945 3709 unge
2979 3647 3152 3710 caput
3200 3647 3362 3694 tuum
3389 3637 3451 3702 π,
3479 3656 3504 3688 ι
3537 3635 3582 3688 id
3604 3638 3683 3696 est,

464 3724 524 3778 in
555 3725 987 3782 machinatione.
1010 3729 1257 3796 Faretra,
1291 3729 1522 3784 consilia
1539 3736 1880 3796 sanctorum,
1915 3737 1980 3786 ut
2005 3733 2064 3787 in
2144 3727 2396 3781 exhilara
2422 3732 2672 3782 mentem
2693 3733 2872 3794 tuam,
2908 3744 2933 3778 «
2965 3732 3024 3780 et
3051 3727 3251 3782 faciem
3283 3734 3436 3782 tuam
3457 3726 3582 3788 lava,
3609 3717 3688 3773 vid

467 3812 572 3868 Job
605 3831 618 3867 :
655 3833 682 3868 α
715 3815 897 3887 Super
921 3817 1106 3888 ipsum
1135 3820 1156 3841 ¹
1179 3817 1401 3872 sonabit
1426 3819 1691 3889 pharetra
1723 3819 1765 3886 θ,
1809 3837 1836 3872 ιο
1867 3819 1924 3874 id
1955 3827 2060 3888 est,
2145 3821 2250 3882 est,
2298 3816 2697 3870 conscientiam
2752 3823 2912 3871 tuam
2961 3817 3132 3870 nuda.
3182 3819 3382 3882 Facias,
3414 3812 3690 3886 praedicator

424 3901 436 3911 ’
469 3900 540 3956 ad
559 3904 941 3974 superandum
970 3904 1257 3962 diabolum
1278 3907 1508 3962 consilia
1523 3915 1844 3962 sanctorum
1867 3925 2062 3980 proce-
2145 3903 2399 3976 quilibet,
2412 3911 2478 3959 ut
2495 3905 2553 3959 in
2569 3904 2700 3960 Job:
2723 3925 2747 3957 σ
2771 3904 2966 3960 Facies
2978 3905 3394 3961 meaintumuit
3412 3920 3446 3958 a
3473 3903 3590 3956 ﬂetu
3604 3897 3654 3960 ",
3669 3916 3686 3944 ι

468 3989 621 4046 dent.
653 3992 902 4060 Faretra,
934 4010 1096 4048 sacra
1111 3995 1488 4066 Scriptura,ut
1513 3997 1574 4051 in
1593 3997 1798 4052 Genesi
1828 4014 1842 4048 :
1879 3999 1988 4052 «To

2165 3994 2202 4046 d
2221 3999 2324 4058 est,
2359 3994 2752 4065 praedicatores
2780 3994 2891 4048 mei
2929 3994 3149 4066 impleti
3180 4000 3317 4049 sunt
3341 3993 3506 4048 luctu.
3529 3989 3685 4044 Facies.

471 4094 632 4133 arma
659 4085 777 4142 tua,
797 4081 1067 4136 faretram
1097 4089 1155 4136 et
1179 4100 1370 4138 arcum
1385 4084 1452 4150 1°,
1489 4105 1512 4136 ι
1531 4085 1588 4139 id
1613 4091 1716 4151 est,
1748 4085 2062 4141 sanctifica-
2147 4083 2293 4136 bona
2319 4083 2485 4150 actio,
2535 4089 2602 4137 ut
2636 4083 2692 4136 in
2724 4082 2956 4137 Cantica
2989 4101 3000 4134 :
3053 4102 3075 4134 ι
3107 4079 3355 4138 Ostende
3385 4080 3513 4134 mihi
3535 4075 3690 4130 faciem

469 4165 682 4222 tionem
737 4169 1013 4236 videlicet,
1037 4187 1256 4225 sacram
1293 4172 1641 4242 Scripturam
1689 4179 1746 4227 et
1791 4175 2062 4246 praedica-
2145 4177 2322 4238 tuam,
2353 4179 2516 4226 sonet
2544 4189 2647 4226 vox
2676 4177 2778 4226 tua
2803 4172 2862 4226 in
2884 4171 3116 4226 auribus
3141 4171 3286 4225 meis
3305 4171 3352 4205 ³⁸
3376 4189 3389 4237 ;
3419 4187 3446 4222 ιν
3475 4161 3690 4221 ostenda-

471 4255 706 4311 tionem.
2143 4267 2240 4315 tur
2266 4261 2504 4316 Domino
2527 4261 2696 4316 facies
2725 4261 2868 4316 bene
2897 4261 3202 4332 operando,
3222 4259 3539 4315 ostendatur
3551 4261 3600 4308 et
3613 4266 3689 4302 vox

541 4346 712 4400 Faber
737 4352 826 4402 est
851 4346 1124 4414 diabolus,
1175 4355 1240 4403 ut
1290 4349 1350 4403 in
1396 4351 1706 4421 propheta:
1741 4371 1764 4404 α
1791 4353 1928 4407 Ecce
1957 4369 2124 4454 egon
2145 4350 2447 4406 salubriter
2499 4351 2876 4422 praedicando.
2932 4353 3130 4413 Facies,
3179 4355 3342 4454 vetus
3390 4347 3490 4410 lex,
3559 4338 3688 4454 ιιζίιι

471 4434 694 4490 mittam
720 4434 942 4491 fabrum
971 4437 1294 4492 suﬁlantem
1325 4438 1386 4503 ¹¹,
1428 4458 1450 4488 ι
1483 4438 1542 4492 ιί1
1584 4445 1686 4506 est,
1737 4427 2124 4512 permittam”
2145 4441 2332 4495 Exodo
2358 4459 2369 4493 :
2405 4460 2427 4493 ι
2455 4441 2654 4494 Posuit
2679 4441 2935 4494 velamen
2963 4441 3168 4510 super“
3197 4437 3400 4492 faciem
3428 4449 3572 4490 suam
3601 4427 3686 4492 3'”

471 4523 758 4578 diabolum
785 4530 1100 4580 tentantem
1129 4543 1225 4581 eos
1253 4526 1541 4582 infestare.
1577 4531 1762 4595 Faber,
1805 4530 2057 4600 quilibet,
2144 4529 2294 4600 quod
2323 4535 2483 4583 vetus
2522 4529 2610 4582 lex
2638 4532 2660 4553 θ
2692 4529 2966 4583 velamine
3021 4534 3176 4582 tecta
3208 4532 3316 4590 est.
3365 4527 3547 4586 Facies,
3583 4532 3690 4591 pm

471 4611 804 4680 obstinatus,
829 4619 896 4668 ut
924 4615 982 4668 in
1013 4615 1158 4670 Isaia
1193 4634 1204 4669 :
1232 4634 1263 4669 α
1287 4615 1468 4672 Faber
1495 4618 1758 4673 conﬂavit
1787 4621 1806 4642 '
1835 4618 2064 4673 fascicu-
2145 4619 2328 4672 sentia
2355 4617 2710 4684 Antichristi,
2741 4623 2808 4672 ut
2837 4618 2894 4671 in
2917 4617 3021 4672 Job
3053 4633 3069 4667 :
3110 4637 3132 4668 ι
3165 4615 3392 4670 Faciem
3428 4614 3540 4682 ejus
3577 4622 3688 4678 pra!-

471 4700 586 4754 lam
613 4699 712 4765 1’,»
760 4703 910 4772 quod
951 4703 1264 4760 obstinatus
1294 4705 1546 4776 quilibet,
1572 4707 1719 4776 quod
1749 4707 1926 4772 ﬁnxit,
1959 4708 2063 4762 hoc
2143 4707 2292 4761 cedit
2335 4712 2554 4776 egestas
2587 4706 2653 4773 εί,
2685 4725 2708 4758 ι
2771 4707 2920 4777 quod
2967 4704 3450 4778 appropinquante
3491 4697 3687 4752 adventu

470 4787 531 4842 in
557 4789 726 4844 corde
753 4807 854 4845 suo
885 4793 1208 4848 confirmat.
1230 4795 1419 4858 Faber,
1451 4794 1728 4862 adulator,
1746 4796 1876 4850 utin
1891 4797 2057 4850 Isaia:
2141 4795 2490 4861 Antichristi,
2511 4795 2702 4867 inopia
2720 4794 3038 4849 sanctitatis
3066 4793 3176 4848 erit
3201 4793 3261 4847 in
3292 4790 3511 4847 mundo.

477 4895 503 4929 α
533 4875 716 4932 Faber
733 4877 1004 4934 ferrarius
1023 4881 1153 4936 lima
1184 4887 1449 4954 operatus
1465 4892 1550 4936 est
1571 4881 1632 4948 ‘3,
1659 4902 1687 4936 ι
1718 4883 1776 4936 id
1792 4888 1895 4946 est,
1927 4884 2062 4938 adu-
2215 4885 2527 4938 Fasciculus
2579 4890 2668 4938 est
2723 4883 2908 4954 passio
2967 4883 3195 4948 Christi,
3253 4888 3320 4936 ut
3360 4881 3418 4934 in
3462 4872 3685 4932 Cantico:

467 4967 616 5022 lator
642 4966 818 5022 durus
850 4970 871 4991 '
901 4967 1236 5024 blandiendo
1263 4971 1486 5025 locutus
1523 4975 1628 5024 est.
1661 4972 1848 5038 Faber,
1902 4973 2061 5026 Chri-
2144 4989 2174 5024 α
2194 4971 2515 5026 Fasciculus
2549 4971 2801 5044 myrrhea
2813 4971 3051 5025 dilectus
3063 4987 3222 5024 meus
3247 4967 3458 5030 mihi”,
3493 4985 3515 5016 ι
3534 4963 3582 5017 id
3605 4963 3683 5018 θείς

465 5061 605 5122 stus,
636 5060 702 5111 ut
737 5055 797 5111 in
825 5057 1124 5128 Evangelia
1153 5077 1165 5112 :
1211 5077 1238 5112 α
1270 5060 1470 5114 Nonne
1497 5059 1588 5114 hic
1616 5064 1703 5114 est
1727 5059 1885 5114 faber
1917 5059 1959 5094 ¹⁴
1979 5061 2004 5113 ?
2029 5080 2054 5113 ι
2142 5060 2400 5114 Christus
2431 5059 2707 5130 praeponit
2763 5060 2903 5114 mihi
2959 5059 3018 5113 in
3057 5059 3373 5130 exemplum
3418 5052 3685 5127 passione!Il

467 5144 616 5216 quod
636 5145 828 5200 omnia
852 5146 973 5218 ipse
1003 5146 1307 5202 fabricavit.
2139 5149 2337 5202 mortis
2364 5164 2502 5202 suae.
2559 5149 2669 5202 Per
2721 5150 3052 5216 fasciculum
3094 5153 3341 5218 peccata,
3371 5151 3435 5200 ut
3459 5145 3514 5197 in
3539 5136 3683 5196 Isaia:

536 5233 556 5267 ¹
589 5233 881 5308 Exomxm
914 5235 969 5308 τί.
1003 5235 1026 5270 ²
1046 5235 1158 5308 Job
1185 5250 1370 5308 xxxix,
1401 5235 1490 5290 28.
1509 5237 1535 5272 ³
1558 5238 1731 5308 Apoc.
1763 5252 1876 5304 xxx,
1897 5235 1989 5290 14.
2013 5237 2036 5271 ⁴
2057 5234 2256 5308 Matth.
2284 5251 2420 5300 xxn,
2449 5234 2501 5292 9.
2527 5236 2550 5270 ⁵
2579 5236 2946 5308 Psal._cxvm,
2975 5234 3099 5292 136.
3125 5235 3320 5308 8Psal.
3339 5246 3493 5308 cxm,
3513 5219 3684 5308 1.’{gb

465 5317 590 5374 xxx,
626 5303 710 5360 l'l.
755 5306 779 5341 ⁸
809 5290 958 5360 Psal.
1000 5295 1056 5372 κζ
1093 5307 1147 5360 2.
1177 5307 1202 5342 ⁹
1227 5307 1331 5361 Job
1358 5290 1509 5374 xxx1,
1550 5290 1638 5362 26.
1683 5307 1728 5342 ¹⁰
1767 5290 1907 5362 Gen.
1957 5323 1987 5362 x

2155 5349 2166 5374 ,
2201 5307 2250 5362 3.
2293 5308 2334 5342 υ
2378 5290 2486 5362 Ιέά.
2521 5320 2630 5373 ων,
2683 5290 2986 5362 16.12135.
3019 5290 3228 5373 xL,19.
3262 5304 3424 5359 Msa
3451 5290 3594 5374 xi.ng
3611 5290 3677 5374 1g.

465 5371 514 5406 ¹⁴
539 5363 718 5445 Marc.
739 5390 815 5442 v1,
847 5376 900 5430 3.
934 5377 981 5413 ίδ
1009 5363 1208 5434 Matth.
1241 5392 1398 5432 xvm.
1425 5363 1594 5441 10:}o
1622 5379 1768 5433 Psal.
1801 5394 1898 5444 xu,
1937 5383 1982 5433 1.

2153 5363 2226 5432 al.
2259 5392 2409 5440 xxvx,
2432 5378 2498 5445 9;
2534 5363 2706 5443 01,3;
2741 5391 2910 5443 chu,
2945 5376 2996 5432 7.
3040 5363 3256 5431 18'Psal.
3281 5389 3392 5438 crv,
3422 5375 3473 5426 4.
3503 5370 3544 5405 ¹⁹
3559 5363 3675 5445 P53}.

461 5455 516 5520 ε,
543 5443 641 5520 μζ..
680 5443 727 5479 ιο
773 5431 1274 5520 πέμμφχῖέιάῖςῖ
1311 5431 1580 5520 satis,
1619 5431 1766 5504 siis
1802 5431 1983 5505 3313s:

2153 5431 2555 5514 ..θέεείΕέεειηί
2578 5431 2630 5504 6.
2657 5431 2726 5484 su
2759 5431 2924 5520 Apoc.
2956 5431 3101 5520 xm,
3132 5449 3218 5520 ω.
3250 5445 3298 5480 ἐ
3320 5431 3426 5520 1o);
3458 5453 3584 5520 se
3606 5431 3675 5520 εξ·

459 5511 643 5641 ῗᾶῐὲὺ
669 5529 759 5580 xv,
784 5515 876 5572 17.
905 5518 952 5554 ³⁷
980 5510 1180 5576 Matth.
1203 5535 1280 5584 v1,
1315 5521 1400 5575 17.
1433 5519 1480 5556 ³⁸
1509 5510 1613 5576 Job
1643 5535 1757 5586 xvx,
1783 5521 1872 5576 16.
1903 5520 1981 5562 ³⁸η

2168 5535 2230 5586 n,
2257 5521 2348 5576 14.
2377 5519 2426 5554 3°
2464 5510 2634 5575 Exod.
2665 5510 2850 5583 xxxrv,
2883 5519 2974 5574 33.
3007 5518 3050 5554 ³¹
3081 5510 3184 5574 Job
3219 5533 3330 5583 xu,
3363 5515 3448 5572 13.
3481 5511 3524 5546 δ’
3545 5510 3675 5564 Cant-

458 5598 498 5650 ι,
525 5598 614 5641 1.5.
655 5629 666 5640 .
