3818 6168
171 312 245 367 921

171 453 195 486 ι
215 431 343 487 Solve
381 422 642 480 fasciculos
683 419 1061 489 deprimentes
1083 419 1125 483 ί,
1164 443 1190 468 ι»

1017 294 1446 352 ALLEGORIA'I
1481 295 1560 350 IN
1598 293 1890 348 SACRAM
1929 295 2408 350 SCRIP'I'URAM.

1231 420 1288 474 id
1343 427 1446 486 est,
1498 419 1740 491 abjiceA
1761 435 1926 475 nemo
1944 425 2000 475 te
2020 420 2381 492 despiciet";
2421 441 2444 469 ιι
2475 435 2540 474 ac
2567 421 2615 474 si
2635 419 2811 474 dicat:
2839 420 3068 474 Utinam
3093 418 3228 473 mihi
3260 417 3357 472 ali-

3250 291 3354 350 9‘2‘2

167 541 193 576 a
213 529 256 574 ιε
282 519 490 590 peccata,
509 526 623 582 quae
650 513 705 561 te
733 512 1014 578 premunt.
1049 508 1156 562 Per
1181 511 1512 576 fasciculum
1540 526 1674 564 con-
1757 509 1882 579 quis
1911 510 2195 564 Christum
2223 509 2562 577 ostendeetr,
2590 510 2686 580 qui
2710 508 2780 564 de
2804 509 3012 563 Judaeis
3042 507 3353 562 secundum
3389 519 3394 523 '

168 605 386 663 venticula
402 603 792 661 damnatorum,
823 603 888 649 ut
915 596 972 650 in
1003 597 1300 667 Evangelia
1335 617 1346 651 :
1381 616 1410 650 α
1432 599 1675 669 Alligate
1744 615 1980 653 carnem
2013 606 2178 653 natus
2209 604 2312 652 est.
2346 599 2612 652 Doctores
2641 598 2780 668 legis
2805 597 3118 669 quibusque
3150 596 3355 650 sabba-

165 693 397 752 fasciculos
420 690 484 744 ad
510 685 941 741 comburendum
961 684 1004 750 ²,
1042 706 1062 736 ι
1097 687 1266 756 quod,
1301 687 1396 758 qui
1438 687 1528 740 hic
1573 704 1675 758 pa-

166 802 233 840 res
254 784 446 837 fuerunt
463 777 518 831 in
543 775 717 846 culpa,
751 773 829 827 ibi
858 790 1022 844 pares
1051 781 1219 829 erunt
1246 775 1306 830 in
1336 792 1520 847 paena.

217 875 322 927 Falx
356 874 430 922 est
465 865 702 920 divinum
733 863 1029 934 judicium,
1074 870 1138 918 ut
1183 863 1241 918 in
1296 865 1632 937 Apocalypsi
1667 885 1679 919 τ

168 985 184 1013 ι
211 962 264 1016 Et
292 959 341 1012 in
375 972 531 1010 manu
569 969 670 1007 sua
705 952 902 1006 falcem
953 959 1176 1007 acutam
1192 953 1234 1020 ³,
1273 973 1296 1004 ι
1329 955 1479 1024 quod
1521 953 1684 1008 Chri-

165 1057 252 1103 stus
265 1047 315 1101 in
332 1062 421 1099 sua
438 1048 702 1115 potestate
725 1041 894 1096 habet
917 1041 1192 1110 judicium
1224 1043 1501 1096 strictum.
1527 1045 1678 1106 Fair,

164 1154 288 1201 mors,
310 1133 433 1188 utin
466 1130 754 1201 Evangelia
785 1141 861 1184 2'-
898 1130 1102 1185 Statim
1143 1131 1318 1185 mittit
1356 1131 1554 1184 falcem
1577 1131 1618 1196 ⁴,
1658 1150 1679 1181 ι

165 1227 273 1297 quod
291 1223 667 1292 adesttempus,
683 1219 949 1290 quoniam
963 1219 1173 1274 electus
1191 1219 1444 1290 quilibet,
1461 1219 1684 1291 quando

163 1315 211 1368 ad
232 1312 490 1384 perfectam
509 1309 860 1366 sanctitatem
879 1309 1151 1380 pervenit,
1179 1310 1251 1364 ad
1276 1309 1560 1363 caelestem
1593 1325 1684 1362 re-

164 1401 303 1472 quiem
325 1415 416 1470 per
443 1403 671 1452 mortem
698 1396 1068 1452 subtrahitur.

211 1491 416 1543 Flamma
443 1492 524 1540 est
549 1485 811 1556 cognitio,
846 1491 910 1539 ut
951 1485 1008 1539 in
1052 1486 1240 1540 Exodo
1272 1504 1282 1538 :
1321 1506 1346 1536 «
1378 1486 1683 1557 Apparuit-

162 1594 239 1648 que
260 1577 301 1630 ei
326 1577 458 1630 Deus
485 1575 541 1628 in
583 1575 814 1628 flamma
853 1574 998 1645 ignis
1013 1574 1053 1641 ⁵,
1095 1595 1118 1625 ι
1154 1575 1210 1628 id
1253 1580 1357 1641 est,
1391 1575 1448 1628 in
1491 1575 1684 1645 cogni-

162 1666 271 1748 tione
294 1665 430 1734 legis.
455 1665 720 1728 Flamma,
746 1662 982 1734 quilibet
1003 1663 1353 1733 praedicator,
1370 1669 1434 1717 ut
1455 1664 1512 1717 in
1532 1665 1684 1734 Apo-

1761 687 1835 740 tis
1863 687 2093 752 audivit,
2127 694 2191 742 ut
2211 705 2342 742 eum
2369 704 2561 741 verum
2587 687 2872 741 hominem
2895 686 3214 757 intelligens
3235 685 3358 756 ejus

1763 794 1956 848 pacem
1978 777 2199 849 plenam
2215 777 2513 840 inveniam,
2536 781 2594 830 et
2609 775 2898 846 gentilitas
2918 792 3008 830 me
3027 780 3357 830 excmcatam

1763 870 1818 919 et
1848 864 2204 936 reprobatam
2225 865 2462 920 ulterius
2483 865 2712 918 minime
2742 865 2910 918 dicat.
2945 865 3156 926 Frater,
3189 861 3357 934 quili-

1765 953 1860 1008 bet
1879 955 2251 1018 Christianus,
2267 960 2332 1008 ut
2356 953 2414 1008 in
2437 954 2645 1008 Paulo:
2674 973 2696 1003 σ
2721 953 2778 1008 Si
2812 953 2938 1024 quis
2971 953 3148 1006 frater
3173 952 3357 1006 nomi-

1766 1049 1934 1096 natur
1957 1042 2019 1108 ¹⁰,
2057 1064 2080 1091 ι
2115 1042 2172 1097 id
2201 1047 2304 1107 est,
2336 1041 2382 1095 si
2429 1041 2555 1112 quis
2592 1058 2693 1112 pro
2738 1039 3058 1095 Christiano
3095 1039 3354 1094 habetur.

1767 1133 1978 1194 Frater,
2022 1130 2256 1202 quilibet
2281 1130 2460 1185 bonus
2483 1130 2669 1196 homo,
2693 1129 2836 1184 utin
2863 1127 3162 1199 Evangelia
3191 1146 3204 1182 :
3242 1147 3265 1177 ε
3299 1128 3360 1182 Si

1767 1220 1893 1290 quis
1912 1220 2108 1274 fecerit
2122 1236 2311 1274 vocem
2323 1219 2506 1274 Patris
2517 1218 2647 1284 mei,
2662 1219 2781 1290 ipse
2797 1235 2955 1272 meus
2964 1217 3142 1272 frater
3160 1216 3318 1271 est”.
3330 1236 3354 1270 »

1767 1309 1876 1363 Per
1892 1311 2098 1376 fratres
2117 1307 2512 1378 apostoli,utin
2526 1307 2824 1378 Evangelia
2843 1326 2886 1360 :c
2903 1307 3057 1360 Vade
3073 1305 3145 1360 ad
3158 1306 3360 1360 fratres

1768 1414 1922 1453 meos
1945 1397 2023 1465 '-";
2074 1415 2101 1451 ν
2144 1398 2200 1450 id
2231 1403 2335 1462 est,
2368 1397 2440 1451 ad
2473 1397 2776 1468 discipulos
2813 1411 2986 1450 meas.
3020 1396 3128 1450 Per
3155 1397 3360 1462 fratres

1765 1486 1987 1556 cognati
2019 1486 2246 1551 Christi,
2280 1491 2344 1540 ut
2369 1485 2428 1540 in
2459 1484 2763 1555 Evangelia
2799 1502 2812 1538 :
2848 1503 2872 1535 ι
2899 1484 3036 1538 Ecce
3059 1489 3242 1537 mater
3260 1488 3363 1537 tua

1767 1580 1824 1628 et
1849 1575 2050 1630 fratres
2078 1575 2162 1629 tui
2190 1574 2325 1629 faris
2352 1580 2506 1629 stant
2524 1573 2588 1628 ³³.
2625 1593 2648 1626 ι
2681 1575 2936 1638 Quatuor
2961 1572 3144 1626 modis
3172 1571 3362 1626 dicun-

1766 1669 1861 1718 tur
1887 1664 2090 1718 fratres
2115 1683 2126 1716 :
2154 1670 2375 1729 natura,
2403 1670 2468 1717 ut
2499 1663 2645 1717 Esau
2681 1667 2739 1716 et
2776 1660 2946 1717 Jacob
2965 1661 3031 1727 ³³,
3062 1668 3250 1731 gente,
3299 1667 3363 1714 ut

163 1737 318 1824 mlypsi
347 1772 357 1804 ε
391 1771 415 1804 ι
443 1751 596 1806 Oculi
625 1753 750 1822 ejus
779 1752 926 1806 sicut
973 1754 1202 1806 ﬂamma
1231 1752 1376 1822 ignis
1395 1752 1437 1820 θ,
1473 1776 1496 1800 ι»
1534 1753 1680 1824 quod
1699 1737 1747 1796 Β
1765 1770 1960 1807 omnes
1988 1753 2164 1807 Judaei
2177 1752 2242 1818 ιδ,
2277 1752 2627 1824 cognatione,
2660 1758 2723 1806 ut
2760 1750 3044 1805 Abraham
3085 1755 3142 1804 et
3169 1752 3274 1804 Lat
3293 1748 3358 1814 ’5,

161 1841 290 1896 sancti
313 1841 684 1912 praedicatores
713 1841 854 1896 alios
878 1841 1236 1895 inﬂammant
1275 1847 1333 1894 et
1355 1841 1680 1895 incendunt.

165 1933 368 1990 Flamma,
397 1930 661 2001 voluptas,
696 1936 762 1983 ut
789 1931 848 1984 in
874 1929 978 1985 Job
1011 1948 1023 1982 :
1064 1951 1086 1979 ι
1125 1930 1333 1984 Ramos
1363 1931 1485 2001 ejus
1511 1930 1686 1984 arefa-

159 2019 235 2072 ciet
259 2019 458 2072 ﬂamma
473 2019 512 2085 7,
551 2042 566 2064 -
603 2018 660 2072 id
709 2024 814 2085 est,
866 2035 1037 2090 opera
1073 2020 1196 2089 ejus
1239 2019 1491 2073 destruet
1535 2020 1686 2073 volu-

159 2115 262 2178 ptas.
281 2109 520 2172 Flamma,
553 2107 737 2178 gloria
772 2108 1120 2179 temporalis,
1157 2114 1222 2162 ut
1250 2108 1309 2162 in
1338 2107 1440 2162 Job
1474 2127 1485 2160 :
1515 2127 1540 2160 ι
1569 2109 1685 2162 Nec

157 2195 404 2266 splendebit
430 2197 654 2250 flamma
695 2197 842 2266 ignis
884 2197 1059 2268 ejus”,
1099 2219 1124 2250 ι)
1156 2197 1212 2251 id
1243 2203 1352 2259 est,
1382 2214 1496 2252 non
1522 2197 1686 2252 dura-

157 2283 214 2338 bit
230 2285 380 2354 gloria
397 2285 694 2356 voluptatis
709 2287 848 2356 ejus.
878 2287 1146 2352 Flamma,
1170 2287 1526 2341 vehementia
1549 2287 1685 2340 mali

155 2371 373 2439 desiderii,
403 2380 462 2428 ut
489 2374 544 2428 in
577 2375 823 2428 Psalmis
855 2393 867 2428 :
905 2396 928 2424 ι
961 2374 1078 2428 Vox
1107 2375 1331 2429 Domini
1353 2375 1687 2430 interciden-

155 2461 206 2514 tis
239 2463 488 2516 ﬂammam
535 2463 687 2533 ignis
702 2463 744 2529 θ,
783 2483 806 2513 ι
847 2462 904 2516 id
945 2469 1048 2529 est,
1106 2463 1428 2534 praedicatio
1479 2464 1686 2518 Christi

155 2550 426 2605 destruentis
469 2552 746 2606 fervorem
801 2553 963 2606 mala:
1012 2552 1356 2624 cupiditatis.
1409 2553 1680 2620 Flamma,

155 2639 378 2708 instigatio
402 2640 626 2707 diaboli,
652 2647 716 2696 ut
759 2640 818 2696 in
847 2640 952 2695 Job
987 2660 998 2694 :
1036 2664 1061 2690 η
1097 2641 1166 2696 Et
1215 2642 1447 2696 flamma
1475 2642 1546 2696 de
1591 2659 1688 2696 ore

156 2727 244 2795 ejus
283 2729 575 2798 egredietur
595 2729 664 2796 ‘0,
697 2750 724 2782 ιι
771 2731 918 2802 quod
967 2746 1001 2806 a
1051 2729 1271 2784 diabolo
1300 2731 1589 2801 instigatio
1617 2731 1684 2785 ad

155 2816 314 2870 malum
359 2819 617 2888 procedit.
672 2819 780 2873 Per
811 2823 1100 2889 ﬂammam
1147 2818 1294 2873 bona
1345 2819 1682 2890 praedicatio,

155 2904 214 2956 vel
230 2903 352 2959 bona
375 2908 643 2979 exempla,
674 2913 739 2962 ut
767 2908 827 2962 in
853 2907 1084 2962 Cantica
1117 2925 1128 2960 :
1157 2926 1185 2958 α
1202 2909 1514 2978 Lampades
1543 2910 1684 2979 ejus,

156 2991 383 3064 lampades
410 2995 550 3067 ignis
595 3003 768 3068 atque
793 2996 1230 3062 ﬂammarum“,
1264 3016 1286 3047 ι
1321 2997 1470 3067 quod
1509 2998 1689 3052 sancti

1766 1843 1986 1907 affectu,
2017 1848 2082 1896 ut
2109 1858 2303 1895 omnes
2333 1841 2428 1912 qui
2459 1841 2627 1896 ﬁdem
2658 1839 2895 1894 invicem
2926 1838 3224 1894 servant”.

1839 1932 2109 1998 Fragmcn
2131 1935 2218 1984 est
2237 1930 2422 2000 passio
2447 1929 2677 1994 Christi,
2701 1935 2764 1983 ut
2779 1929 2838 1982 in
2861 1927 3118 1982 Cantica:
3149 1947 3172 1978 ι
3209 1927 3366 1982 Sicut

1766 2020 2020 2090 fragmen
2049 2020 2182 2074 mali
2204 2018 2414 2090 punici,
2436 2019 2518 2072 ita
2537 2035 2695 2089 genae
2719 2024 2829 2072 tua:
2845 2015 2911 2081 ’7,
2934 2036 2961 2070 in
2984 2016 3132 2086 quod
3156 2016 3365 2070 Christi

1767 2109 2082 2181 passionem
2107 2107 2284 2163 sancti
2309 2109 2432 2178 ejus
2451 2114 2730 2178 martyres
2747 2105 3061 2160 imitantur.
3080 2105 3188 2159 Per
3212 2107 3365 2173 frag-

1767 2215 1895 2253 men
1925 2197 2230 2252 secretiora
2265 2197 2424 2268 legis,
2457 2203 2523 2251 ut
2565 2195 2623 2250 in
2661 2193 2959 2264 Evangelia
2991 2213 3003 2246 :
3044 2213 3066 2242 ο
3103 2192 3364 2262 Colligite

1769 2304 1893 2359 quae
1941 2291 2347 2358 superaverunt
2398 2281 2791 2354 fragmenta”,
2826 2300 2852 2334 ι
2882 2281 3030 2352 quod
3063 2281 3366 2335 secretiora

1769 2377 1928 2447 legis,
1967 2393 2090 2446 quae
2129 2375 2376 2428 minores
2424 2389 2623 2444 capere
2666 2387 2780 2426 non
2825 2374 3077 2441 possunt,
3109 2369 3364 2424 doctores

1769 2465 1920 2536 apud
1948 2482 2008 2519 se
2037 2480 2258 2518 servare
2288 2462 2514 2517 debent.

1841 2555 2068 2608 Framca
2089 2559 2174 2608 est
2184 2553 2462 2618 Christus,
2486 2552 2627 2605 utin
2651 2550 2922 2605 Psalmis:
2947 2571 2970 2598 ι
2999 2547 3233 2603 Etfunde
3252 2547 3366 2600 fra-

1770 2659 1956 2698 meam
1974 2643 2040 2706 99,
2071 2662 2092 2694 ι
2117 2642 2170 2696 id
2194 2642 2534 2706 est,notifica
2543 2639 2830 2694 Christum
2844 2637 3181 2708 mundo,per
3199 2651 3366 2706 quem

1770 2731 2083 2786 debellatus
2102 2749 2160 2785 es
2184 2731 2403 2785 hostem
2429 2729 2744 2799 antiquum.
2779 2729 3029 2791 Framea,
3061 2725 3270 2789 anima,
3303 2731 3368 2779 ut

1773 2821 1831 2876 in
1853 2821 2090 2876 Psalmis
2123 2840 2134 2874 :
2173 2840 2196 2871 ε
2231 2821 2526 2874 Frameam
2571 2824 2730 2872 tuam
2771 2815 2842 2870 ab
2887 2815 3131 2870 inimicis
3168 2828 3370 2868 manus

1771 2916 1882 2965 tua:
1903 2909 1970 2973 3°,
2008 2930 2034 2964 ι
2067 2910 2124 2963 id
2157 2914 2260 2974 est,
2291 2909 2539 2962 animam
2569 2905 2640 2961 ab
2683 2905 2872 2976 impiis
2905 2904 3079 2975 eripe.
3116 2904 3367 2966 Framca,

1772 3016 1941 3064 mors,
1977 3004 2041 3054 ut
2069 2999 2127 3052 in
2157 2998 2396 3053 Psalmis
2429 3016 2441 3050 :
2483 3017 2506 3049 ι
2554 2997 2699 3052 Erue
2731 3011 2766 3049 a
2788 2995 3003 3048 framea
3019 2993 3084 3061 3‘,
3119 3011 3149 3046 »
3181 2991 3239 3046 id
3265 2995 3368 3057 est,

155 3081 229 3134 viri
249 3083 361 3137 etin
379 3085 488 3139 Deo
506 3087 712 3140 ardent
731 3092 789 3140 et
805 3085 932 3139 aliis
949 3084 1095 3139 bona
1125 3085 1382 3156 exempla
1421 3085 1690 3158 praebent.
1711 3090 1753 3149 C
1776 3104 1910 3142 erue
1931 3105 1966 3142 a
1985 3094 2220 3153 morte,«
2235 3087 2404 3152 Deus,
2425 3086 2672 3140 animam
2693 3101 2898 3138 meam.
2927 3103 2950 3133 ι
2971 3083 3079 3137 Per
3094 3084 3372 3150 frameam

205 3171 357 3226 Fames
383 3180 466 3228 est
490 3175 684 3246 inopia
718 3174 960 3236 virtutis,
992 3181 1058 3228 ut
1085 3173 1143 3228 in
1171 3173 1274 3227 Job
1306 3193 1317 3228 :
1359 3194 1381 3226 ι
1416 3176 1691 3228 Attenue-

155 3263 223 3310 tur
246 3260 369 3316 fame
395 3263 560 3318 robur
587 3265 714 3334 ejus
727 3262 791 3328 ¹²,
815 3263 962 3334 quod
982 3263 1192 3334 impius
1212 3262 1444 3332 quilibet
1464 3269 1694 3334 propter

156 3345 346 3418 inopiam
379 3353 690 3407 sanctitatis
735 3352 1087 3423 spiritualem
1143 3351 1532 3406 fortitudinem
1577 3369 1690 3406 non

155 3434 295 3491 habet.
333 3441 526 3506 Fames,
570 3441 831 3507 tentatio,
884 3447 949 3494 ut
990 3440 1049 3494 in
1099 3439 1203 3494 Job
1235 3459 1247 3494 :
1287 3461 1312 3492 α
1346 3442 1410 3495 In
1456 3440 1603 3494 fame
1635 3447 1692 3495 te

154 3532 274 3579 emet
295 3543 327 3580 a
350 3536 522 3584 marte
541 3529 608 3596 ‘3,
651 3554 670 3577 ι
707 3530 765 3583 id
791 3535 894 3595 est,
926 3529 984 3582 in
1005 3529 1314 3582 tentatione
1335 3535 1391 3582 te
1411 3536 1686 3600 proteget,

153 3628 203 3665 ne
223 3619 524 3673 consentias.
557 3620 766 3685 Fames,
799 3617 1156 3671 taciturnitas
1179 3618 1348 3685 mala,
1381 3627 1445 3672 ut
1473 3618 1530 3672 in
1560 3635 1691 3689 pro-

155 3700 281 3768 pheta
305 3722 320 3758 :
349 3724 374 3758 ι
401 3707 524 3761 Non
551 3707 764 3761 famem
791 3705 970 3777 panis,
1005 3705 1104 3759 sed
1143 3705 1408 3760 audiendi
1462 3706 1692 3762 verbum

155 3787 226 3843 Dei
242 3791 292 3844 “.
325 3813 346 3843 ι

204 3879 380 3936 Farina
407 3891 491 3938 est
514 3884 730 3938 munda
763 3883 1047 3954 cogitatio,
1079 3889 1146 3938 ut
1190 3883 1248 3938 in
1277 3883 1424 3939 Osea
1461 3903 1473 3937 :
1511 3904 1537 3936 (ί
1568 3884 1695 3938 Non

1773 3176 2131 3242 tentationes,
2180 3181 2245 3230 ut
2289 3177 2348 3230 in
2379 3175 2617 3228 Psalmis
2669 3195 2681 3228 :
2725 3192 2751 3224 α
2786 3170 3003 3226 Inimici
3049 3171 3374 3226 defecerunt

1773 3264 1999 3319 framea;
2013 3263 2078 3326 πθ,
2115 3289 2136 3310 υ
2164 3264 2340 3330 idest,
2359 3262 2700 3334 tentationes
2722 3259 2929 3315 diaboli
2945 3265 3220 3314 enervata:
3240 3265 3374 3314 sunt

1773 3370 1875 3424 per
1903 3353 2210 3408 Christum.

1847 3443 2020 3495 Favus
2049 3447 2135 3495 est
2164 3440 2445 3507 divinitas,
2489 3446 2554 3494 ut
2598 3440 2656 3493 in
2704 3438 3007 3508 Evangelia
3041 3461 3055 3494 :
3090 3457 3114 3488 σ
3147 3438 3372 3490 Partem

1775 3530 1941 3602 piscis
1985 3529 2095 3583 assi
2155 3534 2213 3583 et
2259 3529 2446 3582 favum
2498 3527 2680 3581 mellis
2716 3526 2781 3591 ³³,
2829 3547 2851 3577 ι
2906 3525 3054 3596 quod
3097 3523 3374 3595 passionis

1775 3619 1942 3673 modo
1959 3618 2274 3688 exemplum
2305 3615 2559 3688 praebens
2608 3614 2788 3680 nobis,
2820 3613 3112 3668 divinitate
3139 3628 3244 3666 sua
3269 3627 3372 3666 nos

1774 3708 1834 3762 in
1863 3706 2272 3762 resurrectione
2302 3705 2534 3759 reficiet.
2569 3705 2763 3770 Favus,
2787 3701 3112 3757 humanitas
3140 3699 3368 3766 Christi,

1774 3803 1840 3852 ut
1867 3797 1927 3850 in
1956 3795 2186 3850 Cantica
2210 3810 2224 3848 :
2250 3813 2278 3848 ι
2300 3793 2532 3848 Comedi
2548 3791 2734 3847 favum
2763 3808 2890 3846 cum
2917 3791 3083 3845 melle
3103 3788 3306 3856 meo“,
3343 3811 3370 3838 a-

1779 3885 1836 3941 id
1852 3891 1956 3949 est,
1981 3883 2192 3939 credidi
2209 3883 2511 3937 maximam
2531 3899 2651 3936 esse
2663 3881 3073 3935 humanitatem
3092 3895 3220 3934 cum
3238 3878 3375 3934 divi-

153 3969 274 4022 estin
299 3987 358 4025 eo
378 3989 633 4044 germen,
668 3979 725 4027 et
750 3989 862 4027 non
887 3973 1056 4028 faciet
1084 3973 1325 4028 farinam
1342 3974 1406 4038 ‘5,
1441 3993 1468 4026 ι
1500 3973 1558 4027 id
1589 3979 1691 4038 est,
1777 3975 1973 4030 nitate.
2008 3975 2203 4038 Favus,
2227 3971 2488 4026 litterulis
2517 3971 2852 4037 intellectus,
2869 3975 2934 4024 ut
2957 3969 3017 4024 in
3038 3968 3324 4024 Parabalis
3356 3987 3368 4022 :

156 4069 237 4110 non
263 4066 337 4112 est
364 4061 419 4114 in
459 4079 526 4116 ea
564 4062 909 4116 desiderium
946 4061 1178 4126 bonum,
1205 4069 1263 4116 et
1288 4079 1402 4116 non
1429 4069 1516 4117 est
1543 4063 1601 4116 in
1630 4079 1696 4116 ea
1783 4083 1804 4116 ι
1833 4070 1892 4118 et
1922 4065 2080 4118 favus
2104 4062 2286 4116 dulcis
2305 4061 2525 4132 gutturi
2547 4076 2673 4114 mea
2695 4058 2761 4125 ³⁵,
2797 4077 2826 4114 υ
2852 4059 2910 4113 id
2938 4065 3042 4123 est,
3069 4059 3259 4113 littera
3284 4073 3375 4112 sa-

155 4159 223 4196 σοι·
246 4149 514 4204 mundum.
547 4153 776 4217 Farina,
810 4150 1001 4205 anima
1044 4159 1107 4204 ut
1139 4151 1194 4204 in
1225 4151 1429 4206 Genesi
1463 4169 1474 4204 :
1510 4170 1538 4204 α
1565 4151 1698 4205 Tria
1777 4170 1884 4207 crae
1903 4153 2204 4223 Scriptum
2231 4149 2564 4205 suavissima
2590 4149 2744 4204 cordi
2769 4165 2914 4203 meo.
2938 4149 3080 4202 Item
3113 4150 3294 4216 favus,
3316 4146 3374 4200 in

155 4236 432 4294 satafarine
453 4240 755 4294 commisce
769 4240 834 4304 1°,
865 4260 886 4290 ι
910 4240 966 4294 id
995 4247 1098 4307 est,
1121 4240 1322 4294 animae
1350 4247 1462 4294 tua;
1490 4255 1698 4293 memo-
1779 4258 1890 4313 quo
1931 4242 2072 4296 latet
2106 4241 2237 4307 mel,
2283 4257 2442 4295 sacra
2487 4246 2573 4294 est
2610 4238 2921 4310 Scriptura,
2969 4255 3093 4308 qua:
3128 4236 3378 4290 continet

153 4320 278 4391 riam,
304 4327 592 4394 rationem,
627 4330 974 4383 voluntatem
1012 4330 1082 4382 ad
1125 4346 1297 4384 unam
1340 4329 1695 4384 concordiam
1715 4331 2129 4402 nspiritualem
2183 4347 2412 4385 sensum
2468 4329 2527 4382 in
2584 4328 2792 4393 littera,
2843 4325 2992 4380 unde
3050 4325 3311 4380 Salomon
3357 4339 3371 4378 :

154 4410 320 4482 redige.
339 4417 564 4485 Farina,
589 4418 856 4488 cogitatio
876 4418 1076 4489 iniqui,
1098 4424 1162 4472 ut
1189 4418 1249 4472 in
1279 4418 1427 4473 Isaia
1453 4437 1464 4470 :
1493 4441 1517 4465 α
1541 4419 1696 4472 Tolle
1717 4410 1760 4419 ”
1781 4439 1807 4472 α
1839 4420 2082 4474 Comede
2105 4420 2236 4485 mel,
2270 4422 2290 4442 ⁶
2321 4419 2422 4482 fili,
2445 4423 2504 4471 et
2533 4417 2719 4470 favum
2743 4413 3129 4469 dulcissimum
3157 4411 3374 4482 gutturi

153 4498 492 4568 molam,male
512 4507 755 4561 farinam
774 4507 837 4571 ’7,
877 4527 899 4558 ι
931 4507 989 4560 id
1018 4513 1122 4566 est.
1155 4506 1419 4560 circuitus
1453 4507 1694 4561 exterio—
1776 4507 1950 4574 tuo“,
1995 4511 2014 4531 θ
2065 4531 2080 4552 ι
2118 4507 2375 4562 doctrina
2421 4503 2832 4576 praedicationis
2859 4521 2872 4568 ;
2912 4501 3061 4555 unde
3095 4519 3108 4554 :
3146 4523 3167 4548 «ι
3195 4500 3374 4554 Favus

152 4601 247 4642 "Im
267 4607 514 4650 curarum
539 4612 722 4662 sume,
742 4602 799 4649 et
820 4612 1112 4666 nunquam
1140 4595 1199 4649 in
1220 4600 1277 4649 te
1297 4595 1695 4666 cogitationem
1776 4597 2057 4651 distillans
2077 4594 2227 4648 labia
2244 4594 2418 4660 tua”,
2458 4617 2479 4640 ι
2515 4593 2572 4646 id
2601 4598 2705 4656 est,
2738 4587 3061 4661 pmdicatia
3093 4589 3376 4642 instruens

153 4689 318 4732 “erce.
1777 4685 2028 4757 procedit
2072 4700 2108 4737 a
2143 4681 2601 4753 praedicatoribus
2629 4679 2762 4744 tuis,
2796 4695 2830 4732 ο
2863 4677 3144 4733 Ecclesia!
3179 4678 3371 4742 Favus,

201 4766 382 4824 Fratris
425 4773 804 4844 appellatione
839 4773 1096 4828 Christus
1124 4773 1492 4843 intelligitur,
1522 4779 1587 4827 ut
1633 4773 1692 4827 in
1775 4775 2030 4844 voluptas
2059 4771 2276 4836 mundi,
2301 4776 2367 4824 ut
2386 4770 2446 4824 in
2469 4768 2756 4823 Parabalis
2790 4786 2802 4821 :
2834 4785 2860 4820 ι
2891 4767 3097 4822 Anima
3121 4771 3379 4821 saturata

153 4850 332 4913 Cantica
358 4861 424 4916 de
454 4863 757 4934 Synagoga
784 4862 844 4916 in
871 4863 984 4916 fine
1023 4861 1218 4916 mundi
1267 4863 1644 4916 convertenda
1676 4882 1688 4918 :
1773 4862 2012 4918 calcabit
2038 4861 2226 4916 favum
2244 4859 2312 4926 ³⁸,
2333 4879 2360 4909 ιι
2386 4857 2531 4929 quod
2557 4857 2669 4923 ille,
2695 4861 2716 4880 ’
2736 4873 2839 4928 per
2857 4873 3024 4928 quem
3046 4857 3268 4922 interna
3292 4870 3375 4907 re-

152 4962 170 4985 '
192 4943 304 5006 Quis
327 4951 462 5005 mihi
477 4951 579 5006 det
592 4951 825 5006 fratrem
850 4968 1039 5005 meum
1059 4957 1353 5022 augentem
1387 4949 1559 5005 ubera
1579 4968 1695 5006 ma—
1775 4951 1940 5006 fectio
1968 4967 2070 5022 per
2097 4947 2628 5018 contemplationem
2649 4945 2839 5013 satiat,
2864 4944 3212 5000 mundialem
3231 4958 3374 5013 pene

150 5029 224 5084 "is
242 5051 382 5104 mea,
398 5047 474 5095 ut‘
486 5041 771 5096 inveniam
799 5048 857 5095 te
879 5040 1016 5094 faris
1037 5047 1094 5094 et
1114 5041 1405 5094 deosculer
1424 5047 1502 5106 te,
1521 5041 1694 5095 etiam
1775 5041 2119 5111 voluptatem
2147 5035 2476 5092 contemnit.

196 5210 324 5288 fisa.
348 5230 463 5283 un,
495 5218 551 5271 6.
581 5217 606 5251 ³
628 5219 825 5272 Matth.
853 5231 975 5282 xm,
1004 5215 1094 5288 20.
1125 5215 1348 5288 {Apoc
1373 5232 1485 5281 xxv,
1526 5216 1603 5288 l4.
1635 5217 1657 5251 ³

1823 5234 1866 5271 c.
1897 5231 1974 5282 Iv,
2116 5217 2139 5250 ⁵
2161 5215 2332 5288 Exod.
2366 5229 2451 5281 III,
2476 5213 2529 5267 2.
2557 5213 2843 5288 °__Apoc._1,_
2871 5211 2961 5266 14.
2988 5207 3258 5288 7‘Job_._xv,
3283 5206 3372 5263 30.

147 5277 276 5335 ειοδ.
304 5277 533 5354 Imm-=5.
578 5288 602 5321 ⁸
630 5289 774 5342 Psal.
808 5277 1000 5353 xxvni,
1033 5287 1084 5341 7.
1136 5286 1182 5321 ¹⁰
1207 5277 1311 5342 ,Ιόὺ
1347 5277 1571 5350 χιλίη.
1600 5288 1643 5322 ¹¹
1672 5289 1841 5342 Cant.
1875 5277 1997 5351 vni,
2036 5287 2090 5340 6.
2135 5287 2181 5323 ¹¹
2209 5286 2331 5342 Job.
2365 5277 2523 5340 xvin.
2568 5277 2737 5342 l2."3
2761 5277 2883 5338 Job.
2917 5297 2970 5346 v,
3001 5280 3090 5354 20.
3123 5279 3169 5313 ¹⁴
3205 5281 3376 5354 Amos

149 5361 234 5424 {ll},
259 5355 337 5412 11.
367 5358 410 5393 ⁸⁵
428 5348 562 5414 Cse.
595 5373 713 5424 \‘Ill,
747 5358 800 5414 7.
826 5359 874 5393 ¹⁶
905 5348 1044 5412 Gen.
1073 5372 1231 5423 xvm,
1265 5356 1317 5413 6.
1352 5359 1396 5394 ¹⁴¹
1425 5348 1532 5414 Isa.
1565 5373 1685 5412 XLVI

1823 5402 1825 5409 ι
1859 5358 1902 5392 ¹⁸
1931 5348 2093 5412 Cant.
2127 5373 2246 5423 vm,
2277 5365 2326 5413 1.
2360 5358 2405 5392 ¹⁹
2435 5359 2457 5412 I
2489 5359 2617 5411 Cor.
2654 5371 2708 5421 v,
2735 5356 2824 5409 11.
2857 5354 2904 5388 ὀ
2925 5350 3125 5424 Matth.
3161 5363 3250 5414 xx,
3283 5348 3370 5424 50.

147 5416 338 5498 illam.
363 5443 444 5498 ιιι,
471 5429 563 5486 35.
586 5429 632 5464 ³³
659 5416 856 5485 Matth.
891 5444 989 5495 xu,
1016 5429 1105 5484 47.
1152 5428 1198 5462 ’³
1221 5416 1364 5484 Gen.
1394 5445 1520 5491 xxv,
1558 5430 1650 5493 24,

1825 5429 1871 5464 ²⁴
1894 5430 2055 5484 Rom.
2087 5443 2161 5493 lx,
2192 5416 2246 5492 3,
2280 5427 2332 5484 4.
2363 5428 2409 5462 ’⁵
2435 5430 2576 5483 Gen.
2611 5416 2708 5498 xu.
2739 5426 2806 5498 5.7
2831 5424 2928 5479 ³⁸1
2961 5423 3098 5498 Reg.
3131 5421 3372 5498 19111.1;

145 5489 180 5544 ΙΙ
207 5494 322 5568 Beg.
352 5514 390 5564 ι,
416 5489 509 5556 26.
538 5500 584 5536 ³⁷
613 5502 773 5557 Cant.
806 5516 884 5567 1v,
911 5489 1042 5555 3f”
1071 5501 1234 5555 Joan.
1263 5515 1339 5565 v1,
1375 5501 1464 5557 1'2.
1496 5489 1544 5535 ’θ
1573 5489 1685 5555 Psa

1823 5515 1952 5566 om,
1985 5499 2037 5556 3.
2079 5489 2306 5554 mrsu.
2341 5512 2455 5564 xvi,
2487 5500 2570 5556 l3.
2615 5497 2658 5532 ³¹
2685 5497 2832 5552 Psal.
2855 5489 3092 5568 xx1,~2l.
3135 5492 3183 5526 ³⁸
3223 5492 3371 5546 Psal.

149 5573 200 5622 lx,
223 5563 337 5618 7.’³³
361 5563 494 5630 Luc.
525 5587 674 5640 xxxv,
705 5572 796 5628 42.
826 5563 1056 5626 8"Cant.
1090 5585 1143 5637 ν,
1175 5570 1224 5628 1.
1250 5571 1298 5605 ⁸⁵
1325 5563 1487 5626 Prov.
1520 5586 1670 5638 xxxv,

1823 5570 1867 5605 ⁵⁸
1896 5563 2040 5626 Ibid.
2067 5569 2113 5605 ³⁷
2143 5570 2306 5623 Prov.
2333 5584 2388 5636 ν,
2412 5563 2467 5624 3.
2489 5568 2537 5604 ³⁸
2565 5570 2730 5626 Prov.
2761 5581 2933 5633 xxvn,
2968 5563 3022 5621 7.
