3818 6168
151 277 234 332 929
1000 270 1432 326 ALLEGORUE
1469 272 1548 326 IN
1587 269 1878 326 SACRAM
1915 267 2394 323 SCRIPI‘URAM.
3231 277 3336 334 930

149 419 250 462 suas
275 400 304 462 ι,
330 416 352 449 ι
374 394 507 466 quod
533 399 648 446 tum
674 393 831 446 illam
871 393 1119 448 divinam
1149 395 1504 462 locutionem,
1530 414 1653 467 qua;
1671 405 1720 463 Α
1742 411 1817 448 na
1841 394 2096 459 felicitas,
2123 410 2245 464 qua:
2265 410 2553 465 nunquam
2574 412 2676 467 per
2693 403 2932 452 mortem
2958 399 3164 454 deﬁcit.
3180 403 3337 469 Fons,

146 489 412 559 angelorum
437 481 638 536 excedit
665 481 1030 546 intellectum,
1063 483 1240 536 sancti
1269 489 1572 554 utcumque
1599 486 1658 540 in
1742 491 1936 538 sancta
1963 483 2225 546 Ecclesia,
2261 489 2326 536 ut
2348 483 2406 537 in
2437 484 2698 540 Cantico:
2728 507 2746 537 ι
2787 488 2997 543 Hortus
3024 491 3337 556 conclusus,

147 583 290 632 mente
307 573 513 628 silenter
539 570 792 636 audiunt,
825 571 1156 642 semetipsos
1188 572 1246 626 in
1275 573 1532 627 omnibus
1551 575 1659 628 hu-
1741 573 1864 626 fons
1893 573 2145 642 signatus
2180 572 2243 634 ‘9,
2281 591 2307 624 ι
2339 573 2487 642 quod
2512 581 2703 629 sancta
2736 576 2978 631 Ecclesia
2995 580 3254 649 germina
3281 581 3340 636 in

146 666 384 726 miliantes,
413 662 476 715 de
514 659 626 714 suis
655 659 956 714 virtutibus
994 678 1106 714 non
1136 669 1500 732 praesumunt.
1536 664 1660 716 FI'r-
1743 679 1802 716 se
1819 662 2088 715 virtutum
2110 661 2684 733 continens,indignis
2700 667 2970 737 mysteria
2991 674 3207 722 secreta
3227 687 3340 724 non

147 758 440 815 mummium,
487 747 783 802 eminentia
841 749 1114 815 Ecclesiae,
1169 755 1233 804 ut
1276 751 1333 805 in
1385 751 1589 805 Genesi
1643 769 1654 804 :
1743 751 1970 805 revelat.
1995 752 2150 815 Fons,
2183 749 2374 804 anima
2403 752 2751 812 humana,ut
2778 755 2834 808 in
2859 757 3118 811 Cantico:
3147 759 3340 814 cFons

149 864 167 894 ι
193 843 322 897 Fiant
357 837 636 892 luminaria
680 838 737 891 in
775 838 1130 893 ﬁrmamento
1169 840 1292 894 cmli
1321 839 1363 905 3,
1409 865 1429 888 υ
1459 840 1514 894 id
1554 845 1656 904 est,
1743 840 2055 906 hortorum,
2090 845 2292 910 puteus
2310 857 2584 910 aquarum
2614 842 2918 898 viventium
2945 845 3013 910 ³ο,
3046 867 3071 898 ‹‹
3105 848 3252 917 quod
3280 848 3338 902 in

144 935 391 1006 appareant
429 927 673 981 homines
705 927 882 980 sancti
920 926 978 982 in
1028 928 1337 982 eminentia
1380 929 1655 984 Ecclesiae.
1744 929 1934 982 anima
1960 934 2153 982 sancta
2179 928 2452 983 habitatio
2466 936 2552 984 est
2579 931 2802 986 utilium
2829 941 2886 987 et
2904 934 3158 990 vitalium
3185 936 3337 1007 cogi-

145 1015 667 1086 Firmmncnlum,ipsa
689 1017 833 1070 ratio
856 1023 1066 1080 nostra,
1088 1017 1226 1072 utin
1246 1019 1480 1073 Genesi:
1500 1041 1519 1069 ο
1539 1019 1663 1073 Fiat
1743 1017 2042 1072 tationum.
2075 1019 2231 1082 Fons,
2272 1035 2438 1089 poena
2467 1021 2828 1076 mortalitatis
2879 1023 3156 1090 humanm,
3187 1031 3253 1079 ut
3280 1025 3338 1080 in

144 1113 491 1166 ﬁrmamentum
520 1105 576 1158 in
615 1104 800 1159 medio
836 1122 1132 1176 aquarum,
1165 1113 1223 1160 et
1248 1107 1460 1161 dividat
1486 1124 1662 1178 aquas
1744 1107 2043 1177 Evangelio
2075 1125 2086 1160 :
2123 1125 2150 1159 α
2183 1109 2344 1162 Jesus
2377 1108 2642 1178 fatigatus
2673 1127 2739 1164 ex
2766 1111 2967 1166 itinere
2987 1113 3217 1168 sedebat
3242 1132 3338 1170 su-

143 1196 340 1268 abaquis
362 1195 400 1260 ³,
433 1213 458 1245 »
489 1193 634 1264 quod
673 1195 818 1248 ratio
856 1194 916 1248 in
953 1194 1112 1249 nobis
1159 1212 1281 1250 esse
1323 1195 1505 1262 debet,
1539 1213 1661 1268 quae
1743 1212 1843 1266 per
1868 1196 2077 1250 fontem
2105 1196 2171 1262 ²¹,
2200 1220 2215 1242 ι
2245 1197 2391 1268 quod
2414 1197 2742 1253 inﬁrmitate
2760 1207 3048 1273 assumpta
3071 1209 3337 1259 oneratus

143 1289 272 1342 malas
295 1281 640 1353 cogitationes
661 1298 696 1335 a
714 1281 875 1336 bonis
904 1283 1161 1337 secernit.
1195 1285 1656 1347 Firmamentum,
1744 1285 1802 1338 in
1832 1301 1997 1356 pmna
2033 1286 2391 1340 mortalitatis
2421 1294 2623 1342 nostrae
2648 1306 2708 1342 se
2744 1289 3029 1345 humiliari
3060 1293 3332 1364 permisit.

142 1375 350 1430 auxilium
390 1373 708 1442 temporale,
757 1378 823 1426 ut
863 1371 922 1426 in
957 1373 1197 1426 Psalmis
1237 1391 1247 1425 :
1285 1391 1312 1426 (ί
1353 1373 1532 1428 Omne
1563 1375 1660 1427 ﬁr-
1745 1376 1899 1437 Fons,
1931 1381 2217 1445 peccatum
2233 1376 2499 1440 avaritiae,
2518 1377 2648 1431 utin
2668 1379 2872 1433 Genesi
2899 1399 2910 1433 :
2939 1401 2962 1431 ι
2986 1381 3129 1435 Fons
3149 1399 3340 1437 ascen-

139 1467 416 1521 mamentum
461 1461 623 1532 panis
667 1461 928 1516 contrivit
968 1461 1010 1528 ⁴,
1044 1479 1073 1515 ι
1103 1462 1159 1515 id
1209 1468 1310 1527 est,
1345 1479 1570 1516 omnem
1603 1463 1661 1517 in
1743 1463 1911 1517 debat
1933 1464 2001 1517 de
2023 1470 2192 1526 terra,
2217 1465 2459 1534 irrigans
2487 1466 2804 1521 universam
2846 1471 3197 1540 superﬁciem
3227 1477 3338 1526 ter-

136 1556 192 1608 eis
218 1551 584 1614 fortitudinem,
619 1568 722 1622 per
748 1567 917 1621 quam
942 1550 1127 1621 juvari
1151 1551 1439 1617 deberent,
1463 1551 1655 1606 debili-
1736 1569 1811 1606 rae
1840 1552 1904 1616 ”,
1923 1575 1945 1600 ι
1968 1553 2115 1622 quod
2136 1554 2205 1608 de
2234 1560 2422 1609 mente
2448 1555 2600 1609 avari
2626 1557 2874 1626 procedit
2905 1559 3336 1632 cupiditas,quaa

133 1643 210 1697 tari
222 1641 460 1713 permisit.
1673 1712 1714 1720 _
1737 1641 1893 1694 radix
1914 1647 2000 1694 est
2027 1643 2280 1696 omnium
2311 1645 2609 1707 malorum,
2627 1652 2683 1699 et
2707 1645 2986 1700 neminem
3011 1664 3152 1719 pene
3183 1650 3336 1720 quie-

184 1712 351 1785 FI'slula
380 1737 462 1784 est
494 1729 800 1798 suggestio,
829 1734 894 1782 ut
929 1729 988 1782 in
1021 1729 1255 1783 Daniele
1279 1747 1290 1780 :
1332 1750 1360 1777 σι
1391 1730 1533 1784 Cum
1562 1712 1719 1784 au-B
1737 1735 1859 1784 tum
1890 1747 2010 1784 esse
2043 1731 2197 1785 sinit.
2221 1733 2328 1786 Per
2343 1735 2520 1800 fontes
2538 1734 2951 1804 praedicatores,
2975 1712 3036 1791 ut
3069 1737 3127 1792 in
3149 1712 3333 1793 Isaia:

133 1820 292 1873 dieritis
322 1819 554 1873 sonitum
587 1819 805 1882 ﬁstulae,
839 1818 1068 1872 adorata
1102 1823 1348 1872 statuam
1371 1818 1420 1883 5;
1457 1839 1479 1867 ιι
1508 1820 1656 1890 quod
1743 1839 1770 1870 ιι
1813 1820 2097 1874 llaurietis
2142 1837 2317 1891 aquas
2362 1821 2419 1875 in
2452 1822 2660 1892 gaudio
2706 1824 2774 1877 de
2816 1823 3062 1880 fontibus
3092 1827 3339 1882 Salvato-

109 1895 296 1980 'reprobi
319 1907 525 1961 diabolo
555 1907 625 1960 ad
670 1908 794 1977 ejus
830 1907 1248 1977 suggestionem
1277 1907 1652 1963 consentiunt.
1736 1909 1814 1963 ris
1839 1909 1904 1975 ’3,
1936 1927 1962 1961 ιο
1995 1909 2052 1963 id
2082 1915 2185 1974 est,
2218 1910 2536 1980 percipietis
2562 1911 2731 1966 verba
2776 1913 2973 1968 salutis
3009 1915 3078 1968 de
3125 1933 3336 1986 przeco-

132 1998 206 2051 Per
219 1999 451 2064 ﬁstulam,
485 1995 659 2050 verba
687 2012 984 2066 pravorum
1015 1995 1326 2061 hominum,
1351 2003 1418 2050 ut
1440 1996 1498 2050 in
1517 1996 1650 2050 Job:
1737 1998 1900 2053 nibus
1929 1998 2199 2052 veritatis.
2234 1999 2342 2052 Per
2377 2001 2554 2064 fontes
2583 2000 2849 2055 doctrinae
2899 2002 3238 2072 spirituales,
3273 2011 3338 2059 ut

133 2106 148 2133 σ
170 2087 278 2140 Ossa
301 2087 412 2155 ejus
440 2086 591 2139 velut
635 2084 836 2139 ﬁstulae
868 2085 992 2138 aeris
1019 2086 1073 2151 5;
1121 2106 1144 2132 ι
1180 2087 1330 2156 quod
1355 2085 1525 2139 verba
1566 2102 1654 2140 se-
1735 2086 1794 2140 in
1819 2087 2062 2141 Psalmis
2089 2105 2100 2140 :
2139 2108 2161 2138 «
2186 2086 2408 2140 Emittis
2436 2086 2616 2142 fontes
2650 2089 2706 2142 in
2738 2091 3081 2145 convallibus
3111 2091 3176 2156 ’⁸,
3212 2113 3235 2142 ι
3275 2092 3332 2146 id

129 2175 323 2228 ductoria
346 2191 660 2247 pravorum,
695 2190 805 2244 quo
823 2173 1044 2228 dulcius
1062 2179 1284 2239 sonant,
1310 2191 1377 2228 eo
1407 2175 1655 2229 deterius
1737 2183 1841 2242 est,
1895 2176 2179 2230 doctrinas
2225 2175 2546 2246 spirituales
2593 2176 2798 2232 tribuis
2845 2179 3167 2234 humilibus.
3228 2182 3337 2234 Per

127 2263 366 2334 decipiunt.
1735 2265 1908 2331 fontes
1929 2281 2100 2318 sacrae
2127 2263 2448 2334 Scriptura,
2484 2269 2546 2318 ut
2575 2263 2634 2318 in
2673 2264 2911 2319 Psalmis
2943 2285 2955 2319 :
2997 2291 3012 2312 -
3052 2267 3116 2321 In
3143 2267 3362 2322 Eccler

176 2353 358 2406 Fiscella
386 2357 468 2406 est
493 2351 654 2422 virgo
692 2352 872 2406 Maria
903 2370 914 2404 :
953 2355 974 2375 '
1008 2370 1034 2403 ι
1083 2351 1337 2423 Sumpsit
1386 2352 1654 2406 ﬁscellam
1735 2351 1833 2405 siis
1854 2353 1874 2374 ⁶
1895 2350 2257 2406 benedicetur
2281 2351 2385 2406 tibi
2415 2352 2483 2405 de
2513 2351 2758 2406 fontibus
2785 2354 2956 2407 Israel
2978 2353 3052 2418 ³⁵,
3085 2373 3112 2406 ι
3139 2355 3194 2408 id
3225 2362 3329 2420 est,

127 2445 388 2512 ’cupream,
413 2447 468 2494 et
496 2440 690 2512 posuit
707 2440 860 2494 intus
887 2441 1278 2506 intantulum",
1299 2459 1323 2492 »
1345 2441 1493 2511 quod
1507 2441 1655 2495 Deus
1736 2440 1874 2493 nihil
1903 2441 2214 2511 praedicetis
2249 2441 2306 2494 in
2341 2441 2602 2507 Ecclesia,
2636 2441 2742 2495 nisi
2773 2442 2842 2495 de
2873 2442 3175 2514 Scripturis
3205 2461 3331 2498 san-

127 2529 247 2582 Pater
267 2529 420 2600 elegit
451 2529 731 2600 virginem
768 2529 1026 2594 Mariam,
1059 2546 1185 2600 qua:
1224 2529 1283 2583 in
1312 2546 1372 2583 se
1401 2529 1656 2599 concepit
1735 2534 1952 2582 ctorum
1983 2535 2227 2599 patrum.
2261 2530 2370 2583 Per
2396 2531 2570 2596 fontes
2592 2531 2741 2584 dona
2767 2531 3001 2586 interna:
3027 2531 3244 2602 gratiae,
3269 2539 3336 2587 ut

122 2619 367 2672 Christum.
1735 2617 1794 2671 in
1832 2617 2160 2672 Parabolis:
2197 2637 2220 2669 ι
2269 2618 2605 2672 Deriventur
2632 2619 2812 2698 fontes
2851 2620 2934 2674 tui
2974 2620 3038 2684 εδ,
3081 2641 3103 2671 ι
3143 2621 3199 2675 id
3226 2628 3333 2688 est,

172 2708 344 2760 Folium
370 2713 453 2762 est
477 2707 716 2761 verbum
745 2707 865 2772 Dei,
900 2713 963 2761 ut
992 2707 1050 2762 in
1091 2708 1328 2762 Psalmis
1363 2727 1374 2761 :
1406 2727 1429 2758 ι
1475 2708 1545 2762 Et
1569 2708 1653 2762 fo-
1735 2706 1882 2760 dona
1925 2706 2256 2778 spiritualia,
2290 2724 2412 2778 quae
2455 2708 2772 2778 percepisti,
2813 2709 2963 2763 foras
2991 2710 3062 2763 ad
3091 2710 3334 2765 aediﬁca-

122 2795 220 2849 Iium
257 2798 363 2866 ejus
405 2813 516 2851 non
552 2795 781 2850 deﬁciat
807 2797 848 2861 ⁸,
904 2816 930 2850 Io
979 2798 1127 2868 quod
1174 2797 1402 2852 verbum
1446 2796 1547 2851 Dei
1594 2797 1653 2850 in
1734 2795 1946 2850 tionem
1975 2796 2355 2867 proximorum
2384 2797 2634 2850 ostende.
2669 2798 2777 2852 Per
2799 2800 2974 2865 fontes
3003 2804 3248 2870 peccata,
3271 2807 3337 2854 ut

121 2891 331 2939 animum
375 2891 584 2940 manet.
631 2887 868 2949 Folium,
899 2885 1018 2956 ipse
1072 2887 1259 2953 homo,
1289 2893 1355 2941 ut
1400 2887 1459 2940 in
1505 2885 1609 2941 Job
1636 2903 1647 2938 :
1735 2884 1794 2938 in
1819 2885 1989 2939 Osea:
2015 2905 2041 2936 α
2059 2884 2344 2939 Desolabit
2364 2886 2512 2939 Deus
2541 2885 2722 2940 fontes
2747 2887 2870 2956 ejus
2895 2886 2958 2952 τ’,
2980 2907 3004 2936 ιι
3023 2888 3171 2958 quod
3186 2888 3334 2942 Deus

123 2995 138 3021 τι
156 2975 320 3028 Contra
343 2975 549 3040 folium,
585 2974 734 3046 quod
764 2979 930 3028 vento
957 2975 1176 3046 rapitur
1198 2975 1239 3040 θ,
1269 2994 1291 3025 ι
1316 2975 1373 3028 id
1395 2980 1498 3041 est,
1515 2991 1650 3028 con-
1733 2973 1790 3028 in
1821 2973 2011 3028 electis
2037 2974 2154 3028 suis
2177 2979 2425 3044 peccata,
2448 2973 2651 3044 quibus
2671 2993 2766 3029 eos
2787 2975 2977 3030 hostes
2995 2978 3017 2998 θ
3043 2976 3330 3044 tenebant,

119 3069 181 3114 tra
192 3063 457 3128 hominem,
473 3064 571 3135 qui
593 3069 753 3118 motu
773 3063 1101 3118 tentationis
1127 3064 1360 3135 rapitur.
1383 3064 1650 3129 »Folium,
1673 3055 1718 3114 C
1735 3064 1994 3117 destruit.

118 3149 404 3218 instabilitas,
443 3160 507 3207 ut
543 3154 605 3206 in
637 3153 785 3207 Isaia
816 3171 828 3206 :
870 3173 896 3202 α
923 3153 1238 3207 Cecidimus
1263 3153 1424 3224 quasi
1454 3152 1650 3206 folium
1807 3153 2071 3206 Foramen
2100 3157 2187 3205 est
2218 3151 2480 3221 angustia
2497 3151 2789 3222 passionis,
2831 3170 2931 3224 per
2957 3169 3125 3224 quam
3155 3171 3333 3208 came-

119 3239 304 3294 universi
335 3243 392 3307 ³ο,
427 3262 451 3294 ››
485 3242 542 3295 id
573 3247 679 3300 est.
715 3247 779 3296 ut
823 3241 1033 3295 inﬁrmi
1079 3248 1135 3296 et
1173 3241 1460 3296 instabiles
1499 3258 1652 3312 pros-
1735 3245 1821 3295 lus
1851 3246 2096 3305 vocatur,
2131 3239 2226 3310 qui
2266 3245 2332 3294 ut
2361 3246 2590 3310 peccata
2619 3247 2812 3294 nostra
2860 3242 3100 3307 tolleret,
3135 3249 3333 3314 sponte

117 3329 214 3382 trati
238 3347 430 3385 sumus.
1523 3334 1532 3340 ’
1601 3329 1628 3344 ⁷
1733 3347 1792 3384 se
1817 3329 2135 3383 humiliavit
2156 3329 2222 3394 ’3,
2253 3329 2466 3382 facilius
2493 3330 2707 3384 intrare
2727 3330 2928 3400 potuit,
2951 3331 3022 3384 ad
3050 3332 3332 3386 caelestem

167 3419 258 3472 Flos
281 3426 359 3474 est
385 3420 663 3486 Christus,
696 3425 760 3474 ut
788 3421 848 3474 in
877 3420 1107 3474 Cantico
1136 3438 1148 3472 :
1187 3441 1209 3466 ιι
1237 3421 1350 3490 Ego
1371 3421 1475 3474 ﬂos
1497 3435 1650 3473 cam-
1732 3419 2160 3483 beatitudinem,
2187 3435 2352 3488 quem
2384 3418 2578 3471 mundi
2627 3416 2908 3473 amatores
2959 3420 3029 3473 ad
3079 3421 3332 3474 Ecclesia:

117 3505 154 3574 pi
175 3507 222 3571 “,
253 3527 271 3556 ι
297 3509 346 3562 id
374 3515 476 3575 est,
511 3526 620 3580 ego
649 3526 770 3564 sum
800 3509 982 3579 gloria
1013 3509 1286 3563 Ecclesiae.
1322 3511 1456 3564 Flos.
1485 3509 1654 3562 decor
1734 3524 1850 3562 suae
1879 3508 2203 3561 societatem
2236 3506 2572 3577 pertingere.
2607 3507 2896 3571 Foramcn,
2924 3507 3147 3561 interna
3175 3524 3328 3562 com-

118 3597 280 3658 mnndi,
308 3604 364 3652 ut
386 3599 442 3652 in
481 3598 630 3652 libro
659 3597 988 3669 Sapientiae:
1019 3616 1044 3651 (‹
1075 3599 1200 3652 Non
1221 3603 1516 3669 praetereat
1550 3614 1652 3651 nos
1735 3595 1981 3666 punctio,
2006 3601 2070 3649 ut
2093 3595 2150 3648 in
2181 3595 2410 3649 Cantico
2443 3611 2454 3646 :
2493 3614 2513 3643 ι
2545 3593 2790 3648 Dilectus
2835 3611 2994 3648 meus
3033 3595 3187 3650 misit
3217 3612 3332 3649 ma-

118 3684 190 3735 llos
209 3687 453 3756 temporis
471 3687 539 3753 ¹²,
566 3705 594 3740 ι
618 3687 672 3740 id
693 3693 796 3751 est,
830 3703 941 3740 non
963 3685 1293 3757 abjiciamus
1315 3705 1348 3740 a
1371 3687 1530 3740 nobis
1559 3687 1653 3739 de-
1734 3702 1870 3738 num
1899 3701 2057 3737 suam
2091 3701 2192 3754 per
2235 3683 2486 3736 foramen
2518 3682 2582 3747 ’9,
2629 3704 2650 3731 ι
2687 3683 2835 3752 quod
2871 3683 3164 3754 inspiravit
3193 3684 3330 3738 mihi

115 3788 254 3826 corem
281 3777 476 3832 smculi.
515 3779 653 3840 Flos,
688 3775 1006 3830 teneritudo
1043 3776 1236 3846 prima:
1266 3777 1466 3842 aetatis,
1500 3782 1565 3830 ut
1594 3776 1652 3828 in
1734 3773 2117 3845 operationem
2167 3789 2325 3825 suam
2374 3787 2475 3842 per
2504 3771 2776 3824 occultam
2821 3772 3325 3842 compunctionem.

117 3859 190 3912 Job
213 3881 223 3913 :
247 3883 266 3912 ι
291 3865 392 3929 Qui
416 3865 579 3936 quasi
602 3867 704 3918 ﬁos
733 3864 1017 3934 egreditur
1047 3865 1110 3930 ¹³,
1142 3884 1164 3916 ι
1199 3870 1328 3929 etc.,
1362 3865 1510 3936 quod
1531 3865 1649 3936 pri-
1737 3883 1760 3913 ‹
1807 3863 1872 3916 Et
1917 3867 2111 3916 venter
2156 3877 2316 3915 meus
2364 3860 2658 3914 intremuit
2698 3859 2768 3913 ad
2806 3865 3016 3914 tactum
3046 3861 3170 3930 ejus
3187 3860 3254 3920 ³ο,
3303 3883 3326 3912 ο

116 3965 181 4002 ma
200 3958 315 4007 atas
334 3953 576 4008 hominis
607 3953 678 4007 ad
707 3953 888 4007 instar
914 3953 1030 4007 folii
1053 3953 1205 4007 (loris
1235 3954 1500 4025 erumpit.
1533 3956 1650 4009 Flos
1733 3952 1883 4022 quod
1920 3967 2016 4004 cor
2039 3967 2227 4004 meum
2249 3967 2350 4021 per
2380 3949 2532 4002 illius
2561 3949 2986 4020 inspirationem
3017 3949 3254 4020 expavit,
3271 3967 3331 4005 se

115 4035 472 4108 hypocritarum
504 4044 648 4109 laus,
685 4049 748 4096 ut
782 4042 840 4097 in
869 4041 972 4096 Job
1003 4060 1015 4094 :
1055 4062 1078 4093 ‹
1110 4043 1251 4096 Cum
1280 4043 1462 4097 adhuc
1491 4043 1564 4096 sit
1593 4043 1650 4096 in
1737 4056 1845 4094 non
1864 4040 2058 4093 fecisse
2089 4039 2374 4110 proximis,
2411 4039 2558 4110 quod
2587 4039 2738 4092 Deus
2776 4037 2908 4092 fecit
2936 4055 3038 4109 pro
3061 4037 3328 4103 inimicis,

115 4125 228 4194 flore,
253 4137 457 4186 arescet
484 4131 549 4196 Η,
590 4151 614 4182 ι
663 4131 810 4202 quod
854 4131 1149 4185 simulator
1186 4131 1358 4185 etiam
1403 4131 1652 4202 quando-
1733 4129 1881 4200 quod
1906 4145 2033 4183 cum
2067 4129 2216 4183 Deus
2255 4133 2420 4191 esset,
2451 4144 2553 4199 pro
2594 4128 2775 4182 salute
2816 4127 3109 4182 hominum
3154 4128 3332 4182 factus

115 4230 192 4282 que
211 4217 261 4271 in
285 4219 398 4290 ipsa
415 4221 584 4274 laude
615 4220 820 4274 deﬁcit.
857 4221 992 4285 Flos,
1023 4219 1250 4274 initium
1281 4219 1412 4274 boni
1443 4219 1645 4290 operis,
1731 4223 1819 4272 est
1841 4219 2028 4272 homo.
2065 4219 2350 4282 Foramcn,
2384 4233 2542 4271 mens
2570 4233 2758 4288 prava,
2789 4217 2928 4271 utin
2950 4217 3098 4272 Isaia
3123 4235 3134 4269 :
3173 4235 3199 4268 «
3233 4219 3334 4271 Su-

116 4311 156 4356 ut
173 4303 218 4360 in
243 4307 337 4361 Job
365 4327 378 4361 :
417 4329 438 4361 α
482 4309 743 4364 Ledetur
783 4309 946 4380 quasi
979 4308 1158 4373 vinea,
1193 4308 1251 4362 in
1291 4307 1472 4378 primo
1511 4310 1648 4362 flore
1669 4373 1710 4380 _
1730 4324 1832 4378 per
1853 4307 2104 4362 foramen
2125 4303 2383 4378 aspidum
2401 4322 2630 4360 manum
2647 4323 2808 4360 suam
2840 4305 3028 4361 mittet
3044 4306 3108 4372 3‘,
3143 4307 3330 4376 squod

116 4389 260 4448 hotnis
288 4398 403 4466 ejus
433 4397 498 4462 ‘5,
539 4417 561 4448 ι
599 4398 745 4468 quod
775 4373 1064 4468 hypocrita
1084 4397 1142 4450 in
1170 4373 1492 4467 primordiis
1519 4396 1651 4451 boni
1669 4373 1883 4450 1)Deus
1898 4396 1980 4449 illi
1997 4373 2400 4466 nonnunquam
2417 4395 2593 4448 menti
2613 4395 2855 4465 gratiam
2885 4411 3045 4448 suam
3068 4373 3327 4460 infundit,

113 4481 253 4548 operis
269 4501 361 4556 per
379 4486 689 4540 humanam
709 4485 930 4539 laudem
953 4485 1350 4555 corrumpitur.
1368 4485 1478 4538 Per
1494 4488 1651 4555 ﬂores
1733 4482 1792 4539 in
1823 4501 1935 4556 qua
1979 4485 2134 4556 prius
2189 4483 2444 4538 diabolus
2493 4483 2844 4537 inhabitavit.
2898 4483 3006 4535 Per
3053 4485 3325 4550 foramen,

113 4572 248 4624 teneri
266 4575 462 4645 quique
494 4581 554 4629 et
576 4574 921 4646 insipientes,
947 4581 1010 4628 ut
1036 4574 1094 4628 in
1125 4574 1354 4628 Cantico
1389 4590 1403 4629 :
1441 4595 1464 4624 α
1497 4574 1651 4628 Fulci
1732 4573 1882 4628 dona
1905 4573 2240 4644 spiritualia,
2286 4578 2350 4626 ut
2394 4572 2452 4625 in
2491 4571 2776 4625 Ezechiele
2803 4589 2814 4623 :
2847 4588 2876 4624 α
2908 4571 3208 4626 Foramina
3231 4579 3332 4626 tua

114 4671 178 4710 me
198 4661 404 4718 ﬂoribus
421 4665 486 4731 1°,
523 4687 550 4713 ι
584 4663 732 4734 quod
760 4663 888 4717 inde
911 4663 1350 4718 consolationem
1376 4663 1567 4718 anima
1592 4665 1652 4717 ﬁ-
1733 4663 1792 4716 in
1831 4663 1940 4727 die,
1987 4680 2100 4733 qua
2138 4661 2395 4716 conditus
2424 4677 2501 4725 es,
2547 4666 2860 4730 praeparata
2900 4666 3036 4714 sunt
3071 4661 3172 4715 tibi
3195 4661 3261 4728 ³³,
3303 4679 3327 4714 ι

112 4744 214 4800 delia
236 4753 440 4823 accipit,
475 4753 625 4824 quod
654 4753 750 4806 alii
773 4753 844 4806 ad
872 4753 1050 4806 Deum
1070 4758 1487 4808 convertuntur.
1733 4752 1880 4822 quod
1907 4757 2166 4824 apostata
2190 4749 2424 4821 angelus
2449 4750 2508 4803 in
2529 4749 2712 4820 prima
2738 4749 2996 4804 claritate
3021 4766 3124 4804 sua
3150 4750 3331 4820 prima

165 4836 274 4890 Fons
299 4817 382 4895 est
411 4817 688 4900 Christus,
709 4847 774 4894 ut
797 4841 852 4895 in
883 4841 1150 4896 Zacharia
1179 4859 1192 4894 :
1224 4860 1251 4894 α
1276 4843 1421 4896 Fons
1450 4847 1649 4913 patens
1731 4817 1878 4894 dona
1898 4817 2214 4912 spiritualia
2228 4817 2510 4912 pimcepit.
2530 4817 2676 4894 item
2697 4840 3107 4910 perForamz‘na
3127 4817 3330 4892 intelli-

114 4921 266 4980 domus
294 4929 464 4984 David
495 4930 559 4995 '7,
595 4951 617 4980 ο
659 4930 715 4984 id
754 4935 857 4994 est,
892 4931 1148 4986 Christus
1178 4933 1248 4986 de
1277 4931 1446 4986 domo
1474 4930 1649 4985 David
1729 4936 1941 5000 guntur
1993 4929 2222 4985 Christi.
2259 4970 2270 4981 .
2309 4971 2320 4981 .
2353 4969 2366 4994 ,
2417 4928 2640 4983 dicente
2687 4944 2890 4999 sponso
2939 4927 2994 4980 in
3047 4926 3278 4981 Cantico
3311 4945 3322 4980 :

114 5008 398 5072 illczn'uatus.
429 5021 586 5085 Fons,
618 5024 829 5074 mterna
856 5018 1164 5087 beatitudo,
1197 5026 1258 5075 ut
1288 5019 1345 5074 in
1370 5020 1608 5074 Psalmis
1632 5038 1646 5076 :
1737 5037 1764 5067 ι(
1796 5020 1993 5090 Surge,
2027 5019 2209 5074 amica
2236 5035 2380 5085 mea,
2407 5035 2614 5090 sponsa
2641 5034 2784 5077 mea,
2812 5023 2870 5071 et
2896 5016 3039 5076 veni,
3073 5013 3330 5069 columba

117 5121 134 5144 ει
157 5102 286 5173 Apud
310 5112 365 5161 te
391 5115 480 5162 est
499 5107 624 5162 fons
643 5108 768 5163 vitae
796 5108 860 5174 ιδ,
887 5128 914 5161 ι
936 5109 1086 5180 quod
1109 5126 1238 5164 cum
1252 5110 1369 5164 Deo
1389 5115 1475 5164 est
1493 5114 1652 5164 aeter-
1735 5125 1877 5170 mea,
1912 5109 1969 5164 in
2000 5107 2367 5164 foraminibus
2391 5112 2566 5178 petra:
2603 5105 2681 5171 33;
2717 5123 2743 5157 ι
2780 5125 2802 5155 ι
2837 5121 3023 5176 surge,
3060 5123 3082 5156 ι
3127 5103 3328 5174 inquit,

1601 3327 1628 3344 ο*

167 5258 374 5332 ‘Ezech.
410 5281 446 5327 ι,
480 5265 571 5324 25.
599 5267 781 5323 ’Gen.
817 5283 853 5328 ι.
886 5267 975 5324 14.
1007 5268 1031 5302 ³
1061 5269 1201 5322 Gen.
1228 5283 1266 5330 ι,
1297 5267 1350 5321 6.
1384 5266 1406 5300 ⁴
1433 5268 1580 5322 Psal.
1614 5281 1667 5322 CI

1821 5267 1848 5320 ἱ.
1879 5267 1902 5300 ⁵
1930 5267 2072 5321 Dan.
2109 5280 2190 5328 In,
2231 5265 2282 5319 5.
2314 5265 2461 5320 6Job.
2497 5279 2584 5328 Lx,
2607 5260 2694 5318 13.
2719 5263 2741 5296 ⁷
2765 5261 2933 5316 Exod.
2961 5277 3022 5326 II,
3056 5260 3106 5316 3.
3131 5261 3155 5296 ⁸
3183 5261 3329 5315 Psal.

120 5331 393 5410 {-Aizfgob.
426 5352 549 5410 xm,
581 5338 670 5394 25.
699 5339 745 5374 ¹⁰
774 5341 880 5394 Isa.
913 5353 1058 5402 LXIx,
1094 5338 1144 5393 6.
1178 5339 1219 5374 ¹¹
1245 5339 1406 5394 Cant.
1441 5354 1507 5410 II,
1538 5345 1582 5394 Ι.
1613 5340 1628 5373 ¹

1851 5353 1911 5402 ιι,
1945 5339 1996 5392 7.
2033 5337 2372 5410 1"NJobsiuv,
2409 5341 2463 5391 ‘2.
2495 5335 2543 5410 [ἦ
2568 5334 2690 5410 ,[οὶ).
2725 5332 3059 5410 “1142;?
3085 5332 3208 5387 Job.
3243 5347 3329 5410 xv,

119 5396 237 5478 33;“
263 5406 415 5472 Cant,
441 5425 503 5466 II.
537 5396 589 5464 5.
623 5411 664 5445 ¹⁷
692 5411 852 5465 Zach.
889 5425 971 5464 ιιι.
1007 5396 1224 5464 “Psal.
1258 5424 1421 5478 xxxv,
1447 5396 1537 5467 10.
1571 5411 1617 5445 19

1836 5396 1910 5475 Iv;
1944 5412 2032 5464 τι.
2065 5409 2113 5444 ιο
2145 5409 2284 5464 Ibid.
2310 5396 2472 5464 υξιε).
2503 5407 2733 5478 θίξιοεω.
2768 5396 2909 5478 me.
2942 5403 2990 5438 επ
3017 5405 3251 5478 Gentii,
3277 5396 3329 5459 6.

117 5466 149 5501 ³
169 5471 257 5546 1359.
280 5491 373 5543 XII,
405 5466 460 5534 3.
482 5480 532 5516 ²⁴
553 5482 696 5536 Psal.
725 5495 846 5546 cm,
880 5481 969 5536 10.
997 5481 1044 5516 ³⁵
1072 5482 1220 5536 Psal.
1251 5466 1420 5546 LXVII,
1455 5466 1544 5540 27.
1571 5481 1618 5516 ³³

1841 5467 1908 5546 γ,
1937 5487 2016 5537 16.
2041 5481 2087 5517 ’⁷
2114 5481 2244 5537 Ose.
2280 5495 2401 5544 xm,
2436 5478 2518 5536 15.
2551 5476 2598 5512 ³⁸
2628 5466 2972 5544 Μδιιὶιξχικ,
3016 5475 3127 5542 24;
3160 5466 3330 5531 Marc.

121 5551 155 5590 Χ.
179 5541 266 5600 ‘23:
297 5541 422 5603 Luc.
458 5566 614 5614 xvm,
641 5552 730 5609 25.
764 5552 812 5587 ’9
836 5541 997 5608 Cant.
1033 5568 1084 5618 v,
1109 5553 1161 5607 4.
1193 5553 1242 5588 ³ο
1265 5541 1480 5608 Ibid."
1511 5555 1617 5609 Isa.

1557 5570 1617 5607 sa.
1651 5568 1726 5620 ιιι,
1758 5553 1812 5609 8.
1844 5541 1891 5590 ³έ
1913 5555 2108 5608 Ezech.
2143 5567 2334 5619 xxvm,
2368 5541 2459 5608 13.
2491 5550 2538 5585 ³³
2563 5550 2726 5605 Cant.
2762 5563 2822 5606 II.
2855 5541 3065 5616 13,14.
