3854 6164
459 249 560 312 9'3l

1061 245 1121 298 Β.
1166 242 1437 296 RABANI
1473 238 1706 297 MAURI
1745 238 2083 297 ARCHIEP.
2122 241 2448 300 MOGUNT.
2488 239 2787 298 OPERUM
2823 239 3006 293 PARS
3044 239 3139 294 IIl.

459 393 494 430 a
535 375 724 446 quiete
768 366 1274 438 contemplationis,
1321 386 1344 416 ε
1396 365 1578 420 amica
1627 381 1770 429 mea,
1817 385 1841 416 »
1885 366 2120 435 quamA
2143 367 2290 437 quod
2311 383 2414 437 per
2432 365 2812 423 humilitatem
2843 365 3141 434 patientia,
3175 381 3340 434 quam
3373 383 3510 422 nunc
3545 370 3675 425 elecﬁ

459 480 636 535 usque
657 461 726 518 ad
756 465 992 514 mortem
1018 456 1204 513 dilexi.
1226 471 1472 524 «sponsa
1496 471 1676 516 mea,»
1706 457 1898 508 'tanta
1927 454 1984 508 in
2008 461 2062 507 te

461 552 720 616 oontuli,«
747 557 804 604 et
824 548 947 602 veni
977 567 998 596 ι
1017 547 1084 600 ad
1101 543 1540 616 prtedicandum,
1558 543 1612 594 id
1626 543 1807 604 est,ad
1821 542 2063 596 officium

461 639 818 711 prmdicandi.
848 659 869 688 σ
896 635 1171 692 Columba
1191 651 1317 688 mea
1337 633 1396 686 in
1429 632 1795 686 foraminibus
1818 639 2006 702 petrze,
2037 653 2061 684 »

457 729 770 790 nidificans,
795 733 852 781 et
872 727 1054 798 pullos
1080 723 1219 778 mihi
1241 723 1428 778 fovens
1451 722 1596 776 in....
1633 721 1861 776 Christi.

532 819 754 884 .l"orceps
806 822 892 868 est
935 813 1201 868 Christus
1249 829 1376 866 cum
1431 812 1615 872 Patre,
1651 817 1714 864 ut
1759 811 1815 864 in
1869 810 2060 866 Isaia:

467 925 490 957 ι
525 904 785 958 Calculus
813 919 982 972 quem
1016 900 1222 970 forcipe
1247 899 1458 952 tulerat
1485 899 1554 951 de
1583 897 1748 952 altari
1779 899 1819 963 ί,
1854 920 1878 949 1)
1915 898 2064 968 quod

463 1011 564 1065 per
592 991 992 1072 aequalitatem,
1027 1006 1139 1059 qua
1177 1005 1302 1042 cum
1334 988 1499 1040 Patre
1551 1004 1696 1042 unus
1745 993 1830 1040 est
1866 987 2060 1050 Filius,

464 1081 714 1136 Verbum
743 1077 994 1134 veritatis
1026 1095 1060 1130 a
1100 1079 1268 1132 Patre
1317 1076 1538 1138 detulit,
1583 1093 1694 1146 quo
1740 1075 2061 1146 discipulos,

2146 462 2422 516 exercent,
2448 473 2483 509 a
2509 454 2746 510 terribili
2782 453 2995 523 judicio
3017 454 3360 524 postmodum
3381 455 3676 513 abscondeno

2147 549 2257 597 tur.
2295 545 2470 608 Fossa,
2495 543 2772 613 cupiditas
2795 548 3036 604 terrena,
3059 549 3125 596 ut
3151 543 3208 596 in
3227 543 3386 597 Iosue
3413 562 3424 596 :
3459 561 3478 595 ε
3508 546 3680 614 Argen—

2147 638 2270 686 tum
2297 633 2446 687 fossa
2488 633 2656 688 humo
2691 635 2710 654 *
2739 631 2933 700 aperui
2961 630 3026 693 1",
3072 650 3098 682 ν)
3132 631 3278 700 quod
3310 633 3452 702 pravi
3489 633 3680 703 quilibet

2149 722 2320 776 divini
2349 720 2556 791 eloquii
2579 721 2891 776 claritatem
2924 719 2981 774 in
3001 719 3374 790 profunditate
3392 727 3598 776 tenente
3610 739 3680 777 cu-

2151 811 2402 879 piditatis
2424 809 2792 863 abscondunt.

2222 901 2405 963 Faveo,
2441 898 2660 952 malitia
2685 897 3125 967 deceptionis,ut
3163 897 3220 951 in
3241 897 3496 951 Psalmis:
3523 918 3544 949 (ι
3569 901 3680 956 Inci-

2147 987 2232 1042 dit
2264 987 2318 1040 in
2340 987 2554 1042 foveam
2579 1003 2746 1057 quam
2779 986 2909 1039 fecit
2929 985 2988 1052 13,
3013 1007 3038 1036 ι)
3072 985 3239 1056 quod,
3263 985 3394 1040 dum
3405 985 3558 1040 alium
3574 1003 3682 1042 non-

2147 1093 2439 1146 nunquam
2481 1092 2682 1146 pravus
2711 1075 2948 1145 quilibet
2976 1074 3230 1144 decipere
3262 1075 3496 1134 molitur.
3517 1082 3683 1131 semet-

463 1187 600 1239 quos
632 1169 788 1224 misit
817 1169 876 1222 in
897 1167 1190 1232 mundum,
1217 1165 1491 1236 purgavit.
1517 1165 1625 1220 Per
1647 1165 2060 1232 forcipem,duo
2142 1166 2326 1236 ipsum
2369 1165 2595 1236 decipit.
2645 1166 2828 1228 Fovea,
2881 1163 3080 1218 vitium
3137 1163 3513 1226 excusationis,
3555 1169 3609 1218 ut
3640 1165 3684 1222 in

460 1259 840 1324 Testamenta,
882 1263 948 1312 ut
975 1257 1032 1309 in
1064 1255 1250 1310 Exodo
1285 1272 1296 1306 :
1337 1253 1583 1308 «Facies
1624 1253 1681 1307 in
1721 1270 1826 1307 usu
1869 1254 2062 1308 altaris
2145 1254 2294 1310 Isaia
2330 1272 2341 1306 :
2403 1273 2425 1306 α
2471 1253 2554 1308 Ibi
2599 1253 2794 1308 habuit
2837 1255 2858 1275 θ
2905 1252 3120 1330 foveam
3166 1251 3366 1307 ericius
3395 1251 3466 1317 ¹⁹;
3503 1272 3526 1306 ι
3551 1254 3682 1322 quod,

461 1347 671 1406 lebetes
699 1351 758 1400 et
787 1346 1024 1416 forcipes
1046 1343 1087 1409 9,
1124 1363 1151 1393 ι)
1195 1346 1215 1365 ¹
1256 1343 1406 1397 Deus
1457 1343 1524 1396 ad
1571 1342 1884 1396 ornandam
1932 1359 2064 1396 san-
2149 1343 2372 1414 quando
2397 1341 2673 1412 superbus
2703 1341 2772 1396 de
2816 1346 3045 1412 peccato
3083 1357 3184 1396 suo
3212 1341 3512 1410 corripitur,
3539 1341 3598 1396 ad
3620 1349 3685 1396 te-

463 1443 612 1492 ctam
633 1435 936 1490 Eeclesiam
950 1434 1206 1486 doctores
1220 1440 1276 1485 et
1288 1433 1400 1485 duo
1418 1432 1780 1486 Testamenta
1801 1431 2063 1485 instituit.
2150 1433 2354 1488 nebras
2379 1431 2755 1488 excusationis
2799 1430 3068 1500 confugit.
3106 1431 3292 1492 Fossa,
3323 1429 3574 1500 cupiditas
3598 1436 3684 1484 ter-

536 1527 711 1580 Fortis
739 1531 827 1578 est
867 1523 1144 1586 Christus,
1183 1528 1243 1574 ut
1273 1522 1326 1574 in
1352 1521 1535 1575 Isaia:
1578 1541 1599 1571 ι
1637 1519 1940 1574 Vocabitur
1965 1537 2068 1574 no-
2151 1538 2306 1586 rena,
2341 1526 2404 1576 ut
2440 1520 2499 1574 in
2537 1519 2682 1574 Job:
2727 1538 2752 1572 ι
2803 1519 2994 1573 Facies
3039 1535 3237 1574 eorum
3269 1519 3514 1588 demerge
3553 1517 3602 1572 in
3623 1520 3686 1572 fo-

466 1630 596 1670 men
645 1613 766 1682 ejus
816 1627 1001 1666 FosTis
1029 1609 1071 1674 β,
1117 1630 1137 1659 ι
1177 1609 1326 1680 quod
1373 1608 1659 1662 diabolum
1692 1609 1836 1662 vicit.
1872 1609 2065 1674 Fortis,
2153 1627 2310 1664 veam
2340 1609 2404 1674 9°;
2445 1629 2467 1658 ι
2503 1608 2650 1678 quod
2682 1607 2904 1678 reprobi
2937 1624 3163 1660 omnem
3194 1624 3354 1661 suum
3383 1607 3685 1664 intuitumad

463 1702 738 1765 diabolus,
757 1706 818 1754 ut
837 1701 894 1756 in
915 1699 1216 1768 Evangelio
1242 1717 1252 1750 :
1281 1720 1303 1748 α
1338 1699 1482 1754 Dum
1507 1697 1667 1752 tortis
1689 1702 1940 1750 armatus
1969 1713 2066 1750 cu—
2083 1683 2128 1741 Β
2151 1698 2514 1768 cupiditatem
2543 1704 2825 1752 terrenam
2855 1696 3167 1752 inﬂectunt.
3196 1698 3494 1761 Foven,‘....
3515 1697 3683 1750 mortis.

466 1791 642 1847 stodit
668 1790 814 1844 atria
844 1805 947 1844 sua
983 1787 1024 1852 ⁴,
1063 1808 1090 1841 ››
1125 1788 1178 1840 id
1229 1793 1333 1852 est,
1364 1787 1499 1840 dum
1531 1786 1786 1840 diabolus
1824 1786 2072 1856 possidet

468 1879 886 1937 mundum.Per
905 1880 1070 1945 fortes
1099 1876 1297 1939 Judaei,
1323 1881 1386 1928 ut
1420 1876 1478 1930 in
1519 1875 1756 1930 Psalmis
1789 1893 1798 1926 :
1839 1896 1863 1925 (ι
1891 1877 2072 1928 Irrue-

467 1973 604 2022 runt
636 1967 695 2022 in
732 1983 822 2022 me
856 1965 1028 2020 fortes
1063 1964 1103 2028 5,
1151 1983 1177 2016 »
1212 1963 1266 2018 id
1298 1970 1400 2025 est,
1431 1965 1732 2018 saevierunt
1758 1971 1948 2018 contra
1981 1980 2070 2018 me

467 2057 666 2114 Judaei.
691 2057 799 2109 Per
817 2056 983 2122 fortes
1003 2054 1306 2118 daemones,
1329 2059 1392 2106 ut
1420 2053 1478 2108 in
1505 2053 1742 2107 Psalmis
1768 2071 1778 2105 :
1817 2074 1838 2106 α
1876 2054 2070 2107 Fortes

471 2145 817 2216 quaesierunt
843 2143 1091 2199 animam
1117 2159 1301 2196 meam
1321 2143 1363 2208 ⁸,
1401 2163 1427 2193 »
1453 2142 1508 2195 id
1531 2148 1636 2207 est,
1668 2142 1950 2197 daemones
1971 2141 2069 2194 de-

473 2234 862 2290 sideravemnt
889 2231 1137 2287 animam
1173 2247 1357 2285 meam
1389 2247 1605 2301 capere.

543 2323 826 2378 Fortitudo
855 2327 943 2376 est
968 2320 1027 2374 in
1047 2321 1212 2384 bono,
1242 2325 1305 2375 ut
1332 2320 1390 2373 in
1423 2320 1698 2374 Psalmis:
1736 2343 1760 2369 ις
1799 2320 2072 2376 Dominus

477 2411 746 2467 fortitudo
787 2409 963 2480 plebis
986 2426 1100 2463 suae
1121 2409 1160 2473 7,
1195 2430 1218 2460 .»
1244 2409 1392 2479 quod
1423 2409 1572 2464 Deus
1601 2409 1804 2462 electos
1834 2425 1964 2462 suos
2001 2409 2070 2462 ad

469 2500 852 2571 superandum
875 2498 1158 2552 diabolum
1190 2499 1361 2552 fortes
1391 2498 1520 2552 fecit
1547 2497 1932 2568 spiritualiter.
1949 2499 2074 2551 For-

475 2593 544 2643 tis
572 2589 632 2644 in
665 2587 830 2651 malo,
862 2593 926 2640 ut
963 2587 1016 2642 in
1047 2585 1189 2639 .lob:
1229 2605 1252 2637 ‹‹
1296 2587 1358 2640 In
1409 2587 1548 2640 collo
1594 2587 1715 2656 ejus
1763 2586 2075 2640 morabitur

473 2677 740 2733 fortitudo
758 2676 800 2742 ⁸,
837 2694 862 2728 ››
898 2675 1044 2744 quod
1093 2675 1150 2728 in
1195 2675 1464 2728 membris
1509 2674 1717 2730 diaboli
1751 2674 2070 2730 damnabile

470 2765 650 2835 robur.
669 2769 776 2818 est.

541 2855 711 2908 Frons
761 2858 848 2906 est
895 2868 1055 2907 mens
1107 2851 1407 2922 cujuslibet
1442 2853 1600 2922 justi,
1634 2859 1697 2907 ut
1732 2853 1792 2908 in
1837 2853 2063 2907 Exodo:

2151 1794 2214 1842 ut
2265 1787 2321 1842 in
2375 1785 2612 1840 Psalmis
2644 1805 2654 1839 :
2699 1805 2724 1836 ι(
2761 1785 3044 1841 Foderunt
3081 1791 3215 1840 ante
3245 1785 3435 1840 faciem
3461 1801 3616 1840 meam
3631 1785 3689 1838 fo-

2151 1893 2330 1941 veam,
2363 1883 2420 1930 et
2445 1875 2769 1932 inciderunt
2789 1875 2856 1939 9‘,
2894 1895 2918 1926 .»
2951 1874 3004 1928 id
3036 1881 3142 1937 est,
3178 1874 3490 1930 occiderunt
3521 1874 3686 1943 seipsos

2153 1965 2213 2019 in
2249 1980 2316 2019 eo
2361 1965 2510 2035 quod
2557 1970 2897 2035 putaverunt
2941 1963 3193 2018 occidere
3224 1979 3331 2018 me.
3363 1965 3530 2027 Fossa,
3557 1961 3688 2019 infer-

2155 2063 2278 2117 n‘us,
2303 2059 2367 2108 ut
2391 2054 2448 2107 in
2483 2052 2637 2112 libris
2665 2054 2953 2124 Regnum:
2984 2073 3007 2102 α
3035 2053 3398 2122 Projecerunt
3423 2068 3540 2106 eum
3562 2051 3610 2106 in
3627 2051 3690 2104 fo-

2153 2159 2310 2198 veam
2329 2143 2602 2213 grandem
2627 2141 2692 2206 3’,
2727 2165 2752 2194 »
2777 2143 2925 2212 quod
2953 2142 3150 2197 mundi
3183 2141 3351 2211 hujus
3379 2146 3623 2196 amatores
3646 2139 3688 2194 in

2155 2237 2389 2302 puteum
2421 2233 2828 2302 demerguntur
2856 2231 3209 2285 infernalem.

2225 2322 2398 2384 Finis,
2442 2320 2714 2390 accipitur
2758 2337 2858 2391 pro
2895 2325 3306 2384 consummato,
3341 2335 3458 2375 cum
3491 2317 3684 2372 dicitur:

2161 2431 2180 2460 α
2217 2409 2404 2464 Finita
2439 2416 2528 2463 est
2577 2409 2710 2463 tela.
2741 2427 2767 2461 ω
2792 2410 2968 2474 Fin-is,
3001 2425 3103 2479 pro
3134 2414 3474 2478 consumpto,
3500 2423 3608 2460 cum
3629 2405 3689 2459 di-

2155 2499 2302 2552 citur
2332 2517 2344 2551 :
2378 2499 2594 2554 Finitus
2624 2503 2698 2552 est
2727 2501 2896 2551 cibus.
2929 2498 3113 2552 Aliter
3149 2499 3298 2552 enim
3335 2497 3567 2559 dicimus,
3587 2495 3688 2559 ﬁni-

2157 2593 2267 2640 tam
2311 2591 2494 2652 telam,
2529 2603 2650 2656 quae
2682 2587 2906 2651 texitur,
2941 2587 3107 2640 aliter
3149 2589 3372 2652 [initum
3400 2586 3578 2646 cibum,
3616 2582 3688 2651 qui

2155 2675 2485 2730 comeditur.
2535 2677 2706 2738 Finis,
2751 2675 3024 2739 Christus,
3058 2681 3126 2730 ut
3170 2675 3228 2728 in
3276 2673 3536 2730 Psalmis:
3567 2692 3585 2722 ι
3615 2671 3688 2724 Pa-

2152 2764 2350 2818 tientia
2389 2780 2862 2835 pauperum-non
2903 2763 3111 2834 peribit
3139 2764 3198 2818 in
3228 2764 3392 2818 ﬁnem
3420 2761 3479 2827 ’3,
3519 2775 3538 2813 ι
3575 2757 3688 2830 apud

2154 2853 2436 2908 Christum
2461 2853 2732 2924 patientia
2750 2852 2934 2924 perire
2949 2869 3060 2908 non
3080 2853 3307 2922 poterit,
3331 2849 3562 2922 quamvis
3574 2845 3688 2916 apud

476 2962 498 2993 ι
535 2941 656 2996 Erit
683 2947 872 2995 autem
896 2958 1118 3011 semper
1135 2941 1346 2996 lamina
1369 2941 1422 2994 in
1442 2941 1623 2996 fronte
1638 2943 1760 3009 ejus
1787 2941 1828 3003 θ,
1865 2961 1887 2990 ››
1922 2941 2068 3011 quod
2097 3007 2130 3013 _
2153 2943 2328 2996 elatos
2358 2949 2570 3013 pereat.
2603 2943 2780 3007 Finis,
2812 2941 3084 3012 impletio,
3113 2949 3181 2996 ut
3199 2941 3258 2996 in
3290 2940 3486 2995 Paulo:
3518 2955 3544 2989 ι
3569 2935 3685 2990 Finis

477 3031 535 3084 in
567 3036 754 3084 mente
784 3029 887 3083 viri
918 3030 1094 3083 sancti
1127 3031 1398 3083 memoria
1428 3047 1548 3083 esse
1577 3029 1743 3082 debet
1771 3007 2131 3086 Dominiczec
2154 3031 2292 3101 legis
2327 3031 2585 3086 Christus
2613 3029 2677 3093 9‘,
2725 3049 2750 3082 »
2783 3030 2931 3102 quod
2961 3031 3114 3084 venit
3144 3046 3256 3086 non
3301 3031 3470 3100 legem
3505 3027 3686 3080 solvere.

473 3119 751 3190 passionis
780 3135 1020 3188 semper.
1057 3121 1225 3172 Frons
1257 3118 1607 3188 impudentia
1629 3118 1812 3172 carnis
1844 3120 1926 3172 vel
1956 3135 2074 3172 cor-

476 3208 582 3274 dis,
609 3213 672 3261 ut
697 3208 756 3260 in
791 3207 1071 3262 Ezechiele
1106 3226 1118 3259 :
1152 3227 1173 3256 «
1220 3208 1430 3260 Domus
1460 3207 1634 3262 Israel
1664 3207 1861 3261 attrita
1889 3209 2070 3262 fronte

473 3302 558 3350 est
578 3296 640 3364 ¹⁰,
669 3317 695 3348 »
718 3296 868 3367 quod
903 3296 1058 3366 pravi
1080 3295 1316 3366 quilibet
1340 3313 1440 3366 per
1463 3295 1646 3350 cordis
1665 3297 2075 3368 impudentiam

476 3385 610 3442 dicti
639 3391 791 3440 sunt.

545 3475 766 3530 Fornax
790 3479 878 3528 est
894 3473 1292 3534 Antichristus,
1325 3478 1389 3526 ut
1415 3473 1474 3526 in
1497 3474 1829 3544 Apocalypsi
1860 3493 1870 3526 :
1901 3495 1923 3525 α
1961 3474 2073 3530 Sic-

475 3568 540 3618 ut
561 3562 751 3617 fumus
773 3563 1014 3616 fornacis
1034 3579 1252 3632 magna:
1279 3563 1344 3627 “,
1385 3582 1406 3612 ι
1439 3562 1492 3616 id
1521 3569 1626 3628 est,
1659 3563 1913 3617 doctrina
1941 3563 2073 3618 elati

473 3651 803 3706 Antichristi
836 3651 934 3722 qui
967 3655 986 3674 '
1032 3652 1206 3706 bonos
1253 3650 1455 3721 probat
1488 3669 1499 3704 :
1539 3653 1716 3705 malos
1773 3651 2069 3706 incinerat.

475 3742 712 3806 Fornax,
757 3741 1064 3806 tribulatio,
1101 3747 1165 3794 ut
1198 3741 1254 3794 in
1293 3740 1436 3794 libro
1469 3741 1816 3811 Sapientiae-2
1867 3762 1889 3792 α
1923 3742 2070 3796 Tan-

473 3846 642 3900 quam
663 3846 863 3886 aurum
889 3830 946 3882 in
969 3829 1190 3883 fornace
1213 3829 1467 3898 probavit
1481 3825 1576 3883 eos
1597 3829 1659 3894 ¹¹²,
1689 3848 1714 3880 ››
1747 3830 1895 3900 quod
1926 3829 2072 3883 virus

475 3924 699 3974 sanctos
727 3919 1012 3973 examinat
1040 3919 1188 3972 Deus
1211 3918 1267 3970 in
1295 3917 1674 3972 tribulatione.
1707 3920 1940 3981 Fornaa‘,
1977 3936 2069 3972 ar-

473 4008 576 4060 dor
599 4007 1063 4076 concupiscentiae
1091 4006 1350 4070 carnalis,
1384 4013 1448 4060 ut
1490 4007 1547 4060 in
1595 4007 1716 4075 lege
1762 4025 1772 4058 :
1825 4027 1845 4056 α
1895 4007 2068 4061 Eduxi

473 4111 568 4148 vos
589 4095 662 4148 de
691 4095 946 4165 .Egypto,
982 4095 1050 4147 de
1098 4093 1322 4150 fornace
1362 4095 1544 4148 ferrea
1584 4093 1643 4158 ‘3,
1681 4117 1702 4143 ι
1745 4095 1894 4165 quod
1921 4095 2070 4150 Deus

471 4183 677 4238 electos
694 4199 824 4237 suos
846 4187 904 4235 et
925 4182 997 4235 de
1025 4181 1272 4236 tenebris
1291 4181 1640 4252 ignorantiae,
1669 4189 1726 4236 et
1747 4187 1766 4207 ¹
1799 4183 1934 4238 diris
1953 4201 2071 4239 car-

471 4270 613 4325 nalis
641 4269 1102 4340 concupiscentiae
1123 4269 1394 4326 incendiis
1417 4273 1435 4292 ‘
1461 4271 1664 4325 educit.

2155 3119 2250 3172 sed
2307 3120 2632 3190 adimplere.
2678 3121 2848 3183 Finis,
2893 3135 3044 3172 mors
3095 3119 3300 3180 carnis,
3346 3123 3405 3172 ut
3461 3116 3512 3170 in
3556 3114 3690 3168 Evan-

2151 3209 2298 3278 gelio
2344 3227 2354 3260 :
2393 3226 2418 3258 «
2471 3209 2655 3278 Usque
2697 3209 2755 3278 in
2795 3210 2965 3262 finem
3001 3208 3202 3266 dilexit
3245 3225 3338 3262 eos
3376 3207 3436 3271 ³⁵,
3471 3225 3492 3256 π
3521 3203 3568 3258 id
3606 3207 3683 3261 εει,

2158 3299 2297 3352 adeo
2348 3297 2559 3359 dilexit,
2615 3303 2678 3351 ut
2721 3313 2821 3368 pro
2881 3297 2961 3350 eis
3013 3303 3349 3351 moreretur.
3405 3296 3556 3355 Finis,
3604 3289 3688 3342 vita

2157 3392 2383 3451 aeterna,
2417 3393 2482 3442 ut
2523 3387 2580 3440 in
2633 3386 2871 3440 Psalmis
2920 3405 2932 3438 :
2990 3405 3014 3434 «
3058 3386 3271 3441 Notum
3315 3385 3399 3439 fac
3440 3380 3576 3444 mihi,
3609 3378 3690 3432 Do-

2156 3475 2323 3540 mine,
2370 3477 2539 3530 tinem
2567 3492 2756 3530 meum
2784 3475 2850 3541 ³⁸,
2897 3495 2923 3528 ι
2956 3475 3011 3530 id
3041 3483 3146 3539 est,
3180 3475 3402 3532 notifica
3425 3469 3564 3533 mihi.
3589 3480 3690 3536 8³⁸⁸

2154 3565 2308 3618 dium
2343 3572 2635 3630 aeternum,
2687 3565 2757 3620 de
2803 3581 2914 3635 quo
2941 3564 3150 3618 dicitur
3184 3583 3197 3619 :
3233 3583 3260 3614 ε(
3309 3565 3455 3618 Intra
3495 3560 3544 3614 in
3579 3569 3686 3625 gau-

2154 3655 2308 3709 dium
2341 3654 2562 3710 Domini
2593 3654 2676 3708 tui
2711 3653 2775 3706 ’7.
2812 3675 2835 3704 ιο
2874 3653 2960 3707 Ad
2981 3649 3109 3706 'hoc
3161 3652 3298 3707 mihi
3326 3649 3548 3710 notiﬁca,
3576 3649 3626 3698 ut
3645 3640 3684 3694 id

2153 3743 2519 3813 intelligendo
2569 3749 2846 3813 quantum
2888 3742 2980 3804 sit,
3015 3758 3188 3812 super
3205 3739 3390 3796 omnia
3413 3737 3684 3805 diligam.et

2154 3832 2437 3902 diligendo
2465 3832 2536 3884 ad
2580 3831 2636 3884 id
2686 3847 3026 3900 perveniam.
3061 3834 3082 3852 ⁴
3129 3832 3314 3893 Ferre,
3344 3835 3562 3884 internus
3585 3823 3685 3876 inte-

2153 3921 2312 3986 ritus,
2347 3925 2411 3974 ut
2439 3921 2496 3974 in
2518 3919 2803 3982 Psalmis;
2835 3938 2861 3970 «
2889 3919 2956 3974 Et
2989 3919 3267 3974 laborabit
3293 3920 3348 3974 in
3379 3923 3628 3974 aeternum,
3645 3917 3685 3962 et

2151 4009 2298 4064 vivet
2323 4010 2505 4064 adhuc
2533 4010 2590 4064 in
2621 4011 2787 4064 finem
2828 4009 2893 4068 ’3,
2935 4033 2950 4055 ο
2989 4010 3044 4063 id
3074 4015 3178 4072 est,
3213 4023 3428 4078 semper
3457 4000 3682 4074 punietur.

2153 4101 2210 4150 et
2234 4095 2292 4150 in
2315 4104 2525 4152 aeterno
2555 4096 2789 4152 interitu
2817 4095 3103 4157 subsistet.
3139 4096 3296 4152 licet
3321 4093 3462 4150 enim
3487 4091 3538 4145 in
3567 4092 3684 4142 aeter-

2153 4186 2239 4240 nis
2269 4187 2447 4256 poenis
2475 4185 2714 4248 laboret;
2749 4201 3040 4254 nunquam
3065 4191 3260 4239 tamen
3288 4181 3500 4238 omnino
3523 4187 3681 4256 consuf

2155 4255 2357 4336 metur,
2400 4273 2548 4344 quod
2577 4274 2722 4328 vivet
2741 4274 2924 4328 adhuc
2951 4275 3011 4328 in
3037 4273 3234 4328 labore
3263 4278 3320 4328 et
3341 4271 3396 4324 in
3424 4265 3592 4340 pinnis.
3620 4255 3682 4314 Ad

539 4361 700 4416 Fossa
729 4365 817 4414 est
847 4357 1152 4425 humilitas,
1196 4364 1260 4414 ut
1288 4359 1346 4413 in
1377 4359 1660 4414 Ezechiele
1693 4379 1704 4412 ε
1746 4379 1770 4410 ε(
1813 4361 1982 4416 Fossa
2011 4361 2135 4422 inD
2153 4364 2326 4433 quid?
2353 4379 2468 4416 non
2499 4367 2564 4417 ut
2600 4379 2668 4416 ex
2704 4362 2836 4428 vita,
2865 4362 3129 4432 gaudeat,
3180 4363 3278 4417 sed
3314 4367 3376 4414 ut
3407 4350 3684 4416 animum

473 4447 638 4502 altari
662 4449 762 4504 ﬁat
782 4447 843 4515 ‘4,
881 4466 906 4500 ›
939 4447 1087 4518 quod
1118 4453 1183 4502 ut
1209 4447 1434 4504 interna
1460 4447 1516 4502 in
1547 4465 1606 4502 se
1629 4448 1773 4504 bona
1801 4467 1960 4504 mens
1980 4467 2077 4505 no-

473 4542 593 4592 stra
637 4541 946 4601 conservet,
983 4543 1204 4608 oportet
1246 4543 1310 4591 ut
1360 4540 1379 4560 '
1429 4537 1766 4592 humilitatis
1805 4539 2072 4595 virtutem

473 4641 585 4679 non
615 4625 916 4696 relinquat.
941 4628 1118 4690 Fossa,
1141 4626 1414 4682 memoria
1441 4625 1702 4692 hominis,
1735 4633 1798 4682 ut
1827 4631 1883 4682 in
1917 4628 2072 4682 libris

471 4713 728 4785 Regnum
765 4732 776 4766 :
822 4734 846 4762 (ι
899 4715 969 4768 Et
1011 4715 1160 4769 fossa
1193 4715 1556 4786 aquaeductus
1585 4717 1800 4787 repleta
1826 4723 1913 4772 est
1941 4717 2002 4777 1⁵,
2041 4736 2068 4770 ι

472 4804 621 4875 quod
637 4808 864 4858 sanctus
882 4803 1119 4874 quilibet
1141 4803 1376 4859 humore
1393 4805 1590 4874 gratias
1615 4805 1924 4876 spiritualis
1950 4824 2068 4861 me-

475 4892 714 4948 moriam
735 4908 898 4948 suam
927 4892 1218 4963 impletam
1245 4891 1430 4947 habet.
1456 4894 1630 4959 Fossa,
1657 4895 1835 4950 virtus
1860 4896 2072 4966 patien-

471 4981 585 5048 tiae,
623 4987 686 5036 ut
725 4981 786 5036 in
817 4981 996 5038 Isaia:
1029 4999 1053 5032 «
1086 4979 1442 5036 Abscondere
1480 4981 1539 5036 in
1567 4982 1715 5038 fossa
1741 4984 1912 5038 humo
1941 4985 2004 5052 ίσ,
2045 5006 2066 5036 ι

2159 4451 2418 4506 intereat.
2463 4453 2636 4516 Finis,
2683 4451 2945 4522 gentiles,
2980 4457 3044 4506 ut
3089 4451 3148 4506 in
3204 4449 3473 4508 Psalmis:
3505 4465 3525 4492 ι
3572 4439 3682 4496 Deus

2156 4539 2540 4596 dominabitur
2574 4539 2744 4595 Jacob
2771 4545 2827 4594 et
2855 4539 3051 4596 ﬁnium
3077 4545 3246 4596 terra:
3273 4539 3336 4603 29,
3371 4558 3390 4588 ι
3417 4535 3469 4590 id
3491 4535 3576 4593 est,
3597 4538 3680 4582 non

2154 4630 2336 4684 solum
2382 4629 2613 4686 Judaico
2641 4629 2847 4700 populo
2881 4647 2894 4682 :
2930 4630 3028 4684 sed
3057 4635 3116 4684 et
3145 4630 3204 4684 in
3245 4624 3432 4698 gentili
3461 4615 3678 4692 judicium

2154 4735 2318 4772 suum
2345 4717 2641 4774 exercebit.
2676 4718 2785 4774 Per
2811 4721 2998 4786 finem,
3031 4718 3266 4776 internae
3285 4710 3620 4784 cogitationes.
3631 4701 3677 4754 πί

2151 4807 2209 4861 in
2264 4807 2502 4862 Psalmis
2549 4825 2562 4858 :
2620 4827 2640 4858 ι
2705 4808 2768 4862 In
2812 4823 2988 4862 manu
3031 4809 3155 4876 ejus
3203 4811 3332 4862 sunt
3369 4813 3542 4856 omnes
3573 4792 3678 4846 ﬁnes

2152 4903 2316 4950 terra:
2344 4895 2410 4960 3°,
2442 4916 2466 4947 υ
2500 4895 2557 4950 id
2587 4902 2690 4960 est,
2721 4895 2783 4949 in
2821 4900 3100 4965 potestate
3139 4897 3260 4965 ejus
3303 4897 3402 4956 est,
3437 4887 3674 4972 disponite

2154 5000 2348 5040 omnes
2383 4985 2634 5040 internas
2675 4984 3043 5054 cogitationes
3072 4985 3289 5040 animae.
3320 4981 3478 5041 Finis,
3506 4976 3674 5028 κέεται·

547 5229 565 5262 ¹
588 5229 696 5299 Isa.
731 5229 891 5299 v1,_6.
923 5228 945 5262 ²
975 5229 1144 5284 Exod.
1177 5243 1332 5295 xvm,
1369 5229 1418 5288 3.
1470 5230 1494 5264 ³
1524 5232 1632 5284 Isa.
1666 5247 1740 5298 Ix,
1776 5230 1828 5288 6.
1879 5233 1900 5267 ⁴
1927 5235 2060 5287 Luc.

2156 5249 2178 5298 ',
2215 5231 2297 5290 12.
2324 5233 2346 5266 ⁵
2373 5233 2518 5288 Psal.
2553 5246 2640 5298 Lv,
2671 5233 2724 5287 4.
2755 5233 2780 5267 ⁸
2809 5233 2954 5288 Psal.
2987 5247 3108 5299 Lm,
3139 5231 3191 5289 5.
3233 5232 3254 5265 "
3276 5228 3412 5286 Psal.
3443 5229 3605 5299 singil-

475 5298 496 5330 ⁸
525 5283 646 5351 Job.
676 5283 1164 5376 31.1,:l3_.__9_l3x0(l.
1198 5283 1394 5376 xxvii},
1433 5283 1828 5376 38.:i‘7’77Eizve’ch.
1861 5283 2038 5368 [11,—7.—
2049 5283 2068 5342 vi

2156 5283 2299 5376 ίρὸῖιζ
2333 5283 2725 5376 ιέξέἷᾋῖεέιρζ
2761 5283 3201 5376 ιιῖξόῗίῖῦὲιῐέ.
3235 5283 3308 5376 μί,
3331 5283 3489 5376 ad“.
3515 5283 3666 5376 Effci;-

477 5381 633 5470 itiun,
672 5351 945 5424 tibiill
972 5351 2064 5475 11:;ngsiina—D5.viavlsaSii‘iD.‘17Jbs.

548 5437 754 5490 Psalm.
789 5452 900 5497 va.
933 5442 984 5494 7.
1107 5443 1157 5497 ll
1189 5443 1322 5497 Rea.
1356 5457 1512 5497 xvm.
1562 5445 1638 5497 I7.
1689 5443 1736 5479 εδ
1765 5445 1970 5497 Psalm.
1996 5461 2068 5497 ιχ.

2156 5351 2210 5438 Ξῖ
2221 5351 2312 5430 Ξῖ.
2333 5351 2558 5428 ’ἰδῬἒὲιι.
2581 5351 2868 5440 ἕιῐῖὶόῗῖο
2883 5351 2998 5431 is...
3027 5351 3210 5438 ἑξεῖξῇ
3235 5351 3391 5432 '15.“
3415 5363 3522 5422 Job-
3544 5351 3666 5413 ωενδ·

2156 5446 2187 5497 ).
2233 5445 2278 5480 ²⁴
2309 5447 2469 5497 Rom.
2502 5461 2555 5497 Χ.
2587 5445 2640 5497 4.
2677 5445 2724 5486 ³⁵
2750 5448 2912 5497 Joan.
2942 5461 3064 5497 xm.
3106 5447 3150 5497 l.
3183 5445 3228 5480 ³⁵
3252 5441 3388 5497 Psal.
3411 5424 3663 5492 ΧΧΧκίηνδ·

471 5435 515 5504 ξι
548 5437 754 5490 Psalm.
789 5452 900 5504 va,
933 5442 984 5494 7.

1345 5424 1512 5508 sui,
1527 5424 1638 5500 T7.
1765 5424 1970 5498 psalmi
1991 5424 2068 5510 is,

2156 5424 2195 5501 i.’
2225 5424 2287 5480 ἶ
2302 5424 2558 5512 ’Βοιίιῖἷξζ
2587 5424 2734 5502 lii—’35
2749 5424 3156 5513 Ῑιὸαηῖἶέιὶζῖ
3176 5424 3228 5480 ’ἀι
3247 5424 3388 5499 Psal.
3411 5441 3606 5492 xxxviii.
3625 5424 3663 5476 5-

473 5503 518 5540 ’7
551 5507 750 5560 Matth.
776 5503 901 5574 XXV,
931 5509 1020 5574 2|,
1049 5511 1138 5565 23.
1171 5511 1216 5546 ’⁸
1249 5503 1394 5568 Pbal.
1427 5503 1619 5580 xnvm,
1643 5515 1697 5570 9.
1729 5515 1778 5552 ’9
1806 5517 1954 5574 Psal.
1989 5503 2146 5582 Lvin,
2177 5515 2260 5574 14.
2293 5515 2342 5550 ³ο
2365 5517 2514 5572 Psal.
2544 5503 2698 5583 serv,
2729 5517 2782 5574 4.
