3854 6164
300 398 325 428 0

427 316 535 375 935

1019 313 1085 369 Β.
1125 308 1399 366 RABANI
1434 307 1670 364 HAURI
1704 305 2043 363 ARCHIEP.
2082 305 2409 363 HOGUNT.
2449 304 2748 364 OPERUM
2784 304 2970 361 PARS
3006 303 3107 361 ΠΙ.

3582 302 3674 360 93

423 439 728 504 saecularis,
760 444 827 493 ut
851 437 912 492 in
968 435 1187 492 cantico
1236 429 1498 487 Habacuc
1528 447 1540 483 :
1569 448 1597 484 α
1627 429 1848 485 Fluvios
1882 429 2233 492 scin-Alam
2262 429 2328 498 ‘7,
2364 450 2390 484 ι
2421 431 2481 486 id
2508 436 2612 497 est,
2656 430 2916 487 detexisti
2953 429 3170 485 occulta
3200 426 3409 482 diaboli
3433 428 3679 499 usquead

424 529 522 583 des
558 535 723 583 terris
751 528 793 588 ί,
830 545 854 578 ι
887 525 1055 598 quod,
1089 528 1154 579 ut
1197 521 1281 577 ait
1330 519 1668 592 Apostolus:
1705 537 1733 572 α
1785 518 2028 574 Stultam

422 616 554 670 fecit
582 616 733 670 Deus
761 613 1095 687 sapientiam
1122 611 1293 682 hujus
1321 607 1538 663 mundi.
1574 627 1596 658 ι

494 705 715 759 Fluctus
732 708 867 757 sunt
886 706 1291 774 persecutores,
1332 696 1481 752 utin
1524 695 1662 751 Job:
1700 716 1724 748 ι
1758 694 1866 761 Qui
1891 711 2027 766 gra-

421 791 577 846 ditur
612 807 783 863 super
809 793 1016 845 ﬂuctus
1046 787 1220 843 maris
1236 785 1279 844 ².
1319 805 1343 837 ι
1375 784 1525 856 quod
1543 785 1695 839 Deus
1736 782 2024 838 in.electis

422 879 541 934 suis
569 878 766 933 mundi
791 882 1023 949 superat
1051 873 1484 948 persecutiones.
1517 873 1758 937 Fluctus,
1791 870 2022 926 malitia

424 984 743 1038 pravorum,
774 971 839 1022 ut
865 966 925 1020 in
955 964 1059 1020 Job
1093 983 1104 1019 :
1145 983 1168 1015 ι
1202 963 1272 1018 Et
1290 962 1382 1017 hic
1394 961 1712 1033 confringes
1740 964 2023 1016 tumentes

424 1055 628 1110 ﬂuctus
656 1053 699 1121 ³,
737 1074 760 1105 ι
795 1052 945 1129 quod
974 1051 1217 1106 malitias
1247 1066 1550 1123 pravorum
1598 1048 1919 1121 compescit,
1952 1063 2024 1102 ne

423 1150 648 1199 tantum
674 1159 876 1198 nocere
901 1142 1143 1203 valeant,
1170 1144 1448 1212 quantum
1474 1139 1685 1193 volunt.

498 1233 703 1287 Fumus
739 1236 827 1286 est
862 1236 1057 1285 sancta
1111 1228 1374 1293 Ecclesia,
1400 1233 1467 1282 ut
1483 1227 1543 1282 in
1565 1227 1796 1282 Cantico
1818 1245 1835 1281 :
1860 1245 1885 1278 ε
1945 1225 2028 1281 Si-

425 1325 523 1376 cut
564 1320 782 1392 virgula
808 1319 969 1385 fumi,
990 1317 1034 1386 ⁴,
1064 1335 1092 1371 ι
1151 1317 1301 1389 quod
1329 1316 1399 1370 de
1430 1315 1800 1388 prmsentibus
1835 1318 2031 1369 sancta

428 1408 673 1465 Ecclesia
695 1407 925 1479 gentilis
967 1413 1024 1462 et
1052 1410 1206 1461 recta
1225 1406 1295 1460 ad
1328 1405 1522 1460 futura
1554 1403 1895 1460 conscendit.
1928 1405 2032 1457 Fu~

427 1515 570 1564 mus,
594 1495 966 1569 compunctio,
989 1501 1054 1550 ut
1080 1495 1140 1550 in
1168 1494 1406 1549 Psalmis
1440 1511 1453 1546 :
1489 1513 1514 1546 ι
1549 1492 1818 1548 Ascendit
1843 1491 2030 1547 fumus

426 1587 487 1641 in
517 1589 536 1610 ⁶
568 1585 996 1656 compunctione
1027 1584 1151 1654 ejus
1179 1583 1220 1649 ⁵,
1257 1603 1282 1635 η
1317 1583 1377 1637 in
1403 1587 1592 1637 mente
1616 1581 1868 1637 nascitur
1883 1596 2033 1635 com-

429 1675 658 1748 punctio
675 1691 740 1728 ex
758 1672 1141 1728 recordatione
1158 1671 1256 1727 ira:
1274 1671 1494 1727 divinae.
1513 1673 1735 1735 Fumus,
1766 1669 2032 1725 doctrinae

2108 520 2302 585 ﬁnem,
2326 519 2413 574 vel
2440 536 2619 592 usque
2654 520 2727 575 ad
2764 518 3201 591 suggestionem.
3233 516 3342 571 Per
3366 516 3679 583 fundamen-

2111 617 2250 679 tum,
2267 612 2526 685 apostoli,
2549 617 2615 668 ut
2640 611 2699 667 in
2720 613 2993 668 Psalmis:
3030 630 3057 664 ς(
3081 610 3472 666 Fundamenta
3496 610 3615 679 ejus
3630 609 3676 664 in

2109 700 2395 756 montibus
2447 700 2584 757 Sion
2640 701 2987 756 collocantur
3035 700 3083 735 ¹⁸
3121 717 3136 767 ;
3179 717 3208 752 ι
3249 697 3400 771 quod
3447 697 3683 752 videlicet

2109 789 2347 861 apostoli
2356 788 2612 844 Ecclesiae
2628 788 2956 845 fundatores
2981 789 3039 844 in
3064 786 3353 860 prophetis
3371 785 3676 841 mittuntur.

2104 879 2213 933 Per
2239 880 2610 947 fundamenta
2665 878 3076 950 praedicatores,
3119 881 3184 931 ut
3230 874 3289 930 in
3333 873 3483 930 Job:
3535 892 3563 926 α
3594 873 3681 929 Ubi

2105 984 2230 1022 eras
2259 967 2485 1038 quando
2514 965 2789 1038 ponebam
2840 965 3210 1023 fundamenta
3250 967 3416 1018 terra
3454 961 3502 997 ¹⁹
3529 962 3555 1015 ?
3584 980 3609 1015 ι
3636 962 3682 1016 id

2105 1061 2210 1121 est,
2229 1055 2455 1128 quando
2480 1055 2805 1110 conﬁrmavi
2838 1055 3094 1110 doctores
3127 1051 3548 1108 EcclesiasPer
3571 1051 3684 1118 fun-

2105 1148 2368 1220 damenta
2396 1145 2668 1200 elationes
2695 1143 3086 1216 superborum,
3111 1146 3179 1197 ut
3195 1141 3255 1196 in
3273 1138 3686 1195 canticoDeute-

2110 1234 2353 1289 ronomii
2382 1252 2398 1289 :
2429 1251 2458 1285 α
2489 1234 2767 1290 Montium
2786 1232 3157 1288 fundamenta
3182 1227 3474 1285 comburet
3500 1225 3569 1286 '°.
3593 1244 3620 1277 ι
3638 1225 3685 1279 id

2111 1328 2198 1377 est
2252 1322 2525 1379 elationes
2573 1321 2947 1395 superborum
2998 1319 3249 1375 vindicta
3294 1317 3569 1372 destruet.
3598 1315 3690 1370 Per

2110 1410 2487 1478 fundamenta
2509 1411 2830 1467 defensores
2850 1409 3124 1476 Ecclesia,
3145 1414 3213 1463 ut
3230 1406 3289 1462 in
3318 1403 3649 1478 Apocalypsi
3676 1420 3687 1455 :

2114 1498 2184 1554 Et
2210 1515 2407 1555 murus
2434 1499 2675 1555 civitatis
2716 1498 2887 1554 habet
2916 1498 3281 1553 fundamenta
3311 1493 3626 1557 duodecim,
3645 1498 3692 1547 et

2111 1586 2172 1641 in
2191 1587 2329 1659 ipsis
2357 1588 2590 1643 nomina
2602 1587 2897 1643 duodecim
2930 1586 3311 1659 apostolorum
3339 1589 3398 1638 et
3421 1580 3637 1654 agni”.
3666 1600 3687 1633 ι

2112 1676 2446 1732 Defensores
2463 1676 2616 1732 enim
2641 1675 2897 1733 Ecclesiae
2922 1673 3143 1730 fundati
3171 1677 3305 1728 sunt
3330 1672 3392 1727 in
3419 1668 3693 1743 prophetis

428 1765 609 1830 malae,
623 1763 771 1818 utin
788 1761 1125 1834 Apocalypsi
1152 1778 1169 1814 :
1203 1778 1231 1813 ι
1250 1762 1331 1816 De
1340 1761 1496 1815 fumo
1510 1759 1665 1832 putei
1684 1759 1946 1815 exierunt
1958 1759 2038 1813 lo-
2055 1748 2104 1809 B
2117 1769 2175 1819 et,
2191 1765 2478 1836 apostolis,
2503 1769 2562 1819 et
2587 1766 2759 1819 ﬁnem
2789 1779 2959 1835 quam
2995 1764 3353 1833 acceperunt,
3388 1757 3697 1813 habuerunt

430 1859 602 1908 casta:
623 1852 683 1907 in
697 1860 908 1906 terram
922 1851 965 1917 ⁸,
999 1869 1023 1902 ι
1055 1850 1205 1922 quod
1230 1849 1300 1904 de
1315 1849 1552 1904 obscura
1578 1848 2037 1920 doctrinapravo-

430 1959 558 1997 rum
579 1936 1103 1996 natisdnthaaretici
1132 1938 1285 2010 pravi
1308 1938 1369 1992 in
1397 1937 1660 1993 Ecclesia.
1688 1938 1913 2004 Fumus,
1936 1952 2035 1990 su-

431 2029 644 2105 perbia,
670 2035 734 2084 ut
751 2027 809 2083 in
830 2026 1068 2083 Psalmis
1096 2045 1108 2081 :
1145 2045 1173 2081 α
1195 2026 1529 2082 Deﬁcientes
1559 2025 2035 2099 quemadmodum

431 2120 619 2175 fumus
646 2117 910 2172 deﬁcient
928 2117 969 2183 ⁷,
993 2134 1022 2168 ιι
1057 2116 1207 2188 quod
1237 2115 1465 2187 superbi
1492 2115 1565 2170 ad
1580 2114 1863 2171 defectum
1881 2114 2038 2168 dam-

430 2207 677 2263 nabilem
734 2206 993 2263 tendunt.
1032 2206 1258 2271 Fumus,
1314 2204 1554 2260 tentatio
1583 2203 1811 2270 diaboli,
1843 2207 1910 2258 ut
1944 2194 2034 2257 in-

431 2296 535 2353 Job
569 2314 582 2351 :
620 2315 648 2348 α
679 2296 760 2350 De
804 2294 1035 2349 naribus
1065 2295 1190 2365 ejus
1215 2293 1470 2365 procedit
1511 2292 1702 2348 fumus
1728 2293 1772 2360 ⁸,
1809 2311 1835 2344 υ
1862 2291 1922 2346 id
1949 2297 2037 2347 est

433 2385 739 2458 caliginosa
763 2384 1022 2450 tentatio,
1055 2399 1179 2454 quia
1192 2382 1440 2438 animam
1471 2381 1751 2447 obscurat,
1783 2380 2037 2452 procedit

433 2475 504 2530 de
552 2472 959 2530 tentationibus
1013 2471 1241 2527 diaboli.
1290 2472 1513 2537 Fumus,
1568 2470 1811 2526 brevitas
1865 2470 2036 2540 hujus

434 2563 578 2628 vitae,
631 2562 774 2619 utin
793 2561 1068 2617 Psalmis:
1117 2580 1140 2612 ι
1204 2560 1360 2616 Sicut
1406 2559 1595 2615 deﬁcit
1644 2558 1852 2623 fumus,
1902 2558 2038 2613 deﬁ-

434 2652 584 2706 cient
609 2652 651 2711 ο,
685 2670 708 2701 ι
735 2651 885 2722 quod
912 2650 1029 2705 vita
1054 2665 1300 2722 praesens
1328 2649 1401 2702 ad
1447 2652 1798 2703 momentum
1843 2647 1906 2702 in
1947 2646 2037 2702 ni-

436 2739 612 2794 hilum
642 2739 939 2794 evanescit.
980 2740 1204 2805 Fumus,
1232 2736 1412 2808 caligo
1457 2735 1852 2802 damnationis,
1881 2741 1948 2791 ut
1977 2736 2039 2790 in

434 2827 769 2900 Apocalypsi
792 2846 804 2881 :
825 2847 847 2878 ε
883 2827 952 2882 Et
976 2825 1164 2882 fumus
1181 2832 1592 2881 tormentorum
1619 2842 1815 2881 eorum
1842 2824 1902 2879 in
1930 2841 2038 2879 ste-

437 2917 565 2971 cula
631 2916 962 2971 saeculorum
1009 2914 1274 2970 ascendet
1313 2915 1401 2979 ¹⁰;
1450 2936 1474 2967 ι
1539 2915 1687 2987 quod
1726 2912 2039 2969 obscuritas

437 3005 816 3061 damnationis
863 3003 1228 3076 reproborum
1282 3020 1573 3076 nunquam
1621 3003 1843 3058 deﬁciet
1873 3021 1888 3070 ;
1905 3003 2037 3074 jure

2117 1857 2174 1906 et
2200 1850 2303 1907 illi.
2341 1874 2364 1900 ι
2414 1852 2636 1907 Nomen
2678 1857 2738 1907 et
2767 1851 2901 1923 agni
2940 1851 3001 1906 in
3024 1850 3164 1923 ipsis
3191 1854 3296 1915 est,
3329 1847 3477 1920 quod
3522 1847 3695 1918 ipsum

2114 1945 2434 2007 venturum,
2491 1945 2552 1995 et
2595 1956 2698 2012 pro
2745 1939 2943 1995 mundi
2991 1939 3174 1994 salute
3219 1952 3519 2009 passurum
3564 1952 3696 2007 prs:-

2117 2027 2400 2084 dixerunt.
2444 2029 2553 2084 Per
2599 2029 2973 2097 fundamch
3008 2025 3406 2083 delectationes
3433 2024 3694 2089 carnales,

2115 2122 2182 2173 ut
2236 2116 2296 2172 in
2350 2116 2455 2173 Job
2489 2135 2501 2171 :
2566 2136 2592 2170 α
2617 2117 2844 2199 Γιιινίιιθ
2896 2116 3182 2172 subvertet
3216 2115 3585 2171 fundamenta
3608 2128 3697 2167 eoo

2117 2203 2351 2274 rum”;
2388 2225 2412 2258 ι
2445 2207 2595 2278 quod
2640 2205 2979 2261 instabilitas
3012 2205 3183 2277 huius
3210 2203 3392 2260 brevis
3419 2202 3548 2258 vitae
3592 2207 3698 2256 ter-

2118 2294 2300 2349 minat
2353 2294 2693 2351 delectiones
2742 2294 3131 2367 reproborum.
3172 2294 3283 2348 Per
3336 2292 3699 2361 fundamenta

2116 2383 2322 2438 summi
2366 2384 2648 2456 principes
2702 2383 2874 2451 orbis,
2903 2389 2970 2440 ut
3007 2383 3069 2438 in
3116 2381 3355 2438 Psalmis
3384 2399 3398 2434 :
3432 2399 3462 2433 α
3491 2379 3700 2435 Funda-

2117 2477 2311 2529 menta
2332 2472 2613 2528 montium
2638 2471 2973 2529 conturbata
3009 2478 3069 2528 et
3108 2476 3389 2527 commota
3414 2474 3551 2524 sunt
3574 2467 3642 2534 9,
3674 2487 3696 2516 ι

2119 2560 2176 2616 id
2197 2566 2299 2628 est,
2349 2561 2630 2635 principes
2664 2561 2981 2635 principum
3009 2559 3194 2616 devoti
3221 2559 3294 2615 ad
3336 2558 3503 2614 ﬁdem
3541 2574 3695 2613 vene-

2119 2656 2270 2716 runt,
2311 2650 2565 2706 videntes
2590 2651 2753 2718 iram,
2768 2650 2877 2706 nisi
2896 2653 3269 2715 mutarentur,
3302 2664 3473 2721 super
3489 2664 3551 2702 se
3576 2662 3697 2701 ven-

2118 2743 2326 2794 turam.

2190 2829 2422 2884 Fluenta
2455 2834 2590 2884 sunt
2614 2829 2785 2902 copiae
2811 2829 3106 2896 virtutum,
3123 2827 3260 2883 utin
3286 2826 3555 2882 Cantico:
3586 2843 3611 2875 ε
3636 2823 3695 2880 Et

2119 2917 2370 2972 resident
2400 2918 2564 2988 juxta
2608 2919 2824 2973 ﬂuenta
2856 2917 3183 2990 plenissima
3196 2915 3263 2982 “,
3292 2935 3319 2969 ι
3351 2914 3501 2988 quod
3522 2912 3691 2968 sancti

2117 3005 2178 3060 in
2206 3005 2523 3061 humilitate
2554 3005 2826 3062 virtutum
2874 3006 3255 3079 spiritualium
3298 3004 3488 3077 copias
3524 3001 3694 3074 possi-

434 3110 726 3166 nunquam
783 3066 1054 3148 carebunt
1089 3092 1381 3165 supplicio,
1418 3066 1540 3164 qui,
1595 3092 1730 3147 dum
1765 3066 2096 3159 viverent,c
2117 3093 2270 3149 dent.

435 3183 742 3238 noluerunt
765 3198 981 3237 .carere
1029 3186 1275 3254 peccato.
1312 3183 1536 3248 Fumus,
1572 3179 1829 3236 doctrina
1857 3180 2036 3235 haere-

2188 3184 2378 3249 Fum’s,
2403 3189 2490 3238 est
2510 3185 2666 3249 ﬁdes,
2692 3191 2758 3240 ut
2780 3184 2841 3239 in
2861 3183 2966 3240 Job
2999 3201 3014 3238 :
3059 3202 3087 3237 α
3112 3183 3181 3239 Et
3208 3182 3344 3239 fune
3368 3180 3571 3253 ligabis
3597 3179 3697 3234 lin-

433 3271 695 3327 ticorum.
722 3276 787 3326 ut
804 3270 862 3326 in
909 3271 1244 3342 Apocalypsi
1267 3289 1279 3324 :
1316 3271 1386 3325 Et
1411 3271 1482 3325 de
1527 3286 1724 3325 eorum
1768 3285 1866 3323 ore
1904 3285 2035 3340 pro-
2114 3285 2287 3341 gnam
2315 3268 2439 3342 ejus
2457 3270 2546 3324 ἐἳ
2581 3292 2608 3324 ι)
2638 3272 2787 3343 quod
2811 3288 2913 3344 per
2927 3287 3119 3326 veram
3142 3270 3312 3326 ﬁdem
3331 3267 3699 3324 destruximus

435 3360 584 3415 cedit
612 3360 800 3415 fumus
829 3365 888 3414 et
911 3360 1149 3432 sulphur
1176 3360 1240 3427 ¹¹,
1272 3378 1301 3413 ι
1348 3359 1498 3430 quod
1536 3357 1784 3415 haeretici
1825 3357 2038 3429 cupidi-
2122 3358 2498 3431 blasphemias
2554 3359 2782 3415 diaboli.
2837 3361 2949 3415 Per
2995 3362 3158 3428 funes
3216 3363 3500 3431 praecepta
3539 3371 3700 3411 sacra:

435 3453 611 3504 tatem
629 3455 688 3504 et
715 3449 995 3504 luxuriam
1024 3454 1082 3503 et
1108 3447 1429 3521 superbiam
1456 3448 1676 3503 docent.
2119 3448 2440 3521 Scriptura,
2467 3454 2536 3504 ut
2551 3449 2611 3505 in
2624 3449 2878 3505 Jeremia
2922 3449 3104 3515 funes,
3143 3447 3200 3502 id
3227 3453 3336 3513 est,
3366 3445 3541 3518 panni
3564 3452 3701 3498 vete-

505 3539 702 3593 Funda
732 3544 819 3593 est
844 3537 1110 3605 Ecclesia,
1132 3542 1197 3592 ut
1246 3537 1304 3592 in
1333 3536 1438 3592 Job
1471 3555 1483 3590 ;
1518 3555 1546 3590 ((
1568 3539 1632 3593 In
1690 3537 1956 3610 stipulam
1985 3537 2036 3593 ei
2117 3553 2208 3591 res
2247 3537 2509 3593 levabant
2534 3539 2867 3611 prophetam
2889 3538 2960 3593 de
2992 3539 3115 3592 lacu
3139 3534 3205 3603 ³⁸,
3249 3534 3397 3608 quod
3434 3538 3701 3606 precepts

438 3626 583 3682 versi
629 3631 764 3683 sunt
808 3627 1024 3698 lapides
1069 3625 1256 3682 fundae
1284 3625 1348 3694 ¹²,
1408 3645 1437 3680 ι»
1485 3626 1633 3698 quod
1677 3626 1932 3683 diabolus
1976 3627 2036 3682 in
2115 3623 2308 3680 divina
2334 3631 2393 3680 et
2419 3627 2676 3698 exempla
2703 3631 2901 3681 sancta
2951 3625 3159 3680 electos
3206 3623 3436 3694 erigunt
3469 3621 3539 3676 de
3581 3635 3700 3692 pro-

437 3714 706 3770 membris
719 3715 837 3770 suis
856 3715 1096 3788 superbe
1124 3720 1346 3770 sanctos
1366 3715 1603 3787 despicit
1646 3717 1794 3771 viros
1844 3717 2031 3771 Eccle-
2115 3709 2288 3768 fundo
2308 3714 2436 3770 vitm
2463 3715 2775 3788 presentis.
2824 3715 2932 3769 Per
2949 3715 3114 3783 funes
3130 3711 3263 3768 boni
3282 3714 3534 3776 eventis,
3556 3713 3615 3763 ut
3638 3707 3697 3761 in

434 3805 550 3861 size.
585 3806 801 3869 Funda,
843 3821 1005 3859 sacra
1032 3805 1342 3877 Scriptura,
1375 3810 1442 3859 ut
1476 3804 1535 3859 in
1564 3803 1725 3859 libris
1763 3805 1981 3875 Regum
2014 3823 2027 3859 :
2116 3800 2353 3857 Psalmis
2378 3818 2395 3855 :
2424 3823 2452 3854 ι
2470 3803 2656 3859 Funes
2683 3801 3167 3859 cecideruntmihi
3193 3800 3259 3867 ³⁷,
3295 3820 3323 3854 ν
3356 3799 3413 3854 id
3441 3803 3543 3863 est,
3573 3795 3695 3850 boni

437 3910 467 3947 α
495 3893 753 3950 Fundam
771 3910 945 3949 manu
970 3893 1120 3961 tulit,
1155 3898 1214 3948 et
1254 3893 1526 3965 processit
1567 3893 1836 3950 adversus
1864 3893 2034 3948 Phili-
2118 3898 2505 3971 apparuerunt
2530 3891 2669 3947 mihi
2699 3898 2932 3948 eventus
2958 3891 3019 3946 in
3044 3890 3204 3946 bonis
3250 3887 3562 3945 luminosis.
3590 3884 3694 3939 Per

434 3987 637 4038 stieum
679 3980 726 4017 ¹³
763 4001 777 4037 :
830 4001 859 4035 ι
902 3982 1051 4054 quod
1096 3982 1354 4038 Christus
1410 3981 1758 4054 Scripturam
1813 3999 2034 4038 sacram
2115 3979 2279 4046 funes
2296 3980 2631 4052 asperitates
2645 3980 2852 4047 saeculi,
2886 3979 3030 4036 utin
3058 3977 3163 4034 Job
3195 3996 3208 4032 :
3244 3978 3355 4033 «Et
3385 3974 3692 4032 cruciantur

434 4087 602 4143 Opere
655 4070 998 4143 adimplevit,
1035 4075 1094 4126 et
1137 4070 1425 4126 dimicavit
1480 4076 1676 4126 contra
1727 4070 2032 4127 diabolum.
2114 4067 2342 4125 funibus
2369 4070 2718 4142 paupertatis
2742 4068 2810 4137 ³⁸,
2842 4086 2868 4123 ι
2903 4068 2964 4124 id
2988 4072 3093 4135 est,
3117 4066 3427 4137 alligantur
3439 4059 3691 4134 asperitao

434 4161 650 4226 Funda,
677 4158 1017 4214 instabilitas
1040 4158 1426 4232 reproborum,
1441 4165 1508 4215 ut
1530 4159 1591 4214 in
1605 4159 1764 4216 libris
1776 4161 2030 4235 Regum:
2113 4157 2266 4214 tibus
2292 4158 2516 4232 inopiae.

438 4265 467 4301 ι
491 4247 701 4302 Anima
725 4246 1082 4303 inimicorum
1102 4247 1278 4303 David
1305 4247 1586 4304 rotabitur
1604 4248 1765 4321 quasi
1818 4249 2035 4321 impetu
2186 4249 2492 4304 Funiculus
2518 4240 2606 4304 est
2630 4247 2914 4304 subtilitas
2945 4243 3378 4320 praedicationis,
3408 4249 3474 4299 ut
3494 4242 3552 4297 in
3568 4239 3686 4295 Εκ-

435 4340 495 4392 et
519 4336 726 4392 circulo
752 4335 938 4392 fundae
982 4335 1046 4403 1‘,
1083 4356 1110 4391 io
1138 4337 1288 4409 quod
1331 4337 1449 4392 vita
1469 4354 1684 4404 eorum,
1716 4338 1813 4409 qui
1869 4338 2034 4392 Chri-
2053 4337 2326 4409 1‘cliiele:
2387 4354 2417 4391 α
2447 4337 2520 4392 Et
2563 4336 2849 4393 funiculus
2876 4336 3060 4391 lineus
3084 4335 3145 4390 in
3189 4350 3364 4389 manu
3420 4333 3540 4404 ejus
3561 4328 3622 4393 ³⁵,
3654 4345 3678 4377 ι

435 4429 586 4480 stum
606 4441 718 4480 non
748 4424 1010 4496 diligunt,
1032 4425 1102 4481 de
1129 4426 1279 4480 malo
1294 4443 1516 4498 semper
1532 4426 1605 4481 ad
1635 4427 1796 4498 pejus
1823 4425 1957 4481 ruit.
2053 4423 2263 4500 "quod
2290 4427 2441 4481 Deus
2482 4426 2768 4482 subtiliter
2818 4423 3275 4498 praedicationem
3308 4438 3471 4478 suam
3531 4432 3679 4492 opere

504 4514 953 4569 Fundamentum
968 4520 1057 4569 est
1074 4513 1350 4582 Christus,
1369 4520 1434 4569 ut
1457 4515 1516 4570 in
1536 4515 1744 4570 Paulo:
1773 4537 1796 4569 ι
1814 4515 2034 4571 Funda-
2112 4515 2426 4588 complevit.
2504 4517 2832 4582 Funiculus,
2894 4514 3052 4579 ﬁdes,
3103 4518 3170 4569 ut
3213 4513 3276 4567 in
3330 4509 3675 4568 Ecclesiaste:

435 4608 690 4657 mentum
708 4601 864 4657 aliud
884 4619 1053 4658 nemo
1067 4608 1253 4675 potest
1264 4603 1767 4676 ponere,prieterid
1780 4605 1928 4676 quod
1940 4621 2034 4677 po-
2116 4624 2145 4661 (
2174 4604 2478 4661 Funiculus
2498 4605 2705 4677 triplex
2720 4604 2947 4660 difﬁcile
2994 4602 3281 4675 rumpitur
3296 4600 3365 4667 ³ο,
3406 4621 3432 4653 ι
3462 4597 3601 4672 quod
3622 4595 3676 4649 ﬁ-

435 4690 608 4746 situm
622 4695 711 4746 est
728 4683 875 4767 quod
896 4697 984 4747 est
997 4692 1254 4747 Christus
1263 4693 1293 4748 J
1297 4709 1427 4748 esus
1438 4691 1501 4750 ‘5.
1520 4711 1547 4747 ι
1560 4694 2029 4762 Fundamentum,
2113 4695 2214 4750 des
2226 4698 2431 4750 sanctae
2448 4693 2741 4749 Trinitatis
2763 4709 2877 4749 non
2894 4692 3055 4748 facile
3067 4688 3671 4763 frangimuFum'culu-t.

436 4778 730 4845 ﬂdes,utin
750 4780 1025 4836 Psalmis:
1051 4800 1073 4833 ι
1095 4781 1406 4847 Exinanite,
1446 4780 1729 4836 exinamte
1755 4798 1934 4854 usque
1960 4783 2033 4837 ad
2113 4783 2379 4855 cogitatio
2407 4788 2620 4849 nostra,
2648 4789 2714 4838 ut
2764 4783 2824 4838 in
2870 4781 3096 4837 Psalmo
3127 4799 3141 4833 :
3176 4803 3200 4832 ι
3227 4781 3496 4836 Semitam
3512 4788 3674 4831 meam

432 4867 866 4924 fundamentum
911 4869 971 4924 in
1004 4886 1072 4924 ea
1091 4868 1246 4937 ‘°;id
1293 4875 1396 4936 est,
1429 4869 1703 4925 destruite
1719 4869 1944 4942 penitus
1970 4871 2031 4926 in
2113 4878 2171 4928 et
2189 4872 2499 4928 funiculum
2518 4888 2707 4928 meum
2728 4869 3077 4942 investigasti
3089 4869 3158 4937 ³⁸,
3186 4888 3214 4923 ι
3250 4868 3310 4924 id
3336 4875 3442 4934 est,
3471 4877 3673 4922 mensu-

435 4956 681 5014 Ecclesia
693 4956 966 5030 quidquid
980 4957 1745 5029 estjustitim,donecetﬁdem
1758 4959 2027 5016 evellatis.
2112 4976 2235 5016 ram
2260 4959 2453 5016 stricte
2480 4958 2836 5030 cogitationis
2865 4962 3148 5014 scrutatus
3169 4959 3191 4981 "
3221 4973 3303 5012 es.
3332 4957 3442 5013 Per
3472 4952 3673 5023 funicu-

435 5047 906 5113 Fundamentum,
937 5047 1157 5102 occulta
1181 5045 1412 5114 diaboli,
1433 5052 1500 5103 ut
1534 5047 1595 5102 in
1649 5047 1866 5103 cantico
1912 5049 2029 5104 Ha-
2111 5053 2230 5105 lum
2268 5053 2549 5122 praecepta
2587 5047 2834 5114 Domini,
2868 5052 2933 5104 ut
2970 5046 3033 5102 in
3084 5046 3274 5103 Isaia:
3309 5064 3338 5099 α
3368 5045 3574 5115 Longos
3595 5037 3670 5092 ἴω

438 5135 611 5191 bacuc
640 5153 654 5191 :
682 5152 711 5190 α
756 5134 1066 5190 Denudasti
1102 5134 1535 5191 fundamentum
1579 5152 1759 5207 usque
1793 5137 1865 5192 ad
1910 5138 2026 5192 col-
2108 5137 2384 5195 funiculos
2411 5142 2540 5192 tuos
2563 5135 2631 5199 ³³,
2653 5157 2680 5190 ιο
2720 5137 2779 5192 id
2809 5143 2916 5203 est,
2948 5142 3226 5210 precepts
3267 5132 3549 5192 Dominica
3564 5142 3669 5201 po!“

508 5224 527 5258 ¹
560 5223 704 5280 Hab.
737 5237 822 5290 lli,
864 5222 917 5281 9.
943 5221 967 5258 ³
992 5222 1116 5279 Job.
1148 5238 1223 5290 1x,
1255 5222 1310 5280 8.
1340 5223 1366 5259 ³
1390 5223 1514 5279 Job.
1546 5225 1829 5287 xxxvnn'i
1848 5225 1890 5282 Ι.
1913 5225 1937 5260 ⁴
1961 5226 2123 5282 Cant.
2154 5241 2239 5291 III,
2267 5222 2321 5283 6.
2349 5225 2374 5259 ⁵
2399 5225 2546 5281 Psal.
2578 5240 2714 5289 xvn,
2743 5224 2799 5281 9.
2837 5226 2863 5261 ⁸
2889 5228 3061 5291 Apoc.
3094 5240 3172 5287 ιχ.
3205 5225 3255 5278 3.
3283 5225 3306 5260 ⁷
3331 5222 3475 5279 Psal.
3502 5229 3661 5291 xxxvi:

437 5294 528 5370 go.
551 5296 576 5331 ⁸
613 5295 717 5351 Job
745 5285 856 5370 xm,
888 5294 951 5370 11
965 5294 1030 5370 ._°
1048 5285 1421 5370 Psalﬁtxvnl,
1449 5294 1506 5370 ξ.
1521 5294 1586 5370 ξο
1603 5285 1776 5370 Apoc.
1798 5311 1912 5361 xiv,
1942 5296 2026 5370 11.

2130 5285 2302 5370 Apoc.
2335 5312 2411 5362 Ix,
2431 5295 2532 5370 _1_7.
2563 5295 2610 5370 ἒξ
2627 5285 2872 5370 Jobxu,
2897 5285 2987 5355 14.
3019 5295 3111 5370 ¹³ΑΙ
3143 5285 3446 5370 _xvn,
3474 5291 3556 5347 40.
3583 5285 3662 5370 ".1

439 5364 579 5467 ’Roeg.
606 5379 732 5432 xxv,
779 5355 869 5423 ‘29.
901 5365 948 5401 ¹⁵
980 5367 1005 5422 Ι
1033 5366 1162 5422 Cor.
1194 5380 1277 5427 In.
1318 5355 1417 5424 11.
1443 5366 1488 5401 ¹⁶
1517 5355 1674 5421 Psal..
1696 5355 1914 5431 cxxxw,
1947 5366 2000 5424 7.

517 5435 908 5509 Deutsxxxnl,
932 5436 1022 5502 2?,
1052 5437 1098 5509 ῗί
1128 5440 1301 5509 Apoc.
1331 5452 1445 5509 xxi,
1478 5437 1568 5509 14.
1599 5436 1770 5509 "Job
1797 5453 1931 5503 XXII,
1964 5439 2026 5495 16

2118 5355 2258 5424 Ηὲιι.
2294 5355 2506 5433 111,13.
2557 5367 2603 5403 ¹⁸
2630 5368 2778 5424 Psal.
2806 5355 3027 5432 Lxxxvi,
3049 5367 3104 5422 1.
3142 5366 3190 5402 ¹⁰
3224 5355 3349 5421 Job.
3377 5355 3588 5420 mm.
3613 5355 3659 5408 4ο

2118 5440 2304 5496 3Psal.
2332 5453 2466 5504 xvn,
2496 5436 2552 5496 8.
2578 5437 2628 5509 ³4
2648 5440 2811 5494 Cant.
2839 5454 2893 5506 v,
2927 5438 3012 5495 12.
3045 5436 3237 5509 αξιοι),
3267 5449 3359 5509 xt,
3389 5435 3474 5492 20.
3502 5432 3546 5467 "
3565 5430 3661 5509 leg.

442 5517 648 5569 xxxvn,
676 5505 767 5569 11,
807 5499 1018 5574 12,’13.’
1044 5508 1091 5544 ³⁷
1119 5499 1263 5565 Psal.
1294 5524 1385 5576 xv,
1410 5506 1468 5563 6.
1511 5507 1561 5544 ³⁸
1587 5508 1711 5564 Job.
1754 5499 1941 5577 xxxvi,
1979 5510 2026 5565 8.

439 5572 486 5608 ³³
509 5573 619 5629 Isa.
650 5586 762 5640 Liv,
793 5574 848 5629 2.

2144 5511 2340 5567 Ezech.
2372 5499 2462 5567 χιζ
2488 5510 2543 5565 3.
2583 5508 2632 5546 κ
2659 5511 2804 5566 Eccl.
2848 5499 3043 5578 19,12.
3083 5507 3129 5543 δι
3163 5499 3583 5564 Psa1.cxxxvul,
3618 5499 3664 5552 3.

529 5653 545 5681 |
