  <div class='ocr_page' id='page_1' title='image "/cluster/home/n/w/nwhite01/storage/ocr_20150623/112/hvd.32044054759774/474.png"; bbox 0 0 3818 6168; ppageno 0'>
   <div class='ocr_carea' id='block_1_1' title="bbox 192 288 267 344">
    <p class='ocr_par' dir='ltr' id='par_1_1' title="bbox 192 288 267 344">
     <span class='ocr_line' id='line_1_1' title="bbox 192 288 267 344; baseline -0.08 0"><span class='ocrx_word' id='word_1_1' title='bbox 192 288 267 344; x_wconf 75' lang='grc' dir='ltr'>93ἷ</span> 
     </span>
    </p>
   </div>
   <div class='ocr_carea' id='block_1_2' title="bbox 1027 270 2420 328">
    <p class='ocr_par' dir='ltr' id='par_1_2' title="bbox 1027 270 2420 328">
     <span class='ocr_line' id='line_1_2' title="bbox 1027 270 2420 328; baseline 0.001 -3"><span class='ocrx_word' id='word_1_2' title='bbox 1027 270 1459 325; x_wconf 57' lang='lat' dir='ltr'>ALLEGORIIE</span> <span class='ocrx_word' id='word_1_3' title='bbox 1497 272 1575 325; x_wconf 87' lang='lat' dir='ltr'><strong>IN</strong></span> <span class='ocrx_word' id='word_1_4' title='bbox 1614 273 1902 325; x_wconf 79' lang='lat' dir='ltr'>SACRAM</span> <span class='ocrx_word' id='word_1_5' title='bbox 1943 272 2420 328; x_wconf 82' lang='lat' dir='ltr'>SCRIPTURAM.</span> 
     </span>
    </p>
   </div>
   <div class='ocr_carea' id='block_1_3' title="bbox 3259 270 3362 328">
    <p class='ocr_par' dir='ltr' id='par_1_3' title="bbox 3259 270 3362 328">
     <span class='ocr_line' id='line_1_3' title="bbox 3259 270 3362 328; baseline -0.01 0"><span class='ocrx_word' id='word_1_6' title='bbox 3259 270 3362 328; x_wconf 82' lang='lat'>938</span> 
     </span>
    </p>
   </div>
   <div class='ocr_carea' id='block_1_4' title="bbox 187 396 3359 467">
    <p class='ocr_par' dir='ltr' id='par_1_4' title="bbox 187 396 3359 467">
     <span class='ocr_line' id='line_1_4' title="bbox 187 396 3359 467; baseline -0.003 -7"><span class='ocrx_word' id='word_1_7' title='bbox 187 404 505 463; x_wconf 77' lang='lat' dir='ltr'>severantitine</span> <span class='ocrx_word' id='word_1_8' title='bbox 531 397 785 467; x_wconf 86' lang='lat' dir='ltr'>adimple.</span> <span class='ocrx_word' id='word_1_9' title='bbox 820 397 928 448; x_wconf 88' lang='lat' dir='ltr'>Per</span> <span class='ocrx_word' id='word_1_10' title='bbox 954 398 1256 462; x_wconf 79' lang='lat' dir='ltr'>funiculus,</span> <span class='ocrx_word' id='word_1_11' title='bbox 1288 396 1917 466; x_wconf 75' lang='lat' dir='ltr'>delectationesAquod</span> <span class='ocrx_word' id='word_1_12' title='bbox 1954 397 2033 449; x_wconf 91' lang='lat' dir='ltr'>illi</span> <span class='ocrx_word' id='word_1_13' title='bbox 2059 397 2343 467; x_wconf 83' lang='lat' dir='ltr'>geminam</span> <span class='ocrx_word' id='word_1_14' title='bbox 2370 396 2702 450; x_wconf 81' lang='lat' dir='ltr'>charitatem</span> <span class='ocrx_word' id='word_1_15' title='bbox 2759 396 3067 465; x_wconf 75' lang='lat' dir='ltr'>adimplere</span> <span class='ocrx_word' id='word_1_16' title='bbox 3112 396 3359 462; x_wconf 80' lang='lat' dir='ltr'>student,</span> 
     </span>
    </p>
   </div>
   <div class='ocr_carea' id='block_1_5' title="bbox 185 484 1687 568">
    <p class='ocr_par' dir='ltr' id='par_1_5' title="bbox 185 484 1687 568">
     <span class='ocr_line' id='line_1_5' title="bbox 185 484 1687 568; baseline -0.004 -25"><span class='ocrx_word' id='word_1_17' title='bbox 185 512 337 568; x_wconf 66' lang='lat' dir='ltr'>prava),</span> <span class='ocrx_word' id='word_1_18' title='bbox 365 496 415 545; x_wconf 91' lang='lat' dir='ltr'>ut</span> <span class='ocrx_word' id='word_1_19' title='bbox 445 490 493 542; x_wconf 89' lang='lat' dir='ltr'>in</span> <span class='ocrx_word' id='word_1_20' title='bbox 520 486 656 541; x_wconf 87' lang='lat' dir='ltr'>Isaia</span> <span class='ocrx_word' id='word_1_21' title='bbox 695 504 704 537; x_wconf 91' lang='lat'><strong>:</strong></span> <span class='ocrx_word' id='word_1_22' title='bbox 746 504 769 533; x_wconf 73' lang='grc' dir='ltr'>ί(</span> <span class='ocrx_word' id='word_1_23' title='bbox 805 485 919 549; x_wconf 53' lang='grc' dir='ltr'>νίν,</span> <span class='ocrx_word' id='word_1_24' title='bbox 961 484 1057 554; x_wconf 87' lang='lat' dir='ltr'>qui</span> <span class='ocrx_word' id='word_1_25' title='bbox 1079 484 1305 537; x_wconf 78' lang='lat' dir='ltr'>trahitis</span> <span class='ocrx_word' id='word_1_26' title='bbox 1334 484 1687 555; x_wconf 92' lang='lat' dir='ltr'>iniquitatem</span> 
     </span>
    </p>
   </div>
   <div class='ocr_carea' id='block_1_6' title="bbox 185 573 1689 644">
    <p class='ocr_par' dir='ltr' id='par_1_6' title="bbox 185 573 1689 644">
     <span class='ocr_line' id='line_1_6' title="bbox 185 573 1689 644; baseline -0.025 -7"><span class='ocrx_word' id='word_1_27' title='bbox 185 588 224 638; x_wconf 88' lang='lat' dir='ltr'>in</span> <span class='ocrx_word' id='word_1_28' title='bbox 246 579 458 637; x_wconf 81' lang='lat' dir='ltr'>funiculis</span> <span class='ocrx_word' id='word_1_29' title='bbox 497 575 748 628; x_wconf 80' lang='lat' dir='ltr'>vanitatis</span> <span class='ocrx_word' id='word_1_30' title='bbox 780 574 815 637; x_wconf 59' lang='lat'>1,</span> <span class='ocrx_word' id='word_1_31' title='bbox 848 577 866 596; x_wconf 64' lang='grc' dir='ltr'>θ</span> <span class='ocrx_word' id='word_1_32' title='bbox 896 594 918 623; x_wconf 66' lang='grc' dir='ltr'><strong><em>ι</em></strong></span> <span class='ocrx_word' id='word_1_33' title='bbox 954 578 1047 626; x_wconf 71' lang='lat' dir='ltr'>‘vm</span> <span class='ocrx_word' id='word_1_34' title='bbox 1077 573 1248 639; x_wconf 42' lang='lat' dir='ltr'>vobis,</span> <span class='ocrx_word' id='word_1_35' title='bbox 1297 574 1392 644; x_wconf 67' lang='lat' dir='ltr'>qui</span> <span class='ocrx_word' id='word_1_36' title='bbox 1439 590 1689 644; x_wconf 58' lang='grc' dir='ltr'>νεγδρνθ,</span> 
     </span>
    </p>
   </div>
   <div class='ocr_carea' id='block_1_7' title="bbox 182 662 1683 737">
    <p class='ocr_par' dir='ltr' id='par_1_7' title="bbox 182 662 1683 737">
     <span class='ocr_line' id='line_1_7' title="bbox 182 662 1683 737; baseline -0.008 -12"><span class='ocrx_word' id='word_1_37' title='bbox 182 677 324 726; x_wconf 86' lang='lat' dir='ltr'>ranter</span> <span class='ocrx_word' id='word_1_38' title='bbox 337 666 536 737; x_wconf 83' lang='lat' dir='ltr'>diligitis</span> <span class='ocrx_word' id='word_1_39' title='bbox 552 663 899 734; x_wconf 85' lang='lat' dir='ltr'>iniquitatem</span> <span class='ocrx_word' id='word_1_40' title='bbox 923 663 982 715; x_wconf 92' lang='lat' dir='ltr'>in</span> <span class='ocrx_word' id='word_1_41' title='bbox 1003 662 1468 715; x_wconf 86' lang='lat' dir='ltr'>delectationibus</span> <span class='ocrx_word' id='word_1_42' title='bbox 1482 662 1683 732; x_wconf 83' lang='lat' dir='ltr'>pravis.</span> 
     </span>
    </p>
   </div>
   <div class='ocr_carea' id='block_1_8' title="bbox 230 751 1687 820">
    <p class='ocr_par' dir='ltr' id='par_1_8' title="bbox 230 751 1687 820">
     <span class='ocr_line' id='line_1_8' title="bbox 230 751 1687 820; baseline -0.008 -5"><span class='ocrx_word' id='word_1_43' title='bbox 230 762 316 815; x_wconf 81' lang='lat' dir='ltr'>Fur</span> <span class='ocrx_word' id='word_1_44' title='bbox 357 761 431 810; x_wconf 90' lang='lat' dir='ltr'>est</span> <span class='ocrx_word' id='word_1_45' title='bbox 454 753 749 818; x_wconf 56' lang='lat' dir='ltr'>haereticus,</span> <span class='ocrx_word' id='word_1_46' title='bbox 782 758 844 805; x_wconf 93' lang='lat' dir='ltr'>ut</span> <span class='ocrx_word' id='word_1_47' title='bbox 887 751 944 804; x_wconf 91' lang='lat' dir='ltr'>in</span> <span class='ocrx_word' id='word_1_48' title='bbox 986 751 1283 820; x_wconf 85' lang='lat' dir='ltr'>Evangelio</span> <span class='ocrx_word' id='word_1_49' title='bbox 1326 771 1336 804; x_wconf 92' lang='lat'><strong>:</strong></span> <span class='ocrx_word' id='word_1_50' title='bbox 1377 769 1403 802; x_wconf 78' lang='grc' dir='ltr'><strong>α</strong></span> <span class='ocrx_word' id='word_1_51' title='bbox 1436 752 1548 804; x_wconf 87' lang='lat' dir='ltr'>Fur</span> <span class='ocrx_word' id='word_1_52' title='bbox 1577 768 1687 804; x_wconf 91' lang='lat' dir='ltr'>non</span> 
     </span>
    </p>
   </div>
   <div class='ocr_carea' id='block_1_9' title="bbox 181 840 1686 910">
    <p class='ocr_par' dir='ltr' id='par_1_9' title="bbox 181 840 1686 910">
     <span class='ocr_line' id='line_1_9' title="bbox 181 840 1686 910; baseline -0.007 -8"><span class='ocrx_word' id='word_1_53' title='bbox 181 848 303 909; x_wconf 84' lang='lat' dir='ltr'>venit,</span> <span class='ocrx_word' id='word_1_54' title='bbox 330 845 419 899; x_wconf 89' lang='lat' dir='ltr'>nisi</span> <span class='ocrx_word' id='word_1_55' title='bbox 439 850 493 896; x_wconf 91' lang='lat' dir='ltr'>ut</span> <span class='ocrx_word' id='word_1_56' title='bbox 519 842 733 895; x_wconf 86' lang='lat' dir='ltr'>furetur</span> <span class='ocrx_word' id='word_1_57' title='bbox 761 846 818 893; x_wconf 87' lang='lat' dir='ltr'>et</span> <span class='ocrx_word' id='word_1_58' title='bbox 866 846 1070 893; x_wconf 84' lang='lat' dir='ltr'>mactet</span> <span class='ocrx_word' id='word_1_59' title='bbox 1099 846 1155 893; x_wconf 89' lang='lat' dir='ltr'>et</span> <span class='ocrx_word' id='word_1_60' title='bbox 1182 841 1381 910; x_wconf 89' lang='lat' dir='ltr'>perdat</span> <span class='ocrx_word' id='word_1_61' title='bbox 1407 840 1448 905; x_wconf 60' lang='lat'>2,</span> <span class='ocrx_word' id='word_1_62' title='bbox 1482 858 1508 891; x_wconf 84' lang='grc'>))</span> <span class='ocrx_word' id='word_1_63' title='bbox 1538 840 1686 910; x_wconf 89' lang='lat' dir='ltr'>quod</span> 
     </span>
    </p>
   </div>
   <div class='ocr_carea' id='block_1_10' title="bbox 180 928 1687 998">
    <p class='ocr_par' dir='ltr' id='par_1_10' title="bbox 180 928 1687 998">
     <span class='ocr_line' id='line_1_10' title="bbox 180 928 1687 998; baseline -0.006 -8"><span class='ocrx_word' id='word_1_64' title='bbox 180 935 409 990; x_wconf 71' lang='lat' dir='ltr'>haereticus</span> <span class='ocrx_word' id='word_1_65' title='bbox 435 932 496 986; x_wconf 87' lang='lat' dir='ltr'>ad</span> <span class='ocrx_word' id='word_1_66' title='bbox 529 932 625 983; x_wconf 93' lang='lat' dir='ltr'>hoc</span> <span class='ocrx_word' id='word_1_67' title='bbox 656 929 866 983; x_wconf 79' lang='lat' dir='ltr'>insistit</span> <span class='ocrx_word' id='word_1_68' title='bbox 908 934 971 982; x_wconf 89' lang='lat' dir='ltr'>ut</span> <span class='ocrx_word' id='word_1_69' title='bbox 999 930 1245 983; x_wconf 86' lang='lat' dir='ltr'>seducat.</span> <span class='ocrx_word' id='word_1_70' title='bbox 1280 931 1420 994; x_wconf 75' lang='lat' dir='ltr'>Fur,</span> <span class='ocrx_word' id='word_1_71' title='bbox 1454 928 1687 998; x_wconf 86' lang='lat' dir='ltr'>quilibet</span> 
     </span>
    </p>
   </div>
   <div class='ocr_carea' id='block_1_11' title="bbox 181 1017 1685 1083">
    <p class='ocr_par' dir='ltr' id='par_1_11' title="bbox 181 1017 1685 1083">
     <span class='ocr_line' id='line_1_11' title="bbox 181 1017 1685 1083; baseline -0.005 -5"><span class='ocrx_word' id='word_1_72' title='bbox 181 1024 373 1078; x_wconf 87' lang='lat' dir='ltr'>occultus</span> <span class='ocrx_word' id='word_1_73' title='bbox 414 1019 674 1083; x_wconf 89' lang='lat' dir='ltr'>inimicus,</span> <span class='ocrx_word' id='word_1_74' title='bbox 700 1024 763 1071; x_wconf 91' lang='lat' dir='ltr'>ut</span> <span class='ocrx_word' id='word_1_75' title='bbox 822 1018 875 1070; x_wconf 91' lang='lat' dir='ltr'>in</span> <span class='ocrx_word' id='word_1_76' title='bbox 935 1017 1076 1072; x_wconf 89' lang='lat' dir='ltr'>Job:</span> <span class='ocrx_word' id='word_1_77' title='bbox 1112 1037 1132 1067; x_wconf 80' lang='grc' dir='ltr'>ι</span> <span class='ocrx_word' id='word_1_78' title='bbox 1174 1019 1281 1070; x_wconf 89' lang='lat' dir='ltr'>Per</span> <span class='ocrx_word' id='word_1_79' title='bbox 1310 1024 1530 1071; x_wconf 89' lang='lat' dir='ltr'>noctem</span> <span class='ocrx_word' id='word_1_80' title='bbox 1557 1033 1685 1071; x_wconf 89' lang='lat' dir='ltr'>vero</span> 
     </span>
    </p>
   </div>
   <div class='ocr_carea' id='block_1_12' title="bbox 178 1107 1687 1181">
    <p class='ocr_par' dir='ltr' id='par_1_12' title="bbox 178 1107 1687 1181">
     <span class='ocr_line' id='line_1_12' title="bbox 178 1107 1687 1181; baseline -0.005 -15"><span class='ocrx_word' id='word_1_81' title='bbox 178 1112 257 1166; x_wconf 84' lang='lat' dir='ltr'>erit</span> <span class='ocrx_word' id='word_1_82' title='bbox 278 1109 409 1181; x_wconf 85' lang='lat' dir='ltr'>quasi</span> <span class='ocrx_word' id='word_1_83' title='bbox 430 1109 509 1162; x_wconf 91' lang='lat' dir='ltr'>fur</span> <span class='ocrx_word' id='word_1_84' title='bbox 532 1108 572 1169; x_wconf 77' lang='grc'>³,</span> <span class='ocrx_word' id='word_1_85' title='bbox 608 1126 632 1157; x_wconf 77' lang='grc' dir='ltr'><strong>ι)</strong></span> <span class='ocrx_word' id='word_1_86' title='bbox 672 1108 728 1159; x_wconf 91' lang='lat' dir='ltr'>id</span> <span class='ocrx_word' id='word_1_87' title='bbox 788 1114 889 1170; x_wconf 86' lang='lat' dir='ltr'>est,</span> <span class='ocrx_word' id='word_1_88' title='bbox 945 1124 1009 1159; x_wconf 85' lang='lat' dir='ltr'>ex</span> <span class='ocrx_word' id='word_1_89' title='bbox 1039 1107 1338 1177; x_wconf 91' lang='lat' dir='ltr'>improviso</span> <span class='ocrx_word' id='word_1_90' title='bbox 1368 1107 1425 1159; x_wconf 90' lang='lat' dir='ltr'>in</span> <span class='ocrx_word' id='word_1_91' title='bbox 1472 1107 1687 1160; x_wconf 86' lang='lat' dir='ltr'>occulto</span> 
     </span>
    </p>
   </div>
   <div class='ocr_carea' id='block_1_13' title="bbox 177 1195 1688 1266">
    <p class='ocr_par' dir='ltr' id='par_1_13' title="bbox 177 1195 1688 1266">
     <span class='ocr_line' id='line_1_13' title="bbox 177 1195 1688 1266; baseline -0.004 -13"><span class='ocrx_word' id='word_1_92' title='bbox 177 1200 406 1253; x_wconf 82' lang='lat' dir='ltr'>conabitur</span> <span class='ocrx_word' id='word_1_93' title='bbox 430 1214 635 1252; x_wconf 80' lang='lat' dir='ltr'>nocere.</span> <span class='ocrx_word' id='word_1_94' title='bbox 672 1197 777 1249; x_wconf 87' lang='lat' dir='ltr'>Per</span> <span class='ocrx_word' id='word_1_95' title='bbox 802 1198 954 1263; x_wconf 76' lang='lat' dir='ltr'>[ures</span> <span class='ocrx_word' id='word_1_96' title='bbox 987 1195 1218 1266; x_wconf 82' lang='lat' dir='ltr'>spiritus</span> <span class='ocrx_word' id='word_1_97' title='bbox 1265 1196 1516 1264; x_wconf 75' lang='lat' dir='ltr'>maligni.</span> <span class='ocrx_word' id='word_1_98' title='bbox 1549 1195 1688 1249; x_wconf 88' lang='lat' dir='ltr'>utin</span> 
     </span>
    </p>
   </div>
   <div class='ocr_carea' id='block_1_14' title="bbox 176 1283 1688 1358">
    <p class='ocr_par' dir='ltr' id='par_1_14' title="bbox 176 1283 1688 1358">
     <span class='ocr_line' id='line_1_14' title="bbox 176 1283 1688 1358; baseline -0.003 -16"><span class='ocrx_word' id='word_1_99' title='bbox 176 1288 411 1358; x_wconf 60' lang='lat' dir='ltr'>Evangelii)</span> <span class='ocrx_word' id='word_1_100' title='bbox 444 1305 453 1338; x_wconf 93' lang='lat'><em>:</em></span> <span class='ocrx_word' id='word_1_101' title='bbox 509 1306 526 1335; x_wconf 82' lang='grc' dir='ltr'>ι</span> <span class='ocrx_word' id='word_1_102' title='bbox 565 1285 669 1339; x_wconf 91' lang='lat' dir='ltr'>Ubi</span> <span class='ocrx_word' id='word_1_103' title='bbox 699 1284 851 1339; x_wconf 88' lang='lat' dir='ltr'>fures</span> <span class='ocrx_word' id='word_1_104' title='bbox 880 1301 990 1338; x_wconf 91' lang='lat' dir='ltr'>non</span> <span class='ocrx_word' id='word_1_105' title='bbox 1023 1284 1312 1347; x_wconf 73' lang='lat' dir='ltr'>effodiunt,</span> <span class='ocrx_word' id='word_1_106' title='bbox 1365 1301 1466 1338; x_wconf 91' lang='lat' dir='ltr'>nec</span> <span class='ocrx_word' id='word_1_107' title='bbox 1492 1283 1688 1338; x_wconf 86' lang='lat' dir='ltr'>furan-</span> 
     </span>
    </p>
   </div>
   <div class='ocr_carea' id='block_1_15' title="bbox 176 1362 1691 1446">
    <p class='ocr_par' dir='ltr' id='par_1_15' title="bbox 176 1362 1691 1446">
     <span class='ocr_line' id='line_1_15' title="bbox 176 1362 1691 1446; baseline -0.003 -15"><span class='ocrx_word' id='word_1_108' title='bbox 176 1384 243 1431; x_wconf 84' lang='lat' dir='ltr'>tur</span> <span class='ocrx_word' id='word_1_109' title='bbox 263 1377 293 1442; x_wconf 77' lang='lat'>‘,</span> <span class='ocrx_word' id='word_1_110' title='bbox 325 1399 341 1424; x_wconf 86' lang='lat' dir='ltr'><strong>l</strong></span> <span class='ocrx_word' id='word_1_111' title='bbox 373 1375 503 1446; x_wconf 89' lang='lat' dir='ltr'>quod</span> <span class='ocrx_word' id='word_1_112' title='bbox 531 1374 737 1444; x_wconf 86' lang='lat' dir='ltr'>gaudia</span> <span class='ocrx_word' id='word_1_113' title='bbox 764 1362 1023 1427; x_wconf 30' lang='lat' dir='ltr'>‘cmlestia</span> <span class='ocrx_word' id='word_1_114' title='bbox 1061 1373 1291 1444; x_wconf 87' lang='lat' dir='ltr'>spiritus</span> <span class='ocrx_word' id='word_1_115' title='bbox 1333 1374 1561 1443; x_wconf 81' lang='lat' dir='ltr'>maligni</span> <span class='ocrx_word' id='word_1_116' title='bbox 1592 1391 1691 1427; x_wconf 88' lang='lat' dir='ltr'>nec</span> 
     </span>
    </p>
   </div>
   <div class='ocr_carea' id='block_1_16' title="bbox 177 1463 1473 1533">
    <p class='ocr_par' dir='ltr' id='par_1_16' title="bbox 177 1463 1473 1533">
     <span class='ocr_line' id='line_1_16' title="bbox 177 1463 1473 1533; baseline 0 -18"><span class='ocrx_word' id='word_1_117' title='bbox 177 1467 227 1531; x_wconf 85' lang='lat' dir='ltr'>vi,</span> <span class='ocrx_word' id='word_1_118' title='bbox 250 1482 330 1519; x_wconf 82' lang='lat' dir='ltr'>nec</span> <span class='ocrx_word' id='word_1_119' title='bbox 344 1465 518 1518; x_wconf 87' lang='lat' dir='ltr'>fraude</span> <span class='ocrx_word' id='word_1_120' title='bbox 541 1464 753 1517; x_wconf 83' lang='lat' dir='ltr'>civibus</span> <span class='ocrx_word' id='word_1_121' title='bbox 783 1463 944 1516; x_wconf 87' lang='lat' dir='ltr'>bonis</span> <span class='ocrx_word' id='word_1_122' title='bbox 973 1464 1195 1517; x_wconf 90' lang='lat' dir='ltr'>auferre</span> <span class='ocrx_word' id='word_1_123' title='bbox 1223 1468 1473 1533; x_wconf 88' lang='lat' dir='ltr'>possunt.</span> 
     </span>
    </p>
   </div>
   <div class='ocr_carea' id='block_1_17' title="bbox 223 1552 1693 1622">
    <p class='ocr_par' dir='ltr' id='par_1_17' title="bbox 223 1552 1693 1622">
     <span class='ocr_line' id='line_1_17' title="bbox 223 1552 1693 1622; baseline -0.001 -15"><span class='ocrx_word' id='word_1_124' title='bbox 223 1556 380 1620; x_wconf 76' lang='lat' dir='ltr'>Frigus</span> <span class='ocrx_word' id='word_1_125' title='bbox 405 1559 483 1606; x_wconf 89' lang='lat' dir='ltr'>est</span> <span class='ocrx_word' id='word_1_126' title='bbox 508 1552 831 1617; x_wconf 75' lang='lat' dir='ltr'>adversitas,</span> <span class='ocrx_word' id='word_1_127' title='bbox 864 1552 1003 1605; x_wconf 87' lang='lat' dir='ltr'>utin</span> <span class='ocrx_word' id='word_1_128' title='bbox 1030 1552 1316 1606; x_wconf 88' lang='lat' dir='ltr'>Parabolis</span> <span class='ocrx_word' id='word_1_129' title='bbox 1341 1571 1351 1605; x_wconf 94' lang='lat'><strong>:</strong></span> <span class='ocrx_word' id='word_1_130' title='bbox 1392 1573 1413 1602; x_wconf 72' lang='grc' dir='ltr'><strong><em>ι</em></strong></span> <span class='ocrx_word' id='word_1_131' title='bbox 1458 1553 1693 1622; x_wconf 85' lang='lat' dir='ltr'>Propter</span> 
     </span>
    </p>
   </div>
   <div class='ocr_carea' id='block_1_18' title="bbox 174 1641 1693 1712">
    <p class='ocr_par' dir='ltr' id='par_1_18' title="bbox 174 1641 1693 1712">
     <span class='ocr_line' id='line_1_18' title="bbox 174 1641 1693 1712; baseline -0.001 -17"><span class='ocrx_word' id='word_1_132' title='bbox 174 1642 303 1711; x_wconf 78' lang='lat' dir='ltr'>frigus</span> <span class='ocrx_word' id='word_1_133' title='bbox 326 1642 467 1712; x_wconf 84' lang='lat' dir='ltr'>piger</span> <span class='ocrx_word' id='word_1_134' title='bbox 493 1658 653 1694; x_wconf 86' lang='lat' dir='ltr'>arare</span> <span class='ocrx_word' id='word_1_135' title='bbox 698 1642 882 1695; x_wconf 89' lang='lat' dir='ltr'>noluit</span> <span class='ocrx_word' id='word_1_136' title='bbox 898 1641 937 1703; x_wconf 72' lang='grc'>⁵,</span> <span class='ocrx_word' id='word_1_137' title='bbox 979 1662 999 1691; x_wconf 73' lang='grc' dir='ltr'><strong><em>ι</em></strong></span> <span class='ocrx_word' id='word_1_138' title='bbox 1046 1642 1193 1712; x_wconf 87' lang='lat' dir='ltr'>quod</span> <span class='ocrx_word' id='word_1_139' title='bbox 1227 1641 1494 1711; x_wconf 85' lang='lat' dir='ltr'>reprobus</span> <span class='ocrx_word' id='word_1_140' title='bbox 1525 1641 1693 1711; x_wconf 86' lang='lat' dir='ltr'>quili-</span> 
     </span>
    </p>
   </div>
   <div class='ocr_carea' id='block_1_19' title="bbox 1771 485 3363 557">
    <p class='ocr_par' dir='ltr' id='par_1_19' title="bbox 1771 485 3363 557">
     <span class='ocr_line' id='line_1_19' title="bbox 1771 485 3363 557; baseline 0.001 -20"><span class='ocrx_word' id='word_1_141' title='bbox 1771 486 1867 554; x_wconf 89' lang='lat' dir='ltr'>qui</span> <span class='ocrx_word' id='word_1_142' title='bbox 1906 503 1975 538; x_wconf 92' lang='lat' dir='ltr'>ne</span> <span class='ocrx_word' id='word_1_143' title='bbox 2004 486 2229 539; x_wconf 61' lang='lat' dir='ltr'>aeternis</span> <span class='ocrx_word' id='word_1_144' title='bbox 2258 485 2504 557; x_wconf 76' lang='lat' dir='ltr'>praemiis</span> <span class='ocrx_word' id='word_1_145' title='bbox 2530 490 2784 547; x_wconf 78' lang='lat' dir='ltr'>careant,</span> <span class='ocrx_word' id='word_1_146' title='bbox 2822 485 3107 539; x_wconf 90' lang='lat' dir='ltr'>insistunt.</span> <span class='ocrx_word' id='word_1_147' title='bbox 3130 487 3363 539; x_wconf 76' lang='lat' dir='ltr'>Fructus</span> 
     </span>
    </p>
   </div>
   <div class='ocr_carea' id='block_1_20' title="bbox 1769 574 3363 645">
    <p class='ocr_par' dir='ltr' id='par_1_20' title="bbox 1769 574 3363 645">
     <span class='ocr_line' id='line_1_20' title="bbox 1769 574 3363 645; baseline 0 -18"><span class='ocrx_word' id='word_1_148' title='bbox 1769 574 1997 628; x_wconf 87' lang='lat' dir='ltr'>nomine</span> <span class='ocrx_word' id='word_1_149' title='bbox 2028 591 2176 629; x_wconf 90' lang='lat' dir='ltr'>mors</span> <span class='ocrx_word' id='word_1_150' title='bbox 2224 581 2433 628; x_wconf 60' lang='lat' dir='ltr'>{eterna</span> <span class='ocrx_word' id='word_1_151' title='bbox 2487 574 2853 644; x_wconf 85' lang='lat' dir='ltr'>signiﬁcatur,</span> <span class='ocrx_word' id='word_1_152' title='bbox 2889 590 3010 643; x_wconf 79' lang='lat' dir='ltr'>quae</span> <span class='ocrx_word' id='word_1_153' title='bbox 3058 574 3363 645; x_wconf 86' lang='lat' dir='ltr'>improprie</span> 
     </span>
    </p>
   </div>
   <div class='ocr_carea' id='block_1_21' title="bbox 1769 662 3363 734">
    <p class='ocr_par' dir='ltr' id='par_1_21' title="bbox 1769 662 3363 734">
     <span class='ocr_line' id='line_1_21' title="bbox 1769 662 3363 734; baseline 0.002 -19"><span class='ocrx_word' id='word_1_154' title='bbox 1769 665 1988 729; x_wconf 78' lang='lat' dir='ltr'>fructus</span> <span class='ocrx_word' id='word_1_155' title='bbox 2018 664 2244 729; x_wconf 87' lang='lat' dir='ltr'>dicitur,</span> <span class='ocrx_word' id='word_1_156' title='bbox 2280 682 2305 715; x_wconf 73' lang='grc' dir='ltr'>(ί</span> <span class='ocrx_word' id='word_1_157' title='bbox 2350 681 2517 734; x_wconf 86' lang='lat' dir='ltr'>quem</span> <span class='ocrx_word' id='word_1_158' title='bbox 2556 682 2576 712; x_wconf 73' lang='grc' dir='ltr'><strong><em>ι</em></strong></span> <span class='ocrx_word' id='word_1_159' title='bbox 2612 662 2796 733; x_wconf 87' lang='lat' dir='ltr'>inquit</span> <span class='ocrx_word' id='word_1_160' title='bbox 2825 664 3145 734; x_wconf 85' lang='lat' dir='ltr'>Apostolus,</span> <span class='ocrx_word' id='word_1_161' title='bbox 3187 683 3209 714; x_wconf 76' lang='grc' dir='ltr'>ι</span> <span class='ocrx_word' id='word_1_162' title='bbox 3244 663 3363 718; x_wconf 89' lang='lat' dir='ltr'>fru-</span> 
     </span>
    </p>
   </div>
   <div class='ocr_carea' id='block_1_22' title="bbox 1770 752 3361 821">
    <p class='ocr_par' dir='ltr' id='par_1_22' title="bbox 1770 752 3361 821">
     <span class='ocr_line' id='line_1_22' title="bbox 1770 752 3361 821; baseline 0.001 -17"><span class='ocrx_word' id='word_1_163' title='bbox 1770 759 1921 805; x_wconf 90' lang='lat' dir='ltr'>ctum</span> <span class='ocrx_word' id='word_1_164' title='bbox 1960 752 2250 816; x_wconf 85' lang='lat' dir='ltr'>habuistis,</span> <span class='ocrx_word' id='word_1_165' title='bbox 2285 753 2340 806; x_wconf 90' lang='lat' dir='ltr'>in</span> <span class='ocrx_word' id='word_1_166' title='bbox 2376 752 2577 821; x_wconf 87' lang='lat' dir='ltr'>quibus</span> <span class='ocrx_word' id='word_1_167' title='bbox 2624 769 2772 806; x_wconf 91' lang='lat' dir='ltr'>nunc</span> <span class='ocrx_word' id='word_1_168' title='bbox 2822 752 3147 806; x_wconf 86' lang='lat' dir='ltr'>erubescitis</span> <span class='ocrx_word' id='word_1_169' title='bbox 3184 770 3193 803; x_wconf 93' lang='lat'><strong>:</strong></span> <span class='ocrx_word' id='word_1_170' title='bbox 3230 769 3361 806; x_wconf 85' lang='lat' dir='ltr'>nam</span> 
     </span>
    </p>
   </div>
   <div class='ocr_carea' id='block_1_23' title="bbox 1772 840 2570 895">
    <p class='ocr_par' dir='ltr' id='par_1_23' title="bbox 1772 840 2570 895">
     <span class='ocr_line' id='line_1_23' title="bbox 1772 840 2570 895; baseline -0.001 -2"><span class='ocrx_word' id='word_1_171' title='bbox 1772 840 1898 893; x_wconf 82' lang='lat' dir='ltr'>finis</span> <span class='ocrx_word' id='word_1_172' title='bbox 1928 840 2148 895; x_wconf 89' lang='lat' dir='ltr'>illorum</span> <span class='ocrx_word' id='word_1_173' title='bbox 2171 858 2319 895; x_wconf 89' lang='lat' dir='ltr'>mors</span> <span class='ocrx_word' id='word_1_174' title='bbox 2347 846 2433 895; x_wconf 90' lang='lat' dir='ltr'>est</span> <span class='ocrx_word' id='word_1_175' title='bbox 2457 841 2516 892; x_wconf 83' lang='grc'>¹⁷.</span> <span class='ocrx_word' id='word_1_176' title='bbox 2548 860 2570 892; x_wconf 76' lang='grc' dir='ltr'><strong><em>ι</em></strong></span> 
     </span>
    </p>
   </div>
   <div class='ocr_carea' id='block_1_24' title="bbox 1841 930 3364 1001">
    <p class='ocr_par' dir='ltr' id='par_1_24' title="bbox 1841 930 3364 1001">
     <span class='ocr_line' id='line_1_24' title="bbox 1841 930 3364 1001; baseline 0.003 -20"><span class='ocrx_word' id='word_1_177' title='bbox 1841 931 2223 995; x_wconf 77' lang='lat' dir='ltr'>Frumentum,</span> <span class='ocrx_word' id='word_1_178' title='bbox 2244 930 2519 995; x_wconf 79' lang='lat' dir='ltr'>Christus,</span> <span class='ocrx_word' id='word_1_179' title='bbox 2550 930 2680 983; x_wconf 90' lang='lat' dir='ltr'>utin</span> <span class='ocrx_word' id='word_1_180' title='bbox 2700 931 3000 1001; x_wconf 86' lang='lat' dir='ltr'>Evangelio</span> <span class='ocrx_word' id='word_1_181' title='bbox 3021 949 3030 983; x_wconf 93' lang='lat'><strong>:</strong></span> <span class='ocrx_word' id='word_1_182' title='bbox 3060 948 3085 981; x_wconf 71' lang='grc' dir='ltr'>(ς</span> <span class='ocrx_word' id='word_1_183' title='bbox 3101 931 3219 984; x_wconf 77' lang='lat' dir='ltr'>Nisi</span> <span class='ocrx_word' id='word_1_184' title='bbox 3237 948 3364 1001; x_wconf 88' lang='lat' dir='ltr'>gra-</span> 
     </span>
    </p>
   </div>
   <div class='ocr_carea' id='block_1_25' title="bbox 1768 1018 3363 1092">
    <p class='ocr_par' dir='ltr' id='par_1_25' title="bbox 1768 1018 3363 1092">
     <span class='ocr_line' id='line_1_25' title="bbox 1768 1018 3363 1092; baseline 0.003 -22"><span class='ocrx_word' id='word_1_185' title='bbox 1768 1033 1904 1071; x_wconf 89' lang='lat' dir='ltr'>num</span> <span class='ocrx_word' id='word_1_186' title='bbox 1923 1018 2191 1072; x_wconf 88' lang='lat' dir='ltr'>frumenti</span> <span class='ocrx_word' id='word_1_187' title='bbox 2204 1026 2486 1073; x_wconf 89' lang='lat' dir='ltr'>mortuum</span> <span class='ocrx_word' id='word_1_188' title='bbox 2497 1019 2738 1085; x_wconf 64' lang='lat' dir='ltr'>fuerit“,</span> <span class='ocrx_word' id='word_1_189' title='bbox 2754 1041 2773 1070; x_wconf 74' lang='grc' dir='ltr'>ι’</span> <span class='ocrx_word' id='word_1_190' title='bbox 2784 1020 2933 1092; x_wconf 86' lang='lat' dir='ltr'>quod</span> <span class='ocrx_word' id='word_1_191' title='bbox 2947 1020 3363 1085; x_wconf 81' lang='lat' dir='ltr'>Christus,dum</span> 
     </span>
    </p>
   </div>
   <div class='ocr_carea' id='block_1_26' title="bbox 1771 1106 3365 1173">
    <p class='ocr_par' dir='ltr' id='par_1_26' title="bbox 1771 1106 3365 1173">
     <span class='ocr_line' id='line_1_26' title="bbox 1771 1106 3365 1173; baseline 0.003 -15"><span class='ocrx_word' id='word_1_192' title='bbox 1771 1113 1949 1160; x_wconf 88' lang='lat' dir='ltr'>morte</span> <span class='ocrx_word' id='word_1_193' title='bbox 1968 1106 2153 1161; x_wconf 87' lang='lat' dir='ltr'>carnis</span> <span class='ocrx_word' id='word_1_194' title='bbox 2164 1108 2220 1161; x_wconf 87' lang='lat' dir='ltr'>in</span> <span class='ocrx_word' id='word_1_195' title='bbox 2233 1113 2441 1161; x_wconf 84' lang='lat' dir='ltr'>terram</span> <span class='ocrx_word' id='word_1_196' title='bbox 2456 1108 2671 1173; x_wconf 84' lang='lat' dir='ltr'>cecidit,</span> <span class='ocrx_word' id='word_1_197' title='bbox 2689 1114 2869 1163; x_wconf 86' lang='lat' dir='ltr'>totum</span> <span class='ocrx_word' id='word_1_198' title='bbox 2889 1109 3158 1163; x_wconf 88' lang='lat' dir='ltr'>mundum</span> <span class='ocrx_word' id='word_1_199' title='bbox 3179 1109 3365 1163; x_wconf 88' lang='lat' dir='ltr'>multi-</span> 
     </span>
    </p>
   </div>
   <div class='ocr_carea' id='block_1_27' title="bbox 1772 1196 3365 1268">
    <p class='ocr_par' dir='ltr' id='par_1_27' title="bbox 1772 1196 3365 1268">
     <span class='ocr_line' id='line_1_27' title="bbox 1772 1196 3365 1268; baseline 0.003 -20"><span class='ocrx_word' id='word_1_200' title='bbox 1772 1196 1899 1267; x_wconf 90' lang='lat' dir='ltr'>plici</span> <span class='ocrx_word' id='word_1_201' title='bbox 1914 1214 2092 1251; x_wconf 90' lang='lat' dir='ltr'>messe</span> <span class='ocrx_word' id='word_1_202' title='bbox 2111 1197 2361 1267; x_wconf 84' lang='lat' dir='ltr'>replevit.</span> <span class='ocrx_word' id='word_1_203' title='bbox 2373 1199 2671 1251; x_wconf 81' lang='lat' dir='ltr'>Frumentu</span> <span class='ocrx_word' id='word_1_204' title='bbox 2683 1197 2996 1268; x_wconf 83' lang='lat' dir='ltr'>m,quilibet</span> <span class='ocrx_word' id='word_1_205' title='bbox 3009 1199 3215 1268; x_wconf 79' lang='lat' dir='ltr'>justus,</span> <span class='ocrx_word' id='word_1_206' title='bbox 3231 1198 3365 1253; x_wconf 87' lang='lat' dir='ltr'>utin</span> 
     </span>
    </p>
   </div>
   <div class='ocr_carea' id='block_1_28' title="bbox 1773 1285 3365 1357">
    <p class='ocr_par' dir='ltr' id='par_1_28' title="bbox 1773 1285 3365 1357">
     <span class='ocr_line' id='line_1_28' title="bbox 1773 1285 3365 1357; baseline 0.003 -20"><span class='ocrx_word' id='word_1_207' title='bbox 1773 1285 1907 1338; x_wconf 91' lang='lat' dir='ltr'>Job:</span> <span class='ocrx_word' id='word_1_208' title='bbox 1937 1313 1949 1332; x_wconf 82' lang='grc' dir='ltr'>ι</span> <span class='ocrx_word' id='word_1_209' title='bbox 1972 1287 2337 1339; x_wconf 86' lang='lat' dir='ltr'>Frumentum</span> <span class='ocrx_word' id='word_1_210' title='bbox 2354 1287 2636 1341; x_wconf 69' lang='lat' dir='ltr'>desnderat</span> <span class='ocrx_word' id='word_1_211' title='bbox 2662 1286 2837 1341; x_wconf 90' lang='lat' dir='ltr'>nubes</span> <span class='ocrx_word' id='word_1_212' title='bbox 2858 1287 2922 1353; x_wconf 66' lang='lat'>‘9,</span> <span class='ocrx_word' id='word_1_213' title='bbox 2946 1307 2968 1337; x_wconf 75' lang='grc' dir='ltr'>ι</span> <span class='ocrx_word' id='word_1_214' title='bbox 2990 1288 3044 1341; x_wconf 95' lang='lat' dir='ltr'>id</span> <span class='ocrx_word' id='word_1_215' title='bbox 3075 1289 3365 1357; x_wconf 84' lang='lat' dir='ltr'>est,justus</span> 
     </span>
    </p>
   </div>
   <div class='ocr_carea' id='block_1_29' title="bbox 1774 1375 3361 1448">
    <p class='ocr_par' dir='ltr' id='par_1_29' title="bbox 1774 1375 3361 1448">
     <span class='ocr_line' id='line_1_29' title="bbox 1774 1375 3361 1448; baseline 0.002 -21"><span class='ocrx_word' id='word_1_216' title='bbox 1774 1375 2009 1445; x_wconf 83' lang='lat' dir='ltr'>quilibet</span> <span class='ocrx_word' id='word_1_217' title='bbox 2026 1375 2436 1446; x_wconf 62' lang='lat' dir='ltr'>praedicatores.</span> <span class='ocrx_word' id='word_1_218' title='bbox 2462 1377 2849 1446; x_wconf 82' lang='lat' dir='ltr'>Frimwntum,</span> <span class='ocrx_word' id='word_1_219' title='bbox 2881 1392 3020 1447; x_wconf 84' lang='lat' dir='ltr'>Opus</span> <span class='ocrx_word' id='word_1_220' title='bbox 3049 1377 3361 1448; x_wconf 88' lang='lat' dir='ltr'>spirituale,</span> 
     </span>
    </p>
   </div>
   <div class='ocr_carea' id='block_1_30' title="bbox 1774 1463 3359 1530">
    <p class='ocr_par' dir='ltr' id='par_1_30' title="bbox 1774 1463 3359 1530">
     <span class='ocr_line' id='line_1_30' title="bbox 1774 1463 3359 1530; baseline 0.001 -15"><span class='ocrx_word' id='word_1_221' title='bbox 1774 1464 1915 1517; x_wconf 90' lang='lat' dir='ltr'>utin</span> <span class='ocrx_word' id='word_1_222' title='bbox 1943 1463 2046 1518; x_wconf 92' lang='lat' dir='ltr'>Job</span> <span class='ocrx_word' id='word_1_223' title='bbox 2071 1482 2082 1515; x_wconf 89' lang='lat'><strong>:</strong></span> <span class='ocrx_word' id='word_1_224' title='bbox 2121 1483 2146 1514; x_wconf 87' lang='lat'><strong>«</strong></span> <span class='ocrx_word' id='word_1_225' title='bbox 2178 1466 2284 1518; x_wconf 87' lang='lat' dir='ltr'>Pro</span> <span class='ocrx_word' id='word_1_226' title='bbox 2304 1465 2587 1518; x_wconf 87' lang='lat' dir='ltr'>frumento</span> <span class='ocrx_word' id='word_1_227' title='bbox 2610 1464 2829 1518; x_wconf 87' lang='lat' dir='ltr'>oriatur</span> <span class='ocrx_word' id='word_1_228' title='bbox 2851 1465 3315 1530; x_wconf 70' lang='lat' dir='ltr'>mihitribulus’o,</span> <span class='ocrx_word' id='word_1_229' title='bbox 3337 1486 3359 1516; x_wconf 72' lang='grc' dir='ltr'><strong>ι</strong></span> 
     </span>
    </p>
   </div>
   <div class='ocr_carea' id='block_1_31' title="bbox 1775 1553 3363 1626">
    <p class='ocr_par' dir='ltr' id='par_1_31' title="bbox 1775 1553 3363 1626">
     <span class='ocr_line' id='line_1_31' title="bbox 1775 1553 3363 1626; baseline 0.002 -20"><span class='ocrx_word' id='word_1_230' title='bbox 1775 1553 1831 1606; x_wconf 89' lang='lat' dir='ltr'>id</span> <span class='ocrx_word' id='word_1_231' title='bbox 1874 1558 1978 1617; x_wconf 88' lang='lat' dir='ltr'>est,</span> <span class='ocrx_word' id='word_1_232' title='bbox 2030 1553 2076 1606; x_wconf 87' lang='lat' dir='ltr'>si</span> <span class='ocrx_word' id='word_1_233' title='bbox 2116 1554 2399 1608; x_wconf 88' lang='lat' dir='ltr'>fructuose</span> <span class='ocrx_word' id='word_1_234' title='bbox 2448 1553 2706 1607; x_wconf 67' lang='lat' dir='ltr'>Ecclesia)</span> <span class='ocrx_word' id='word_1_235' title='bbox 2736 1570 2846 1607; x_wconf 90' lang='lat' dir='ltr'>non</span> <span class='ocrx_word' id='word_1_236' title='bbox 2883 1554 3084 1624; x_wconf 82' lang='lat' dir='ltr'>profui,</span> <span class='ocrx_word' id='word_1_237' title='bbox 3138 1561 3193 1608; x_wconf 91' lang='lat' dir='ltr'>et</span> <span class='ocrx_word' id='word_1_238' title='bbox 3223 1571 3363 1626; x_wconf 90' lang='lat' dir='ltr'>opus</span> 
     </span>
    </p>
   </div>
   <div class='ocr_carea' id='block_1_32' title="bbox 1775 1641 3368 1712">
    <p class='ocr_par' dir='ltr' id='par_1_32' title="bbox 1775 1641 3368 1712">
     <span class='ocr_line' id='line_1_32' title="bbox 1775 1641 3368 1712; baseline 0.002 -18"><span class='ocrx_word' id='word_1_239' title='bbox 1775 1641 2065 1711; x_wconf 88' lang='lat' dir='ltr'>spirituale</span> <span class='ocrx_word' id='word_1_240' title='bbox 2094 1643 2360 1712; x_wconf 83' lang='lat' dir='ltr'>perdam,</span> <span class='ocrx_word' id='word_1_241' title='bbox 2413 1642 2485 1695; x_wconf 80' lang='lat' dir='ltr'>et</span> <span class='ocrx_word' id='word_1_242' title='bbox 2516 1649 2806 1712; x_wconf 88' lang='lat' dir='ltr'>peccatum</span> <span class='ocrx_word' id='word_1_243' title='bbox 2862 1643 3169 1697; x_wconf 88' lang='lat' dir='ltr'>incurram.</span> <span class='ocrx_word' id='word_1_244' title='bbox 3233 1645 3368 1697; x_wconf 89' lang='lat' dir='ltr'>Fru-</span> 
     </span>
    </p>
   </div>
   <div class='ocr_carea' id='block_1_33' title="bbox 170 1715 3367 1801">
    <p class='ocr_par' dir='ltr' id='par_1_33' title="bbox 170 1715 3367 1801">
     <span class='ocr_line' id='line_1_33' title="bbox 170 1715 3367 1801; baseline 0.001 -18"><span class='ocrx_word' id='word_1_245' title='bbox 170 1732 237 1784; x_wconf 81' lang='lat' dir='ltr'>bet</span> <span class='ocrx_word' id='word_1_246' title='bbox 272 1736 467 1801; x_wconf 86' lang='lat' dir='ltr'>propter</span> <span class='ocrx_word' id='word_1_247' title='bbox 516 1730 872 1783; x_wconf 86' lang='lat' dir='ltr'>adversitatis</span> <span class='ocrx_word' id='word_1_248' title='bbox 939 1730 1226 1795; x_wconf 86' lang='lat' dir='ltr'>duritiam,</span> <span class='ocrx_word' id='word_1_249' title='bbox 1290 1730 1542 1783; x_wconf 85' lang='lat' dir='ltr'>laborare</span> <span class='ocrx_word' id='word_1_250' title='bbox 1589 1715 2049 1800; x_wconf 75' lang='lat' dir='ltr'>proBmmtum,</span> <span class='ocrx_word' id='word_1_251' title='bbox 2100 1731 2389 1801; x_wconf 86' lang='lat' dir='ltr'>Scriptura</span> <span class='ocrx_word' id='word_1_252' title='bbox 2441 1748 2617 1797; x_wconf 88' lang='lat' dir='ltr'>sacra,</span> <span class='ocrx_word' id='word_1_253' title='bbox 2650 1738 2715 1786; x_wconf 91' lang='lat' dir='ltr'>ut</span> <span class='ocrx_word' id='word_1_254' title='bbox 2768 1732 2826 1786; x_wconf 92' lang='lat' dir='ltr'>in</span> <span class='ocrx_word' id='word_1_255' title='bbox 2874 1732 3154 1786; x_wconf 88' lang='lat' dir='ltr'>Psalmis:</span> <span class='ocrx_word' id='word_1_256' title='bbox 3224 1754 3247 1783; x_wconf 90' lang='lat'>«</span> <span class='ocrx_word' id='word_1_257' title='bbox 3291 1734 3367 1788; x_wconf 81' lang='lat' dir='ltr'><strong>Ex</strong></span> 
     </span>
    </p>
   </div>
   <div class='ocr_carea' id='block_1_34' title="bbox 172 1820 1689 1890">
    <p class='ocr_par' dir='ltr' id='par_1_34' title="bbox 172 1820 1689 1890">
     <span class='ocr_line' id='line_1_34' title="bbox 172 1820 1689 1890; baseline -0.001 -17"><span class='ocrx_word' id='word_1_258' title='bbox 172 1827 327 1873; x_wconf 73' lang='lat' dir='ltr'>actema</span> <span class='ocrx_word' id='word_1_259' title='bbox 354 1820 591 1873; x_wconf 85' lang='lat' dir='ltr'>mercede</span> <span class='ocrx_word' id='word_1_260' title='bbox 613 1820 939 1873; x_wconf 87' lang='lat' dir='ltr'>contemnit.</span> <span class='ocrx_word' id='word_1_261' title='bbox 968 1821 1186 1887; x_wconf 75' lang='lat' dir='ltr'>Frigus,</span> <span class='ocrx_word' id='word_1_262' title='bbox 1219 1820 1481 1890; x_wconf 87' lang='lat' dir='ltr'>aspiritas</span> <span class='ocrx_word' id='word_1_263' title='bbox 1506 1820 1689 1873; x_wconf 89' lang='lat' dir='ltr'>ultimi</span> 
     </span>
    </p>
   </div>
   <div class='ocr_carea' id='block_1_35' title="bbox 166 1908 1692 1977">
    <p class='ocr_par' dir='ltr' id='par_1_35' title="bbox 166 1908 1692 1977">
     <span class='ocr_line' id='line_1_35' title="bbox 166 1908 1692 1977; baseline 0.001 -18"><span class='ocrx_word' id='word_1_264' title='bbox 166 1908 330 1975; x_wconf 86' lang='lat' dir='ltr'>judicii,</span> <span class='ocrx_word' id='word_1_265' title='bbox 359 1916 415 1961; x_wconf 89' lang='lat' dir='ltr'>ut</span> <span class='ocrx_word' id='word_1_266' title='bbox 438 1909 489 1961; x_wconf 91' lang='lat' dir='ltr'>in</span> <span class='ocrx_word' id='word_1_267' title='bbox 513 1909 787 1962; x_wconf 82' lang='lat' dir='ltr'>Psalmis:</span> <span class='ocrx_word' id='word_1_268' title='bbox 852 1926 877 1960; x_wconf 72' lang='grc' dir='ltr'><strong>α</strong></span> <span class='ocrx_word' id='word_1_269' title='bbox 924 1910 1067 1961; x_wconf 85' lang='lat' dir='ltr'>Ante</span> <span class='ocrx_word' id='word_1_270' title='bbox 1097 1908 1292 1961; x_wconf 82' lang='lat' dir='ltr'>faciem</span> <span class='ocrx_word' id='word_1_271' title='bbox 1315 1908 1536 1977; x_wconf 81' lang='lat' dir='ltr'>frigoris</span> <span class='ocrx_word' id='word_1_272' title='bbox 1570 1909 1692 1977; x_wconf 87' lang='lat' dir='ltr'>ejus</span> 
     </span>
    </p>
   </div>
   <div class='ocr_carea' id='block_1_36' title="bbox 167 1997 1691 2069">
    <p class='ocr_par' dir='ltr' id='par_1_36' title="bbox 167 1997 1691 2069">
     <span class='ocr_line' id='line_1_36' title="bbox 167 1997 1691 2069; baseline 0.001 -20"><span class='ocrx_word' id='word_1_273' title='bbox 167 1997 255 2065; x_wconf 83' lang='lat' dir='ltr'>quis</span> <span class='ocrx_word' id='word_1_274' title='bbox 268 1997 527 2050; x_wconf 85' lang='lat' dir='ltr'>sustinebit</span> <span class='ocrx_word' id='word_1_275' title='bbox 557 1999 581 2032; x_wconf 75' lang='grc' dir='ltr'><strong>δ</strong></span> <span class='ocrx_word' id='word_1_276' title='bbox 612 1998 637 2049; x_wconf 86' lang='lat'><strong>?</strong></span> <span class='ocrx_word' id='word_1_277' title='bbox 670 2017 694 2046; x_wconf 71' lang='grc' dir='ltr'><strong><em>ο</em></strong></span> <span class='ocrx_word' id='word_1_278' title='bbox 746 1998 891 2069; x_wconf 88' lang='lat' dir='ltr'>quod</span> <span class='ocrx_word' id='word_1_279' title='bbox 922 2003 1228 2068; x_wconf 86' lang='lat' dir='ltr'>apparente</span> <span class='ocrx_word' id='word_1_280' title='bbox 1254 1997 1454 2050; x_wconf 88' lang='lat' dir='ltr'>ultimo</span> <span class='ocrx_word' id='word_1_281' title='bbox 1480 1998 1691 2066; x_wconf 90' lang='lat' dir='ltr'>judicio</span> 
     </span>
    </p>
   </div>
   <div class='ocr_carea' id='block_1_37' title="bbox 164 2085 796 2140">
    <p class='ocr_par' dir='ltr' id='par_1_37' title="bbox 164 2085 796 2140">
     <span class='ocr_line' id='line_1_37' title="bbox 164 2085 796 2140; baseline 0.003 -2"><span class='ocrx_word' id='word_1_282' title='bbox 164 2085 289 2138; x_wconf 82' lang='lat' dir='ltr'>etiam</span> <span class='ocrx_word' id='word_1_283' title='bbox 318 2087 461 2139; x_wconf 87' lang='lat' dir='ltr'>electi</span> <span class='ocrx_word' id='word_1_284' title='bbox 492 2086 796 2140; x_wconf 86' lang='lat' dir='ltr'>timebunt.</span> 
     </span>
    </p>
   </div>
   <div class='ocr_carea' id='block_1_38' title="bbox 216 2175 1687 2247">
    <p class='ocr_par' dir='ltr' id='par_1_38' title="bbox 216 2175 1687 2247">
     <span class='ocr_line' id='line_1_38' title="bbox 216 2175 1687 2247; baseline 0.001 -21"><span class='ocrx_word' id='word_1_285' title='bbox 216 2176 404 2229; x_wconf 66' lang='lat' dir='ltr'>Fructus</span> <span class='ocrx_word' id='word_1_286' title='bbox 434 2180 452 2198; x_wconf 57' lang='grc' dir='ltr'><strong>θ</strong></span> <span class='ocrx_word' id='word_1_287' title='bbox 497 2176 874 2247; x_wconf 84' lang='lat' dir='ltr'>appellatione</span> <span class='ocrx_word' id='word_1_288' title='bbox 922 2177 1221 2246; x_wconf 85' lang='lat' dir='ltr'>aiiquando</span> <span class='ocrx_word' id='word_1_289' title='bbox 1264 2175 1687 2241; x_wconf 86' lang='lat' dir='ltr'>Antichristum,</span> 
     </span>
    </p>
   </div>
   <div class='ocr_carea' id='block_1_39' title="bbox 163 2262 1693 2335">
    <p class='ocr_par' dir='ltr' id='par_1_39' title="bbox 163 2262 1693 2335">
     <span class='ocr_line' id='line_1_39' title="bbox 163 2262 1693 2335; baseline 0.001 -20"><span class='ocrx_word' id='word_1_290' title='bbox 163 2262 402 2333; x_wconf 82' lang='lat' dir='ltr'>aliquando</span> <span class='ocrx_word' id='word_1_291' title='bbox 418 2266 623 2319; x_wconf 86' lang='lat' dir='ltr'>Redem</span> <span class='ocrx_word' id='word_1_292' title='bbox 631 2272 867 2335; x_wconf 90' lang='lat' dir='ltr'>ptorem,</span> <span class='ocrx_word' id='word_1_293' title='bbox 888 2265 1188 2335; x_wconf 87' lang='lat' dir='ltr'>aliquando</span> <span class='ocrx_word' id='word_1_294' title='bbox 1201 2265 1405 2318; x_wconf 85' lang='lat' dir='ltr'>bonam</span> <span class='ocrx_word' id='word_1_295' title='bbox 1420 2264 1693 2334; x_wconf 89' lang='lat' dir='ltr'>operatio-</span> 
     </span>
    </p>
   </div>
   <div class='ocr_carea' id='block_1_40' title="bbox 164 2352 1686 2425">
    <p class='ocr_par' dir='ltr' id='par_1_40' title="bbox 164 2352 1686 2425">
     <span class='ocr_line' id='line_1_40' title="bbox 164 2352 1686 2425; baseline 0.001 -21"><span class='ocrx_word' id='word_1_296' title='bbox 164 2369 257 2405; x_wconf 86' lang='lat' dir='ltr'>nem</span> <span class='ocrx_word' id='word_1_297' title='bbox 296 2354 546 2424; x_wconf 81' lang='lat' dir='ltr'>designat,</span> <span class='ocrx_word' id='word_1_298' title='bbox 585 2354 738 2425; x_wconf 90' lang='lat' dir='ltr'>quod</span> <span class='ocrx_word' id='word_1_299' title='bbox 769 2371 881 2407; x_wconf 88' lang='lat' dir='ltr'>uno</span> <span class='ocrx_word' id='word_1_300' title='bbox 912 2354 1163 2424; x_wconf 84' lang='lat' dir='ltr'>exemplo</span> <span class='ocrx_word' id='word_1_301' title='bbox 1184 2352 1407 2424; x_wconf 87' lang='lat' dir='ltr'>probari</span> <span class='ocrx_word' id='word_1_302' title='bbox 1438 2353 1645 2424; x_wconf 89' lang='lat' dir='ltr'>poterit</span> <span class='ocrx_word' id='word_1_303' title='bbox 1676 2371 1686 2405; x_wconf 91' lang='lat'>:</span> 
     </span>
    </p>
   </div>
   <div class='ocr_carea' id='block_1_41' title="bbox 165 2442 1692 2512">
    <p class='ocr_par' dir='ltr' id='par_1_41' title="bbox 165 2442 1692 2512">
     <span class='ocr_line' id='line_1_41' title="bbox 165 2442 1692 2512; baseline 0.003 -21"><span class='ocrx_word' id='word_1_304' title='bbox 165 2457 181 2490; x_wconf 71' lang='grc' dir='ltr'><strong>ί</strong></span> <span class='ocrx_word' id='word_1_305' title='bbox 207 2442 344 2495; x_wconf 85' lang='lat' dir='ltr'>Terra</span> <span class='ocrx_word' id='word_1_306' title='bbox 370 2444 516 2497; x_wconf 88' lang='lat' dir='ltr'>dedit</span> <span class='ocrx_word' id='word_1_307' title='bbox 536 2445 783 2497; x_wconf 88' lang='lat' dir='ltr'>fructum</span> <span class='ocrx_word' id='word_1_308' title='bbox 807 2459 970 2496; x_wconf 91' lang='lat' dir='ltr'>suum</span> <span class='ocrx_word' id='word_1_309' title='bbox 994 2443 1013 2477; x_wconf 82' lang='grc'>⁷</span> <span class='ocrx_word' id='word_1_310' title='bbox 1047 2484 1056 2495; x_wconf 93' lang='grc'><strong>.</strong></span> <span class='ocrx_word' id='word_1_311' title='bbox 1096 2466 1111 2488; x_wconf 78' lang='grc' dir='ltr'>ι</span> <span class='ocrx_word' id='word_1_312' title='bbox 1142 2446 1162 2463; x_wconf 81' lang='lat'><strong>&#39;</strong></span> <span class='ocrx_word' id='word_1_313' title='bbox 1201 2443 1358 2511; x_wconf 82' lang='lat' dir='ltr'>virgo</span> <span class='ocrx_word' id='word_1_314' title='bbox 1390 2442 1565 2495; x_wconf 86' lang='lat' dir='ltr'>Maria</span> <span class='ocrx_word' id='word_1_315' title='bbox 1596 2460 1692 2512; x_wconf 91' lang='lat' dir='ltr'>pe-</span> 
     </span>
    </p>
   </div>
   <div class='ocr_carea' id='block_1_42' title="bbox 165 2529 1691 2596">
    <p class='ocr_par' dir='ltr' id='par_1_42' title="bbox 165 2529 1691 2596">
     <span class='ocr_line' id='line_1_42' title="bbox 165 2529 1691 2596; baseline 0.001 -16"><span class='ocrx_word' id='word_1_316' title='bbox 165 2529 273 2596; x_wconf 83' lang='lat' dir='ltr'>perit</span> <span class='ocrx_word' id='word_1_317' title='bbox 295 2532 575 2595; x_wconf 85' lang='lat' dir='ltr'>Christum,</span> <span class='ocrx_word' id='word_1_318' title='bbox 605 2548 736 2585; x_wconf 89' lang='lat' dir='ltr'>caro</span> <span class='ocrx_word' id='word_1_319' title='bbox 758 2530 963 2583; x_wconf 89' lang='lat' dir='ltr'>Christi</span> <span class='ocrx_word' id='word_1_320' title='bbox 975 2530 1214 2584; x_wconf 90' lang='lat' dir='ltr'>contulit</span> <span class='ocrx_word' id='word_1_321' title='bbox 1237 2530 1445 2583; x_wconf 90' lang='lat' dir='ltr'>mundo</span> <span class='ocrx_word' id='word_1_322' title='bbox 1468 2530 1691 2582; x_wconf 86' lang='lat' dir='ltr'>redem-</span> 
     </span>
    </p>
   </div>
   <div class='ocr_carea' id='block_1_43' title="bbox 163 2618 1694 2690">
    <p class='ocr_par' dir='ltr' id='par_1_43' title="bbox 163 2618 1694 2690">
     <span class='ocr_line' id='line_1_43' title="bbox 163 2618 1694 2690; baseline 0.001 -20"><span class='ocrx_word' id='word_1_323' title='bbox 163 2618 374 2686; x_wconf 87' lang='lat' dir='ltr'>ptionem,</span> <span class='ocrx_word' id='word_1_324' title='bbox 397 2625 449 2673; x_wconf 89' lang='lat' dir='ltr'>et</span> <span class='ocrx_word' id='word_1_325' title='bbox 467 2621 638 2673; x_wconf 87' lang='lat' dir='ltr'>homo</span> <span class='ocrx_word' id='word_1_326' title='bbox 669 2637 768 2690; x_wconf 89' lang='lat' dir='ltr'>per</span> <span class='ocrx_word' id='word_1_327' title='bbox 788 2620 1116 2689; x_wconf 89' lang='lat' dir='ltr'>sanguinem</span> <span class='ocrx_word' id='word_1_328' title='bbox 1140 2619 1347 2672; x_wconf 86' lang='lat' dir='ltr'>Christi</span> <span class='ocrx_word' id='word_1_329' title='bbox 1370 2618 1694 2689; x_wconf 83' lang='lat' dir='ltr'>redemptus</span> 
     </span>
    </p>
   </div>
   <div class='ocr_carea' id='block_1_44' title="bbox 165 2708 1692 2779">
    <p class='ocr_par' dir='ltr' id='par_1_44' title="bbox 165 2708 1692 2779">
     <span class='ocr_line' id='line_1_44' title="bbox 165 2708 1692 2779; baseline 0.001 -20"><span class='ocrx_word' id='word_1_330' title='bbox 165 2708 346 2775; x_wconf 84' lang='lat' dir='ltr'>protulit</span> <span class='ocrx_word' id='word_1_331' title='bbox 368 2708 503 2762; x_wconf 86' lang='lat' dir='ltr'>bona</span> <span class='ocrx_word' id='word_1_332' title='bbox 531 2726 709 2779; x_wconf 83' lang='lat' dir='ltr'>opera</span> <span class='ocrx_word' id='word_1_333' title='bbox 734 2709 1072 2762; x_wconf 84' lang='lat' dir='ltr'>naturaliter</span> <span class='ocrx_word' id='word_1_334' title='bbox 1109 2708 1211 2761; x_wconf 86' lang='lat' dir='ltr'>sibi</span> <span class='ocrx_word' id='word_1_335' title='bbox 1250 2724 1515 2777; x_wconf 85' lang='lat' dir='ltr'>congrua.</span> <span class='ocrx_word' id='word_1_336' title='bbox 1554 2709 1692 2760; x_wconf 81' lang='lat' dir='ltr'>Fru-</span> 
     </span>
    </p>
   </div>
   <div class='ocr_carea' id='block_1_45' title="bbox 158 2795 1690 2866">
    <p class='ocr_par' dir='ltr' id='par_1_45' title="bbox 158 2795 1690 2866">
     <span class='ocr_line' id='line_1_45' title="bbox 158 2795 1690 2866; baseline 0.003 -23"><span class='ocrx_word' id='word_1_337' title='bbox 158 2799 259 2849; x_wconf 69' lang='lat' dir='ltr'>ctus.</span> <span class='ocrx_word' id='word_1_338' title='bbox 286 2811 466 2866; x_wconf 83' lang='lat' dir='ltr'>corpus</span> <span class='ocrx_word' id='word_1_339' title='bbox 493 2796 705 2850; x_wconf 88' lang='lat' dir='ltr'>Christi</span> <span class='ocrx_word' id='word_1_340' title='bbox 732 2815 742 2849; x_wconf 88' lang='lat'><em>:</em></span> <span class='ocrx_word' id='word_1_341' title='bbox 774 2802 838 2849; x_wconf 91' lang='lat' dir='ltr'>ut</span> <span class='ocrx_word' id='word_1_342' title='bbox 894 2796 953 2848; x_wconf 93' lang='lat' dir='ltr'>in</span> <span class='ocrx_word' id='word_1_343' title='bbox 1009 2795 1238 2849; x_wconf 89' lang='lat' dir='ltr'>Cantico</span> <span class='ocrx_word' id='word_1_344' title='bbox 1270 2813 1333 2847; x_wconf 86' lang='lat' dir='ltr'>ex</span> <span class='ocrx_word' id='word_1_345' title='bbox 1365 2812 1491 2848; x_wconf 88' lang='lat' dir='ltr'>voce</span> <span class='ocrx_word' id='word_1_346' title='bbox 1523 2811 1690 2866; x_wconf 91' lang='lat' dir='ltr'>spon-</span> 
     </span>
    </p>
   </div>
   <div class='ocr_carea' id='block_1_46' title="bbox 157 2882 1690 2954">
    <p class='ocr_par' dir='ltr' id='par_1_46' title="bbox 157 2882 1690 2954">
     <span class='ocr_line' id='line_1_46' title="bbox 157 2882 1690 2954; baseline 0.003 -21"><span class='ocrx_word' id='word_1_347' title='bbox 157 2882 446 2939; x_wconf 68' lang='lat' dir='ltr'>saedicitur:</span> <span class='ocrx_word' id='word_1_348' title='bbox 486 2906 508 2935; x_wconf 78' lang='grc' dir='ltr'><strong>σ</strong></span> <span class='ocrx_word' id='word_1_349' title='bbox 543 2884 663 2939; x_wconf 89' lang='lat' dir='ltr'>Sub</span> <span class='ocrx_word' id='word_1_350' title='bbox 716 2884 917 2938; x_wconf 85' lang='lat' dir='ltr'>umbra</span> <span class='ocrx_word' id='word_1_351' title='bbox 971 2884 1139 2949; x_wconf 88' lang='lat' dir='ltr'>illius,</span> <span class='ocrx_word' id='word_1_352' title='bbox 1190 2900 1357 2954; x_wconf 87' lang='lat' dir='ltr'>quem</span> <span class='ocrx_word' id='word_1_353' title='bbox 1405 2884 1690 2937; x_wconf 81' lang='lat' dir='ltr'>desidera-</span> 
     </span>
    </p>
   </div>
   <div class='ocr_carea' id='block_1_47' title="bbox 1774 1810 3369 1893">
    <p class='ocr_par' dir='ltr' id='par_1_47' title="bbox 1774 1810 3369 1893">
     <span class='ocr_line' id='line_1_47' title="bbox 1774 1810 3369 1893; baseline 0.003 -22"><span class='ocrx_word' id='word_1_354' title='bbox 1774 1819 1935 1889; x_wconf 89' lang='lat' dir='ltr'>adipe</span> <span class='ocrx_word' id='word_1_355' title='bbox 1966 1819 2233 1872; x_wconf 87' lang='lat' dir='ltr'>frumenti</span> <span class='ocrx_word' id='word_1_356' title='bbox 2280 1820 2451 1873; x_wconf 88' lang='lat' dir='ltr'>satiat</span> <span class='ocrx_word' id='word_1_357' title='bbox 2470 1810 2551 1873; x_wconf 51' lang='lat' dir='ltr'>\te</span> <span class='ocrx_word' id='word_1_358' title='bbox 2578 1820 2642 1887; x_wconf 65' lang='lat'>9&#39;,</span> <span class='ocrx_word' id='word_1_359' title='bbox 2683 1841 2706 1871; x_wconf 78' lang='grc' dir='ltr'>ιι</span> <span class='ocrx_word' id='word_1_360' title='bbox 2740 1821 2796 1873; x_wconf 91' lang='lat' dir='ltr'>id</span> <span class='ocrx_word' id='word_1_361' title='bbox 2839 1827 2940 1886; x_wconf 89' lang='lat' dir='ltr'>est,</span> <span class='ocrx_word' id='word_1_362' title='bbox 2976 1822 3256 1893; x_wconf 88' lang='lat' dir='ltr'>spirituali</span> <span class='ocrx_word' id='word_1_363' title='bbox 3288 1822 3369 1876; x_wconf 88' lang='lat' dir='ltr'>in-</span> 
     </span>
    </p>
   </div>
   <div class='ocr_carea' id='block_1_48' title="bbox 1773 1908 3362 1979">
    <p class='ocr_par' dir='ltr' id='par_1_48' title="bbox 1773 1908 3362 1979">
     <span class='ocr_line' id='line_1_48' title="bbox 1773 1908 3362 1979; baseline 0.003 -19"><span class='ocrx_word' id='word_1_364' title='bbox 1773 1908 2086 1976; x_wconf 85' lang='lat' dir='ltr'>telligentia</span> <span class='ocrx_word' id='word_1_365' title='bbox 2105 1925 2275 1961; x_wconf 61' lang='lat' dir='ltr'>sacra:</span> <span class='ocrx_word' id='word_1_366' title='bbox 2290 1909 2589 1979; x_wconf 83' lang='lat' dir='ltr'>Scripturae</span> <span class='ocrx_word' id='word_1_367' title='bbox 2615 1913 2632 1932; x_wconf 83' lang='lat'><strong><em>&#39;</em></strong></span> <span class='ocrx_word' id='word_1_368' title='bbox 2656 1908 2850 1963; x_wconf 84' lang='lat' dir='ltr'>refecit</span> <span class='ocrx_word' id='word_1_369' title='bbox 2868 1916 2944 1964; x_wconf 89' lang='lat' dir='ltr'>te.</span> <span class='ocrx_word' id='word_1_370' title='bbox 2979 1913 3362 1978; x_wconf 81' lang='lat' dir='ltr'>Frumentum,</span> 
     </span>
    </p>
   </div>
   <div class='ocr_carea' id='block_1_49' title="bbox 1772 1996 3367 2063">
    <p class='ocr_par' dir='ltr' id='par_1_49' title="bbox 1772 1996 3367 2063">
     <span class='ocr_line' id='line_1_49' title="bbox 1772 1996 3367 2063; baseline 0.004 -14"><span class='ocrx_word' id='word_1_371' title='bbox 1772 1997 2026 2063; x_wconf 85' lang='lat' dir='ltr'>virtutes,</span> <span class='ocrx_word' id='word_1_372' title='bbox 2060 2002 2123 2050; x_wconf 89' lang='lat' dir='ltr'>ut</span> <span class='ocrx_word' id='word_1_373' title='bbox 2178 1998 2234 2050; x_wconf 92' lang='lat' dir='ltr'>in</span> <span class='ocrx_word' id='word_1_374' title='bbox 2293 1996 2432 2050; x_wconf 91' lang='lat' dir='ltr'>libro</span> <span class='ocrx_word' id='word_1_375' title='bbox 2491 1998 2778 2051; x_wconf 89' lang='lat' dir='ltr'>Judicum:</span> <span class='ocrx_word' id='word_1_376' title='bbox 2842 2002 2861 2021; x_wconf 82' lang='lat'>&#39;</span> <span class='ocrx_word' id='word_1_377' title='bbox 2926 2020 2948 2050; x_wconf 78' lang='grc' dir='ltr'><strong><em>σ</em></strong></span> <span class='ocrx_word' id='word_1_378' title='bbox 3001 2001 3123 2054; x_wconf 91' lang='lat' dir='ltr'>Iero</span> <span class='ocrx_word' id='word_1_379' title='bbox 3177 2006 3367 2055; x_wconf 87' lang='lat' dir='ltr'>autem</span> 
     </span>
    </p>
   </div>
   <div class='ocr_carea' id='block_1_50' title="bbox 1774 2085 3367 2156">
    <p class='ocr_par' dir='ltr' id='par_1_50' title="bbox 1774 2085 3367 2156">
     <span class='ocr_line' id='line_1_50' title="bbox 1774 2085 3367 2156; baseline 0.003 -18"><span class='ocrx_word' id='word_1_380' title='bbox 1774 2085 2119 2140; x_wconf 85' lang='lat' dir='ltr'>frumentum</span> <span class='ocrx_word' id='word_1_381' title='bbox 2147 2087 2390 2140; x_wconf 85' lang='lat' dir='ltr'>excussit</span> <span class='ocrx_word' id='word_1_382' title='bbox 2441 2103 2475 2139; x_wconf 91' lang='lat' dir='ltr'>a</span> <span class='ocrx_word' id='word_1_383' title='bbox 2528 2086 2703 2156; x_wconf 90' lang='lat' dir='ltr'>paleis</span> <span class='ocrx_word' id='word_1_384' title='bbox 2721 2086 2785 2152; x_wconf 60' lang='grc'>9³,</span> <span class='ocrx_word' id='word_1_385' title='bbox 2832 2108 2856 2139; x_wconf 89' lang='lat'>»</span> <span class='ocrx_word' id='word_1_386' title='bbox 2888 2088 2963 2141; x_wconf 78' lang='lat' dir='ltr'>&#39;id</span> <span class='ocrx_word' id='word_1_387' title='bbox 3005 2095 3107 2155; x_wconf 85' lang='lat' dir='ltr'>est,</span> <span class='ocrx_word' id='word_1_388' title='bbox 3141 2096 3367 2143; x_wconf 89' lang='lat' dir='ltr'>sanctus</span> 
     </span>
    </p>
   </div>
   <div class='ocr_carea' id='block_1_51' title="bbox 1776 2173 3368 2247">
    <p class='ocr_par' dir='ltr' id='par_1_51' title="bbox 1776 2173 3368 2247">
     <span class='ocr_line' id='line_1_51' title="bbox 1776 2173 3368 2247; baseline 0.003 -20"><span class='ocrx_word' id='word_1_389' title='bbox 1776 2173 2029 2243; x_wconf 84' lang='lat' dir='ltr'>quilibet,</span> <span class='ocrx_word' id='word_1_390' title='bbox 2077 2173 2311 2227; x_wconf 76' lang='lat' dir='ltr'>virtutes</span> <span class='ocrx_word' id='word_1_391' title='bbox 2364 2173 2563 2227; x_wconf 91' lang='lat' dir='ltr'>dividit</span> <span class='ocrx_word' id='word_1_392' title='bbox 2592 2191 2625 2226; x_wconf 90' lang='lat' dir='ltr'>a</span> <span class='ocrx_word' id='word_1_393' title='bbox 2669 2174 2818 2228; x_wconf 82' lang='lat' dir='ltr'>vitiis</span> <span class='ocrx_word' id='word_1_394' title='bbox 2848 2193 2906 2229; x_wconf 88' lang='lat' dir='ltr'>se</span> <span class='ocrx_word' id='word_1_395' title='bbox 2941 2193 2951 2227; x_wconf 94' lang='lat'><strong>:</strong></span> <span class='ocrx_word' id='word_1_396' title='bbox 3004 2179 3024 2198; x_wconf 75' lang='lat'><strong><em>‘</em></strong></span> <span class='ocrx_word' id='word_1_397' title='bbox 3052 2178 3145 2247; x_wconf 91' lang='lat' dir='ltr'>qui</span> <span class='ocrx_word' id='word_1_398' title='bbox 3176 2194 3302 2231; x_wconf 89' lang='lat' dir='ltr'>cum</span> <span class='ocrx_word' id='word_1_399' title='bbox 3333 2195 3368 2231; x_wconf 88' lang='lat' dir='ltr'>a</span> 
     </span>
    </p>
   </div>
   <div class='ocr_carea' id='block_1_52' title="bbox 1776 2261 3367 2337">
    <p class='ocr_par' dir='ltr' id='par_1_52' title="bbox 1776 2261 3367 2337">
     <span class='ocr_line' id='line_1_52' title="bbox 1776 2261 3367 2337; baseline 0.003 -23"><span class='ocrx_word' id='word_1_400' title='bbox 1776 2261 1948 2332; x_wconf 85' lang='lat' dir='ltr'>paleis</span> <span class='ocrx_word' id='word_1_401' title='bbox 1963 2263 2305 2316; x_wconf 86' lang='lat' dir='ltr'>frumentum</span> <span class='ocrx_word' id='word_1_402' title='bbox 2330 2269 2630 2327; x_wconf 81' lang='lat' dir='ltr'>excuteret,</span> <span class='ocrx_word' id='word_1_403' title='bbox 2663 2264 2911 2333; x_wconf 85' lang='lat' dir='ltr'>Angelus</span> <span class='ocrx_word' id='word_1_404' title='bbox 2934 2264 3092 2331; x_wconf 85' lang='lat' dir='ltr'>vidit,</span> <span class='ocrx_word' id='word_1_405' title='bbox 3115 2266 3184 2319; x_wconf 81' lang='lat' dir='ltr'>ad</span> <span class='ocrx_word' id='word_1_406' title='bbox 3207 2268 3367 2337; x_wconf 89' lang='lat' dir='ltr'>cujus</span> 
     </span>
    </p>
   </div>
   <div class='ocr_carea' id='block_1_53' title="bbox 1776 2350 3369 2425">
    <p class='ocr_par' dir='ltr' id='par_1_53' title="bbox 1776 2350 3369 2425">
     <span class='ocr_line' id='line_1_53' title="bbox 1776 2350 3369 2425; baseline 0.004 -23"><span class='ocrx_word' id='word_1_407' title='bbox 1776 2350 2074 2421; x_wconf 90' lang='lat' dir='ltr'>imperium</span> <span class='ocrx_word' id='word_1_408' title='bbox 2112 2351 2367 2421; x_wconf 81' lang='lat' dir='ltr'>protinus</span> <span class='ocrx_word' id='word_1_409' title='bbox 2411 2352 2629 2406; x_wconf 82' lang='lat' dir='ltr'>luedum</span> <span class='ocrx_word' id='word_1_410' title='bbox 2661 2353 2823 2419; x_wconf 80' lang='lat' dir='ltr'>coxit,</span> <span class='ocrx_word' id='word_1_411' title='bbox 2857 2370 3053 2407; x_wconf 87' lang='lat' dir='ltr'>carnes</span> <span class='ocrx_word' id='word_1_412' title='bbox 3077 2372 3247 2425; x_wconf 87' lang='lat' dir='ltr'>supra</span> <span class='ocrx_word' id='word_1_413' title='bbox 3276 2372 3369 2425; x_wconf 89' lang='lat' dir='ltr'>pe-</span> 
     </span>
    </p>
   </div>
   <div class='ocr_carea' id='block_1_54' title="bbox 1775 2440 3368 2515">
    <p class='ocr_par' dir='ltr' id='par_1_54' title="bbox 1775 2440 3368 2515">
     <span class='ocr_line' id='line_1_54' title="bbox 1775 2440 3368 2515; baseline 0.004 -23"><span class='ocrx_word' id='word_1_414' title='bbox 1775 2444 1920 2493; x_wconf 88' lang='lat' dir='ltr'>tram</span> <span class='ocrx_word' id='word_1_415' title='bbox 1962 2440 2165 2510; x_wconf 87' lang='lat' dir='ltr'>posuit,</span> <span class='ocrx_word' id='word_1_416' title='bbox 2196 2441 2400 2512; x_wconf 87' lang='lat' dir='ltr'>jusque</span> <span class='ocrx_word' id='word_1_417' title='bbox 2455 2441 2706 2495; x_wconf 88' lang='lat' dir='ltr'>carnium</span> <span class='ocrx_word' id='word_1_418' title='bbox 2761 2443 3001 2514; x_wconf 85' lang='lat' dir='ltr'>desuper</span> <span class='ocrx_word' id='word_1_419' title='bbox 3050 2443 3213 2509; x_wconf 87' lang='lat' dir='ltr'>fudit,</span> <span class='ocrx_word' id='word_1_420' title='bbox 3245 2461 3368 2515; x_wconf 65' lang='lat' dir='ltr'>qua:</span> 
     </span>
    </p>
   </div>
   <div class='ocr_carea' id='block_1_55' title="bbox 1777 2529 3363 2603">
    <p class='ocr_par' dir='ltr' id='par_1_55' title="bbox 1777 2529 3363 2603">
     <span class='ocr_line' id='line_1_55' title="bbox 1777 2529 3363 2603; baseline 0.003 -21"><span class='ocrx_word' id='word_1_421' title='bbox 1777 2529 2023 2597; x_wconf 77' lang='lat' dir='ltr'>Angelus</span> <span class='ocrx_word' id='word_1_422' title='bbox 2052 2529 2205 2598; x_wconf 88' lang='lat' dir='ltr'>virga</span> <span class='ocrx_word' id='word_1_423' title='bbox 2232 2529 2434 2599; x_wconf 89' lang='lat' dir='ltr'>tetigit,</span> <span class='ocrx_word' id='word_1_424' title='bbox 2486 2548 2662 2601; x_wconf 85' lang='lat' dir='ltr'>eaque</span> <span class='ocrx_word' id='word_1_425' title='bbox 2689 2530 2836 2601; x_wconf 83' lang='lat' dir='ltr'>ignis</span> <span class='ocrx_word' id='word_1_426' title='bbox 2865 2532 3054 2586; x_wconf 80' lang='lat' dir='ltr'>exiens</span> <span class='ocrx_word' id='word_1_427' title='bbox 3085 2533 3153 2586; x_wconf 90' lang='lat' dir='ltr'>de</span> <span class='ocrx_word' id='word_1_428' title='bbox 3186 2538 3363 2603; x_wconf 87' lang='lat' dir='ltr'>petra,</span> 
     </span>
    </p>
   </div>
   <div class='ocr_carea' id='block_1_56' title="bbox 1776 2618 3371 2687">
    <p class='ocr_par' dir='ltr' id='par_1_56' title="bbox 1776 2618 3371 2687">
     <span class='ocr_line' id='line_1_56' title="bbox 1776 2618 3371 2687; baseline 0.003 -17"><span class='ocrx_word' id='word_1_429' title='bbox 1776 2618 2140 2687; x_wconf 87' lang='lat' dir='ltr'>consumpsit.</span> <span class='ocrx_word' id='word_1_430' title='bbox 2195 2619 2564 2673; x_wconf 87' lang='lat' dir='ltr'>Frumentum</span> <span class='ocrx_word' id='word_1_431' title='bbox 2611 2625 2887 2686; x_wconf 81' lang='lat' dir='ltr'>excutere,</span> <span class='ocrx_word' id='word_1_432' title='bbox 2920 2627 3007 2675; x_wconf 88' lang='lat' dir='ltr'>est</span> <span class='ocrx_word' id='word_1_433' title='bbox 3055 2621 3290 2676; x_wconf 86' lang='lat' dir='ltr'>virtutes</span> <span class='ocrx_word' id='word_1_434' title='bbox 3338 2639 3371 2674; x_wconf 91' lang='lat' dir='ltr'>a</span> 
     </span>
    </p>
   </div>
   <div class='ocr_carea' id='block_1_57' title="bbox 1776 2706 3366 2781">
    <p class='ocr_par' dir='ltr' id='par_1_57' title="bbox 1776 2706 3366 2781">
     <span class='ocr_line' id='line_1_57' title="bbox 1776 2706 3366 2781; baseline 0.004 -23"><span class='ocrx_word' id='word_1_435' title='bbox 1776 2706 1924 2759; x_wconf 89' lang='lat' dir='ltr'>vitiis</span> <span class='ocrx_word' id='word_1_436' title='bbox 1937 2709 2373 2761; x_wconf 87' lang='lat' dir='ltr'>secernere.Hoc</span> <span class='ocrx_word' id='word_1_437' title='bbox 2384 2708 2679 2778; x_wconf 85' lang='lat' dir='ltr'>agentibus</span> <span class='ocrx_word' id='word_1_438' title='bbox 2690 2710 2923 2781; x_wconf 87' lang='lat' dir='ltr'>angelus</span> <span class='ocrx_word' id='word_1_439' title='bbox 2937 2716 3187 2781; x_wconf 90' lang='lat' dir='ltr'>apparet,</span> <span class='ocrx_word' id='word_1_440' title='bbox 3197 2710 3250 2763; x_wconf 89' lang='lat' dir='ltr'>id</span> <span class='ocrx_word' id='word_1_441' title='bbox 3264 2716 3366 2777; x_wconf 88' lang='lat' dir='ltr'>est,</span> 
     </span>
    </p>
   </div>
   <div class='ocr_carea' id='block_1_58' title="bbox 1774 2796 3365 2869">
    <p class='ocr_par' dir='ltr' id='par_1_58' title="bbox 1774 2796 3365 2869">
     <span class='ocr_line' id='line_1_58' title="bbox 1774 2796 3365 2869; baseline 0.003 -20"><span class='ocrx_word' id='word_1_442' title='bbox 1774 2796 1924 2849; x_wconf 89' lang='lat' dir='ltr'>Deus</span> <span class='ocrx_word' id='word_1_443' title='bbox 1941 2796 2182 2863; x_wconf 82' lang='lat' dir='ltr'>gratiam</span> <span class='ocrx_word' id='word_1_444' title='bbox 2205 2796 2549 2867; x_wconf 79' lang='lat' dir='ltr'>exhibet,qui</span> <span class='ocrx_word' id='word_1_445' title='bbox 2570 2798 2790 2852; x_wconf 70' lang='lat' dir='ltr'>hzedum</span> <span class='ocrx_word' id='word_1_446' title='bbox 2804 2799 3365 2869; x_wconf 66' lang='lat' dir='ltr'>prmcipitimmolari,</span> 
     </span>
    </p>
   </div>
   <div class='ocr_carea' id='block_1_59' title="bbox 1774 2886 3367 2957">
    <p class='ocr_par' dir='ltr' id='par_1_59' title="bbox 1774 2886 3367 2957">
     <span class='ocr_line' id='line_1_59' title="bbox 1774 2886 3367 2957; baseline 0.003 -20"><span class='ocrx_word' id='word_1_447' title='bbox 1774 2886 1879 2937; x_wconf 93' lang='lat' dir='ltr'>hoc</span> <span class='ocrx_word' id='word_1_448' title='bbox 1908 2891 2010 2947; x_wconf 86' lang='lat' dir='ltr'>est,</span> <span class='ocrx_word' id='word_1_449' title='bbox 2065 2890 2411 2954; x_wconf 86' lang='lat' dir='ltr'>peccatorem</span> <span class='ocrx_word' id='word_1_450' title='bbox 2456 2903 2559 2956; x_wconf 89' lang='lat' dir='ltr'>per</span> <span class='ocrx_word' id='word_1_451' title='bbox 2603 2887 2992 2957; x_wconf 67' lang='lat' dir='ltr'>pmnitentiam</span> <span class='ocrx_word' id='word_1_452' title='bbox 3023 2888 3367 2942; x_wconf 85' lang='lat' dir='ltr'>mortificari.</span> 
     </span>
    </p>
   </div>
   <div class='ocr_carea' id='block_1_60' title="bbox 158 2968 3371 3048">
    <p class='ocr_par' dir='ltr' id='par_1_60' title="bbox 158 2968 3371 3048">
     <span class='ocr_line' id='line_1_60' title="bbox 158 2968 3371 3048; baseline 0.002 -25"><span class='ocrx_word' id='word_1_453' title='bbox 158 2968 266 3036; x_wconf 80' lang='lat' dir='ltr'>bam,</span> <span class='ocrx_word' id='word_1_454' title='bbox 291 2973 396 3025; x_wconf 88' lang='lat' dir='ltr'>sedi</span> <span class='ocrx_word' id='word_1_455' title='bbox 424 2992 434 3025; x_wconf 91' lang='lat'>:</span> <span class='ocrx_word' id='word_1_456' title='bbox 468 2994 491 3024; x_wconf 77' lang='lat'>»</span> <span class='ocrx_word' id='word_1_457' title='bbox 525 2974 680 3045; x_wconf 87' lang='lat' dir='ltr'>quod</span> <span class='ocrx_word' id='word_1_458' title='bbox 701 2973 804 3027; x_wconf 88' lang='lat' dir='ltr'>sub</span> <span class='ocrx_word' id='word_1_459' title='bbox 832 2974 1177 3045; x_wconf 89' lang='lat' dir='ltr'>protectione</span> <span class='ocrx_word' id='word_1_460' title='bbox 1208 2973 1416 3026; x_wconf 89' lang='lat' dir='ltr'>Christi</span> <span class='ocrx_word' id='word_1_461' title='bbox 1438 2972 1691 3042; x_wconf 86' lang='lat' dir='ltr'>requiem</span> <span class='ocrx_word' id='word_1_462' title='bbox 1718 3032 1756 3048; x_wconf 55' lang='grc' dir='ltr'>η</span> <span class='ocrx_word' id='word_1_463' title='bbox 1775 2975 1985 3027; x_wconf 86' lang='lat' dir='ltr'>Carnes</span> <span class='ocrx_word' id='word_1_464' title='bbox 2014 2974 2157 3027; x_wconf 62' lang='lat' dir='ltr'>haedi</span> <span class='ocrx_word' id='word_1_465' title='bbox 2205 2990 2376 3044; x_wconf 88' lang='lat' dir='ltr'>supra</span> <span class='ocrx_word' id='word_1_466' title='bbox 2422 2980 2639 3044; x_wconf 85' lang='lat' dir='ltr'>petram</span> <span class='ocrx_word' id='word_1_467' title='bbox 2688 2993 2895 3046; x_wconf 89' lang='lat' dir='ltr'>ponere</span> <span class='ocrx_word' id='word_1_468' title='bbox 2943 2978 3192 3031; x_wconf 85' lang='lat' dir='ltr'>carnalia</span> <span class='ocrx_word' id='word_1_469' title='bbox 3241 2994 3371 3048; x_wconf 90' lang='lat' dir='ltr'>pec-</span> 
     </span>
    </p>
   </div>
   <div class='ocr_carea' id='block_1_61' title="bbox 153 3032 3368 3138">
    <p class='ocr_par' dir='ltr' id='par_1_61' title="bbox 153 3032 3368 3138">
     <span class='ocr_line' id='line_1_61' title="bbox 153 3032 3368 3138; baseline 0.003 -29"><span class='ocrx_word' id='word_1_470' title='bbox 153 3058 292 3113; x_wconf 86' lang='lat' dir='ltr'>inveni</span> <span class='ocrx_word' id='word_1_471' title='bbox 329 3079 338 3112; x_wconf 89' lang='lat'><strong>:</strong></span> <span class='ocrx_word' id='word_1_472' title='bbox 374 3083 393 3111; x_wconf 76' lang='grc' dir='ltr'>α</span> <span class='ocrx_word' id='word_1_473' title='bbox 428 3064 494 3117; x_wconf 88' lang='lat' dir='ltr'>Et</span> <span class='ocrx_word' id='word_1_474' title='bbox 538 3065 757 3117; x_wconf 85' lang='lat' dir='ltr'>fructus</span> <span class='ocrx_word' id='word_1_475' title='bbox 805 3064 927 3133; x_wconf 88' lang='lat' dir='ltr'>ejus</span> <span class='ocrx_word' id='word_1_476' title='bbox 977 3062 1153 3116; x_wconf 88' lang='lat' dir='ltr'>dulcis</span> <span class='ocrx_word' id='word_1_477' title='bbox 1191 3062 1407 3131; x_wconf 83' lang='lat' dir='ltr'>gutturi</span> <span class='ocrx_word' id='word_1_478' title='bbox 1440 3079 1564 3115; x_wconf 88' lang='lat' dir='ltr'>meo</span> <span class='ocrx_word' id='word_1_479' title='bbox 1585 3063 1626 3127; x_wconf 73' lang='grc'>⁸,</span> <span class='ocrx_word' id='word_1_480' title='bbox 1664 3079 1688 3114; x_wconf 86' lang='grc'>›)</span> <span class='ocrx_word' id='word_1_481' title='bbox 1714 3032 1980 3117; x_wconf 84' lang='lat' dir='ltr'>Ccatoris</span> <span class='ocrx_word' id='word_1_482' title='bbox 2003 3078 2174 3132; x_wconf 84' lang='lat' dir='ltr'>opera</span> <span class='ocrx_word' id='word_1_483' title='bbox 2218 3063 2275 3116; x_wconf 91' lang='lat' dir='ltr'>in</span> <span class='ocrx_word' id='word_1_484' title='bbox 2327 3063 2537 3117; x_wconf 89' lang='lat' dir='ltr'>Christi</span> <span class='ocrx_word' id='word_1_485' title='bbox 2591 3066 3003 3136; x_wconf 80' lang='lat' dir='ltr'>permutatione</span> <span class='ocrx_word' id='word_1_486' title='bbox 3053 3067 3368 3138; x_wconf 88' lang='lat' dir='ltr'>disponere.</span> 
     </span>
    </p>
   </div>
   <div class='ocr_carea' id='block_1_62' title="bbox 152 3149 3373 3223">
    <p class='ocr_par' dir='ltr' id='par_1_62' title="bbox 152 3149 3373 3223">
     <span class='ocr_line' id='line_1_62' title="bbox 152 3149 3373 3223; baseline 0.003 -23"><span class='ocrx_word' id='word_1_487' title='bbox 152 3149 263 3216; x_wconf 81' lang='lat' dir='ltr'>quod</span> <span class='ocrx_word' id='word_1_488' title='bbox 282 3150 332 3203; x_wconf 89' lang='lat' dir='ltr'>in</span> <span class='ocrx_word' id='word_1_489' title='bbox 351 3153 508 3205; x_wconf 89' lang='lat' dir='ltr'>corde</span> <span class='ocrx_word' id='word_1_490' title='bbox 538 3154 663 3223; x_wconf 87' lang='lat' dir='ltr'>ejus</span> <span class='ocrx_word' id='word_1_491' title='bbox 692 3153 864 3205; x_wconf 87' lang='lat' dir='ltr'>vitam</span> <span class='ocrx_word' id='word_1_492' title='bbox 886 3151 1157 3221; x_wconf 88' lang='lat' dir='ltr'>intelligo,</span> <span class='ocrx_word' id='word_1_493' title='bbox 1183 3151 1319 3204; x_wconf 89' lang='lat' dir='ltr'>dum</span> <span class='ocrx_word' id='word_1_494' title='bbox 1359 3151 1529 3204; x_wconf 89' lang='lat' dir='ltr'>etiam</span> <span class='ocrx_word' id='word_1_495' title='bbox 1556 3150 1693 3203; x_wconf 87' lang='lat' dir='ltr'>illud</span> <span class='ocrx_word' id='word_1_496' title='bbox 1776 3153 1802 3205; x_wconf 90' lang='lat' dir='ltr'>J</span> <span class='ocrx_word' id='word_1_497' title='bbox 1812 3169 1875 3205; x_wconf 92' lang='lat' dir='ltr'>us</span> <span class='ocrx_word' id='word_1_498' title='bbox 1897 3152 2066 3206; x_wconf 87' lang='lat' dir='ltr'>etiam</span> <span class='ocrx_word' id='word_1_499' title='bbox 2096 3152 2353 3205; x_wconf 87' lang='lat' dir='ltr'>carnium</span> <span class='ocrx_word' id='word_1_500' title='bbox 2374 3153 2614 3223; x_wconf 89' lang='lat' dir='ltr'>desuper</span> <span class='ocrx_word' id='word_1_501' title='bbox 2637 3154 2887 3219; x_wconf 85' lang='lat' dir='ltr'>fundere,</span> <span class='ocrx_word' id='word_1_502' title='bbox 2904 3161 2990 3209; x_wconf 91' lang='lat' dir='ltr'>est</span> <span class='ocrx_word' id='word_1_503' title='bbox 3005 3156 3254 3209; x_wconf 85' lang='lat' dir='ltr'>carnalia</span> <span class='ocrx_word' id='word_1_504' title='bbox 3280 3156 3373 3210; x_wconf 88' lang='lat' dir='ltr'>de-</span> 
     </span>
    </p>
   </div>
   <div class='ocr_carea' id='block_1_63' title="bbox 148 3237 3373 3314">
    <p class='ocr_par' dir='ltr' id='par_1_63' title="bbox 148 3237 3373 3314">
     <span class='ocr_line' id='line_1_63' title="bbox 148 3237 3373 3314; baseline 0.003 -28"><span class='ocrx_word' id='word_1_505' title='bbox 148 3237 385 3294; x_wconf 80' lang='lat' dir='ltr'>visibiliter</span> <span class='ocrx_word' id='word_1_506' title='bbox 403 3242 639 3312; x_wconf 89' lang='lat' dir='ltr'>accipio.</span> <span class='ocrx_word' id='word_1_507' title='bbox 695 3243 945 3301; x_wconf 76' lang='lat' dir='ltr'>Fructus,</span> <span class='ocrx_word' id='word_1_508' title='bbox 1006 3257 1234 3305; x_wconf 83' lang='lat' dir='ltr'>merces,</span> <span class='ocrx_word' id='word_1_509' title='bbox 1276 3240 1422 3293; x_wconf 90' lang='lat' dir='ltr'>utin</span> <span class='ocrx_word' id='word_1_510' title='bbox 1444 3241 1691 3309; x_wconf 77' lang='lat' dir='ltr'>Evange-</span> <span class='ocrx_word' id='word_1_511' title='bbox 1777 3241 1990 3295; x_wconf 86' lang='lat' dir='ltr'>sideria</span> <span class='ocrx_word' id='word_1_512' title='bbox 2049 3246 2279 3312; x_wconf 86' lang='lat' dir='ltr'>propter</span> <span class='ocrx_word' id='word_1_513' title='bbox 2320 3241 2606 3295; x_wconf 88' lang='lat' dir='ltr'>Christum</span> <span class='ocrx_word' id='word_1_514' title='bbox 2664 3243 2886 3312; x_wconf 90' lang='lat' dir='ltr'>penitus</span> <span class='ocrx_word' id='word_1_515' title='bbox 2935 3243 3193 3314; x_wconf 87' lang='lat' dir='ltr'>abjicere.</span> <span class='ocrx_word' id='word_1_516' title='bbox 3244 3245 3373 3299; x_wconf 65' lang='lat' dir='ltr'>Haec</span> 
     </span>
    </p>
   </div>
   <div class='ocr_carea' id='block_1_64' title="bbox 147 3324 3372 3404">
    <p class='ocr_par' dir='ltr' id='par_1_64' title="bbox 147 3324 3372 3404">
     <span class='ocr_line' id='line_1_64' title="bbox 147 3324 3372 3404; baseline 0.004 -29"><span class='ocrx_word' id='word_1_517' title='bbox 147 3324 238 3377; x_wconf 90' lang='lat' dir='ltr'>lio:</span> <span class='ocrx_word' id='word_1_518' title='bbox 270 3348 291 3377; x_wconf 65' lang='grc' dir='ltr'><strong>ρ</strong></span> <span class='ocrx_word' id='word_1_519' title='bbox 319 3329 492 3383; x_wconf 79' lang='lat' dir='ltr'>Arbor</span> <span class='ocrx_word' id='word_1_520' title='bbox 548 3331 700 3384; x_wconf 83' lang='lat' dir='ltr'>bona</span> <span class='ocrx_word' id='word_1_521' title='bbox 751 3330 885 3383; x_wconf 86' lang='lat' dir='ltr'>facit</span> <span class='ocrx_word' id='word_1_522' title='bbox 924 3329 1137 3383; x_wconf 86' lang='lat' dir='ltr'>fructus</span> <span class='ocrx_word' id='word_1_523' title='bbox 1184 3328 1357 3382; x_wconf 89' lang='lat' dir='ltr'>bonos</span> <span class='ocrx_word' id='word_1_524' title='bbox 1388 3329 1428 3393; x_wconf 77' lang='lat'>9,</span> <span class='ocrx_word' id='word_1_525' title='bbox 1468 3353 1488 3376; x_wconf 78' lang='grc' dir='ltr'><strong>ιο</strong></span> <span class='ocrx_word' id='word_1_526' title='bbox 1548 3329 1694 3398; x_wconf 89' lang='lat' dir='ltr'>quod</span> <span class='ocrx_word' id='word_1_527' title='bbox 1778 3331 2011 3399; x_wconf 79' lang='lat' dir='ltr'>angelus</span> <span class='ocrx_word' id='word_1_528' title='bbox 2043 3330 2200 3399; x_wconf 88' lang='lat' dir='ltr'>virga</span> <span class='ocrx_word' id='word_1_529' title='bbox 2251 3329 2457 3399; x_wconf 85' lang='lat' dir='ltr'>tetigit,</span> <span class='ocrx_word' id='word_1_530' title='bbox 2492 3347 2618 3383; x_wconf 90' lang='lat' dir='ltr'>cum</span> <span class='ocrx_word' id='word_1_531' title='bbox 2648 3330 2836 3384; x_wconf 90' lang='lat' dir='ltr'>divina</span> <span class='ocrx_word' id='word_1_532' title='bbox 2874 3332 3049 3386; x_wconf 89' lang='lat' dir='ltr'>virtus</span> <span class='ocrx_word' id='word_1_533' title='bbox 3093 3333 3372 3404; x_wconf 71' lang='lat' dir='ltr'>pmniten-</span> 
     </span>
    </p>
   </div>
   <div class='ocr_carea' id='block_1_65' title="bbox 149 3416 3373 3475">
    <p class='ocr_par' dir='ltr' id='par_1_65' title="bbox 149 3416 3373 3475">
     <span class='ocr_line' id='line_1_65' title="bbox 149 3416 3373 3475; baseline 0.003 -9"><span class='ocrx_word' id='word_1_534' title='bbox 149 3416 397 3473; x_wconf 79' lang='lat' dir='ltr'>actiobona</span> <span class='ocrx_word' id='word_1_535' title='bbox 410 3420 730 3473; x_wconf 86' lang='lat' dir='ltr'>mercedem</span> <span class='ocrx_word' id='word_1_536' title='bbox 762 3425 1029 3473; x_wconf 88' lang='lat' dir='ltr'>meretur.</span> <span class='ocrx_word' id='word_1_537' title='bbox 1054 3420 1223 3472; x_wconf 89' lang='lat' dir='ltr'>Item:</span> <span class='ocrx_word' id='word_1_538' title='bbox 1255 3436 1279 3469; x_wconf 87' lang='lat'><strong>«</strong></span> <span class='ocrx_word' id='word_1_539' title='bbox 1305 3419 1417 3471; x_wconf 88' lang='lat' dir='ltr'>Aut</span> <span class='ocrx_word' id='word_1_540' title='bbox 1438 3416 1697 3470; x_wconf 84' lang='lat' dir='ltr'>arborem</span> <span class='ocrx_word' id='word_1_541' title='bbox 1780 3418 1918 3471; x_wconf 86' lang='lat' dir='ltr'>tiam</span> <span class='ocrx_word' id='word_1_542' title='bbox 1949 3423 2198 3471; x_wconf 89' lang='lat' dir='ltr'>nostram</span> <span class='ocrx_word' id='word_1_543' title='bbox 2233 3424 2289 3471; x_wconf 90' lang='lat' dir='ltr'>et</span> <span class='ocrx_word' id='word_1_544' title='bbox 2335 3419 2753 3473; x_wconf 87' lang='lat' dir='ltr'>conversionem</span> <span class='ocrx_word' id='word_1_545' title='bbox 2806 3436 2919 3473; x_wconf 91' lang='lat' dir='ltr'>non</span> <span class='ocrx_word' id='word_1_546' title='bbox 2948 3421 3174 3475; x_wconf 86' lang='lat' dir='ltr'>deserit.</span> <span class='ocrx_word' id='word_1_547' title='bbox 3228 3422 3373 3475; x_wconf 85' lang='lat' dir='ltr'>Nam</span> 
     </span>
    </p>
   </div>
   <div class='ocr_carea' id='block_1_66' title="bbox 154 3505 3374 3580">
    <p class='ocr_par' dir='ltr' id='par_1_66' title="bbox 154 3505 3374 3580">
     <span class='ocr_line' id='line_1_66' title="bbox 154 3505 3374 3580; baseline 0.003 -25"><span class='ocrx_word' id='word_1_548' title='bbox 154 3505 337 3569; x_wconf 83' lang='lat' dir='ltr'>malam,</span> <span class='ocrx_word' id='word_1_549' title='bbox 364 3516 418 3562; x_wconf 88' lang='lat' dir='ltr'>et</span> <span class='ocrx_word' id='word_1_550' title='bbox 453 3510 705 3563; x_wconf 88' lang='lat' dir='ltr'>fructum</span> <span class='ocrx_word' id='word_1_551' title='bbox 736 3509 857 3577; x_wconf 86' lang='lat' dir='ltr'>ejus</span> <span class='ocrx_word' id='word_1_552' title='bbox 906 3508 1118 3561; x_wconf 87' lang='lat' dir='ltr'>malum</span> <span class='ocrx_word' id='word_1_553' title='bbox 1143 3507 1207 3572; x_wconf 65' lang='lat'>‘0,</span> <span class='ocrx_word' id='word_1_554' title='bbox 1240 3526 1262 3557; x_wconf 84' lang='grc'>›)</span> <span class='ocrx_word' id='word_1_555' title='bbox 1296 3522 1409 3559; x_wconf 87' lang='lat' dir='ltr'>non</span> <span class='ocrx_word' id='word_1_556' title='bbox 1441 3510 1461 3529; x_wconf 79' lang='grc'>⁶</span> <span class='ocrx_word' id='word_1_557' title='bbox 1492 3523 1585 3559; x_wconf 89' lang='lat' dir='ltr'>vos</span> <span class='ocrx_word' id='word_1_558' title='bbox 1613 3506 1696 3559; x_wconf 86' lang='lat' dir='ltr'>fa-</span> <span class='ocrx_word' id='word_1_559' title='bbox 1781 3507 1926 3577; x_wconf 82' lang='lat' dir='ltr'>ignis</span> <span class='ocrx_word' id='word_1_560' title='bbox 1971 3508 2038 3560; x_wconf 90' lang='lat' dir='ltr'>de</span> <span class='ocrx_word' id='word_1_561' title='bbox 2072 3513 2231 3577; x_wconf 89' lang='lat' dir='ltr'>petra</span> <span class='ocrx_word' id='word_1_562' title='bbox 2260 3507 2450 3560; x_wconf 81' lang='lat' dir='ltr'>exiens</span> <span class='ocrx_word' id='word_1_563' title='bbox 2480 3513 2537 3560; x_wconf 92' lang='lat' dir='ltr'>et</span> <span class='ocrx_word' id='word_1_564' title='bbox 2560 3509 2654 3577; x_wconf 89' lang='lat' dir='ltr'>jus</span> <span class='ocrx_word' id='word_1_565' title='bbox 2684 3509 3049 3579; x_wconf 88' lang='lat' dir='ltr'>consumpsit,</span> <span class='ocrx_word' id='word_1_566' title='bbox 3082 3510 3230 3580; x_wconf 91' lang='lat' dir='ltr'>quod</span> <span class='ocrx_word' id='word_1_567' title='bbox 3258 3526 3374 3564; x_wconf 88' lang='lat' dir='ltr'>sor-</span> 
     </span>
    </p>
   </div>
   <div class='ocr_carea' id='block_1_67' title="bbox 150 3594 3369 3670">
    <p class='ocr_par' dir='ltr' id='par_1_67' title="bbox 150 3594 3369 3670">
     <span class='ocr_line' id='line_1_67' title="bbox 150 3594 3369 3670; baseline 0.002 -26"><span class='ocrx_word' id='word_1_568' title='bbox 150 3608 243 3647; x_wconf 83' lang='lat' dir='ltr'>cere</span> <span class='ocrx_word' id='word_1_569' title='bbox 268 3598 465 3651; x_wconf 85' lang='lat' dir='ltr'>malum</span> <span class='ocrx_word' id='word_1_570' title='bbox 494 3603 713 3664; x_wconf 88' lang='lat' dir='ltr'>monet,</span> <span class='ocrx_word' id='word_1_571' title='bbox 760 3598 857 3650; x_wconf 88' lang='lat' dir='ltr'>sed</span> <span class='ocrx_word' id='word_1_572' title='bbox 888 3614 1009 3668; x_wconf 64' lang='lat' dir='ltr'>qua:</span> <span class='ocrx_word' id='word_1_573' title='bbox 1060 3596 1448 3649; x_wconf 87' lang='lat' dir='ltr'>malefactores</span> <span class='ocrx_word' id='word_1_574' title='bbox 1484 3612 1699 3648; x_wconf 86' lang='lat' dir='ltr'>merces</span> <span class='ocrx_word' id='word_1_575' title='bbox 1781 3596 1880 3649; x_wconf 89' lang='lat' dir='ltr'>des</span> <span class='ocrx_word' id='word_1_576' title='bbox 1927 3595 2109 3666; x_wconf 89' lang='lat' dir='ltr'>operis</span> <span class='ocrx_word' id='word_1_577' title='bbox 2148 3602 2204 3648; x_wconf 90' lang='lat' dir='ltr'>et</span> <span class='ocrx_word' id='word_1_578' title='bbox 2242 3594 2606 3665; x_wconf 88' lang='lat' dir='ltr'>cogitationes</span> <span class='ocrx_word' id='word_1_579' title='bbox 2661 3596 2881 3650; x_wconf 87' lang='lat' dir='ltr'>divinus</span> <span class='ocrx_word' id='word_1_580' title='bbox 2931 3614 3091 3651; x_wconf 87' lang='lat' dir='ltr'>amor</span> <span class='ocrx_word' id='word_1_581' title='bbox 3115 3597 3157 3670; x_wconf 71' lang='grc' dir='ltr'>-ί-</span> <span class='ocrx_word' id='word_1_582' title='bbox 3184 3598 3369 3652; x_wconf 83' lang='lat' dir='ltr'>exivit.</span> 
     </span>
    </p>
   </div>
   <div class='ocr_carea' id='block_1_68' title="bbox 151 3684 3376 3756">
    <p class='ocr_par' dir='ltr' id='par_1_68' title="bbox 151 3684 3376 3756">
     <span class='ocr_line' id='line_1_68' title="bbox 151 3684 3376 3756; baseline 0.003 -24"><span class='ocrx_word' id='word_1_583' title='bbox 151 3694 348 3751; x_wconf 84' lang='lat' dir='ltr'>maneat,</span> <span class='ocrx_word' id='word_1_584' title='bbox 397 3688 614 3742; x_wconf 89' lang='lat' dir='ltr'>edocet.</span> <span class='ocrx_word' id='word_1_585' title='bbox 651 3690 903 3750; x_wconf 77' lang='lat' dir='ltr'>Fructus,</span> <span class='ocrx_word' id='word_1_586' title='bbox 958 3686 1272 3756; x_wconf 83' lang='lat' dir='ltr'>exemplum</span> <span class='ocrx_word' id='word_1_587' title='bbox 1302 3685 1532 3749; x_wconf 88' lang='lat' dir='ltr'>bonum,</span> <span class='ocrx_word' id='word_1_588' title='bbox 1555 3690 1619 3738; x_wconf 88' lang='lat' dir='ltr'>ut</span> <span class='ocrx_word' id='word_1_589' title='bbox 1641 3685 1700 3737; x_wconf 92' lang='lat' dir='ltr'>in</span> <span class='ocrx_word' id='word_1_590' title='bbox 1786 3687 2168 3747; x_wconf 71' lang='lat' dir='ltr'>Frumentum,</span> <span class='ocrx_word' id='word_1_591' title='bbox 2205 3701 2391 3737; x_wconf 89' lang='lat' dir='ltr'>sermo</span> <span class='ocrx_word' id='word_1_592' title='bbox 2423 3685 2707 3747; x_wconf 62' lang='lat' dir='ltr'>doctrina),</span> <span class='ocrx_word' id='word_1_593' title='bbox 2755 3684 2896 3739; x_wconf 90' lang='lat' dir='ltr'>utin</span> <span class='ocrx_word' id='word_1_594' title='bbox 2929 3686 3169 3740; x_wconf 88' lang='lat' dir='ltr'>Genesi:</span> <span class='ocrx_word' id='word_1_595' title='bbox 3197 3707 3222 3737; x_wconf 64' lang='grc' dir='ltr'><strong>ι</strong></span> <span class='ocrx_word' id='word_1_596' title='bbox 3268 3687 3376 3741; x_wconf 90' lang='lat' dir='ltr'>Det</span> 
     </span>
    </p>
   </div>
   <div class='ocr_carea' id='block_1_69' title="bbox 153 3769 3372 3846">
    <p class='ocr_par' dir='ltr' id='par_1_69' title="bbox 153 3769 3372 3846">
     <span class='ocr_line' id='line_1_69' title="bbox 153 3769 3372 3846; baseline 0.002 -23"><span class='ocrx_word' id='word_1_597' title='bbox 153 3769 381 3828; x_wconf 83' lang='lat' dir='ltr'>Psalmis:</span> <span class='ocrx_word' id='word_1_598' title='bbox 413 3798 435 3827; x_wconf 75' lang='grc' dir='ltr'><strong>ε</strong></span> <span class='ocrx_word' id='word_1_599' title='bbox 489 3778 571 3831; x_wconf 90' lang='lat' dir='ltr'>De</span> <span class='ocrx_word' id='word_1_600' title='bbox 621 3777 806 3830; x_wconf 88' lang='lat' dir='ltr'>fructu</span> <span class='ocrx_word' id='word_1_601' title='bbox 838 3792 1070 3846; x_wconf 89' lang='lat' dir='ltr'>operum</span> <span class='ocrx_word' id='word_1_602' title='bbox 1125 3780 1352 3828; x_wconf 90' lang='lat' dir='ltr'>tuorum</span> <span class='ocrx_word' id='word_1_603' title='bbox 1409 3773 1704 3827; x_wconf 86' lang='lat' dir='ltr'>satiabitur</span> <span class='ocrx_word' id='word_1_604' title='bbox 1784 3773 1888 3826; x_wconf 88' lang='lat' dir='ltr'>tibi</span> <span class='ocrx_word' id='word_1_605' title='bbox 1926 3774 2074 3827; x_wconf 89' lang='lat' dir='ltr'>Deus</span> <span class='ocrx_word' id='word_1_606' title='bbox 2131 3772 2536 3826; x_wconf 88' lang='lat' dir='ltr'>abundantiam</span> <span class='ocrx_word' id='word_1_607' title='bbox 2583 3773 2851 3827; x_wconf 89' lang='lat' dir='ltr'>frumenti</span> <span class='ocrx_word' id='word_1_608' title='bbox 2870 3772 2935 3842; x_wconf 69' lang='lat'>23;</span> <span class='ocrx_word' id='word_1_609' title='bbox 2965 3796 2989 3827; x_wconf 82' lang='lat'><strong>»</strong></span> <span class='ocrx_word' id='word_1_610' title='bbox 3022 3775 3076 3828; x_wconf 92' lang='lat' dir='ltr'>id</span> <span class='ocrx_word' id='word_1_611' title='bbox 3106 3780 3208 3840; x_wconf 82' lang='lat' dir='ltr'>est,</span> <span class='ocrx_word' id='word_1_612' title='bbox 3240 3793 3372 3830; x_wconf 90' lang='lat' dir='ltr'>con-</span> 
     </span>
    </p>
   </div>
   <div class='ocr_carea' id='block_1_70' title="bbox 152 3860 3375 3936">
    <p class='ocr_par' dir='ltr' id='par_1_70' title="bbox 152 3860 3375 3936">
     <span class='ocr_line' id='line_1_70' title="bbox 152 3860 3375 3936; baseline 0.002 -26"><span class='ocrx_word' id='word_1_613' title='bbox 152 3864 340 3930; x_wconf 82' lang='lat' dir='ltr'>terra&quot;,</span> <span class='ocrx_word' id='word_1_614' title='bbox 379 3888 404 3916; x_wconf 68' lang='grc' dir='ltr'>η</span> <span class='ocrx_word' id='word_1_615' title='bbox 440 3867 497 3919; x_wconf 89' lang='lat' dir='ltr'>id</span> <span class='ocrx_word' id='word_1_616' title='bbox 548 3872 656 3931; x_wconf 81' lang='lat' dir='ltr'>est,</span> <span class='ocrx_word' id='word_1_617' title='bbox 703 3866 772 3918; x_wconf 92' lang='lat' dir='ltr'>de</span> <span class='ocrx_word' id='word_1_618' title='bbox 832 3864 1100 3935; x_wconf 79' lang='lat' dir='ltr'>exemplis</span> <span class='ocrx_word' id='word_1_619' title='bbox 1153 3870 1473 3917; x_wconf 88' lang='lat' dir='ltr'>sanctorum</span> <span class='ocrx_word' id='word_1_620' title='bbox 1522 3863 1703 3917; x_wconf 83' lang='lat' dir='ltr'>refici-</span> <span class='ocrx_word' id='word_1_621' title='bbox 1786 3863 1929 3916; x_wconf 88' lang='lat' dir='ltr'>ferat</span> <span class='ocrx_word' id='word_1_622' title='bbox 1954 3860 2054 3917; x_wconf 91' lang='lat' dir='ltr'>tibi</span> <span class='ocrx_word' id='word_1_623' title='bbox 2086 3863 2233 3916; x_wconf 89' lang='lat' dir='ltr'>Deus</span> <span class='ocrx_word' id='word_1_624' title='bbox 2263 3861 2481 3932; x_wconf 86' lang='lat' dir='ltr'>copiam</span> <span class='ocrx_word' id='word_1_625' title='bbox 2515 3862 2722 3933; x_wconf 87' lang='lat' dir='ltr'>eloquii</span> <span class='ocrx_word' id='word_1_626' title='bbox 2746 3868 2803 3916; x_wconf 91' lang='lat' dir='ltr'>et</span> <span class='ocrx_word' id='word_1_627' title='bbox 2830 3863 3095 3918; x_wconf 79' lang='lat' dir='ltr'>doctrinze</span> <span class='ocrx_word' id='word_1_628' title='bbox 3116 3864 3375 3936; x_wconf 85' lang='lat' dir='ltr'>spiritua-</span> 
     </span>
    </p>
   </div>
   <div class='ocr_carea' id='block_1_71' title="bbox 152 3950 3376 4025">
    <p class='ocr_par' dir='ltr' id='par_1_71' title="bbox 152 3950 3376 4025">
     <span class='ocr_line' id='line_1_71' title="bbox 152 3950 3376 4025; baseline 0.003 -26"><span class='ocrx_word' id='word_1_629' title='bbox 152 3958 222 4001; x_wconf 86' lang='lat' dir='ltr'>tur</span> <span class='ocrx_word' id='word_1_630' title='bbox 240 3952 451 4008; x_wconf 87' lang='lat' dir='ltr'>inferior</span> <span class='ocrx_word' id='word_1_631' title='bbox 493 3955 683 4009; x_wconf 86' lang='lat' dir='ltr'>turba.</span> <span class='ocrx_word' id='word_1_632' title='bbox 730 3955 977 4017; x_wconf 73' lang='lat' dir='ltr'>Fructus,</span> <span class='ocrx_word' id='word_1_633' title='bbox 1018 3953 1260 4024; x_wconf 91' lang='lat' dir='ltr'>justitia,</span> <span class='ocrx_word' id='word_1_634' title='bbox 1284 3959 1349 4007; x_wconf 91' lang='lat' dir='ltr'>ut</span> <span class='ocrx_word' id='word_1_635' title='bbox 1376 3953 1432 4005; x_wconf 90' lang='lat' dir='ltr'>in</span> <span class='ocrx_word' id='word_1_636' title='bbox 1466 3953 1705 4006; x_wconf 88' lang='lat' dir='ltr'>Parabo-</span> <span class='ocrx_word' id='word_1_637' title='bbox 1787 3952 1874 4016; x_wconf 88' lang='lat' dir='ltr'>lis,</span> <span class='ocrx_word' id='word_1_638' title='bbox 1913 3972 1940 4002; x_wconf 71' lang='grc' dir='ltr'>α</span> <span class='ocrx_word' id='word_1_639' title='bbox 1968 3951 2079 4005; x_wconf 83' lang='lat' dir='ltr'>vini</span> <span class='ocrx_word' id='word_1_640' title='bbox 2112 3957 2168 4004; x_wconf 89' lang='lat' dir='ltr'>et</span> <span class='ocrx_word' id='word_1_641' title='bbox 2192 3950 2319 4004; x_wconf 89' lang='lat' dir='ltr'>olei.</span> <span class='ocrx_word' id='word_1_642' title='bbox 2350 3969 2376 3997; x_wconf 58' lang='lat' dir='ltr'>vi</span> <span class='ocrx_word' id='word_1_643' title='bbox 2427 3952 2734 4015; x_wconf 77' lang='lat' dir='ltr'>Frumenti,</span> <span class='ocrx_word' id='word_1_644' title='bbox 2779 3952 3036 4007; x_wconf 88' lang='lat' dir='ltr'>videlicet</span> <span class='ocrx_word' id='word_1_645' title='bbox 3091 3960 3156 4025; x_wconf 87' lang='lat' dir='ltr'>ut</span> <span class='ocrx_word' id='word_1_646' title='bbox 3182 3954 3376 4008; x_wconf 89' lang='lat' dir='ltr'>docea-</span> 
     </span>
    </p>
   </div>
   <div class='ocr_carea' id='block_1_72' title="bbox 150 4036 3375 4108">
    <p class='ocr_par' dir='ltr' id='par_1_72' title="bbox 150 4036 3375 4108">
     <span class='ocr_line' id='line_1_72' title="bbox 150 4036 3375 4108; baseline 0.003 -20"><span class='ocrx_word' id='word_1_647' title='bbox 150 4036 228 4089; x_wconf 87' lang='lat' dir='ltr'>lis:</span> <span class='ocrx_word' id='word_1_648' title='bbox 259 4062 277 4092; x_wconf 76' lang='grc' dir='ltr'>ι</span> <span class='ocrx_word' id='word_1_649' title='bbox 310 4043 443 4098; x_wconf 87' lang='lat' dir='ltr'>Date</span> <span class='ocrx_word' id='word_1_650' title='bbox 474 4045 525 4097; x_wconf 92' lang='lat' dir='ltr'>ei</span> <span class='ocrx_word' id='word_1_651' title='bbox 566 4046 639 4098; x_wconf 90' lang='lat' dir='ltr'>de</span> <span class='ocrx_word' id='word_1_652' title='bbox 693 4044 877 4098; x_wconf 87' lang='lat' dir='ltr'>fructu</span> <span class='ocrx_word' id='word_1_653' title='bbox 932 4060 1203 4096; x_wconf 80' lang='lat' dir='ltr'>manuum</span> <span class='ocrx_word' id='word_1_654' title='bbox 1242 4040 1551 4105; x_wconf 67' lang='lat' dir='ltr'>suarum”,</span> <span class='ocrx_word' id='word_1_655' title='bbox 1591 4064 1612 4090; x_wconf 75' lang='grc' dir='ltr'>σι</span> <span class='ocrx_word' id='word_1_656' title='bbox 1646 4041 1702 4094; x_wconf 93' lang='lat' dir='ltr'>id</span> <span class='ocrx_word' id='word_1_657' title='bbox 1788 4041 1865 4094; x_wconf 88' lang='lat' dir='ltr'>ris</span> <span class='ocrx_word' id='word_1_658' title='bbox 1888 4045 2041 4094; x_wconf 85' lang='lat' dir='ltr'>recta</span> <span class='ocrx_word' id='word_1_659' title='bbox 2065 4040 2122 4093; x_wconf 92' lang='lat' dir='ltr'>in</span> <span class='ocrx_word' id='word_1_660' title='bbox 2150 4039 2359 4093; x_wconf 89' lang='lat' dir='ltr'>mundo</span> <span class='ocrx_word' id='word_1_661' title='bbox 2388 4041 2722 4107; x_wconf 87' lang='lat' dir='ltr'>conversari,</span> <span class='ocrx_word' id='word_1_662' title='bbox 2742 4045 2864 4096; x_wconf 79' lang='grc' dir='ltr'>υίηί</span> <span class='ocrx_word' id='word_1_663' title='bbox 2894 4059 3044 4108; x_wconf 87' lang='lat' dir='ltr'>vero,</span> <span class='ocrx_word' id='word_1_664' title='bbox 3070 4049 3133 4098; x_wconf 90' lang='lat' dir='ltr'>ut</span> <span class='ocrx_word' id='word_1_665' title='bbox 3153 4044 3222 4097; x_wconf 85' lang='lat' dir='ltr'>ad</span> <span class='ocrx_word' id='word_1_666' title='bbox 3242 4060 3375 4099; x_wconf 91' lang='lat' dir='ltr'>con-</span> 
     </span>
    </p>
   </div>
   <div class='ocr_carea' id='block_1_73' title="bbox 149 4129 3379 4203">
    <p class='ocr_par' dir='ltr' id='par_1_73' title="bbox 149 4129 3379 4203">
     <span class='ocr_line' id='line_1_73' title="bbox 149 4129 3379 4203; baseline 0.002 -22"><span class='ocrx_word' id='word_1_667' title='bbox 149 4134 227 4191; x_wconf 76' lang='lat' dir='ltr'>cst,</span> <span class='ocrx_word' id='word_1_668' title='bbox 264 4140 613 4188; x_wconf 85' lang='lat' dir='ltr'>remunerate</span> <span class='ocrx_word' id='word_1_669' title='bbox 665 4150 789 4187; x_wconf 90' lang='lat' dir='ltr'>eam</span> <span class='ocrx_word' id='word_1_670' title='bbox 860 4149 960 4203; x_wconf 88' lang='lat' dir='ltr'>pro</span> <span class='ocrx_word' id='word_1_671' title='bbox 1012 4131 1235 4201; x_wconf 86' lang='lat' dir='ltr'>justitia</span> <span class='ocrx_word' id='word_1_672' title='bbox 1291 4148 1523 4202; x_wconf 89' lang='lat' dir='ltr'>operum</span> <span class='ocrx_word' id='word_1_673' title='bbox 1573 4146 1705 4183; x_wconf 88' lang='lat' dir='ltr'>suo-</span> <span class='ocrx_word' id='word_1_674' title='bbox 1786 4136 2062 4201; x_wconf 86' lang='lat' dir='ltr'>temptum</span> <span class='ocrx_word' id='word_1_675' title='bbox 2096 4129 2528 4184; x_wconf 70' lang='lat' dir='ltr'>Sadducaaorum</span> <span class='ocrx_word' id='word_1_676' title='bbox 2582 4129 2893 4185; x_wconf 87' lang='lat' dir='ltr'>incbrieris.</span> <span class='ocrx_word' id='word_1_677' title='bbox 2937 4133 3052 4187; x_wconf 79' lang='lat' dir='ltr'>Olri</span> <span class='ocrx_word' id='word_1_678' title='bbox 3072 4138 3280 4199; x_wconf 88' lang='lat' dir='ltr'>autem,</span> <span class='ocrx_word' id='word_1_679' title='bbox 3318 4140 3379 4187; x_wconf 90' lang='lat' dir='ltr'>ut</span> 
     </span>
    </p>
   </div>
   <div class='ocr_carea' id='block_1_74' title="bbox 148 4219 3378 4290">
    <p class='ocr_par' dir='ltr' id='par_1_74' title="bbox 148 4219 3378 4290">
     <span class='ocr_line' id='line_1_74' title="bbox 148 4219 3378 4290; baseline 0.002 -22"><span class='ocrx_word' id='word_1_680' title='bbox 148 4232 303 4272; x_wconf 70' lang='lat' dir='ltr'>rum.)</span> <span class='ocrx_word' id='word_1_681' title='bbox 361 4224 617 4287; x_wconf 79' lang='lat' dir='ltr'>Fructus,</span> <span class='ocrx_word' id='word_1_682' title='bbox 651 4230 863 4276; x_wconf 56' lang='lat' dir='ltr'>aeterna</span> <span class='ocrx_word' id='word_1_683' title='bbox 908 4221 1216 4285; x_wconf 87' lang='lat' dir='ltr'>beatitudo,</span> <span class='ocrx_word' id='word_1_684' title='bbox 1248 4227 1313 4274; x_wconf 89' lang='lat' dir='ltr'>ut</span> <span class='ocrx_word' id='word_1_685' title='bbox 1343 4220 1398 4273; x_wconf 90' lang='lat' dir='ltr'>in</span> <span class='ocrx_word' id='word_1_686' title='bbox 1428 4219 1654 4273; x_wconf 86' lang='lat' dir='ltr'>Cantico</span> <span class='ocrx_word' id='word_1_687' title='bbox 1688 4237 1698 4271; x_wconf 86' lang='lat'><strong>:</strong></span> <span class='ocrx_word' id='word_1_688' title='bbox 1787 4220 1857 4272; x_wconf 88' lang='lat' dir='ltr'>ad</span> <span class='ocrx_word' id='word_1_689' title='bbox 1888 4220 2205 4290; x_wconf 81' lang='lat' dir='ltr'>amplexum</span> <span class='ocrx_word' id='word_1_690' title='bbox 2235 4219 2426 4289; x_wconf 87' lang='lat' dir='ltr'>sponsi</span> <span class='ocrx_word' id='word_1_691' title='bbox 2448 4219 2729 4274; x_wconf 87' lang='lat' dir='ltr'>alliciaris.</span> <span class='ocrx_word' id='word_1_692' title='bbox 2763 4222 2892 4276; x_wconf 66' lang='lat' dir='ltr'>Haec</span> <span class='ocrx_word' id='word_1_693' title='bbox 2914 4222 3178 4277; x_wconf 88' lang='lat' dir='ltr'>nimirum</span> <span class='ocrx_word' id='word_1_694' title='bbox 3206 4222 3378 4277; x_wconf 86' lang='lat' dir='ltr'>abun-</span> 
     </span>
    </p>
   </div>
   <div class='ocr_carea' id='block_1_75' title="bbox 150 4306 3375 4407">
    <p class='ocr_par' dir='ltr' id='par_1_75' title="bbox 150 4306 3375 4407">
     <span class='ocr_line' id='line_1_75' title="bbox 150 4306 3375 4407; baseline 0.002 -50"><span class='ocrx_word' id='word_1_695' title='bbox 150 4306 266 4359; x_wconf 67' lang='grc' dir='ltr'>«νὴ-</span> <span class='ocrx_word' id='word_1_696' title='bbox 291 4311 553 4366; x_wconf 76' lang='lat' dir='ltr'>&#39;alferret</span> <span class='ocrx_word' id='word_1_697' title='bbox 582 4329 686 4383; x_wconf 90' lang='lat' dir='ltr'>pro</span> <span class='ocrx_word' id='word_1_698' title='bbox 702 4312 885 4365; x_wconf 90' lang='lat' dir='ltr'>fructu</span> <span class='ocrx_word' id='word_1_699' title='bbox 903 4310 1075 4363; x_wconf 73' lang='lat' dir='ltr'>vineae</span> <span class='ocrx_word' id='word_1_700' title='bbox 1089 4309 1240 4362; x_wconf 88' lang='lat' dir='ltr'>mille</span> <span class='ocrx_word' id='word_1_701' title='bbox 1258 4314 1552 4377; x_wconf 84' lang='lat' dir='ltr'>argenteos</span> <span class='ocrx_word' id='word_1_702' title='bbox 1577 4308 1636 4369; x_wconf 63' lang='grc' dir='ltr'>ιε),</span> <span class='ocrx_word' id='word_1_703' title='bbox 1675 4309 1981 4407; x_wconf 67' lang='lat' dir='ltr'>undantia</span> <span class='ocrx_word' id='word_1_704' title='bbox 2014 4308 2162 4362; x_wconf 87' lang='lat' dir='ltr'>unde</span> <span class='ocrx_word' id='word_1_705' title='bbox 2210 4308 2479 4378; x_wconf 88' lang='lat' dir='ltr'>procedit,</span> <span class='ocrx_word' id='word_1_706' title='bbox 2515 4309 2623 4363; x_wconf 89' lang='lat' dir='ltr'>nisi</span> <span class='ocrx_word' id='word_1_707' title='bbox 2652 4311 2720 4363; x_wconf 90' lang='lat' dir='ltr'>de</span> <span class='ocrx_word' id='word_1_708' title='bbox 2751 4328 2875 4364; x_wconf 87' lang='lat' dir='ltr'>rore</span> <span class='ocrx_word' id='word_1_709' title='bbox 2907 4311 3027 4364; x_wconf 68' lang='lat' dir='ltr'>cmli</span> <span class='ocrx_word' id='word_1_710' title='bbox 3060 4317 3117 4364; x_wconf 86' lang='lat' dir='ltr'>et</span> <span class='ocrx_word' id='word_1_711' title='bbox 3138 4311 3375 4383; x_wconf 83' lang='lat' dir='ltr'>pingue-</span> 
     </span>
    </p>
   </div>
   <div class='ocr_carea' id='block_1_76' title="bbox 145 4396 3377 4469">
    <p class='ocr_par' dir='ltr' id='par_1_76' title="bbox 145 4396 3377 4469">
     <span class='ocr_line' id='line_1_76' title="bbox 145 4396 3377 4469; baseline 0.001 -21"><span class='ocrx_word' id='word_1_712' title='bbox 145 4396 262 4461; x_wconf 73' lang='lat' dir='ltr'>quod</span> <span class='ocrx_word' id='word_1_713' title='bbox 299 4398 386 4468; x_wconf 89' lang='lat' dir='ltr'>qui</span> <span class='ocrx_word' id='word_1_714' title='bbox 433 4401 618 4454; x_wconf 90' lang='lat' dir='ltr'>animi</span> <span class='ocrx_word' id='word_1_715' title='bbox 648 4408 735 4454; x_wconf 89' lang='lat' dir='ltr'>est</span> <span class='ocrx_word' id='word_1_716' title='bbox 752 4400 944 4462; x_wconf 83' lang='lat' dir='ltr'>virilis,</span> <span class='ocrx_word' id='word_1_717' title='bbox 963 4415 1063 4469; x_wconf 91' lang='lat' dir='ltr'>pro</span> <span class='ocrx_word' id='word_1_718' title='bbox 1086 4398 1211 4451; x_wconf 72' lang='lat' dir='ltr'>C(Pli</span> <span class='ocrx_word' id='word_1_719' title='bbox 1225 4396 1571 4451; x_wconf 88' lang='lat' dir='ltr'>beatitudine</span> <span class='ocrx_word' id='word_1_720' title='bbox 1590 4414 1704 4450; x_wconf 89' lang='lat' dir='ltr'>om-</span> <span class='ocrx_word' id='word_1_721' title='bbox 1725 4396 1766 4407; x_wconf 82' lang='grc'><em>“’</em></span> <span class='ocrx_word' id='word_1_722' title='bbox 1786 4397 1915 4451; x_wconf 88' lang='lat' dir='ltr'>dine</span> <span class='ocrx_word' id='word_1_723' title='bbox 1946 4404 2127 4463; x_wconf 63' lang='lat' dir='ltr'>terra),</span> <span class='ocrx_word' id='word_1_724' title='bbox 2166 4398 2270 4450; x_wconf 92' lang='lat' dir='ltr'>hoc</span> <span class='ocrx_word' id='word_1_725' title='bbox 2299 4402 2400 4462; x_wconf 87' lang='lat' dir='ltr'>est,</span> <span class='ocrx_word' id='word_1_726' title='bbox 2425 4398 2493 4450; x_wconf 88' lang='lat' dir='ltr'>de</span> <span class='ocrx_word' id='word_1_727' title='bbox 2536 4398 2719 4466; x_wconf 86' lang='lat' dir='ltr'>gratia</span> <span class='ocrx_word' id='word_1_728' title='bbox 2748 4399 2972 4463; x_wconf 85' lang='lat' dir='ltr'>Christi,</span> <span class='ocrx_word' id='word_1_729' title='bbox 3026 4404 3082 4452; x_wconf 92' lang='lat' dir='ltr'>et</span> <span class='ocrx_word' id='word_1_730' title='bbox 3130 4399 3377 4452; x_wconf 83' lang='lat' dir='ltr'>fecundi-</span> 
     </span>
    </p>
   </div>
   <div class='ocr_carea' id='block_1_77' title="bbox 146 4482 3376 4556">
    <p class='ocr_par' dir='ltr' id='par_1_77' title="bbox 146 4482 3376 4556">
     <span class='ocr_line' id='line_1_77' title="bbox 146 4482 3376 4556; baseline 0.003 -26"><span class='ocrx_word' id='word_1_731' title='bbox 146 4482 217 4534; x_wconf 84' lang='lat' dir='ltr'>nia</span> <span class='ocrx_word' id='word_1_732' title='bbox 241 4489 512 4543; x_wconf 83' lang='lat' dir='ltr'>mundana</span> <span class='ocrx_word' id='word_1_733' title='bbox 543 4488 877 4543; x_wconf 88' lang='lat' dir='ltr'>contemnit.</span> <span class='ocrx_word' id='word_1_734' title='bbox 912 4489 1019 4541; x_wconf 88' lang='lat' dir='ltr'>Per</span> <span class='ocrx_word' id='word_1_735' title='bbox 1048 4490 1299 4555; x_wconf 79' lang='lat' dir='ltr'>fructum</span> <span class='ocrx_word' id='word_1_736' title='bbox 1333 4491 1538 4539; x_wconf 70' lang='lat' dir='ltr'>sancta:</span> <span class='ocrx_word' id='word_1_737' title='bbox 1562 4504 1702 4556; x_wconf 70' lang='lat' dir='ltr'>prze-</span> <span class='ocrx_word' id='word_1_738' title='bbox 1786 4492 1900 4539; x_wconf 86' lang='lat' dir='ltr'>tate</span> <span class='ocrx_word' id='word_1_739' title='bbox 1934 4486 2205 4540; x_wconf 70' lang='lat' dir='ltr'>Ecclesiae.</span> <span class='ocrx_word' id='word_1_740' title='bbox 2242 4488 2603 4539; x_wconf 80' lang='lat' dir='ltr'>Frmncutum</span> <span class='ocrx_word' id='word_1_741' title='bbox 2652 4492 2737 4539; x_wconf 89' lang='lat' dir='ltr'>est</span> <span class='ocrx_word' id='word_1_742' title='bbox 2785 4486 2842 4539; x_wconf 90' lang='lat' dir='ltr'>in</span> <span class='ocrx_word' id='word_1_743' title='bbox 2872 4487 3185 4540; x_wconf 86' lang='lat' dir='ltr'>Proverbiis</span> <span class='ocrx_word' id='word_1_744' title='bbox 3214 4506 3225 4553; x_wconf 86' lang='lat'><strong>;</strong></span> <span class='ocrx_word' id='word_1_745' title='bbox 3288 4490 3376 4541; x_wconf 76' lang='grc' dir='ltr'>υί-</span> 
     </span>
    </p>
   </div>
   <div class='ocr_carea' id='block_1_78' title="bbox 144 4570 3370 4644">
    <p class='ocr_par' dir='ltr' id='par_1_78' title="bbox 144 4570 3370 4644">
     <span class='ocr_line' id='line_1_78' title="bbox 144 4570 3370 4644; baseline 0.004 -25"><span class='ocrx_word' id='word_1_746' title='bbox 144 4570 427 4644; x_wconf 81' lang='lat' dir='ltr'>dicationes,</span> <span class='ocrx_word' id='word_1_747' title='bbox 458 4580 525 4633; x_wconf 83' lang='lat' dir='ltr'>ut</span> <span class='ocrx_word' id='word_1_748' title='bbox 556 4579 617 4632; x_wconf 89' lang='lat' dir='ltr'>in</span> <span class='ocrx_word' id='word_1_749' title='bbox 672 4579 902 4632; x_wconf 87' lang='lat' dir='ltr'>Cantico</span> <span class='ocrx_word' id='word_1_750' title='bbox 937 4595 947 4629; x_wconf 87' lang='lat'>:</span> <span class='ocrx_word' id='word_1_751' title='bbox 986 4598 1006 4627; x_wconf 75' lang='grc' dir='ltr'>ι</span> <span class='ocrx_word' id='word_1_752' title='bbox 1042 4578 1117 4630; x_wconf 93' lang='lat' dir='ltr'>Ut</span> <span class='ocrx_word' id='word_1_753' title='bbox 1144 4576 1461 4629; x_wconf 89' lang='lat' dir='ltr'>comederet</span> <span class='ocrx_word' id='word_1_754' title='bbox 1490 4575 1703 4628; x_wconf 88' lang='lat' dir='ltr'>fructus</span> <span class='ocrx_word' id='word_1_755' title='bbox 1788 4593 1923 4628; x_wconf 85' lang='lat' dir='ltr'>num</span> <span class='ocrx_word' id='word_1_756' title='bbox 1952 4575 2009 4627; x_wconf 90' lang='lat' dir='ltr'>in</span> <span class='ocrx_word' id='word_1_757' title='bbox 2040 4574 2387 4638; x_wconf 86' lang='lat' dir='ltr'>Ecclesiaste,</span> <span class='ocrx_word' id='word_1_758' title='bbox 2430 4578 2607 4627; x_wconf 75' lang='lat' dir='ltr'>oleum</span> <span class='ocrx_word' id='word_1_759' title='bbox 2640 4574 2695 4627; x_wconf 92' lang='lat' dir='ltr'>in</span> <span class='ocrx_word' id='word_1_760' title='bbox 2727 4575 2957 4628; x_wconf 87' lang='lat' dir='ltr'>Cantico</span> <span class='ocrx_word' id='word_1_761' title='bbox 3004 4575 3370 4631; x_wconf 87' lang='lat' dir='ltr'>canticorum.</span> 
     </span>
    </p>
   </div>
   <div class='ocr_carea' id='block_1_79' title="bbox 147 4662 3377 4735">
    <p class='ocr_par' dir='ltr' id='par_1_79' title="bbox 147 4662 3377 4735">
     <span class='ocr_line' id='line_1_79' title="bbox 147 4662 3377 4735; baseline 0.001 -19"><span class='ocrx_word' id='word_1_762' title='bbox 147 4663 159 4677; x_wconf 84' lang='lat'><strong>&#39;</strong></span> <span class='ocrx_word' id='word_1_763' title='bbox 179 4674 412 4731; x_wconf 77' lang='lat' dir='ltr'>agrorum</span> <span class='ocrx_word' id='word_1_764' title='bbox 440 4668 512 4735; x_wconf 75' lang='lat'>”;</span> <span class='ocrx_word' id='word_1_765' title='bbox 553 4687 580 4717; x_wconf 58' lang='grc' dir='ltr'>η</span> <span class='ocrx_word' id='word_1_766' title='bbox 610 4669 661 4721; x_wconf 93' lang='lat' dir='ltr'>id</span> <span class='ocrx_word' id='word_1_767' title='bbox 688 4675 792 4732; x_wconf 91' lang='lat' dir='ltr'>est,</span> <span class='ocrx_word' id='word_1_768' title='bbox 827 4673 889 4721; x_wconf 91' lang='lat' dir='ltr'>ut</span> <span class='ocrx_word' id='word_1_769' title='bbox 918 4667 1246 4720; x_wconf 83' lang='lat' dir='ltr'>reficeretur</span> <span class='ocrx_word' id='word_1_770' title='bbox 1274 4669 1331 4717; x_wconf 78' lang='lat' dir='ltr'>et</span> <span class='ocrx_word' id='word_1_771' title='bbox 1362 4664 1705 4734; x_wconf 53' lang='lat' dir='ltr'>praedicatio-</span> <span class='ocrx_word' id='word_1_772' title='bbox 1786 4666 2168 4729; x_wconf 68' lang='lat' dir='ltr'>lv&#39;rummitum,</span> <span class='ocrx_word' id='word_1_773' title='bbox 2198 4662 2493 4717; x_wconf 82' lang='lat' dir='ltr'>delectatio</span> <span class='ocrx_word' id='word_1_774' title='bbox 2525 4663 2727 4727; x_wconf 86' lang='lat' dir='ltr'>carnis,</span> <span class='ocrx_word' id='word_1_775' title='bbox 2773 4669 2837 4717; x_wconf 91' lang='lat' dir='ltr'>ut</span> <span class='ocrx_word' id='word_1_776' title='bbox 2864 4663 2920 4717; x_wconf 89' lang='lat' dir='ltr'>in</span> <span class='ocrx_word' id='word_1_777' title='bbox 2950 4664 3186 4718; x_wconf 79' lang='lat' dir='ltr'>Psalmis</span> <span class='ocrx_word' id='word_1_778' title='bbox 3223 4685 3233 4717; x_wconf 92' lang='lat'><strong>:</strong></span> <span class='ocrx_word' id='word_1_779' title='bbox 3270 4685 3293 4717; x_wconf 88' lang='lat'><strong>«</strong></span> <span class='ocrx_word' id='word_1_780' title='bbox 3327 4668 3377 4720; x_wconf 83' lang='lat' dir='ltr'>A</span> 
     </span>
    </p>
   </div>
   <div class='ocr_carea' id='block_1_80' title="bbox 143 4748 3374 4824">
    <p class='ocr_par' dir='ltr' id='par_1_80' title="bbox 143 4748 3374 4824">
     <span class='ocr_line' id='line_1_80' title="bbox 143 4748 3374 4824; baseline 0.003 -24"><span class='ocrx_word' id='word_1_781' title='bbox 143 4748 272 4805; x_wconf 85' lang='lat' dir='ltr'>nibus</span> <span class='ocrx_word' id='word_1_782' title='bbox 299 4762 645 4811; x_wconf 87' lang='lat' dir='ltr'>sanctorum.</span> <span class='ocrx_word' id='word_1_783' title='bbox 677 4758 787 4811; x_wconf 85' lang='lat' dir='ltr'>Per</span> <span class='ocrx_word' id='word_1_784' title='bbox 829 4759 1048 4824; x_wconf 75' lang='lat' dir='ltr'>fructus</span> <span class='ocrx_word' id='word_1_785' title='bbox 1098 4754 1331 4807; x_wconf 86' lang='lat' dir='ltr'>virtutes</span> <span class='ocrx_word' id='word_1_786' title='bbox 1361 4752 1697 4822; x_wconf 78' lang='lat' dir='ltr'>spiritualcs,</span> <span class='ocrx_word' id='word_1_787' title='bbox 1783 4751 3374 4824; x_wconf 65' lang='lat' dir='ltr'>fructufrumenti,vinietoleisuimultiplicatisunt“,»id</span> 
     </span>
    </p>
   </div>
   <div class='ocr_carea' id='block_1_81' title="bbox 145 4839 3375 4913">
    <p class='ocr_par' dir='ltr' id='par_1_81' title="bbox 145 4839 3375 4913">
     <span class='ocr_line' id='line_1_81' title="bbox 145 4839 3375 4913; baseline 0.002 -22"><span class='ocrx_word' id='word_1_788' title='bbox 145 4846 189 4888; x_wconf 88' lang='lat' dir='ltr'>ut</span> <span class='ocrx_word' id='word_1_789' title='bbox 213 4839 259 4893; x_wconf 91' lang='lat' dir='ltr'>in</span> <span class='ocrx_word' id='word_1_790' title='bbox 283 4844 508 4899; x_wconf 86' lang='lat' dir='ltr'>Cantico</span> <span class='ocrx_word' id='word_1_791' title='bbox 542 4865 554 4898; x_wconf 88' lang='lat'>:</span> <span class='ocrx_word' id='word_1_792' title='bbox 596 4864 622 4898; x_wconf 81' lang='grc' dir='ltr'>(ί</span> <span class='ocrx_word' id='word_1_793' title='bbox 652 4845 965 4899; x_wconf 83' lang='lat' dir='ltr'>Ascendam</span> <span class='ocrx_word' id='word_1_794' title='bbox 998 4844 1056 4896; x_wconf 91' lang='lat' dir='ltr'>in</span> <span class='ocrx_word' id='word_1_795' title='bbox 1104 4842 1369 4913; x_wconf 89' lang='lat' dir='ltr'>palmam,</span> <span class='ocrx_word' id='word_1_796' title='bbox 1412 4847 1467 4895; x_wconf 83' lang='lat' dir='ltr'>et</span> <span class='ocrx_word' id='word_1_797' title='bbox 1501 4858 1701 4913; x_wconf 88' lang='lat' dir='ltr'>appre-</span> <span class='ocrx_word' id='word_1_798' title='bbox 1785 4841 2262 4907; x_wconf 85' lang='lat' dir='ltr'>est,delectatione</span> <span class='ocrx_word' id='word_1_799' title='bbox 2276 4840 2483 4893; x_wconf 82' lang='lat' dir='ltr'>carnali</span> <span class='ocrx_word' id='word_1_800' title='bbox 2501 4839 2934 4912; x_wconf 87' lang='lat' dir='ltr'>reprobirepleti</span> <span class='ocrx_word' id='word_1_801' title='bbox 2949 4844 3375 4898; x_wconf 89' lang='lat' dir='ltr'>sunt:frumen-</span> 
     </span>
    </p>
   </div>
   <div class='ocr_carea' id='block_1_82' title="bbox 143 4923 3374 5004">
    <p class='ocr_par' dir='ltr' id='par_1_82' title="bbox 143 4923 3374 5004">
     <span class='ocr_line' id='line_1_82' title="bbox 143 4923 3374 5004; baseline 0.002 -25"><span class='ocrx_word' id='word_1_802' title='bbox 143 4923 341 4985; x_wconf 83' lang='lat' dir='ltr'>hendam</span> <span class='ocrx_word' id='word_1_803' title='bbox 370 4934 624 4989; x_wconf 89' lang='lat' dir='ltr'>fructum</span> <span class='ocrx_word' id='word_1_804' title='bbox 675 4935 797 5004; x_wconf 87' lang='lat' dir='ltr'>ejus</span> <span class='ocrx_word' id='word_1_805' title='bbox 828 4933 892 4998; x_wconf 64' lang='lat'>‘5,</span> <span class='ocrx_word' id='word_1_806' title='bbox 918 4952 944 4987; x_wconf 83' lang='grc'><strong>››</strong></span> <span class='ocrx_word' id='word_1_807' title='bbox 990 4940 1043 4985; x_wconf 92' lang='lat' dir='ltr'>et</span> <span class='ocrx_word' id='word_1_808' title='bbox 1090 4932 1283 4985; x_wconf 89' lang='lat' dir='ltr'>tollam</span> <span class='ocrx_word' id='word_1_809' title='bbox 1340 4931 1545 4984; x_wconf 89' lang='lat' dir='ltr'>Christi</span> <span class='ocrx_word' id='word_1_810' title='bbox 1574 4948 1700 4985; x_wconf 88' lang='lat' dir='ltr'>cru-</span> <span class='ocrx_word' id='word_1_811' title='bbox 1784 4930 2009 4993; x_wconf 89' lang='lat' dir='ltr'>tum,ad</span> <span class='ocrx_word' id='word_1_812' title='bbox 2031 4929 2573 5000; x_wconf 87' lang='lat' dir='ltr'>crapulam;vinum,</span> <span class='ocrx_word' id='word_1_813' title='bbox 2593 4929 2663 4982; x_wconf 91' lang='lat' dir='ltr'>ad</span> <span class='ocrx_word' id='word_1_814' title='bbox 2681 4929 3010 4986; x_wconf 83' lang='lat' dir='ltr'>ebrietatem</span> <span class='ocrx_word' id='word_1_815' title='bbox 3038 4952 3049 4999; x_wconf 85' lang='lat'><strong>;</strong></span> <span class='ocrx_word' id='word_1_816' title='bbox 3075 4934 3277 4997; x_wconf 91' lang='lat' dir='ltr'>oleum,</span> <span class='ocrx_word' id='word_1_817' title='bbox 3303 4932 3374 4985; x_wconf 86' lang='lat' dir='ltr'>ad</span> 
     </span>
    </p>
   </div>
   <div class='ocr_carea' id='block_1_83' title="bbox 142 5019 3375 5095">
    <p class='ocr_par' dir='ltr' id='par_1_83' title="bbox 142 5019 3375 5095">
     <span class='ocr_line' id='line_1_83' title="bbox 142 5019 3375 5095; baseline 0.002 -25"><span class='ocrx_word' id='word_1_818' title='bbox 142 5030 249 5081; x_wconf 67' lang='lat' dir='ltr'>rem,</span> <span class='ocrx_word' id='word_1_819' title='bbox 277 5026 330 5073; x_wconf 87' lang='lat' dir='ltr'>et</span> <span class='ocrx_word' id='word_1_820' title='bbox 359 5024 660 5094; x_wconf 85' lang='lat' dir='ltr'>acquiram</span> <span class='ocrx_word' id='word_1_821' title='bbox 691 5023 1032 5095; x_wconf 88' lang='lat' dir='ltr'>spirituales,</span> <span class='ocrx_word' id='word_1_822' title='bbox 1079 5039 1201 5092; x_wconf 73' lang='lat' dir='ltr'>qua:</span> <span class='ocrx_word' id='word_1_823' title='bbox 1234 5021 1289 5074; x_wconf 93' lang='lat' dir='ltr'>in</span> <span class='ocrx_word' id='word_1_824' title='bbox 1322 5037 1386 5074; x_wconf 92' lang='lat' dir='ltr'>eo</span> <span class='ocrx_word' id='word_1_825' title='bbox 1418 5025 1567 5083; x_wconf 90' lang='lat' dir='ltr'>sunt,</span> <span class='ocrx_word' id='word_1_826' title='bbox 1592 5021 1702 5073; x_wconf 88' lang='lat' dir='ltr'>vir—</span> <span class='ocrx_word' id='word_1_827' title='bbox 1784 5021 2124 5090; x_wconf 87' lang='lat' dir='ltr'>superﬂuam</span> <span class='ocrx_word' id='word_1_828' title='bbox 2162 5019 2329 5089; x_wconf 91' lang='lat' dir='ltr'>hujus</span> <span class='ocrx_word' id='word_1_829' title='bbox 2347 5019 2469 5073; x_wconf 61' lang='lat' dir='ltr'>vitae</span> <span class='ocrx_word' id='word_1_830' title='bbox 2486 5022 3029 5090; x_wconf 86' lang='lat' dir='ltr'>pertinetcuram,de</span> <span class='ocrx_word' id='word_1_831' title='bbox 3046 5023 3249 5093; x_wconf 90' lang='lat' dir='ltr'>quibus</span> <span class='ocrx_word' id='word_1_832' title='bbox 3269 5023 3375 5077; x_wconf 89' lang='lat' dir='ltr'>Do-</span> 
     </span>
    </p>
   </div>
   <div class='ocr_carea' id='block_1_84' title="bbox 143 5106 3375 5184">
    <p class='ocr_par' dir='ltr' id='par_1_84' title="bbox 143 5106 3375 5184">
     <span class='ocr_line' id='line_1_84' title="bbox 143 5106 3375 5184; baseline 0.002 -26"><span class='ocrx_word' id='word_1_833' title='bbox 143 5106 274 5162; x_wconf 83' lang='lat' dir='ltr'>tutes.</span> <span class='ocrx_word' id='word_1_834' title='bbox 312 5111 418 5166; x_wconf 89' lang='lat' dir='ltr'>Per</span> <span class='ocrx_word' id='word_1_835' title='bbox 444 5116 694 5181; x_wconf 70' lang='lat' dir='ltr'>fructus,</span> <span class='ocrx_word' id='word_1_836' title='bbox 731 5112 960 5184; x_wconf 64' lang='lat' dir='ltr'>prwmia</span> <span class='ocrx_word' id='word_1_837' title='bbox 980 5117 1209 5175; x_wconf 56' lang='lat' dir='ltr'>aeterna,</span> <span class='ocrx_word' id='word_1_838' title='bbox 1247 5115 1309 5163; x_wconf 90' lang='lat' dir='ltr'>ut</span> <span class='ocrx_word' id='word_1_839' title='bbox 1336 5110 1393 5163; x_wconf 92' lang='lat' dir='ltr'>in</span> <span class='ocrx_word' id='word_1_840' title='bbox 1421 5110 1650 5164; x_wconf 87' lang='lat' dir='ltr'>Cantico</span> <span class='ocrx_word' id='word_1_841' title='bbox 1685 5128 1696 5162; x_wconf 86' lang='lat'><strong>:</strong></span> <span class='ocrx_word' id='word_1_842' title='bbox 1785 5110 1971 5163; x_wconf 88' lang='lat' dir='ltr'>minus</span> <span class='ocrx_word' id='word_1_843' title='bbox 2000 5109 2057 5162; x_wconf 90' lang='lat' dir='ltr'>in</span> <span class='ocrx_word' id='word_1_844' title='bbox 2089 5108 2384 5179; x_wconf 81' lang='lat' dir='ltr'>Evangelia</span> <span class='ocrx_word' id='word_1_845' title='bbox 2418 5126 2428 5161; x_wconf 93' lang='lat'>:</span> <span class='ocrx_word' id='word_1_846' title='bbox 2462 5127 2489 5161; x_wconf 74' lang='grc' dir='ltr'>α</span> <span class='ocrx_word' id='word_1_847' title='bbox 2526 5110 2834 5175; x_wconf 81' lang='lat' dir='ltr'>Attendite,</span> <span class='ocrx_word' id='word_1_848' title='bbox 2882 5132 2901 5161; x_wconf 75' lang='lat' dir='ltr'>J</span> <span class='ocrx_word' id='word_1_849' title='bbox 2928 5111 3130 5183; x_wconf 87' lang='lat' dir='ltr'>inquit.</span> <span class='ocrx_word' id='word_1_850' title='bbox 3168 5133 3191 5161; x_wconf 71' lang='grc' dir='ltr'>(ί</span> <span class='ocrx_word' id='word_1_851' title='bbox 3218 5112 3375 5184; x_wconf 88' lang='lat' dir='ltr'>vobis</span> 
     </span>
    </p>
   </div>
   <div class='ocr_carea' id='block_1_85' title="bbox 144 5194 3369 5272">
    <p class='ocr_par' dir='ltr' id='par_1_85' title="bbox 144 5194 3369 5272">
     <span class='ocr_line' id='line_1_85' title="bbox 144 5194 3369 5272; baseline 0.002 -24"><span class='ocrx_word' id='word_1_852' title='bbox 144 5194 391 5255; x_wconf 67' lang='lat' dir='ltr'>(Ducenti</span> <span class='ocrx_word' id='word_1_853' title='bbox 432 5202 542 5267; x_wconf 87' lang='lat' dir='ltr'>his,</span> <span class='ocrx_word' id='word_1_854' title='bbox 604 5202 698 5272; x_wconf 92' lang='lat' dir='ltr'>qui</span> <span class='ocrx_word' id='word_1_855' title='bbox 747 5201 1069 5255; x_wconf 88' lang='lat' dir='ltr'>custodiunt</span> <span class='ocrx_word' id='word_1_856' title='bbox 1125 5200 1338 5253; x_wconf 88' lang='lat' dir='ltr'>fructus</span> <span class='ocrx_word' id='word_1_857' title='bbox 1396 5200 1518 5267; x_wconf 88' lang='lat' dir='ltr'>ejus</span> <span class='ocrx_word' id='word_1_858' title='bbox 1545 5198 1590 5231; x_wconf 77' lang='grc'>¹⁶</span> <span class='ocrx_word' id='word_1_859' title='bbox 1625 5218 1635 5250; x_wconf 88' lang='lat'><strong>:</strong></span> <span class='ocrx_word' id='word_1_860' title='bbox 1677 5219 1698 5248; x_wconf 78' lang='grc' dir='ltr'><strong><em>ι</em></strong></span> <span class='ocrx_word' id='word_1_861' title='bbox 1787 5216 1855 5252; x_wconf 90' lang='lat' dir='ltr'>ne</span> <span class='ocrx_word' id='word_1_862' title='bbox 1883 5203 2188 5267; x_wconf 86' lang='lat' dir='ltr'>graventur</span> <span class='ocrx_word' id='word_1_863' title='bbox 2214 5198 2383 5251; x_wconf 86' lang='lat' dir='ltr'>corda</span> <span class='ocrx_word' id='word_1_864' title='bbox 2429 5203 2610 5252; x_wconf 87' lang='lat' dir='ltr'>vestra</span> <span class='ocrx_word' id='word_1_865' title='bbox 2654 5200 2709 5253; x_wconf 87' lang='lat' dir='ltr'>in</span> <span class='ocrx_word' id='word_1_866' title='bbox 2738 5202 2968 5272; x_wconf 85' lang='lat' dir='ltr'>crapula</span> <span class='ocrx_word' id='word_1_867' title='bbox 2997 5208 3054 5255; x_wconf 91' lang='lat' dir='ltr'>et</span> <span class='ocrx_word' id='word_1_868' title='bbox 3081 5201 3369 5267; x_wconf 85' lang='lat' dir='ltr'>ebrietate,</span> 
     </span>
    </p>
   </div>
   <div class='ocr_carea' id='block_1_86' title="bbox 194 5338 1689 5408">
    <p class='ocr_par' dir='ltr' id='par_1_86' title="bbox 194 5340 1689 5408">
     <span class='ocr_line' id='line_1_86' title="bbox 194 5340 1689 5408; baseline -0.001 -14"><span class='ocrx_word' id='word_1_869' title='bbox 194 5340 203 5372; x_wconf 84' lang='lat'>&#39;</span> <span class='ocrx_word' id='word_1_870' title='bbox 236 5343 329 5397; x_wconf 87' lang='lat' dir='ltr'>Isa.</span> <span class='ocrx_word' id='word_1_871' title='bbox 357 5361 410 5405; x_wconf 85' lang='lat' dir='ltr'>v,</span> <span class='ocrx_word' id='word_1_872' title='bbox 452 5342 542 5408; x_wconf 76' lang='lat'>18,</span> <span class='ocrx_word' id='word_1_873' title='bbox 578 5344 604 5377; x_wconf 78' lang='grc'>²</span> <span class='ocrx_word' id='word_1_874' title='bbox 638 5346 800 5398; x_wconf 87' lang='lat' dir='ltr'>Joan.</span> <span class='ocrx_word' id='word_1_875' title='bbox 826 5360 877 5405; x_wconf 73' lang='grc' dir='ltr'>Χ,</span> <span class='ocrx_word' id='word_1_876' title='bbox 910 5342 999 5396; x_wconf 73' lang='grc'>10.</span> <span class='ocrx_word' id='word_1_877' title='bbox 1031 5342 1055 5376; x_wconf 83' lang='grc'>³</span> <span class='ocrx_word' id='word_1_878' title='bbox 1082 5341 1204 5396; x_wconf 91' lang='lat' dir='ltr'>Job.</span> <span class='ocrx_word' id='word_1_879' title='bbox 1237 5356 1383 5401; x_wconf 73' lang='lat' dir='ltr'>XXIV,</span> <span class='ocrx_word' id='word_1_880' title='bbox 1424 5340 1505 5395; x_wconf 75' lang='grc'>14.</span> <span class='ocrx_word' id='word_1_881' title='bbox 1548 5341 1567 5374; x_wconf 66' lang='grc' dir='ltr'><strong>’ί</strong></span> <span class='ocrx_word' id='word_1_882' title='bbox 1603 5342 1689 5394; x_wconf 84' lang='lat' dir='ltr'>Ma</span> 
     </span>
    </p>
   </div>
   <div class='ocr_carea' id='block_1_87' title="bbox 1841 5338 3369 5408">
    <p class='ocr_par' dir='ltr' id='par_1_87' title="bbox 1841 5338 3369 5405">
     <span class='ocr_line' id='line_1_87' title="bbox 1841 5338 3369 5405; baseline 0.003 -14"><span class='ocrx_word' id='word_1_883' title='bbox 1841 5355 1906 5403; x_wconf 81' lang='lat' dir='ltr'>vi,</span> <span class='ocrx_word' id='word_1_884' title='bbox 1938 5340 2026 5401; x_wconf 71' lang='lat'>&#39;19,</span> <span class='ocrx_word' id='word_1_885' title='bbox 2060 5339 2148 5394; x_wconf 83' lang='lat'>‘20.</span> <span class='ocrx_word' id='word_1_886' title='bbox 2182 5338 2203 5371; x_wconf 78' lang='grc'><strong>⁵</strong></span> <span class='ocrx_word' id='word_1_887' title='bbox 2228 5339 2386 5391; x_wconf 87' lang='lat' dir='ltr'>Prov.</span> <span class='ocrx_word' id='word_1_888' title='bbox 2422 5353 2511 5404; x_wconf 77' lang='lat' dir='ltr'>xx,</span> <span class='ocrx_word' id='word_1_889' title='bbox 2548 5339 2599 5395; x_wconf 65' lang='grc'>4.</span> <span class='ocrx_word' id='word_1_890' title='bbox 2631 5344 2653 5375; x_wconf 83' lang='grc'><em>⁰</em></span> <span class='ocrx_word' id='word_1_891' title='bbox 2674 5344 2820 5397; x_wconf 85' lang='lat' dir='ltr'>Psal.</span> <span class='ocrx_word' id='word_1_892' title='bbox 2850 5357 3056 5405; x_wconf 74' lang='lat' dir='ltr'>cxtvn,</span> <span class='ocrx_word' id='word_1_893' title='bbox 3086 5345 3176 5398; x_wconf 75' lang='lat'>17.</span> <span class='ocrx_word' id='word_1_894' title='bbox 3207 5344 3227 5359; x_wconf 85' lang='lat'>&quot;</span> <span class='ocrx_word' id='word_1_895' title='bbox 3254 5347 3369 5399; x_wconf 78' lang='lat' dir='ltr'>Jac.</span> 
     </span>
    </p>
   </div>
   <div class='ocr_carea' id='block_1_88' title="bbox 144 5409 1689 5480">
    <p class='ocr_par' dir='ltr' id='par_1_88' title="bbox 144 5412 1657 5480">
     <span class='ocr_line' id='line_1_88' title="bbox 144 5412 1657 5480; baseline 0.001 -17"><span class='ocrx_word' id='word_1_896' title='bbox 144 5412 276 5480; x_wconf 62' lang='lat' dir='ltr'>_\j.18.</span> <span class='ocrx_word' id='word_1_897' title='bbox 302 5418 323 5447; x_wconf 76' lang='grc'><strong><em>⁸</em></strong></span> <span class='ocrx_word' id='word_1_898' title='bbox 344 5419 509 5469; x_wconf 83' lang='lat' dir='ltr'>Cant.</span> <span class='ocrx_word' id='word_1_899' title='bbox 546 5430 612 5480; x_wconf 83' lang='lat'>11,</span> <span class='ocrx_word' id='word_1_900' title='bbox 640 5416 693 5469; x_wconf 90' lang='lat'>3.</span> <span class='ocrx_word' id='word_1_901' title='bbox 725 5417 748 5449; x_wconf 75' lang='grc' dir='ltr'><strong>θ</strong></span> <span class='ocrx_word' id='word_1_902' title='bbox 780 5415 976 5470; x_wconf 86' lang='lat' dir='ltr'>Matth.</span> <span class='ocrx_word' id='word_1_903' title='bbox 1006 5429 1103 5479; x_wconf 85' lang='lat' dir='ltr'>vu,</span> <span class='ocrx_word' id='word_1_904' title='bbox 1131 5412 1220 5468; x_wconf 75' lang='lat'>17.</span> <span class='ocrx_word' id='word_1_905' title='bbox 1251 5413 1299 5446; x_wconf 81' lang='grc'>¹⁰</span> <span class='ocrx_word' id='word_1_906' title='bbox 1328 5413 1523 5466; x_wconf 87' lang='lat' dir='ltr'>Matth.</span> <span class='ocrx_word' id='word_1_907' title='bbox 1560 5426 1657 5475; x_wconf 76' lang='lat' dir='ltr'>xu,</span> 
     </span>
    </p>
   </div>
   <div class='ocr_carea' id='block_1_89' title="bbox 1841 5409 3369 5480">
    <p class='ocr_par' dir='ltr' id='par_1_89' title="bbox 1841 5409 3369 5479">
     <span class='ocr_line' id='line_1_89' title="bbox 1841 5409 3369 5479; baseline 0.003 -14"><span class='ocrx_word' id='word_1_908' title='bbox 1841 5413 1849 5445; x_wconf 84' lang='lat'>&#39;</span> <span class='ocrx_word' id='word_1_909' title='bbox 1879 5412 2022 5465; x_wconf 86' lang='lat' dir='ltr'>Psal.</span> <span class='ocrx_word' id='word_1_910' title='bbox 2058 5425 2197 5469; x_wconf 83' lang='lat' dir='ltr'>cun,</span> <span class='ocrx_word' id='word_1_911' title='bbox 2230 5410 2319 5462; x_wconf 69' lang='lat'>&#39;13.</span> <span class='ocrx_word' id='word_1_912' title='bbox 2348 5409 2391 5442; x_wconf 74' lang='grc'>¹²</span> <span class='ocrx_word' id='word_1_913' title='bbox 2416 5410 2575 5465; x_wconf 87' lang='lat' dir='ltr'>Prov.</span> <span class='ocrx_word' id='word_1_914' title='bbox 2608 5428 2755 5475; x_wconf 72' lang='lat' dir='ltr'>xxxx,</span> <span class='ocrx_word' id='word_1_915' title='bbox 2776 5416 2832 5469; x_wconf 88' lang='lat'>3|</span> <span class='ocrx_word' id='word_1_916' title='bbox 2854 5457 2864 5467; x_wconf 95' lang='lat'>.</span> <span class='ocrx_word' id='word_1_917' title='bbox 2890 5415 2934 5449; x_wconf 83' lang='grc'>¹³</span> <span class='ocrx_word' id='word_1_918' title='bbox 2952 5417 3111 5470; x_wconf 89' lang='lat' dir='ltr'>Cant.</span> <span class='ocrx_word' id='word_1_919' title='bbox 3138 5431 3257 5479; x_wconf 80' lang='lat' dir='ltr'>vui.</span> <span class='ocrx_word' id='word_1_920' title='bbox 3282 5419 3369 5471; x_wconf 64' lang='lat' dir='ltr'>&#39;ll.</span> 
     </span>
    </p>
   </div>
   <div class='ocr_carea' id='block_1_90' title="bbox 142 5477 1689 5553">
    <p class='ocr_par' dir='ltr' id='par_1_90' title="bbox 142 5477 1689 5551">
     <span class='ocr_line' id='line_1_90' title="bbox 142 5477 1689 5551; baseline -0.001 -14"><span class='ocrx_word' id='word_1_921' title='bbox 142 5477 171 5510; x_wconf 67' lang='grc' dir='ltr'>’ί</span> <span class='ocrx_word' id='word_1_922' title='bbox 193 5482 333 5539; x_wconf 85' lang='lat' dir='ltr'>Cant.</span> <span class='ocrx_word' id='word_1_923' title='bbox 363 5502 414 5551; x_wconf 87' lang='lat' dir='ltr'>v,</span> <span class='ocrx_word' id='word_1_924' title='bbox 450 5490 503 5540; x_wconf 74' lang='lat' dir='ltr'>i.</span> <span class='ocrx_word' id='word_1_925' title='bbox 530 5487 581 5522; x_wconf 78' lang='grc'>¹⁵</span> <span class='ocrx_word' id='word_1_926' title='bbox 603 5477 770 5542; x_wconf 80' lang='lat' dir='ltr'>Cant.</span> <span class='ocrx_word' id='word_1_927' title='bbox 811 5501 907 5549; x_wconf 83' lang='lat' dir='ltr'>vn,</span> <span class='ocrx_word' id='word_1_928' title='bbox 941 5484 994 5541; x_wconf 86' lang='lat'>8.</span> <span class='ocrx_word' id='word_1_929' title='bbox 1041 5477 1279 5538; x_wconf 62' lang='lat' dir='ltr'>“’Cant.</span> <span class='ocrx_word' id='word_1_930' title='bbox 1312 5498 1431 5542; x_wconf 80' lang='lat' dir='ltr'>vui,</span> <span class='ocrx_word' id='word_1_931' title='bbox 1464 5484 1552 5536; x_wconf 71' lang='lat'>&#39;12.</span> <span class='ocrx_word' id='word_1_932' title='bbox 1598 5482 1637 5516; x_wconf 72' lang='grc'>¹⁷</span> <span class='ocrx_word' id='word_1_933' title='bbox 1672 5485 1689 5536; x_wconf 89' lang='lat' dir='ltr'>l</span> 
     </span>
    </p>
   </div>
   <div class='ocr_carea' id='block_1_91' title="bbox 1841 5477 3374 5553">
    <p class='ocr_par' dir='ltr' id='par_1_91' title="bbox 1876 5481 3374 5553">
     <span class='ocr_line' id='line_1_91' title="bbox 1876 5481 3374 5553; baseline -0.003 -7"><span class='ocrx_word' id='word_1_934' title='bbox 1876 5496 1949 5544; x_wconf 67' lang='lat' dir='ltr'><strong>VL</strong></span> <span class='ocrx_word' id='word_1_935' title='bbox 1978 5482 2065 5539; x_wconf 52' lang='lat'>&#39;2&#39;.</span> <span class='ocrx_word' id='word_1_936' title='bbox 2108 5482 2151 5515; x_wconf 83' lang='grc'>¹⁸</span> <span class='ocrx_word' id='word_1_937' title='bbox 2178 5481 2337 5553; x_wconf 62' lang='grc' dir='ltr'>ειρῑιῼς</span> <span class='ocrx_word' id='word_1_938' title='bbox 2372 5495 2467 5553; x_wconf 56' lang='grc' dir='ltr'>ΧΠ,</span> <span class='ocrx_word' id='word_1_939' title='bbox 2499 5484 2587 5537; x_wconf 74' lang='grc'>24.</span> <span class='ocrx_word' id='word_1_940' title='bbox 2636 5484 2679 5518; x_wconf 80' lang='grc'>¹⁰</span> <span class='ocrx_word' id='word_1_941' title='bbox 2708 5486 2810 5540; x_wconf 80' lang='lat' dir='ltr'>Job</span> <span class='ocrx_word' id='word_1_942' title='bbox 2850 5502 3056 5553; x_wconf 76' lang='lat' dir='ltr'>xxxvii,</span> <span class='ocrx_word' id='word_1_943' title='bbox 3082 5488 3170 5542; x_wconf 66' lang='lat'>1&#39;1.</span> <span class='ocrx_word' id='word_1_944' title='bbox 3204 5488 3251 5523; x_wconf 64' lang='grc' dir='ltr'>³ο</span> <span class='ocrx_word' id='word_1_945' title='bbox 3272 5488 3374 5544; x_wconf 83' lang='lat' dir='ltr'>Job</span> 
     </span>
    </p>
   </div>
   <div class='ocr_carea' id='block_1_92' title="bbox 142 5549 1689 5625">
    <p class='ocr_par' dir='ltr' id='par_1_92' title="bbox 142 5549 1685 5625">
     <span class='ocr_line' id='line_1_92' title="bbox 142 5549 1685 5625; baseline 0.001 -20"><span class='ocrx_word' id='word_1_946' title='bbox 142 5562 255 5618; x_wconf 68' lang='lat' dir='ltr'>mi,</span> <span class='ocrx_word' id='word_1_947' title='bbox 286 5555 367 5612; x_wconf 63' lang='grc' dir='ltr'>ιἰΟ.</span> <span class='ocrx_word' id='word_1_948' title='bbox 399 5549 441 5593; x_wconf 73' lang='grc'>²¹</span> <span class='ocrx_word' id='word_1_949' title='bbox 478 5559 631 5613; x_wconf 86' lang='lat' dir='ltr'>Psal.</span> <span class='ocrx_word' id='word_1_950' title='bbox 665 5573 873 5623; x_wconf 79' lang='lat' dir='ltr'>cxxvu,</span> <span class='ocrx_word' id='word_1_951' title='bbox 904 5556 993 5613; x_wconf 79' lang='grc'>14.</span> <span class='ocrx_word' id='word_1_952' title='bbox 1027 5556 1073 5589; x_wconf 63' lang='grc'><strong>2³</strong></span> <span class='ocrx_word' id='word_1_953' title='bbox 1100 5557 1227 5611; x_wconf 89' lang='lat' dir='ltr'>Jud.</span> <span class='ocrx_word' id='word_1_954' title='bbox 1261 5569 1333 5619; x_wconf 85' lang='lat' dir='ltr'>vi,</span> <span class='ocrx_word' id='word_1_955' title='bbox 1369 5555 1431 5609; x_wconf 81' lang='grc'>11</span> <span class='ocrx_word' id='word_1_956' title='bbox 1468 5561 1524 5608; x_wconf 89' lang='lat' dir='ltr'>et</span> <span class='ocrx_word' id='word_1_957' title='bbox 1549 5571 1685 5625; x_wconf 86' lang='lat' dir='ltr'>seqq</span> 
     </span>
    </p>
   </div>
   <div class='ocr_carea' id='block_1_93' title="bbox 1841 5549 2704 5625">
    <p class='ocr_par' dir='ltr' id='par_1_93' title="bbox 1841 5549 2704 5619">
     <span class='ocr_line' id='line_1_93' title="bbox 1841 5549 2704 5619; baseline 0.005 -15"><span class='ocrx_word' id='word_1_958' title='bbox 1841 5556 1949 5608; x_wconf 65' lang='lat' dir='ltr'>ten.</span> <span class='ocrx_word' id='word_1_959' title='bbox 1974 5566 2143 5619; x_wconf 74' lang='lat' dir='ltr'>xxvii,</span> <span class='ocrx_word' id='word_1_960' title='bbox 2167 5549 2256 5606; x_wconf 75' lang='lat'>‘28.</span> <span class='ocrx_word' id='word_1_961' title='bbox 2288 5550 2334 5584; x_wconf 60' lang='lat'>9‘</span> <span class='ocrx_word' id='word_1_962' title='bbox 2364 5552 2509 5608; x_wconf 88' lang='lat' dir='ltr'>Psal.</span> <span class='ocrx_word' id='word_1_963' title='bbox 2543 5570 2618 5610; x_wconf 83' lang='lat' dir='ltr'>iv.</span> <span class='ocrx_word' id='word_1_964' title='bbox 2651 5554 2704 5612; x_wconf 90' lang='lat'>8.</span> 
     </span>
    </p>
   </div>
   <div class='ocr_carea' id='block_1_94' title="bbox 474 5660 1689 5723">
    <p class='ocr_par' dir='ltr' id='par_1_94' title="bbox 474 5660 1335 5723">
     <span class='ocr_line' id='line_1_94' title="bbox 474 5660 1335 5723; baseline -0.006 -1"><span class='ocrx_word' id='word_1_965' title='bbox 474 5663 755 5723; x_wconf 73' lang='grc' dir='ltr'>ΡΑΤιιοι..</span> <span class='ocrx_word' id='word_1_966' title='bbox 782 5660 961 5723; x_wconf 87' lang='lat' dir='ltr'>CXII.</span> <span class='ocrx_word' id='word_1_967' title='bbox 1331 5692 1335 5696; x_wconf 64' lang='grc' dir='ltr'>ι</span> 
     </span>
    </p>
   </div>
   <div class='ocr_carea' id='block_1_95' title="bbox 1841 5660 3067 5723">
    <p class='ocr_par' dir='ltr' id='par_1_95' title="bbox 2986 5660 3067 5720">
     <span class='ocr_line' id='line_1_95' title="bbox 2986 5660 3067 5720; baseline 0 0"><span class='ocrx_word' id='word_1_968' title='bbox 2986 5660 3067 5720; x_wconf 84' lang='grc'>30</span> 
     </span>
    </p>
   </div>
  </div>
