3854 6164
219 332 306 391 941

1158 335 1590 391 ALLEGORIE
1630 336 1707 390 IN
1747 333 2037 390 SACRAM
2076 325 2554 394 SCRIPI'URAM.

3384 338 3487 401 942

214 460 317 516 mis
342 464 428 512 est
448 459 721 530 superior,
736 460 822 511 vel
842 459 912 512 ab
934 459 1000 512 iis
1022 466 1275 513 revocata
1297 461 1536 531 dignior,
1553 477 1655 514 nec
1672 467 1810 515 tunc
1826 462 1872 519 A
1887 461 2174 516 tribulatio
2205 464 2531 534 temporalis
2556 483 2566 516 :
2600 471 2663 517 ut
2686 464 2743 519 in
2773 463 3070 534 Evangelio
3092 484 3101 518 :
3125 466 3169 535 ἦ·
3188 484 3218 519 α
3235 467 3305 522 Et
3322 482 3483 524 suam

212 548 438 619 quidem
462 549 666 602 rationi
686 549 1080 619 comparanda.
1108 550 1225 603 Scit
1245 557 1300 604 et
1330 550 1427 603 Dei
1460 550 1649 617 Filius,
1676 566 1809 621 quo-

210 639 373 690 modo
404 639 646 708 Spiritus
677 644 903 692 sanctus
932 656 966 692 a
990 656 1173 709 SBIPSO
1201 640 1241 707 ᾧ
1270 640 1522 693 diversus
1548 640 1638 705 sit,
1672 642 1804 695 dum

210 727 283 779 vel
314 727 373 779 in
405 728 584 780 Deum
610 728 806 786 inhiat.
836 729 919 781 vel
940 729 1171 781 inferius
1195 729 1439 782 coelestia
1469 730 1803 795 considerat,

208 815 279 868 vel
316 817 537 870 ratione
570 817 800 871 inferius
819 818 888 870 de
921 818 1218 872 mundanis
1248 824 1396 871 recte
1417 820 1648 888 agendis
1679 836 1805 890 per-

208 910 428 971 tractat,
454 907 537 959 vel
559 908 839 977 quomodo
855 908 1219 961 sensualitate
1242 913 1627 971 secernuntur,
1647 908 1799 975 dum,

209 995 353 1063 quod
384 1011 445 1048 se
475 996 531 1048 in
562 995 792 1049 inferius
824 1002 927 1059 est,
950 997 1097 1071 quod
1128 997 1184 1049 in
1215 996 1328 1061 illa,
1354 996 1522 1050 altius
1553 1003 1799 1067 superat.

207 1084 421 1138 Gladiis
448 1084 542 1136 alii
563 1092 947 1155 persecutores
978 1086 1259 1155 designari
1298 1086 1659 1140 manifestum
1699 1093 1800 1140 est.

206 1173 440 1241 Legitur
458 1174 608 1227 enim
636 1175 692 1227 in
722 1174 878 1228 libris
912 1175 1148 1245 Regum,
1176 1175 1418 1245 qualiter
1438 1175 1631 1239 David,
1667 1192 1807 1246 puer

205 1261 358 1314 rufus
390 1267 449 1315 et
478 1264 708 1333 pulcher
745 1270 991 1334 aspectu,
1026 1282 1151 1317 cum
1184 1270 1436 1335 pasceret
1465 1282 1591 1319 oves
1628 1266 1804 1336 patris

206 1349 304 1405 sui.
342 1352 617 1421 processit
645 1360 895 1406 armatus
930 1354 1103 1407 armis
1132 1354 1318 1410 Saulis
1357 1360 1553 1408 contra
1582 1355 1801 1408 Goliam

204 1440 590 1505 dimicaturus,
625 1441 824 1512 quibus
853 1444 1025 1496 armis
1054 1460 1181 1497 cum
1221 1443 1564 1513 intelligeret
1590 1461 1648 1498 se
1676 1462 1803 1513 gra-

204 1530 315 1582 vari
344 1532 535 1600 potius
565 1547 732 1602 quam
752 1533 955 1601 juvari,
980 1533 1241 1603 deposuit
1261 1550 1345 1597 ea,
1372 1542 1429 1587 et
1457 1534 1669 1603 eligens
1699 1532 1805 1587 sibi

204 1620 452 1691 quinque
480 1621 899 1692 limpidissimos
939 1623 1150 1694 lapides
1197 1623 1265 1677 de
1316 1623 1565 1685 flumine,
1608 1641 1701 1678 eos
1746 1625 1804 1679 in

200 1725 350 1778 pera,
376 1711 512 1775 sive,
540 1717 603 1764 ut
628 1711 723 1765 alii
752 1711 964 1777 dicunt,
992 1714 1047 1766 in
1079 1730 1205 1766 vase
1234 1714 1431 1779 lacteo,
1457 1714 1718 1768 baculum
1749 1721 1805 1769 et

1890 551 2064 621 ipsius
2093 553 2342 606 animam
2370 554 2734 624 pertransibit
2768 555 2990 624 gladius
3017 554 3056 620 9,
3096 576 3121 607 δ)
3156 556 3209 609 id
3243 563 3345 623 est,
3376 559 3484 613 tri-

1890 640 2101 694 bulatio
2121 642 2297 712 ipsius
2328 644 2575 697 animam
2604 648 2760 697 tuam
2791 643 3078 697 cruciabit.
3112 646 3357 711 Gladius,
3392 664 3483 701 re-

1890 731 2217 800 pugnantia,
2236 738 2302 786 ιιι
2328 733 2386 785 in
2410 733 2646 786 Psalmis
2670 750 2681 785 :
2706 750 2730 783 «
2756 733 3018 786 Gladium
3050 734 3485 803 evaginaverunt

1888 826 2206 888 peccatores
2233 820 2273 885 ⁸,
2328 840 2347 871 ι
2391 822 2446 874 id
2486 829 2588 887 est,
2642 823 3070 892 repugnantiam
3115 831 3483 879 exercuerunt

1887 908 2129 978 reprobi.
2162 912 2405 974 Gladius,
2432 911 2730 982 separatio,
2762 917 2827 965 ut
2856 912 2909 964 in
2943 912 3238 981 Evangelio
3267 933 3276 965 :
3307 933 3329 965 ‹
3357 914 3481 969 Non

1886 997 2011 1050 veni
2041 1014 2235 1068 pacem
2267 1000 2507 1066 mittere,
2533 998 2629 1053 sed
2658 999 3005 1070 gladium‘.»
3046 1000 3100 1055 id
3132 1008 3234 1070 est,
3262 1020 3484 1074 separa-

1886 1087 2116 1140 tionem.
2153 1088 2398 1151 Gladius,
2432 1088 2764 1159 persecutio,
2798 1098 2861 1145 ut
2892 1092 2947 1145 in
2978 1092 3214 1145 Psalmis
3251 1110 3260 1144 :
3303 1111 3324 1143 ι
3352 1093 3484 1148 Scu-

1886 1182 2027 1241 tum,
2041 1177 2292 1248 gladium
2310 1184 2366 1231 et
2380 1178 2586 1231 bellum
2599 1179 2674 1245 5,»
2692 1180 2745 1232 id
2759 1185 2860 1244 est,
2879 1178 3148 1234 Dominus
3159 1181 3228 1233 ab
3242 1182 3486 1236 Ecclesia

1887 1280 1989 1319 sua
2009 1273 2065 1319 et
2084 1267 2283 1321 vitium
2305 1267 2487 1321 aufert
2514 1269 2902 1334 excusationis,
2929 1273 2984 1322 et
2998 1271 3037 1339 ἦ
3058 1286 3277 1323 armum
3300 1286 3486 1342 perse-

1886 1356 2143 1419 cutionis,
2178 1364 2234 1409 et
2264 1352 2676 1411 infestationem
2706 1357 2899 1411 hostis.
2929 1356 3174 1425 Gladius,
3209 1360 3483 1413 malitiam

1886 1443 2112 1507 diaboli,
2137 1450 2201 1499 ut
2220 1445 2279 1499 in
2295 1444 2425 1499 Job:
2456 1468 2479 1493 η
2499 1446 2604 1509 Qui
2629 1446 2757 1499 fecit
2778 1463 2926 1507 eum;
2953 1447 3485 1518 applicuitgladium

1887 1534 2058 1603 ejus“,
2088 1554 2108 1585 )
2137 1534 2285 1605 quod
2306 1534 2472 1601 Deus,
2502 1537 2597 1606 qui
2621 1552 2748 1589 eum
2772 1535 3036 1601 condidit,
3066 1538 3186 1609 ejus
3211 1538 3485 1592 malitiam

1887 1624 2245 1694 compescuit.
2299 1625 2545 1689 Gladius,
2602 1624 2833 1679 verbum
2875 1626 3266 1696 corruptionis,
3322 1632 3385 1681 ut
3428 1629 3485 1682 in

1888 1712 2032 1766 Isaia
2067 1730 2074 1738 ’
2120 1728 2142 1764 a
2175 1713 2406 1767 Gladius
2437 1714 2725 1769 devorabit
2744 1731 2837 1767 vos
2858 1714 2898 1779 7,
2932 1735 2952 1765 ν
2986 1712 3042 1768 id
3074 1722 3176 1781 est,
3202 1715 3485 1787 corruptio

202 1799 431 1853 fundam
467 1800 615 1865 tulit,
644 1807 697 1855 et
727 1802 806 1854 sic
834 1806 1030 1856 contra
1057 1803 1341 1856 inimicum
1366 1804 1653 1874 processit,
1691 1783 2193 1875 quoBincrepabit
2224 1821 2337 1857 vos.
2386 1806 2633 1871 Gladius,
2675 1821 2860 1857 sermo
2905 1805 3283 1869 detractionis,
3319 1812 3383 1859 ut
3428 1805 3486 1859 in

202 1888 365 1941 unius
396 1889 600 1959 lapidis
630 1890 761 1953 ictu,
795 1896 983 1945 rotatu
1022 1890 1210 1946 funda:
1241 1893 1495 1963 projecti,
1534 1894 1589 1947 in
1618 1894 1800 1947 fronte

205 1992 466 2048 percusso
496 1987 664 2050 atque
686 1981 915 2051 dejecto,
946 1982 1193 2050 gladium
1214 1982 1380 2047 illius,
1399 1980 1802 2053 quipercussus

202 2067 477 2131 accubuit,
513 2070 935 2140 evaginavitque
967 2078 1022 2123 et
1057 2077 1227 2142 caput
1256 2074 1377 2142 ejus
1421 2072 1731 2142 amputavit
1758 2074 1798 2126 ¹.

202 2159 374 2210 David
410 2158 469 2211 in
503 2159 606 2212 hoc
644 2160 787 2213 facto
823 2160 1103 2230 signiﬁcat
1135 2162 1452 2221 Ecclesium.
1486 2164 1647 2232 cujus
1688 2164 1803 2217 vul-

200 2248 317 2299 tum
353 2247 810 2317 deprecabuntur
851 2250 1057 2303 habere
1115 2267 1310 2305 omnes
1355 2251 1554 2305 divites
1602 2252 1796 2322 plebis.

202 2335 324 2389 Haec
354 2337 482 2390 rufa
507 2341 592 2391 est
621 2337 677 2390 in
709 2338 1069 2409 martyribus,
1105 2345 1161 2393 et
1187 2341 1434 2394 formosa
1462 2341 1519 2394 in
1541 2340 1800 2394 omnibus

201 2425 465 2479 membris
502 2426 638 2481 suis.
671 2429 898 2481 Juvenis
929 2434 1031 2494 est,
1066 2431 1444 2499 proptervitze
1472 2430 1793 2499 novitatem,

200 2514 358 2568 altrix
377 2515 628 2569 ﬁdelium
646 2517 961 2572 animarum
974 2535 1077 2588 per
1089 2518 1401 2572 doctrinam
1413 2520 1453 2589 ἦ·
1469 2521 1791 2583 salutatam,

199 2604 384 2658 Golias
412 2605 671 2660 diabolus
690 2612 794 2672 est,
814 2614 1009 2661 contra
1030 2624 1197 2678 quem
1217 2608 1508 2662 inimicum
1540 2609 1691 2662 ﬁdeli
1717 2611 1797 2663 di-

198 2694 515 2749 micandum
561 2700 662 2750 est.
698 2698 908 2751 Contra
961 2700 1107 2751 hunc
1161 2698 1411 2769 procedit
1461 2699 1529 2752 ad
1589 2699 1795 2753 bellum

198 2784 513 2855 quicunque
560 2786 844 2841 desiderat
892 2792 1249 2842 contemnere
1292 2789 1575 2842 saeculum.
1623 2790 1797 2842 Arma

200 2871 384 2925 Saulis
421 2876 671 2929 carnales
712 2883 844 2930 sunt
881 2875 1243 2931 observantiae
1274 2878 1430 2947 legis,
1470 2894 1613 2948 quae,
1645 2878 1793 2949 quod

200 2963 481 3015 neminem
508 2964 839 3033 justiﬁcant,
872 2982 982 3019 non
1008 2966 1226 3037 juvant,
1260 2965 1357 3020 sed
1387 2974 1641 3021 onerant.
1684 2968 1793 3021 Ve-

197 3066 318 3104 rum
349 3050 726 3123 limpidissimi
754 3053 986 3125 lapides,
1023 3055 1305 3125 purissimi
1337 3072 1533 3110 sensus
1559 3057 1616 3110 in
1648 3056 1788 3127 lege.

198 3138 307 3193 Hos
336 3141 550 3212 accepit
570 3140 813 3197 Ecclesia
840 3144 909 3197 de
936 3145 1184 3209 flumine,
1212 3144 1351 3197 nihil
1380 3162 1571 3215 agens,
1598 3146 1653 3199 id
1684 3152 1786 3213 est,

193 3228 259 3281 de
286 3229 512 3296 Judaeis,
540 3232 633 3301 qui
659 3232 937 3302 spirituali
967 3250 1133 3287 sensu
1163 3233 1301 3303 legis
1326 3250 1437 3287 non
1463 3234 1785 3301 utebantur,

194 3322 248 3371 et
272 3328 503 3392 propter
528 3319 571 3392 -ξ-
602 3322 875 3392 profunda
905 3322 1089 3376 carnis
1117 3324 1228 3377 sum
1261 3323 1538 3378 desideria
1570 3324 1788 3378 flumini

193 3414 608 3477 comparantur.
658 3411 818 3475 Pera,
863 3412 1256 3482 przedicatorcs
1313 3413 1609 3483 signiﬁcat,
1660 3414 1788 3467 huic

192 3498 399 3551 mundo
430 3499 676 3569 h05pites
692 3506 750 3553 et
768 3501 1111 3570 peregrinos.
1138 3501 1402 3555 Lacteum
1436 3519 1547 3561 vas,
1577 3502 1786 3573 simpli-

190 3602 277 3639 ces
315 3594 373 3640 et
411 3588 669 3643 doctrina
700 3588 826 3643 ﬁdei
856 3591 1067 3660 plenos.
1104 3591 1340 3644 Baculus
1370 3596 1456 3644 est
1493 3590 1788 3662 disciplina

192 3680 419 3746 propter
444 3677 749 3732 insolentes
776 3680 1148 3749 castigandus,
1174 3686 1230 3733 et
1256 3681 1638 3734 misericordia
1665 3697 1789 3751 pI‘O-

194 3770 315 3834 pter
339 3765 592 3821 inﬁrmos
622 3770 1036 3823 sustentandos.
1079 3770 1275 3823 Funda
1312 3788 1442 3823 cum
1473 3770 1694 3824 chordis
1726 3788 1787 3823 os

190 3854 565 3923 prmdicatoris
610 3863 712 3922 est,
766 3875 894 3911 cum
945 3858 1162 3912 duobus
1208 3860 1506 3930 lapidibus.
1554 3880 1575 3911 ι
1632 3859 1787 3913 Unus

192 3942 330 4013 lapis
361 3944 417 3997 in
436 3945 613 3999 funda
634 3947 896 4013 mittitur,
925 3965 1033 4018 quo
1063 3954 1252 4002 rotatu
1275 3949 1474 4013 fundae,
1498 3949 1674 4003 hostis
1702 3949 1788 4001 in-

191 4034 473 4087 terimitur
498 4054 507 4087 :
539 4056 561 4085 ι
596 4036 745 4106 quod
772 4036 901 4090 licet
924 4037 1311 4107 praedicatores
1334 4044 1509 4092 totam
1528 4040 1711 4109 legem
1733 4038 1789 4091 in

193 4138 248 4174 se
276 4124 597 4178 retineant:
632 4127 834 4196 saepius
872 4132 1061 4179 tamen
1094 4128 1164 4181 ad
1195 4128 1579 4198 perimendum
1608 4128 1791 4183 inimi-

1884 1890 2120 1946 Psalmis
2153 1912 2163 1945 :
2205 1914 2226 1944 α
2282 1893 2499 1963 Lingua
2529 1909 2723 1947 eorum
2760 1892 2979 1963 gladius
2997 1895 3038 1961 δ,
3073 1892 3129 1947 id
3167 1898 3269 1961 est,
3303 1908 3485 1949 sermo

1885 1997 2079 2036 eorum
2112 1983 2359 2036 mordaci
2376 1982 2722 2037 detractione
2740 1983 2937 2053 plenus
2967 1989 3068 2037 est.
3088 1982 3335 2049 Gladius,
3355 2001 3485 2056 per-

1885 2071 2070 2124 suasio
2100 2089 2288 2145 prava,
2322 2078 2385 2126 ut
2413 2071 2469 2125 in
2501 2073 2736 2125 Psalmis
2772 2089 2782 2123 :
2830 2090 2855 2123 «
2886 2072 2967 2125 De
3009 2073 3196 2141 gladio
3240 2074 3484 2143 maligno

1885 2159 2036 2230 eripe
2068 2178 2157 2214 me
2176 2162 2216 2225 9,
2254 2180 2279 2213 »
2313 2162 2366 2214 id
2400 2166 2503 2225 est,
2539 2160 2608 2213 de
2639 2160 2927 2214 mortifera
2961 2160 3321 2232 persuasione
3351 2178 3484 2216 erue

1883 2265 1991 2302 me.
2022 2251 2266 2315 Gladius,
2300 2267 2468 2315 mors,
2494 2257 2557 2303 ut
2582 2251 2638 2303 in
2671 2249 2873 2303 Genesi
2902 2269 2912 2303 :
2946 2250 3116 2320 «Ipse
3137 2248 3398 2321 portabat
3426 2249 3485 2305 in

1884 2340 2142 2396 manibus
2165 2340 2280 2394 suis
2308 2336 2559 2409 gladium
2591 2344 2647 2392 et
2674 2340 2862 2408 ignem
2888 2337 2951 2403 ίθ,
2979 2357 3005 2391 ι)
3028 2340 3177 2410 quod
3212 2338 3396 2409 passio
3429 2345 3486 2393 et

1882 2448 2032 2485 mors
2060 2431 2266 2484 Christi
2286 2430 2343 2482 in
2378 2434 2653 2499 potestate
2676 2435 2797 2481 erat
2818 2428 3019 2482 Patris.
3039 2429 3286 2495 Gladius,
3308 2426 3483 2483 vindi-

1879 2528 1986 2583 cta,
2012 2528 2074 2575 ut
2094 2521 2149 2573 in
2173 2519 2388 2573 cantico
2412 2516 2830 2572 Deuteronomii
2856 2536 2866 2570 :
2900 2538 2919 2568 ε
2944 2516 3175 2571 Gladius
3207 2535 3367 2571 meus
3389 2519 3486 2575 de-

1878 2609 2093 2663 vorabit
2121 2608 2394 2673 carnes“,
2418 2630 2438 2659 ι)
2469 2608 2523 2661 id
2556 2612 2656 2672 est,
2676 2607 2921 2660 vindicta
2942 2623 3069 2660 mea
3088 2608 3343 2661 destruet
3366 2622 3482 2661 car-

1880 2700 2050 2752 nales.
2080 2699 2323 2761 Gladlus,
2354 2702 2662 2768 peccatum,
2698 2704 2761 2749 ut
2790 2696 2848 2750 in
2881 2695 3163 2750 Ezechiele
3199 2715 3211 2748 ς
3241 2717 3261 2747 α
3309 2696 3365 2750 Si
3397 2696 3477 2749 vi-
3500 2762 3511 2767 ί

1877 2786 2023 2841 derit
2036 2787 2285 2857 gladium
2310 2793 2495 2852 etnon
2516 2786 2768 2840 sonuerit
2780 2785 3012 2839 buccina
3026 2782 3088 2850 η,
3112 2807 3133 2836 υ
3151 2784 3297 2855 quod
3319 2784 3480 2839 dam-

1878 2878 2104 2931 natione
2134 2877 2337 2945 dignus
2368 2882 2451 2929 est
2474 2877 2513 2945 +
2536 2882 2809 2946 peccator,
2836 2874 2880 2928 si
2908 2892 2937 2928 a
2958 2875 3215 2928 doctrina
3234 2892 3480 2929 cessave-

1877 2968 1969 3027 rit,
2003 2966 2226 3036 quando
2258 2971 2547 3037 peccatum
2574 2981 2810 3035 regnare
2835 2966 2874 3035 -ῐ-
2903 2963 3059 3017 vidit.
3095 2962 3342 3020 Gladius.
3368 2966 3480 3018 An-

1877 3055 2182 3121 tichristus,
2209 3059 2273 3108 ut
2292 3054 2347 3108 in
2365 3054 2468 3108 Job
2490 3072 2500 3106 :
2526 3074 2549 3103 (ἶ
2577 3056 2718 3107 Cum
2743 3050 3177 3124 apprehenderit
3201 3071 3330 3107 eum
3355 3054 3477 3124 gla-

1874 3146 1999 3199 dius
2016 3145 2077 3209 13,
2098 3164 2123 3197 ν
2149 3145 2295 3215 quod
2315 3160 2442 3197 cum
2464 3143 2521 3196 in
2544 3160 2603 3196 se
2623 3143 2904 3197 diabolum
2929 3143 3280 3196 Antichritus
3296 3160 3479 3197 susce-

1873 3234 2037 3305 perit,
2069 3233 2253 3304 gravis
2268 3232 2375 3286 erit
2398 3231 2712 3304 persecutio
2741 3230 3129 3285 veltribulatio
3160 3232 3216 3285 in
3244 3232 3471 3286 mundo.

1873 3325 2118 3387 Gladius,
2136 3321 2400 3376 ultimum
2417 3321 2712 3392 judicium,
2735 3328 2796 3375 ut
2816 3322 2874 3375 in
2896 3320 3112 3375 cantico
3132 3320 3476 3375 Deuterono-

1872 3413 1968 3466 mii
1997 3431 2007 3464 :
2044 3432 2068 3463 ί(
2091 3413 2148 3466 Si
2169 3426 2370 3465 acuere
2390 3411 2596 3481 fulgur,
2615 3410 2865 3481 gladium
2885 3427 3072 3464 meum
3089 3410 3152 3475 Μ.
3174 3429 3199 3461 »
3222 3406 3280 3463 id
3302 3417 3404 3476 est,
3429 3408 3474 3464 si

1870 3502 1927 3555 in
1948 3502 2032 3555 ira
2046 3499 2474 3555 manifestavero
2487 3500 2761 3570 judicium
2780 3517 2987 3553 meum.
3005 3501 3251 3565 Gladius,
3266 3506 3477 3553 aeterna

1870 3588 2176 3655 damnatio,
2210 3594 2272 3643 ut
2302 3588 2357 3641 in
2397 3586 2498 3641 Job
2535 3608 2544 3641 :
2587 3610 2607 3639 α
2643 3589 2700 3642 Si
2730 3588 3085 3657 multiplicati
3124 3587 3335 3641 fuerint
3374 3586 3472 3642 lilii

1871 3682 2011 3751 ejus,
2036 3680 2091 3733 in
2120 3680 2306 3749 gladio
2329 3678 2568 3745 erunt“,
2595 3678 2741 3748 quod
2773 3692 3134 3748 quoscunque
3156 3676 3361 3746 impius
3380 3676 3474 3730 ha-

1871 3769 2055 3823 buerit
2075 3769 2402 3833 imitatores,
2429 3782 2621 3821 omnes
2641 3766 3077 3819 damnabuntur.
3096 3766 3204 3818 Per
3217 3766 3471 3831 gladium

1871 3858 2039 3912 verba
2068 3858 2186 3923 Dei,
2204 3864 2265 3911 ut
2292 3857 2348 3910 in
2372 3856 2636 3909 Psalmis:
2668 3878 2688 3907 ε
2717 3855 2854 3910 Glad
2866 3855 2898 3908 ii
2919 3856 3191 3925 ancipites
3214 3856 3270 3911 in
3296 3855 3473 3910 mani-

1872 3946 1973 4002 bus
2004 3964 2199 4001 eorum
2227 3947 2290 4011 “3,
2322 3967 2342 3997 n
2379 3946 2433 3999 id
2464 3950 2550 3998 est
2575 3946 2743 3998 verba
2764 3944 2864 3999 Dei
2890 3946 2947 3997 in
2970 3942 3230 4014 operibus
3252 3961 3465 3998 eorum.

1944 4037 2141 4092 ϐίαν-σα.
2166 4042 2251 4089 est
2276 4052 2432 4088 mens
2454 4034 2751 4097 instabilis,
2773 4040 2835 4087 ut
2855 4033 2911 4087 in
2934 4034 3066 4087 Job:
3092 4054 3115 4083 «
3143 4035 3205 4087 In
3219 4030 3470 4088 cavernis

1872 4131 2053 4183 terrai,
2086 4124 2173 4179 vel
2212 4141 2379 4195 super
2407 4125 2657 4197 glaream
2687 4122 2750 4190 ‘7,
2783 4144 2808 4177 »
2854 4124 2999 4194 quod
3034 4122 3277 4177 haeretici
3320 4123 3469 4194 apud

191 4226 314 4263 cum
343 4213 617 4266 unitatem
648 4214 706 4267 in
742 4232 800 4268 se
831 4220 1072 4268 versant.
1108 4215 1265 4278 Quod
1295 4234 1442 4270 unus
1474 4216 1639 4283 Deus,
1675 4234 1789 4271 una
1860 4216 1971 4269 llos
1999 4215 2365 4269 demorantur
2394 4215 2696 4281 auditores,
2723 4215 2817 4284 qui
2845 4214 3064 4268 dolosas
3095 4218 3151 4266 et
3179 4213 3468 4267 instabiles

198 4300 348 4365 ﬁdes,
373 4318 548 4355 unum
563 4302 858 4373 baptisma.
893 4305 956 4357 In
978 4304 1160 4358 fronte
1189 4322 1484 4376 percussus
1508 4306 1782 4371 occubuit,

194 4393 254 4441 ut
281 4390 541 4444 omnibus
562 4397 767 4462 pateat,
790 4394 940 4464 quod
971 4410 1269 4464 percussus
1295 4400 1380 4448 est
1407 4402 1462 4447 et
1490 4396 1666 4450 victus
1686 4395 1788 4448 ini-

194 4477 387 4531 micus.
427 4480 661 4534 Gladius
700 4481 891 4549 Goliae,
942 4490 1327 4554 persecutores
1374 4484 1647 4549 Ecclesiae,
1688 4502 1789 4554 per

1808 4525 1855 4581 D

1872 4310 2089 4358 mentes
2132 4304 2357 4358 habent.
2394 4302 2501 4357 Per
2537 4308 2786 4371 glaream
2835 4301 3075 4375 reprobi,
3120 4308 3183 4356 ut
3221 4302 3279 4355 in
3312 4302 3414 4355 Job
3452 4321 3463 4355 :

1874 4412 1899 4446 «
1930 4394 2119 4448 Dulcis
2150 4394 2254 4447 fuit
2288 4391 2495 4462 glareis
2521 4390 2563 4464 -ξ-
2592 4390 2768 4462 cocyti
2810 4390 2868 4456 τε,
2909 4412 2936 4444 n
2974 4392 3119 4462 quod
3152 4390 3208 4444 in
3244 4390 3467 4444 illorum

1871 4483 2153 4536 mentibus
2174 4482 2350 4537 dulcis
2378 4486 2463 4535 est
2492 4480 2765 4545 diabolus,
2794 4481 2832 4547 -ξε
2861 4479 3008 4552 quod
3038 4478 3203 4533 modo
3233 4496 3332 4550 per
3360 4480 3466 4533 ﬂu-

194 4582 326 4634 quos
359 4578 527 4640 caput
557 4571 605 4623 ei
652 4571 872 4625 auferre
903 4571 1134 4627 molitus
1163 4580 1248 4627 est
1283 4591 1293 4624 :
1331 4574 1427 4627 sed
1456 4572 1784 4627 adveniente
1813 4569 1995 4626 "xam
2037 4572 2465 4626 instabilitatem
2507 4569 2576 4623 ad
2617 4576 2889 4624 aeternum
2930 4569 3142 4622 luctum
3175 4569 3415 4623 tendunt
3449 4588 3459 4621 :

190 4657 386 4722 gratia,
406 4660 631 4729 proprio
650 4659 837 4730 gladio
853 4661 1202 4733 decapitatus
1225 4667 1310 4716 est
1330 4660 1609 4716 diabolus:
1637 4663 1783 4733 qdod

193 4753 568 4812 persecutores
586 4749 746 4803 multi
768 4756 1039 4821 superant
1056 4750 1337 4805 diabolum
1359 4752 1713 4805 attendentes
1731 4756 1787 4804 et

191 4833 265 4885 sei
266 4850 393 4904 psos
413 4842 470 4889 et
490 4837 648 4903 alios,
673 4839 769 4910 qui
788 4838 995 4893 diaboli
1018 4857 1217 4912 corpus
1241 4839 1589 4907 exstiterant,
1613 4858 1784 4893 manu

189 4919 383 4990 David,
434 4924 491 4978 id
544 4933 663 4991 est,
726 4927 983 4983 Ecclesiae
1036 4926 1077 5002 -ίε
1135 4946 1193 4982 se
1248 4934 1450 5000 agente
1508 4947 1543 4982 a
1602 4930 1782 5001 capite

187 5024 280 5065 suo
337 5022 760 5085 separaverunt,
805 5023 862 5071 et
903 5025 1099 5089 postea
1155 5019 1315 5072 lateri
1369 5020 1624 5074 Ecclesiae
1681 5019 1781 5072 ad-

186 5099 483 5157 hzeserunt.
527 5104 745 5177 Vagina
798 5107 989 5173 Golize,
1039 5124 1196 5161 error
1253 5114 1339 5162 est
1391 5110 1779 5163 inﬁdelitatem

184 5189 483 5259 involvens,
524 5210 556 5247 a
588 5212 695 5265 quo
726 5197 771 5249 si
798 5197 1020 5268 gladius
1063 5215 1173 5250 non
1210 5199 1246 5265 i—
1284 5205 1599 5263 exueretur,
1635 5216 1781 5253 nun-

183 5294 346 5349 quam
377 5299 481 5353 per
496 5283 658 5337 illum
683 5292 852 5356 caput
871 5287 1043 5341 Goliae
1060 5286 1505 5343 abscinderetur.
1529 5289 1777 5355 Gladius,

1870 4662 2017 4732 quod
2036 4661 2077 4733 -ι-
2107 4661 2375 4715 Cochiton
2402 4663 2580 4713 luctus
2603 4659 2822 4712 dicitur.

1951 4753 2165 4806 Gradus
2196 4754 2279 4803 est
2299 4749 2578 4819 profectus
2600 4744 2863 4812 hominis,
2894 4752 2959 4800 ut
2982 4746 3038 4800 in
3067 4746 3209 4801 libro
3246 4744 3459 4802 Esdrae:

1873 4860 1895 4891 ι
1930 4840 2176 4910 Populus
2204 4844 2394 4892 autem
2424 4837 2608 4891 stabat
2628 4837 2683 4889 in
2702 4836 2881 4906 gradu
2910 4854 3011 4891 suo
3044 4836 3105 4901 ‘9,
3131 4857 3159 4888 ι)
3192 4838 3339 4911 quod
3359 4855 3466 4893 cae-

1864 4934 1955 4982 tus
1985 4934 2307 4982 sanctorum
2338 4927 2680 4981 unanimiter
2709 4925 2961 4996 persistit
2988 4926 3043 4979 in
3065 4926 3314 4997 profectu
3336 4943 3457 4981 suo.

1864 5018 1971 5072 Per
1981 5020 2186 5086 gradus
2197 5018 2429 5071 virtutes
2443 5010 2779 5087 spirituales,
2790 5016 2919 5069 utin
2930 5015 3052 5069 Job:
3064 5037 3083 5064 α
3094 5012 3202 5069 Per
3212 5016 3461 5086 singulos

1861 5107 2071 5178 gradus
2094 5124 2245 5159 meos
2268 5104 2640 5175 pronuntiabo
2668 5120 2796 5159 cum
2811 5103 2877 5172 ³ο,
2899 5125 2919 5155 ι
2938 5104 2992 5157 id
3015 5111 3099 5159 est
3108 5120 3208 5175 pro
3221 5104 3458 5174 singulis

1863 5196 2161 5250 virtutibus
2189 5212 2327 5265 quas
2348 5194 2523 5248 habeo
2552 5194 2788 5248 laudabo
2806 5212 2955 5248 eum.
2976 5193 3081 5247 Per
3090 5194 3298 5263 gradus
3309 5194 3457 5248 dona

1864 5286 2105 5358 Spiritus
2118 5283 2312 5349 sancti,
2331 5283 2462 5372 utin
2486 5283 2801 5338 Ezechiele:
2827 5305 2849 5336 ι
2872 5285 2937 5338 In
2957 5290 3171 5354 septem
3189 5282 3455 5353 gradibus

244 5425 265 5458 τ
297 5426 322 5483 Ι
352 5426 436 5480 Re
481 5470 491 5480 .
542 5440 679 5493 vaI,
726 5428 916 5487 38-51.
956 5429 978 5463 ⁵³
1016 5430 1144 5484 Luc.
1181 5446 1239 5497 II,
1291 5432 1376 5486 35.
1412 5432 1435 5465 ³
1466 5432 1610 5486 Psal.
1646 5447 1792 5486 xxxv;

245 5514 331 5551 sa.
364 5512 403 5553 Ι.
558 5499 580 5531 ³
603 5500 750 5553 Psal.
785 5515 893 5553 LVI.
928 5501 977 5553 5.
1011 5502 1033 5535 9
1058 5503 1206 5553 Psal.
1238 5518 1428 5553 cxuu-
1456 5503 1544 5553 10.
1576 5502 1620 5537 ¹⁰
1649 5504 1789 5553 Gen.

1886 5433 1939 5486 4.
1974 5430 1993 5463 ίί
2025 5422 2222 5485 Matth.
2253 5444 2303 5493 x,
2338 5428 2426 5483 34.
2466 5427 2488 5459 ⁵
2519 5427 2664 5483 Psal.
2710 5442 2870 5492 Lxxv,
2918 5426 2971 5479 4.
3023 5426 3047 5459 θ
3094 5424 3195 5479 Job
3240 5414 3327 5485 XL,
3359 5427 3449 5481 14.

1888 5518 1948 5553 n.
1981 5501 2033 5553 6.
2069 5503 2110 5535 “
2140 5501 2302 5553 Deut.
2332 5514 2501 5553 XXXII.
2538 5498 2626 5553 42.
2659 5497 2703 5533 ¹²
2735 5499 2929 5553 Ezech.
2964 5512 3158 5553 XXXIII.
3193 5498 3245 5553 3.
3276 5496 3318 5531 ‘3
3349 5498 3449 5553 Job

178 5493 195 5525 ⁷
218 5496 331 5551 Isa.
364 5512 403 5561 Ι,

558 5499 580 5531 ⁸
603 5500 750 5554 Psal.
785 5515 893 5567 LVI,
928 5501 977 5557 5.
1011 5502 1033 5535 9
1058 5503 1206 5558 Psal.
1238 5518 1429 5567 cxuu,
1456 5503 1544 5559 10.
1576 5502 1620 5537 ¹⁰
1649 5504 1789 5557 Gen.

1888 5518 1948 5569 ιι,
1981 5501 2033 5557 6.
2069 5503 2110 5535 ίί
2140 5501 2302 5556 Deut.
2332 5514 2501 5563 xxxu,
2538 5498 2626 5554 42.
2659 5497 2703 5533 ¹²
2735 5499 3158 5569 Ezecluxxxm,
3193 5498 3245 5554 3.
3276 5496 3318 5531 ί³
3349 5498 3453 5553 Job

175 5568 475 5647 ξωέηἲξῖκη
500 5566 991 5647 Deut.__xxxn,4l.
1026 5574 1071 5608 ¹⁵
1100 5574 1203 5629 Job
1233 5589 1403 5641 xxvu,
1437 5575 1524 5629 14.
1560 5575 1605 5608 ίσ
1638 5575 1783 5629 Psal.

1883 5566 2001 5635 ΠΧ,
2037 5574 2090 5629 6.
2130 5573 2173 5607 ¹⁷
2197 5572 2300 5627 Job
2336 5587 2463 5638 xxx,
2497 5570 2549 5627 6.
2595 5568 2764 5647 18Job
2790 5585 2903 5637 XXI,
2934 5566 3096 5627 33.19
3125 5570 3301 5627 Neeh.
3329 5584 3449 5637 vm,

180 5636 229 5692 7.
260 5637 310 5673 ²⁰
337 5638 443 5695 Job
468 5655 621 5711 XXXI,
652 5640 746 5698 37.
