3818 6168
450 316 556 371 943

1049 315 1109 367 Β.
1155 314 1424 366 RABANI
1465 313 1693 367 MAURI
1734 312 2068 366 ARCHIEP.
2112 312 2434 367 MOGUNT.
2479 312 2774 366 OPERUM
2817 311 2996 364 PARS
3036 312 3129 366 IIl.

3550 320 3625 378 iiii

449 455 716 495 ascensus
743 444 916 509 portae
949 437 984 501 ',
1019 437 1164 508 quod
1198 454 1299 507 per
1325 437 1471 492 dona
1500 435 1838 508 septiformis
1867 436 2046 506 Spiri-
2063 437 2112 495 A
2130 436 2466 500 sacerdotes,
2485 443 2546 490 ut
2567 437 2622 490 in
2652 436 2882 490 Cantiae
2908 455 2918 489 :
2952 452 2978 487 ι
2999 435 3238 490 Pulchrae
3263 447 3380 495 sunt
3401 458 3529 509 gena
3549 449 3630 500 tua;

451 534 544 584 tus
573 529 644 582 ad
669 525 910 581 cmlestis
939 526 1132 597 patria:
1157 527 1372 580 aditum
1403 526 1742 597 pervenitur.

537 618 809 672 Gramina
831 621 966 668 sunt
985 615 1290 679 auditores,
1308 621 1372 668 ut
1391 614 1450 667 in
1467 615 1682 668 cantico
1699 615 2048 668 Deuterono-

451 704 583 760 mii:
619 722 646 756 ‹‹
677 703 848 768 Quasi
878 703 1038 758 stillae
1067 721 1236 775 super
1257 703 1567 774 gramina’,
1598 724 1618 754 ι
1643 703 1791 774 quod
1819 703 2050 758 subtiles

451 797 660 918 sanctae
681 791 1093 864 praedicationis
1116 797 1306 863 guttas
1335 793 1529 847 ﬁdeles
1561 792 1844 846 auditores
1873 791 2050 846 susci-

452 881 588 918 mun
621 905 632 916 .

452 881 632 936 piunt.

524 954 778 1009 Granum
803 958 890 1006 est
914 951 1234 1006 humanitas
1262 951 1488 1018 Christi,
1525 956 1586 1004 ut
1612 951 1672 1005 in
1703 951 2000 1022 Evangelie
2035 970 2046 1004 :

457 1062 479 1094 ι
516 1041 736 1096 Cadens
776 1057 1018 1111 granum
1047 1040 1312 1094 frumenti
1339 1040 1380 1104 ³,
1440 1060 1460 1092 ι
1497 1040 1552 1094 id
1586 1047 1688 1105 est,
1732 1040 2052 1094 humanitas

453 1129 662 1185 Christi
689 1146 966 1201 apparens
995 1129 1054 1184 in
1085 1129 1316 1183 mundo.
1341 1130 1613 1195 Granum,
1637 1128 1869 1183 verbum
1901 1129 2046 1195 fidei,

452 1225 518 1273 ut
565 1218 625 1272 in
671 1218 1016 1290 Evangelio:
1057 1237 1082 1270 α
1132 1217 1326 1272 Simile
1372 1224 1458 1272 est
1499 1235 1736 1288 regnum
1785 1219 2052 1272 cmlorum

451 1324 629 1379 grano
661 1306 870 1379 sinapis
888 1307 928 1374 ‘,
975 1327 996 1358 ι
1042 1307 1188 1378 quod
1219 1313 1414 1361 sancta
1443 1307 1689 1361 Ecclesia
1714 1306 1944 1360 verbum
1993 1307 2052 1360 in

453 1413 514 1450 se
553 1397 711 1452 fortis
752 1396 882 1451 ﬁdei
923 1395 1110 1450 habet.
1145 1398 1420 1462 Granum,
1458 1397 1756 1450 inﬁrmitas
1803 1397 2052 1468 corporis

451 1485 705 1552 humani,
739 1490 804 1540 ut
831 1485 888 1539 in
926 1485 1100 1540 Paulo
1129 1502 1142 1537 :
1174 1503 1200 1535 «
1233 1484 1307 1539 Et
1333 1502 1554 1558 corpus,
1587 1503 1699 1540 non
1729 1486 1877 1557 quod
1908 1486 2054 1540 futu-

345 1613 356 1620 -
455 1589 580 1630 rum
609 1582 712 1641 est,
748 1574 1076 1660 sed'nudum
1107 1574 1403 1645 granum5,
1434 1599 1452 1622 ι
1490 1575 1638 1646 quod
1667 1592 1779 1629 non
1809 1575 1939 1628 talis
1968 1580 2055 1628 est

456 1665 622 1719 modo
655 1681 784 1718 caro
814 1668 1023 1729 nostra,
1058 1663 1240 1734 qualis
1275 1669 1431 1730 erat;
1465 1664 1561 1718 sed
1591 1663 1968 1734 corruptibilis
1997 1669 2054 1719 et

453 1755 700 1810 inﬁrma.

527 1843 749 1900 Grande
781 1849 868 1898 est
903 1842 1134 1897 verbum
1172 1842 1556 1913 correptionis,
1589 1849 1652 1896 ut
1677 1843 1735 1896 in
1765 1843 2000 1897 Psalmis
2037 1861 2048 1896 :

461 1955 488 1982 σι
519 1931 708 1988 Nubes
735 1932 1102 1994 transierunt,
1133 1933 1348 2003 grando
1373 1932 1416 1994 θ,
1463 1950 1487 1983 ››
1521 1938 1649 1998 etc.,
1686 1933 1834 2002 quod
1870 1933 1930 1986 in
1957 1933 2054 1986 illa

461 2022 624 2077 beata
649 2021 763 2076 vita
781 2021 1063 2077 auditores
1084 2039 1186 2076 nec
1207 2021 1527 2094 praedicatio
1547 2022 1784 2086 docebit,
1814 2039 1916 2076 nec
1937 2039 2053 2076 cor-

458 2111 638 2184 reptio
667 2109 996 2182 increpabit.
1026 2112 1268 2176 Grande,
1293 2112 1606 2182 Synagoga,
1634 2128 1734 2182 per
1761 2111 2057 2165 inﬁdelita-

457 2207 575 2256 tem
603 2217 820 2273 aspera,
842 2206 908 2254 ut
930 2200 989 2254 in
1013 2201 1042 2254 J
1047 2201 1117 2255 ob
1150 2219 1160 2253 :
1199 2221 1220 2251 ι
1243 2203 1357 2256 Aut
1383 2201 1676 2255 thesauros
1696 2203 1736 2269 -ξ-
1753 2201 2057 2271 grandines

2131 524 2276 577 sicut
2299 524 2544 588 turris”,
2569 545 2590 574 ι
2627 524 2774 595 quod
2807 523 3411 594 spiritualis'sanctorum
3435 532 3633 600 praelate-

2131 621 2258 657 rum
2305 605 2473 658 decor
2513 605 2572 658 in
2611 604 2868 658 castitate
2911 603 3156 674 corporis
3191 612 3245 660 et
3289 612 3634 678 compunctione

2133 692 2337 746 mentis
2365 693 2638 746 consistit.
2673 694 2845 757 Gcmr,
2871 691 2998 745 boni
3031 699 3352 763 operatores,
3380 703 3434 750 ut
3457 698 3505 751 in
3528 700 3634 752 Can-

2131 780 2242 835 tico
2263 799 2273 833 :
2296 801 2320 833 ‹
2337 782 2493 836 Sicut
2520 782 2775 852 fragmen
2809 781 2940 834 mali
2969 782 3174 852 punici,
3197 782 3272 836 ita
3291 801 3430 854 genie
3454 789 3634 854 tuae“,-

2133 869 2280 940 quod
2302 876 2504 924 sancte
2525 871 2781 924 Ecclesize
2804 869 3022 940 operari
3051 869 3106 924 in
3133 870 3336 925 unitate
3360 873 3471 926 ﬁdei
3485 874 3638 930 diversi

2133 957 2203 1010 ad
2220 957 2526 1028 profectum
2546 959 2929 1030 proximorum
2951 958 3008 1011 in
3032 957 3245 1028 publico
3265 959 3496 1014 existunt.
3517 963 3642 1016 Gena-

2132 1061 2262 1099 rum.
2277 1047 2502 1101 nomine
2519 1046 2830 1118 pudibundi
2841 1046 3056 1118 praelati
3074 1048 3446 1118 ﬁgurantur,in
3462 1067 3640 1120 quorum

2133 1142 2432 1206 conspectu
2487 1136 2660 1206 pudet
2711 1153 2959 1207 peccare.
3013 1136 3152 1190 I‘Iinc
3207 1136 3262 1190 in
3314 1137 3514 1192 Cantico

2135 1224 2335 1295 Sponsi
2357 1224 2562 1278 dicitur
2579 1225 2652 1278 ad
2674 1225 2946 1295 Sponsam
2982 1243 2994 1278 :
3020 1243 3046 1277 α
3072 1225 3226 1280 Sicut
3246 1227 3370 1279 mali
3396 1229 3549 1298 punici
3563 1229 3644 1283 fm-

2131 1330 2320 1384 gmen,
2345 1313 2425 1366 ita
2453 1330 2610 1384 gente
2635 1320 2764 1376 tuae,
2785 1313 2996 1384 absque
3016 1331 3080 1368 eo
3110 1315 3256 1386 quod
3279 1315 3568 1371 intrinsecus
3587 1320 3644 1372 la-

2133 1401 2272 1455 tet“
2304 1419 2314 1452 :
2351 1420 2378 1454 ι)
2410 1401 2544 1456 foris
2569 1401 2720 1455 enim
2751 1402 3020 1474 martyrio
3052 1403 3290 1468 rubent;
3322 1403 3459 1458 intus
3484 1407 3648 1474 virgini-

2135 1496 2252 1545 tate
2267 1491 2526 1556 candent,
2544 1497 2606 1544 ut
2620 1491 2689 1545 de
2711 1491 2941 1562 privatis
2963 1491 3324 1558 orationibus,
3346 1493 3536 1562 vigiliis,
3548 1495 3650 1565 jeju-

2136 1581 2245 1634 niis
2273 1587 2328 1633 et
2357 1580 2724 1651 eleemosynis
2754 1587 2991 1634 taceam.
3018 1583 3299 1636 Generum
3329 1582 3542 1648 nomina,
3566 1601 3650 1636 mo-

2135 1669 2316 1723 destia
2345 1669 2646 1723 Salvatoris
2667 1676 2724 1722 et
2743 1669 2923 1740 pietas
2945 1670 3238 1741 accipitur,
3253 1671 3406 1740 juxta
3422 1672 3544 1741 quod
3561 1689 3651 1725 voce

2073 1756 2119 1815 B
2139 1759 2366 1829 Sponsae
2391 1759 2460 1812 de
2481 1759 2674 1812 eodem
2695 1779 2706 1812 :
2731 1783 2750 1806 α
2777 1759 2945 1812 Οοηρε
2959 1759 3112 1813 illius
3132 1759 3275 1814 sicut
3293 1761 3474 1814 areolae
3493 1777 3655 1814 aroma-

2136 1853 2274 1913 tum,
2311 1848 2536 1901 consitze
2565 1865 2599 1901 a
2625 1847 3093 1918 pigmentariis”,
3129 1865 3312 1902 mones
3331 1848 3652 1920 quippe'nostri

2139 1937 2526 2008 Redemptoris
2552 1935 2594 2009 -ί-
2752 1943 2810 1990 et
2827 1937 3144 2009 compositi,
3167 1937 3520 2013 virtutumque
3535 1937 3660 1991 fasces

2137 2032 2318 2088 erant,
2352 2025 2445 2098 qui
2475 2033 2532 2079 et
2561 2043 2594 2079 a
2623 2025 2911 2097 prophetis
2943 2031 2999 2080 et
3028 2027 3298 2098 apostolis
3322 2027 3549 2080 concordi
3569 2043 3660 2080 voc-2

2139 2115 2435 2186 conscripti
2455 2119 2604 2169 sunt.

2213 2205 2498 2260 Gcncratie
2530 2212 2616 2258 est
2640 2204 2696 2258 in
2739 2204 2900 2271 bono,
2939 2215 3001 2259 ut
3031 2205 3089 2258 in
3121 2205 3354 2260 Psalmis
3385 2223 3396 2257 :
3430 2224 3453 2258 α
3482 2207 3584 2259 Haec
3606 2213 3665 2258 est.

459 2289 772 2362 aspexisti",
796 2309 822 2341 »
847 2290 994 2362 quod
1014 2290 1072 2344 in
1101 2289 1224 2362 ipsa
1244 2291 1412 2344 etiam
1433 2289 1476 2362 -ί-
1505 2290 1740 2362 perﬁdia
1763 2291 2058 2361 Synagoga
2141 2293 2430 2364 generatio
2461 2294 2830 2364 quaerentium
2865 2311 2992 2348 eum
3015 2294 3080 2346 ⁵η.
3117 2315 3138 2346 υ)
3169 2295 3444 2350 Gmrratio
3470 2295 3518 2348 in
3544 2296 3666 2349 malo.

460 2381 610 2436 Deus
637 2379 829 2433 ﬁdeles
865 2379 1139 2451 repositos
1171 2378 1357 2433 habet.
1388 2380 1628 2445 Grande,
1661 2379 1969 2444 tribulatio,
1998 2385 2062 2433 ut
2143 2388 2206 2452 ut
2233 2381 2288 2435 in
2324 2382 2650 2453 Evangelia:
2694 2406 2714 2429 σι
2751 2383 3052 2437 Generatio
3080 2385 3237 2438 mala
3269 2389 3324 2436 et
3355 2382 3664 2437 adultera3J
3760 2417 3761 2450 1

460 2468 518 2523 in
549 2467 786 2523 Psalmis
811 2485 822 2520 :
854 2487 875 2516 α
898 2467 1154 2522 Tradidit
1176 2468 1438 2537 grandini
1459 2469 1720 2538 jumenta
1749 2485 1941 2522 eorum
1958 2469 2000 2534 ³,
2034 2487 2054 2517 ι
2144 2471 2248 2526 Illa
2276 2477 2362 2524 est
2398 2471 2634 2544 pepulus
2661 2473 2905 2542 gentilis,
2940 2489 3062 2543 quae
3104 2473 3401 2527 Dominum
3442 2489 3528 2544 per
3551 2472 3672 2526 [idem

456 2551 613 2629 quod
653 2573 752 2628 per
779 2556 1202 2610 tribulationem
1245 2557 1392 2611 Deus
1422 2557 1631 2610 auxilia
1660 2558 1941 2628 permittit
1968 2557 2060 2610 dc-
2145 2560 2431 2631 quaesivit;
2461 2561 2550 2614 hic
2579 2561 3026 2627 vero,Judaicus,
3063 2563 3222 2632 quia
3249 2562 3361 2616 Deo
3385 2579 3474 2632 per
3499 2559 3672 2614 inﬁdeli-

463 2645 604 2700 strui
638 2645 961 2716 impiorum.
1005 2647 1244 2712 Grande,
1280 2645 1521 2700 violenta
1569 2647 1854 2716 przedatio,
1903 2653 1969 2728 ut
2004 2645 2062 2700 in
2144 2653 2320 2703 tatem
2341 2650 2695 2720 apostatavit.
2717 2651 2861 2704 «Illa
2881 2657 2966 2704 est
2982 2652 3280 2720 generatio
3303 2657 3674 2718 rectoremque:

463 2733 724 2788 Psalmis:
744 2734 854 2788 «Et
873 2733 1073 2788 occidit
1097 2733 1154 2786 in
1167 2734 1443 2803 grandine
1458 2735 1720 2803 jumenta
1747 2752 1942 2802 eorum
1967 2735 2007 2800 θ,
2027 2749 2059 2787 ι
2147 2737 2570 2792 benedicetur93
2599 2757 2610 2805 ;
2649 2757 2674 2791 ι)
2710 2739 2825 2794 hzec
2853 2757 2984 2794 vero
3013 2746 3101 2794 est
3133 2759 3160 2792 ί(
3190 2740 3470 2810 generatio
3488 2755 3622 2810 prava
3640 2745 3676 2789 et
3760 2741 3761 2756 ‘

463 2820 520 2875 id
552 2827 655 2887 est,
689 2821 932 2876 violenta
960 2822 1300 2893 praedatione
1341 2823 1518 2894 decipi
1548 2824 1803 2894 permisit
1830 2824 2063 2880 virtutes
2146 2843 2500 2897 exasperatis,
2529 2827 2823 2896 generatio
2845 2846 2966 2900 quae
2990 2845 3104 2882 non
3135 2828 3340 2882 direxit
3366 2845 3454 2882 cor
3480 2833 3677 2889 suum,et

465 2911 1623 2980 eorum.Grande,gravisestaftlictioutin
1637 2913 2062 2983 Exodo,grando
2147 2932 2259 2968 non
2296 2921 2377 2968 est.
2407 2915 2652 2969 creditus
2687 2933 2816 2970 cum
2846 2916 2961 2970 Deo
2995 2917 3246 2988 Spiritus
3275 2919 3412 2988 ejus.
3453 2915 3676 2970 "91mm.

467 2999 706 3054 vastavit
730 2999 1033 3071 Egyptum
1055 2999 1118 3064 ¹⁰,
1153 3000 1204 3053 id
1238 3006 1338 3064 est,
1373 3001 1560 3071 gravis
1597 3002 1826 3056 afﬂictio
1852 3004 2067 3058 cruciat
2105 3077 2114 3078 ί
2152 3023 2178 3054 «
2207 3003 2497 3074 generatio
2517 3009 2575 3058 et
2599 3005 2888 3075 generatio
2910 3005 3170 3060 laudabit
3188 3023 3358 3078 opera
3375 3011 3467 3060 tua
3485 3004 3525 3038 ’5
3544 3021 3553 3055 :
3574 3002 3681 3056 :hoc

474 3087 769 3142 mundum.
2089 3077 2132 3136 Ο
2153 3099 2255 3157 est,
2288 3093 2470 3146 omnis
2501 3094 2775 3148 successio
2816 3095 3086 3160 fidelium,
3132 3115 3160 3147 ε(
3193 3101 3294 3149 aut
3322 3094 3560 3149 extendes
3581 3092 3682 3144 iram

541 3177 1007 3246 Gazephylacium
1019 3181 1106 3232 est
1116 3178 1299 3249 patria
1317 3180 1574 3244 caelestis,
1590 3187 1654 3234 ut
1667 3182 1724 3234 in
1740 3182 2037 3254 Evangelio
2054 3201 2064 3235 :

476 3286 500 3318 ι
536 3265 856 3338 Aspiciebat
878 3267 1156 3337 quomodo
1187 3267 1412 3340 turba
1427 3269 1678 3340 jactabat
1706 3288 1940 3325 munera
1969 3289 2073 3326 sua

471 3356 530 3410 in
557 3355 1020 3428 gazophylacium
1041 3356 1103 3421 “,
1125 3377 1148 3406 ι)
1176 3357 1322 3428 quod
1352 3357 1476 3412 illos
1507 3360 1652 3412 Deus
1682 3360 1772 3430 pio
1793 3360 1972 3414 cernit
1992 3360 2072 3414 in-

471 3445 642 3510 tuitu,
663 3445 759 3516 qui
778 3461 879 3516 pro
900 3445 1256 3516 adipiscenda
1281 3447 1466 3517 patria
1485 3448 1696 3502 caelesti
1715 3448 1819 3505 ista
1847 3455 2072 3503 terrena

473 3539 860 3588 contemnunt.
893 3535 1375 3603 Gazephylacimn,
1405 3554 1562 3591 mens
1593 3537 1694 3590 viri
1721 3538 2071 3604 sancti,utin

474 3622 757 3678 Ezechiele
791 3641 801 3674 :
836 3643 865 3674 ι(
887 3623 1143 3694 Reponet
1170 3624 1319 3679 linea
1348 3627 1677 3680 vestimenta
1709 3627 1762 3680 in
1788 3627 2071 3698 gazophy-

473 3711 615 3767 lacio
645 3711 709 3779 ¹²,
744 3734 770 3766 ι)
803 3713 952 3784 quod
985 3713 1086 3766 viri
1115 3715 1292 3768 sancti
1313 3714 1544 3769 subtiles
1574 3715 1896 3770 devotiones
1925 3715 2073 3769 intra

475 3819 536 3856 se
557 3802 614 3856 in
641 3807 830 3856 mente
861 3803 1205 3856 custodiunt.
1242 3805 1350 3857 Per
1369 3805 1826 3874 gazophylacium
1857 3804 2072 3875 praelati

2151 3189 2310 3235 tuam
2334 3199 2366 3236 a
2391 3183 2754 3253 generatione
2783 3183 2841 3237 in
2867 3183 3299 3254 generationem
3319 3184 3383 3244 εδ,
3406 3204 3430 3235 δ)
3461 3183 3576 3237 Duae
3590 3184 3683 3232 sunt

2151 3271 2568 3340 generationes;
2615 3289 2727 3325 una
2769 3273 2920 3339 Adae,
2969 3290 3093 3344 qua:
3133 3274 3373 3328 carnalis
3412 3279 3490 3326 est
3517 3291 3527 3338 ;
3557 3271 3684 3323 altera

2154 3360 2382 3424 Christi,
2407 3377 2537 3430 qua:
2567 3360 2875 3431 spiritualis
2897 3367 2999 3425 est,
3033 3379 3067 3415 a
3101 3379 3219 3433 qua
3240 3363 3384 3417 sicut
3403 3360 3685 3432 expelluntur

2153 3449 2626 3510 maliChristiani,
2645 3450 2724 3504 sic
2744 3451 3064 3504 inseruntur
3091 3451 3359 3523 boni,qui
3379 3451 3579 3504 fuerunt
3595 3451 3686 3498 ante
3760 3469 3761 3523 ἐ

2154 3537 2455 3592 adventum
2479 3539 2706 3592 Christi.
2737 3559 2757 3590 ι
2777 3539 3164 3610 Cogitationes
3186 3541 3372 3594 cordis
3393 3541 3504 3610 ejus
3521 3555 3548 3590 a
3566 3551 3687 3605 gene-

2155 3628 2370 3681 ratione
2400 3627 2456 3680 in
2475 3629 2898 3697 generationem
2917 3627 2981 3695 ’7,
3013 3649 3034 3678 ι
3055 3629 3211 3700 quod
3231 3629 3427 3683 divina:
3445 3623 3690 3698 dispositio-
3760 3615 3761 3622 “

2154 3733 2403 3787 nes,quze
2418 3716 2824 3770 rationabiliter
2833 3718 2990 3772 facta:
3001 3723 3155 3784 sunt,
3176 3724 3405 3771 manent
3417 3717 3468 3770 in
3481 3713 3688 3769 Judaeiset

2155 3805 2450 3874 gentibus:
2487 3805 2542 3858 in
2565 3806 2791 3872 Judmis,
2816 3807 2963 3877 quod
2994 3807 3222 3860 caecitas
3251 3824 3318 3860 ex
3349 3812 3496 3878 parte
3519 3800 3690 3867 contigit
3760 3809 3761 3816 ‘

478 3891 753 3956 Ecclesia,
781 3896 846 3945 ut
865 3891 922 3944 in
941 3891 1257 3946 Ezechiele:
1287 3913 1308 3944 ε
1334 3893 1817 3964 Gazephylaciain
1838 3893 2074 3948 circuitu
2157 3894 2216 3947 in
2246 3895 2420 3948 Israel
2445 3913 2456 3960 ;
2490 3895 2548 3948 in
2577 3895 2838 3964 gentibus
2868 3901 3078 3962 autem,
3105 3903 3172 3950 ut
3193 3895 3475 3968 plenitudo
3495 3894 3688 3946 intraret.

478 3979 784 4051 pavimenti
803 3978 866 4044 ‘3,
895 4001 920 4031 ι)
947 3978 1094 4050 quod
1124 3980 1337 4050 praelati
1359 3981 1538 4034 sancti
1561 3981 1880 4036 inferiorem
1904 3999 2076 4052 popu-
2159 3987 2216 4036 et
2243 3982 2320 4036 sic
2347 3984 2530 4036 omnis
2561 3984 2732 4038 Israel
2762 3985 2947 4038 salvus
2976 3985 3160 4038 fieret.
3190 4003 3218 4038 α
3243 3982 3546 4040 Dominatio
3561 3987 3635 4034 tua
3653 3975 3690 4028 in

477 4067 597 4122 lum
611 4066 864 4122 studiosa
891 4073 952 4120 et
974 4067 1127 4137 vigili
1156 4068 1650 4140 circumspectione
1671 4071 2004 4124 custodiant.
2161 4071 2312 4126 omni
2333 4073 2696 4141 generatione
2727 4079 2783 4127 et
2809 4073 3255 4143 generatione”,
3294 4097 3308 4117 -
3339 4071 3545 4126 mortali
3557 4077 3604 4122 et
3625 4065 3694 4118 im-

551 4153 682 4209 Gelu
719 4153 874 4226 plebs
904 4159 990 4208 est
1026 4154 1276 4220 Judaica,
1322 4161 1385 4208 ut
1413 4156 1472 4209 in
1503 4155 1606 4210 Job
1639 4175 1649 4209 :
1688 4177 1709 4205 ι
1744 4157 1812 4211 Et
1837 4158 1968 4228 gelu
2009 4157 2078 4212 de
2162 4161 2405 4215 mortali.
2435 4182 2456 4212 α
2479 4161 2778 4216 Generatio
2799 4168 3080 4216 rectorum
3101 4160 3528 4227 benedicetur’”,
3553 4153 3693 4228 »ιλιιῡά

481 4243 620 4296 coelo
641 4242 766 4313 quis
789 4240 1048 4312 genuit“
1065 4241 1090 4294 Ἰ
1109 4261 1134 4296 ι
1154 4243 1303 4313 quod
1331 4243 1598 4315 populum
1628 4245 1807 4313 illum,
1829 4245 2079 4316 quamvis
2098 4310 2140 4322 ﬁ
2165 4249 2476 4304 imitatores
2498 4267 2688 4304 eorum
2715 4251 2799 4304 vel
2817 4269 2989 4322 opera
3014 4251 3533 4306 remunerabuntur.

481 4310 731 4404 perﬁdus
747 4310 840 4397 sit,
860 4331 927 4384 de
947 4330 1138 4384 caelica
1159 4310 1516 4403 antiquorum
1541 4340 1762 4404 patrum
1783 4310 1956 4406 stirpe
1975 4335 2081 4389 Do-
2098 4310 2145 4367 Β
2227 4339 2362 4394 Gens
2391 4345 2476 4392 est
2504 4339 2814 4402 humanum
2833 4310 3030 4411 genus,
3053 4347 3119 4394 ut
3145 4341 3206 4394 in
3233 4341 3375 4395 Isaia
3399 4358 3408 4392 :
3441 4359 3465 4392 ι
3485 4329 3695 4403 Multipli-

483 4421 672 4475 minus
698 4421 997 4493 procedere
1017 4419 1166 4474 fecit.
1199 4421 1350 4488 Gelu,
1382 4422 1656 4492 asperitas
1679 4421 2078 4489 tribulationis,
2163 4425 2302 4480 casti
2325 4432 2572 4494 gentem,
2603 4432 2658 4481 et
2681 4444 2795 4481 non
2823 4427 3199 4499 magnificasti
3221 4425 3535 4488 laetitiam”,
3553 4443 3571 4473 ι
3589 4416 3695 4490 quod

482 4514 548 4565 ut
574 4509 633 4565 in
661 4509 764 4564 Job
793 4529 804 4564 :
849 4530 870 4561 ι
903 4509 1101 4564 Flante
1135 4510 1252 4564 Deo
1290 4510 1593 4565 concrescit
1617 4511 1749 4582 gelu
1773 4511 1837 4578 ‘5,
1864 4529 1890 4564 ιν
1933 4511 2082 4584 quod

483 4599 581 4654 ubi
597 4599 747 4654 Deus
767 4615 930 4654 suam
949 4598 1377 4670 inspirationem
1396 4599 1659 4665 infundit,
1689 4600 1880 4654 statim
1909 4600 2083 4654 tribu-

485 4687 622 4742 latio
653 4704 1056 4760 nonnunquam
1094 4687 1314 4742 crescit.

559 4778 714 4832 Geme
739 4783 873 4832 sunt
899 4776 1077 4831 sancti
1097 4782 1396 4848 martyres,
1428 4783 1490 4831 ut
1520 4777 1579 4832 in
1608 4778 1836 4832 Cantico
1871 4797 1880 4831 :
1915 4779 2084 4834 Gens:

488 4867 612 4938 ejus
639 4866 784 4921 sicut
811 4867 1010 4920 areolae
1029 4871 1348 4920 aromatum
1371 4866 1432 4932 “3,
1453 4885 1479 4920 ι
1503 4867 1651 4938 quod
1671 4869 1847 4924 sancti
1871 4873 2083 4940 marty-

489 4973 598 5020 res,
621 4955 717 5028 qui
745 4955 802 5008 in
828 4954 1036 5010 Christi
1055 4972 1312 5027 corpore,
1329 4955 1478 5026 quod
1503 4961 1588 5010 est
1607 4964 1801 5011 sancta
1822 4957 2082 5025 Ecclesia,

488 5045 712 5110 rubent,
731 5061 841 5116 quo
865 5044 1058 5099 durius
1079 5044 1135 5098 in
1155 5044 1414 5116 passione
1431 5045 1812 5110 conferuntur,
1827 5065 1892 5101 eo
1912 5049 2086 5117 majo-

490 5153 611 5190 rem
633 5151 825 5190 coram
853 5134 969 5189 Deo
995 5133 1331 5188 suavitatem
1361 5134 1646 5190 emittunt.
1683 5135 1854 5200 Gener,
1879 5136 2085 5192 summi

2165 4513 2337 4569 crevit
2361 4515 2589 4586 quidem
2619 4521 2750 4570 ante
2780 4517 3082 4572 adventum
3113 4517 3330 4571 Christi
3353 4531 3521 4587 genus
3547 4512 3697 4564 huma-

2166 4621 2321 4668 num,
2367 4606 2464 4659 sed
2504 4605 2794 4660 descendit
2829 4607 2888 4660 in
2936 4606 3243 4667 infernum.
3286 4607 3436 4672 Gens,
3467 4601 3597 4674 plebs
3625 4598 3697 4649 Ju-

2167 4683 2345 4758 daica,
2379 4698 2444 4748 ut
2471 4693 2529 4748 in
2557 4695 2771 4749 cantico
2800 4695 3226 4750 Deuteronomii
3264 4715 3275 4748 :
3315 4716 3336 4745 ι
3369 4695 3507 4746 Gens
3539 4687 3698 4755 absque

2167 4782 2396 4837 consilio
2427 4789 2485 4836 et
2518 4783 2637 4838 sine
2678 4783 3055 4855 prudentia“,
3089 4803 3116 4836 ι
3151 4783 3302 4855 quod
3332 4782 3496 4838 Judaei
3521 4779 3618 4832 sine
3635 4772 3700 4826 di-

2168 4871 2443 4926 scretione
2473 4873 2603 4928 boni
2631 4879 2689 4926 et
2716 4874 2850 4928 mali
2880 4877 3030 4940 sunt,
3064 4879 3120 4927 et
3145 4874 3270 4927 sine
3300 4867 3570 4944 prudentia.
3589 4867 3700 4916 tutu-

2168 4977 2379 5026 rorum,
2409 4963 2557 5033 quod
2587 4961 2646 5016 in
2675 4964 2785 5017 fine
2813 4955 2939 5018 vitae
2967 4963 3290 5018 consultum
3311 4978 3418 5016 non
3445 4957 3602 5013 habet.
3625 4953 3701 5006 l’cr

2167 5055 2346 5117 gentes
2365 5051 2622 5121 gentiles,
2642 5058 2706 5106 ut
2727 5052 2782 5105 in
2805 5052 3044 5106 Psalmis
3070 5069 3080 5104 :
3110 5072 3132 5103 ι
3160 5053 3369 5106 Omnes
3388 5055 3563 5119 gentes
3585 5041 3699 5113 plau-

2169 5137 2282 5192 dite
2317 5139 2574 5194 manibus
2592 5139 2658 5208 3’,
2698 5159 2720 5191 ι
2763 5139 2818 5194 id
2862 5147 2964 5206 est,
3009 5156 3206 5195 omnes
3259 5137 3485 5210 gentiles
3533 5125 3694 5203 populi-

565 5226 579 5260 ¹
613 5223 809 5296 Ezech.
842 5238 932 5289 XL,
963 5222 1072 5296 6.79
1102 5223 1267 5278 Deut.
1299 5239 1468 5296 xxxii,
1504 5223 1556 5296 2.
1587 5223 1610 5256 ³
1639 5225 1798 5279 Joan.
1828 5241 1925 5290 xu,
1955 5225 2042 5280 ‘24.
2075 5225 2096 5260 4
2124 5228 2322 5282 Matth.
2351 5243 2470 5294 xm,
2502 5229 2591 5282 'li.
2624 5229 2692 5283 ⁵1
2724 5231 2850 5284 Cor.
2885 5245 2976 5296 xv,
3007 5229 3093 5286 37.
3122 5229 3147 5262 ⁸
3177 5229 3323 5283 Psal.
3346 5240 3475 5290 xvn,
3496 5221 3570 5277 i3.
3595 5211 3696 5296 7131‘

493 5309 722 5368 nxgvm,
754 5295 843 5349 22.
869 5281 1295 5368 °P§a1._nxn\'11,
1321 5295 1408 5349 48.
1441 5281 1711 5368 51bid.v,
1751 5297 1839 5368 se.
1883 5281 1928 5331 ίό
1957 5297 2058 5351 Exc

2164 5281 2238 5364 rx,
2269 5281 2476 5366 22,
2507 5281 2598 5355 at.
2635 5281 3122 5366 u‘nac'.';u},'a.
3177 5281 3236 5334 If
3255 5281 3442 5354 Ezech.
3465 5281 3693 5368 istaut?-

494 5366 538 5436 ξεῗ
569 5355 762 5420 Ezech.
790 5379 878 5431 XL,
907 5365 1074 5436 :17,“
1102 5365 1205 5420 Job
1234 5355 1464 5432 xsxvm,
1489 5365 1577 5420 29.
1613 5367 1656 5402 ⁸⁵
1683 5355 1786 5422 Job
1811 5383 2017 5432 xxxvu,
2047 5381 2058 5423 τ

2169 5369 2210 5404 ιθ
2229 5355 2400 5424 'Can't.
2433 5355 2487 5436 γ’,
2517 5373 2607 5424 13.
2639 5372 2681 5406 ιτ
2707 5355 2873 5427 Cant.
2907 5355 3142 5431 ιζᾱοΐιε
3164 5372 3324 5426 Cant.
3358 5383 3428 5432 ιν,
3457 5367 3504 5420 3.
3527 5355 3692 5436 iuba.

493 5435 541 5469 ³ο
585 5437 744 5506 Cant.
783 5452 834 5502 γ,
869 5426 956 5492 13.
1001 5435 1044 5471 ²¹
1086 5437 1233 5491 Psal.
1282 5426 1526 5502 xxnnfi.
1559 5436 1606 5471 ²²
1637 5439 1836 5492 Matth.
1871 5454 1968 5505 χιι,
1997 5426 2058 5496 39

2145 5447 2179 5494 et
2199 5455 2309 5506 xw,
2346 5439 2396 5497 4.
2433 5426 2656 5496 5ιε”Ρε-ιιιι.
2701 5426 2811 5506 om,
2843 5443 2895 5498 2.
2938 5426 3170 5498 v9i'Psal.
3216 5426 3425 5502 Lxxvn,
3446 5436 3493 5490 8.
3523 5426 3690 5506 ³⁵

497 5521 682 5572 cxuv,
701 5505 768 5582 _4_.
797 5507 1021 5582 "LPsal.
1057 5522 1276 5582 mnu",
1311 5507 1364 5564 6.
1397 5509 1440 5544 97
1471 5510 1622 5564 Psal.
1652 5524 1844 5576 xxxm,
1878 5503 1966 5566 11.
1999 5510 2045 5546 εδ

2150 5513 2221 5566 al.
2255 5503 2439 5579 CXLIV,
2483 5513 2566 5570 13.
2605 5513 2652 5547 ⁵9
2679 5503 2826 5570 Psal.
2862 5529 2973 5582 0x1,
2999 5514 3052 5572 ‘2.
3082 5513 3128 5549 ³ο
3155 5515 3268 5568 Isa.
3301 5527 3372 5574 Ix,
3403 5509 3452 5564 3.
3495 5506 3532 5540 ³¹
3563 5503 3694 5557 Deut.

493 5591 667 5643 xxxu,
699 5576 789 5636 28.
821 5577 868 5613 ³³
887 5579 1036 5632 Psal.
1069 5593 1218 5646 XLVI,
1243 5577 1303 5634 2.
