3854 6164
219 339 324 398 945

1159 352 1590 408 ALLEGORUE
1629 355 1706 408 IN
1745 355 2034 411 SACRAM
2073 357 2549 414 SCRIPTURAM.

3391 368 3494 426 9i6

215 469 400 525 Deum
431 471 700 526 honorate
726 473 783 528 in
813 475 1072 546 operibus
1104 479 1318 532 vestris.
1355 479 1462 532 Per
1484 485 1663 546 gentes
1681 483 1872 548 gen—A
1899 479 2137 534 Psalmis
2161 499 2171 532 :
2200 501 2223 532 (
2253 482 2492 536 Gressus
2513 501 2668 539 meos
2687 485 2866 557 dirige
2882 489 3188 544 secundum
3209 491 3494 563 elo-quium

214 559 394 612 tiliter
411 561 677 628 viventes,
701 570 765 618 ut
783 563 841 618 in
867 565 1042 619 Paulo
1069 585 1080 619 :
1109 586 1134 618 (ί
1161 569 1342 632 Scitis,
1359 569 1508 639 quod
1529 585 1653 622 cum
1673 586 1813 638 gen-

211 653 298 702 tes
330 651 530 704 essetis
560 652 599 716 ¹,
630 672 658 702 »
690 652 746 706 id
776 661 879 720 est,
913 671 1039 708 cum
1059 657 1347 726 gentiliter
1373 658 1649 712 viveretis.
1673 659 1814 712 Item

211 735 268 790 in
286 739 657 812 Apocalypsi:
687 761 710 794 ί
738 742 807 796 Et
825 743 894 797 de
931 745 970 814 ’ξ-
989 745 1074 798 ira
1101 745 1484 801 fornicationis
1506 748 1628 817 ejus
1657 747 1812 802 bibe-

211 833 349 881 runt
391 845 587 884 omnes
622 837 819 902 gentes
856 832 896 898 ³,
937 853 959 884 ι
1017 836 1163 907 quod
1193 836 1262 890 de
1292 836 1534 890 vindicta
1564 837 1812 892 immun-

209 915 364 970 ditize
395 917 696 991 Babylonis
723 922 1048 994 participati
1075 930 1208 1004 sunt
1226 941 1420 980 omnes
1436 927 1722 996 gentiliter
1736 927 1812 980 vi-

207 1011 424 1072 ventes,
461 1013 517 1061 et
543 1007 674 1062 alibi
705 1029 716 1062 :
755 1030 776 1062 ι
803 1013 1077 1078 Alterum,
1105 1013 1250 1084 quod
1272 1014 1404 1069 foris
1425 1021 1527 1080 est,
1561 1016 1698 1086 ejice
1726 1015 1812 1070 fo-

208 1111 318 1159 ras,
363 1115 384 1146 ι
418 1097 462 1164 νδ-
489 1099 718 1152 ostende
741 1100 995 1156 inﬁdeles
1013 1105 1588 1171 excommunicandos,
1617 1123 1644 1158 (ι
1666 1111 1722 1159 et
1741 1123 1810 1159 ne

207 1184 489 1252 metiaris,
527 1205 550 1236 ι
602 1187 659 1241 id
705 1193 807 1252 est,
862 1191 1034 1245 nolite
1076 1199 1334 1248 sanctum
1375 1195 1510 1248 dare
1555 1195 1804 1261 canibus,

211 1292 230 1325 ι
263 1277 540 1346 quoniam
570 1279 766 1332 datum
796 1287 882 1334 est
907 1282 1188 1352 gentibus,
1233 1289 1290 1338 et
1327 1284 1582 1338 fornicati
1615 1289 1748 1338 sunt
1779 1303 1804 1338 »

207 1365 507 1430 gentiliter
524 1367 772 1422 vivendo.
808 1370 916 1424 Per
942 1377 1123 1438 gentes
1153 1373 1288 1426 vitia
1321 1392 1332 1426 :
1363 1393 1382 1424 ι
1415 1373 1594 1444 Ejecit
1615 1390 1649 1426 a
1668 1373 1809 1427 facie

209 1469 405 1507 eorum
453 1461 653 1524 gentes
688 1456 728 1521 ³,
785 1480 811 1508 n
857 1457 912 1512 id
957 1465 1060 1526 est,
1106 1475 1140 1514 a
1184 1461 1443 1516 cordibus
1487 1467 1808 1516 sanctorum

208 1558 444 1596 suorum
480 1551 694 1614 septem
730 1546 993 1616 capitalia
1037 1547 1171 1602 vitia
1213 1551 1378 1620 ejecit
1425 1569 1436 1604 :
1487 1569 1512 1603 α
1561 1556 1619 1604 et
1658 1557 1808 1605 sorte

207 1630 397 1685 divisit
427 1633 510 1686 eis
539 1638 770 1702 terram,
817 1653 843 1686 ν
891 1637 1034 1706 quod
1077 1638 1380 1710 unicuique
1425 1657 1527 1712 per
1565 1640 1807 1710 gratiam

207 1735 368 1774 suam
399 1737 658 1791 superna:
687 1723 882 1792 patria:
913 1725 1238 1798 participem
1268 1743 1389 1781 esse
1417 1728 1660 1794 donavit,
1697 1746 1722 1779 (ι
1749 1729 1807 1782 in

1895 573 2055 623 tuum
2077 569 2141 634 ‘5,
2165 591 2187 620 θ
2211 571 2268 624 id
2289 578 2392 637 est,
2428 573 2630 627 merita
2658 573 2804 634 bona
2834 577 3074 632 informa
3099 579 3156 632 in
3197 595 3306 646 me,
3333 582 3496 652 juxta

1895 658 1953 712 id
1995 659 2143 730 quod
2178 676 2336 714 sacra
2383 661 2674 732 Scriptura
2709 665 2889 720 docet.
2932 666 3170 732 Gressus,
3215 670 3496 738 profectus

1895 747 2235 818 spirituales,
2261 755 2323 804 ut
2341 745 2395 802 in
2421 751 2680 806 Cantico:
2706 772 2731 805 «
2756 753 2936 817 Quam
2953 755 3174 826 pulchri
3195 764 3328 813 sunt
3342 776 3497 830 gres-
3533 800 3537 810 .

1895 853 1992 890 sus
2011 837 2094 890 tui
2123 837 2183 891 in
2210 838 2603 894 calceamentis
2623 841 2723 906 1°,»
2749 843 2894 912 quod
2929 843 3088 898 valde
3107 847 3341 916 speciosi
3361 855 3496 904 sunt

1897 925 2150 980 Ecclesiae
2177 927 2456 997 profectus
2485 928 2542 982 in
2573 931 2855 1003 exemplis.

1966 1015 2165 1070 Gibbus
2194 1021 2280 1069 est
2308 1017 2543 1086 quilibet
2581 1019 2833 1091 cupidus,
2869 1025 2934 1076 ut
2962 1021 3018 1076 in
3048 1022 3292 1077 Levitico
3325 1041 3336 1075 :
3373 1041 3398 1074 (ἐ
3433 1023 3493 1077 Si

1892 1102 2094 1173 gibbus
2123 1103 2310 1170 fuerit,
2343 1121 2457 1159 non
2491 1107 2686 1162 offerat
2715 1125 2888 1179 panes
2917 1110 3156 1165 Domino
3182 1111 3245 1176 ‘7,
3281 1128 3310 1164 »
3343 1113 3488 1184 quod

1895 1193 1990 1264 qui
2022 1193 2317 1264 cupiditati
2347 1194 2616 1266 subjacet,
2657 1198 2772 1252 Deo
2810 1199 3102 1270 spirituale
3153 1201 3490 1256 sacriﬁcium

1892 1299 2004 1336 non
2031 1283 2179 1337 valet
2201 1284 2420 1338 offerre.

1962 1371 2124 1439 Gigas
2153 1377 2238 1426 est
2267 1374 2540 1440 Christus,
2575 1381 2638 1430 ut
2660 1377 2718 1430 in
2748 1377 2986 1432 Psalmis
3019 1397 3077 1431 :«
3101 1379 3410 1434 Exsultavit
3425 1385 3492 1433 ut

1887 1461 2048 1530 gigas
2076 1462 2148 1516 ad
2177 1463 2512 1518 currendam
2540 1465 2688 1519 viam
2720 1466 2784 1528 ‘3,
2810 1485 2836 1519 ›)
2867 1468 3017 1537 quod
3036 1468 3295 1524 Christus
3322 1468 3490 1522 hilari

1891 1545 2133 1616 quadam
2162 1547 2491 1603 fortitudine
2520 1555 2578 1602 et
2607 1549 2734 1605 forti
2763 1551 3198 1608 hilaritatevitae
3226 1554 3488 1625 praesenti

1890 1651 2115 1689 cursum
2139 1636 2376 1706 peragit.
2403 1637 2583 1704 Gigas,
2609 1639 2844 1710 quilibet
2871 1646 3120 1707 sanctus,
3149 1647 3214 1696 ut
3239 1642 3300 1696 in
3329 1642 3488 1697 Psal-

1889 1723 1996 1777 mis
2023 1743 2034 1777 :
2073 1743 2098 1775 (ι
2130 1725 2256 1779 Νοη
2280 1725 2590 1781 salvabitur
2614 1728 2774 1799 gigas
2799 1729 2858 1783 in
2885 1729 3246 1786 multitudine
3265 1730 3488 1784 virtutis

208 1807 460 1862 funiculo
485 1809 919 1878 distributionis,
946 1831 971 1864 »
1002 1814 1107 1868 hoc
1122 1821 1224 1880 est,
1250 1815 1308 1869 in
1331 1833 1595 1871 mensura
1611 1801 1869 1870 divint
1889 1828 2003 1866 suae
2032 1811 2096 1878 19,
2133 1831 2156 1864 ι
2192 1813 2340 1884 quod
2372 1831 2475 1869 nec
2494 1823 2723 1870 sanctus
2748 1817 2969 1871 animus
2990 1818 3047 1872 in
3069 1819 3366 1875 sanctitate
3385 1835 3491 1874 sua

207 1897 550 1963 donationis,
576 1919 597 1948 ι
621 1907 678 1954 et
693 1899 954 1955 habitare
973 1903 1174 1956 fecitin
1195 1903 1570 1958 tabernaculis
1591 1921 1805 1970 eorum,

205 1985 385 2042 tribus
407 1988 582 2042 Israel
606 2008 617 2042 :
651 2009 674 2041 »
695 1995 758 2044 ut
777 1991 873 2044 ubi
897 1991 1030 2046 vitia
1056 1999 1444 2062 regnaverant,
1468 1993 1544 2046 ibi
1571 1993 1805 2048 virtutes

203 2074 402 2131 divinae
431 2085 688 2148 regnent.

272 2167 448 2221 Gleba:
483 2174 617 2222 sunt
659 2169 760 2223 viri
805 2171 1003 2236 sancti,
1053 2176 1118 2224 ut
1163 2171 1220 2224 in
1267 2171 1370 2225 Job
1405 2189 1416 2222 :
1463 2191 1486 2220 (ι
1523 2171 1592 2225 Et
1625 2169 1802 2241 glebae

201 2254 372 2320 illius,
406 2273 612 2312 aurum
639 2259 680 2317 4.
714 2277 740 2311 ιδ
775 2260 924 2330 quod
953 2259 1132 2313 sancti
1161 2260 1256 2330 qui
1287 2259 1344 2314 in
1374 2260 1620 2314 Ecclesia
1646 2265 1796 2327 sunt,

203 2359 343 2398 verm
389 2346 682 2417 sapientiae
719 2348 961 2402 candore
1001 2349 1201 2402 nitent.
1245 2350 1430 2414 Glebze,
1463 2351 1603 2403 dura
1634 2349 1804 2404 corda

203 2431 542 2502 infidelium,
579 2441 642 2489 ut
665 2437 722 2490 in
751 2435 854 2491 Job
884 2456 895 2490 :
937 2457 960 2488 ιι
995 2439 1111 2492 Aut
1135 2436 1448 2508 confringet
1473 2437 1664 2508 glebas
1692 2439 1803 2491 val-

205 2521 340 2576 lium
365 2524 406 2589 5,
443 2542 471 2576 n
504 2525 650 2595 quod
682 2525 856 2578 solius
882 2525 982 2580 Dei
1013 2532 1114 2592 est,
1149 2543 1342 2580 eorum
1371 2527 1558 2592 corda,
1579 2527 1673 2598 qui
1703 2543 1801 2598 per

203 2609 600 2666 inﬁdelitatem
630 2613 811 2668 adhuc
843 2613 898 2667 in
930 2613 1079 2667 invio
1109 2622 1260 2680 sunt,
1294 2615 1364 2668 ab
1395 2615 1802 2670 incredulitatis

203 2699 416 2756 duritia
442 2703 718 2773 frangere.

275 2791 416 2846 Grex
453 2797 540 2846 est
583 2799 885 2848 conventus
923 2794 1228 2849 electorum
1275 2800 1615 2862 sanctorum,
1651 2802 1714 2850 ut
1741 2797 1799 2850 in

205 2881 506 2951 Evangelio
540 2901 550 2934 :
581 2901 605 2932 «
629 2883 816 2937 Nolite
834 2883 1054 2950 timere,
1079 2885 1314 2956 pusillus
1335 2901 1490 2954 grex,
1513 2886 1536 2919 ⁸
1555 2903 1583 2937 ι
1609 2885 1667 2938 id
1686 2892 1790 2947 est,

207 2975 226 2990 ⁶
257 2971 548 3026 consolare
578 2973 816 3042 populus
856 2989 1037 3040 meus,
1086 2973 1182 3046 qui
1229 2990 1550 3027 numero....
1599 2990 1794 3046 repro-

201 3057 401 3112 borum
437 3075 642 3131 parvus
671 3077 749 3115 es.
795 3062 952 3128 Grex,
988 3067 1164 3116 cmtus
1202 3062 1594 3134 perfectorum,
1641 3069 1706 3118 ut
1737 3063 1794 3117 in

201 3147 431 3203 Cantico
457 3167 468 3201 :
497 3168 523 3201 (ι
548 3150 755 3204 Dentes
768 3151 853 3204 tui
873 3151 1018 3206 sicut
1036 3153 1058 3175 ¹
1075 3167 1211 3221 grex
1230 3157 1520 3206 tonsarum
1537 3153 1576 3218 ⁷,
1607 3171 1628 3203 ι
1651 3153 1799 3224 quod

199 3238 416 3308 praelati
435 3239 692 3294 Ecclesiae
711 3241 963 3310 exempla
983 3248 1300 3294 sanctorum
1317 3241 1795 3308 imitantur.Gre;r,

198 3328 335 3380 ordo
368 3327 782 3398 paenitentiam,
807 3334 872 3382 ut
899 3329 956 3382 in
987 3329 1216 3384 Cantico
1247 3347 1257 3383 :
1287 3352 1312 3378 α
1337 3330 1536 3401 Capilli
1554 3330 1640 3384 tui
1655 3330 1802 3386 sicut

195 3433 400 3486 greges
427 3433 724 3488 caprarum
753 3418 794 3484 ⁸,
842 3437 865 3468 ιι
905 3419 1050 3488 quod
1091 3418 1382 3473 inferiores
1411 3419 1667 3474 Ecclesia
1697 3437 1797 3491 po-

197 3506 335 3576 puli,
370 3507 466 3577 qui
490 3513 720 3578 peccata
741 3507 1060 3578 paenitendo
1096 3509 1324 3574 deﬂent,
1369 3508 1474 3562 sibi
1513 3509 1571 3562 in
1608 3525 1798 3563 exem-

195 3595 352 3666 plum
387 3603 726 3666 proponunt.
758 3597 867 3650 Per
891 3614 1106 3665 gregem
1133 3597 1380 3668 imperiti
1407 3598 1617 3668 populi,
1645 3603 1710 3651 ut
1739 3599 1795 3652 in

196 3683 303 3738 Job
329 3703 340 3738 :
372 3703 398 3735 (ί
421 3684 791 3756 Diripuerunt
806 3703 1022 3755 greges,
1052 3691 1110 3739 et
1124 3693 1402 3757 paverunt
1420 3704 1514 3740 eos
1534 3686 1574 3751 ο,
1605 3707 1626 3736 ι
1649 3687 1796 3758 quod

201 3773 452 3829 haeretici
482 3775 716 3847 populos
745 3773 1032 3846 imperitos
1073 3775 1318 3846 rapiunt,
1362 3781 1418 3828 et
1445 3792 1540 3829 eos
1567 3792 1670 3829 sua
1698 3792 1798 3830 ne-

197 3863 370 3918 fanda
385 3864 642 3918 doctrina
660 3865 1034 3934 strangulant.
1061 3864 1170 3918 Per
1185 3881 1399 3931 gregem
1415 3864 1799 3918 conventicula

159 3983 165 3988 η
190 3953 584 4025 reproborum,
609 3959 673 4009 ut
700 3953 757 4008 in
789 3953 1018 4008 Cantico
1042 3971 1053 4005 :
1091 3970 1119 4006 ι
1147 3952 1252 4006 Abi
1277 3958 1403 4024 post
1421 3953 1657 4023 vestigia
1675 3970 1798 4024 gre-

186 4058 326 4111 gum
343 4049 572 4096 tuorum
599 4041 658 4108 '0,
684 4059 710 4094 ››
735 4041 788 4096 id
813 4047 916 4108 est,
937 4058 1240 4112 exsequere
1263 4042 1514 4112 exempla
1534 4042 1797 4112 reprobo-

190 4147 320 4184 rum
335 4138 747 4186 .conventuum.
764 4132 873 4184 Per
885 4148 1099 4198 gregem
1125 4130 1348 4184 ordines
1365 4136 1706 4193 sanctorum,
1730 4136 1796 4184 ut

1891 1899 2009 1953 sine
2039 1900 2140 1954 Dei
2165 1902 2374 1956 auxilio
2406 1903 2609 1957 salvari
2635 1911 2838 1974 potest.
2884 1907 3066 1974 Gigas,
3109 1906 3383 1973 diabolus,
3425 1915 3490 1964 ut

1890 1989 1948 2042 in
1977 1988 2080 2042 Job
2113 2007 2124 2042 :
2163 2007 2189 2042 α
2219 1989 2393 2044 Irruit
2421 1991 2479 2044 in
2509 2008 2599 2045 me
2631 1991 2791 2062 quasi
2809 1993 2971 2062 gigas
2985 1992 3050 2058 9°,
3081 2014 3104 2045 ι
3123 1993 3379 2049 diabolus
3399 2011 3490 2050 su-

1886 2079 2056 2149 perbe
2081 2095 2141 2133 se
2171 2079 2350 2134 erexit
2375 2085 2573 2134 contra
2602 2097 2712 2134 me.
2753 2081 2934 2148 Gigas,
2970 2082 3260 2138 criminale
3289 2099 3486 2154 pecca-

1885 2173 2026 2234 tum,
2061 2173 2126 2222 ut
2152 2169 2211 2224 in
2240 2168 2381 2222 libro
2404 2169 2788 2224 Ecclesiastico
2819 2188 2830 2222 :
2870 2189 2898 2224 α
2929 2171 3196 2242 Nunquid
3211 2188 3322 2227 non
3348 2174 3489 2226 occi-

1883 2256 1966 2310 dit
1981 2257 2272 2328 gigantem
2289 2257 2333 2291 ²¹
2349 2257 2374 2310 7
2389 2277 2413 2308 ι
2443 2259 2592 2328 quod
2613 2258 2902 2312 criminale
2920 2265 3212 2329 peccatum
3223 2260 3282 2316 in
3293 2278 3354 2315 se
3369 2261 3484 2315 ele-

1883 2351 2006 2400 ctus
2037 2345 2274 2416 quilibet
2301 2347 2578 2418 perimere
2609 2349 2817 2402 studet.
2843 2349 2951 2402 Per
2976 2352 3224 2417 gigantes
3245 2351 3482 2421 pmlati,

1884 2440 1948 2489 ut
1976 2435 2029 2488 in
2061 2435 2164 2490 Job
2199 2455 2210 2488 :
2249 2455 2275 2488 «
2308 2435 2445 2490 Ecce
2471 2436 2730 2506 gigantes
2756 2442 2994 2506 gemunt
3018 2437 3122 2491 sub
3151 2438 3314 2508 aquis
3349 2437 3414 2505 ”,
3455 2459 3478 2490 ι

1885 2524 2030 2594 quod
2061 2525 2275 2595 praelati
2305 2541 2418 2578 non
2448 2525 2570 2579 sine
2599 2525 2792 2579 dolore
2820 2531 3056 2596 possunt
3096 2542 3217 2580 esse
3259 2527 3481 2582 solliciti

1882 2613 1951 2668 de
1981 2613 2264 2683 subjectis.
2311 2614 2419 2667 Per
2463 2617 2714 2682 gigantes
2758 2612 2984 2684 superbi
3026 2613 3300 2680 homines,
3331 2619 3397 2669 ut
3421 2615 3482 2671 in

1885 2701 2086 2756 Genesi
2113 2719 2124 2754 :
2147 2719 2173 2754 or
2198 2700 2467 2772 Gigantes
2484 2704 2504 2724 ⁴”
2527 2707 2768 2772 regnant
2782 2706 3176 2772 superterram
3189 2700 3258 2769 ’3,
3281 2722 3308 2756 »
3332 2703 3482 2774 quod

1882 2789 2140 2844 homines
2157 2789 2381 2860 reprobi
2401 2791 2710 2860 regnantin
2729 2791 2991 2862 praesenti
3007 2791 3137 2846 vita.
3161 2792 3271 2846 Per
3287 2795 3482 2860 gigan-

1881 2885 1952 2932 tes
1979 2879 2261 2952 principes
2288 2884 2475 2944 terrae,
2515 2885 2580 2934 ut
2605 2879 2664 2933 in
2698 2879 2846 2934 Isaia
2877 2899 2888 2933 :
2924 2883 2945 2903 ¹
2982 2900 3004 2931 ι
3043 2879 3349 2937 Suscitabit
3376 2879 3479 2935 tibi

1875 2968 2134 3039 gigantes
2151 2967 2216 3035 ²⁴,
2252 2986 2278 3021 n
2310 2969 2365 3022 id
2393 2975 2496 3035 est,
2528 2969 2709 3037 eriget
2732 2969 2790 3022 in
2828 2971 3038 3024 mundo
3065 2969 3347 3042 principes
3381 2987 3478 3024 su-

1880 3055 2096 3111 blimes.
2131 3058 2239 3112 Per
2263 3059 2532 3125 gigantes,
2551 3057 2933 3128 desperantes,
2953 3064 3018 3111 ut
3033 3057 3091 3112 in
3109 3057 3257 3114 Isaia
3285 3077 3298 3112 :
3324 3076 3354 3112 α
3378 3059 3478 3114 Gi-

1817 3119 1862 3178 c
1879 3151 2079 3216 gantes
2099 3163 2214 3200 non
2241 3119 2542 3216 resurgant
2565 3145 2630 3211 ’5,
2653 3119 2692 3198 ⁸ι
2727 3147 2878 3217 quod
2917 3119 3012 3218 qui
3049 3147 3371 3220 desperant,
3408 3148 3479 3202 de

1881 3235 2124 3306 peccatis
2144 3251 2244 3306 per
2273 3234 2662 3306 paenitentiam
2680 3251 2793 3288 non
2816 3241 3136 3306 resurgunt.
3160 3236 3268 3290 Per
3283 3238 3480 3304 gigan-

1883 3330 1954 3379 tes
1981 3325 2262 3378 daamones
2288 3327 2309 3346 "
2344 3343 2365 3374 σ
2391 3325 2622 3377 Terram
2649 3323 2966 3393 gigantium
2991 3323 3252 3378 detrahes
3279 3324 3338 3377 in
3358 3323 3478 3378 rui-

1880 3429 2011 3467 nam
2026 3412 2090 3478 ίθ,
2120 3433 2142 3462 ι
2175 3412 2232 3466 id
2256 3418 2363 3477 est,
2386 3412 2688 3477 infernum,
2715 3412 2810 3482 qui
2844 3421 2931 3465 est
2962 3411 3234 3466 habitatio
3267 3413 3477 3468 daemo-

1878 3519 2034 3566 num,
2067 3502 2341 3555 destrues.
2366 3501 2546 3567 Gigas,
2583 3499 2817 3570 quilibet
2847 3500 3014 3554 homo
3033 3500 3389 3567 fortissimus,
3411 3507 3478 3556 ut

1879 3592 1936 3644 in
1965 3589 2203 3644 Psalmis
2233 3608 2243 3641 :
2291 3609 2312 3639 ι
2349 3588 2520 3658 Gigas
2549 3605 2662 3642 non
2691 3587 2998 3642 salvabitur
3024 3588 3084 3642 in
3115 3588 3476 3643 multitudine

1877 3679 2101 3734 virtutis
2129 3695 2244 3733 sua:
2259 3677 2323 3744 2⁷,
2351 3696 2377 3728 »
2401 3677 2457 3730 id
2479 3682 2583 3734 est.
2616 3677 2674 3730 in
2706 3677 3010 3730 tolerantia
3043 3677 3389 3747 passionum,
3421 3683 3480 3732 et

1878 3767 2260 3822 velocissimus
2287 3767 2346 3821 in
2375 3772 2703 3820 transcensu
2733 3781 2922 3820 rerum
2951 3765 3386 3829 mundanarum,
3421 3771 3479 3820 et

1883 3875 1993 3912 non
2023 3862 2214 3911 tamen
2249 3854 2556 3910 salvabitur
2593 3855 2652 3908 in
2691 3853 3052 3909 multitudine
3088 3852 3310 3910 virtutis
3337 3869 3474 3921 suae,
3564 3865 3580 3878 ‘

1882 3947 2002 4001 sine
2031 3945 2236 4000 auxilio
2261 3945 2478 4015 gratiae.

1947 4037 2145 4091 Gomor
2175 4039 2262 4088 est
2287 4033 2464 4088 virtus
2481 4031 2854 4099 discretionis,
2880 4037 2944 4087 ut
2965 4032 3025 4086 in
3051 4031 3237 4086 Exodo
3270 4049 3282 4084 :
3320 4049 3346 4083 α
3364 4031 3477 4086 Go-

1877 4141 1999 4178 mor
2028 4141 2128 4196 per
2153 4123 2377 4193 singula
2405 4121 2591 4193 capita
2617 4121 2682 4186 ’3,
2718 4139 2744 4170 in
2777 4121 2925 4192 quod
2945 4121 3150 4190 singuli
3171 4121 3479 4175 electorum

191 4220 246 4274 in
274 4221 542 4274 Psalmis:
574 4239 599 4271 «
619 4221 684 4274 Et
702 4219 936 4274 abstulit
953 4236 1082 4273 eum
1099 4220 1167 4272 de
1185 4219 1452 4290 gregibus
1471 4219 1658 4272 ovium
1681 4219 1741 4283 “,
1764 4239 1791 4270 »
1817 4204 1864 4261 D
1881 4213 2113 4268 virtutes
2141 4228 2398 4267 exercere
2427 4210 2633 4264 debent
2662 4210 3032 4266 discretionis.

194 4310 346 4379 quod
357 4309 429 4364 de
443 4309 732 4364 ordinibus
747 4309 1088 4380 simplicium
1108 4310 1256 4363 Deus
1270 4293 1690 4380 pradicatorem
1705 4323 1796 4361 as-

189 4399 386 4454 sumit.

269 4490 492 4544 Gressus
519 4495 654 4544 sunt
684 4489 827 4544 bona
851 4505 1040 4560 opera,
1072 4493 1138 4542 ut
1165 4488 1224 4542 in
1249 4487 1352 4541 Job
1377 4506 1388 4540 :
1421 4507 1442 4538 α
1466 4488 1549 4541 Tu
1573 4485 1798 4556 quidem

189 4594 421 4649 gressus
441 4594 598 4632 meos
619 4577 1066 4645 dinumerasti”,
1091 4595 1117 4630 »
1139 4577 1192 4630 id
1217 4582 1320 4641 est,
1345 4581 1410 4630 ut
1431 4578 1450 4598 ⁶
1476 4589 1800 4628 renumera-

1950 4302 2154 4368 Gurges
2184 4305 2270 4354 est
2290 4302 2308 4322 ’⁸
2340 4299 2584 4370 impetus
2629 4297 3050 4370 persecutionis.
3085 4302 3150 4352 ut
3175 4297 3236 4352 in
3263 4297 3482 4352 cantico

1879 4389 2102 4444 Abacuc
2130 4407 2142 4442 :
2179 4409 2202 4441 ι
2238 4389 2456 4457 Gurges
2485 4403 2761 4456 aquarum
2791 4383 3099 4450 transiit”,
3124 4403 3151 4438 ι
3169 4385 3226 4438 id
3244 4389 3347 4450 est,
3369 4385 3481 4440 im-

1880 4485 2042 4550 petus
2067 4477 2402 4548 papulorum
2432 4474 2894 4546 persequentium
2920 4473 3174 4528 cessavit.

1951 4568 2315 4634 Gurgustiu-m
2345 4569 2432 4618 est
2457 4569 2654 4618 sancta
2683 4561 2942 4625 Ecclesia,
2980 4566 3045 4614 ut
3064 4560 3123 4614 in
3143 4559 3247 4614 Job
3273 4579 3284 4613 :
3323 4578 3344 4610 ι
3367 4561 3483 4614 Aut

192 4648 286 4721 res
317 4683 490 4738 opera
519 4682 662 4730 mea,
699 4683 766 4720 ea
789 4667 939 4738 apud
961 4671 1018 4719 te
1042 4669 1341 4719 numerata
1359 4663 1626 4717 habuisti.
1652 4663 1801 4718 Gres-
1879 4655 2240 4728 gurgustium
2289 4653 2522 4724 piscium
2563 4650 2744 4722 capite
2793 4649 2944 4738 illius
2965 4648 3013 4682 3°
3036 4648 3062 4702 Τ
3094 4668 3120 4702 ι
3154 4648 3302 4720 quod
3331 4648 3482 4720 ipsos

194 4773 311 4822 sus,
344 4737 592 4810 actiones
623 4737 923 4826 cujuslibet
961 4755 1138 4826 impii,
1178 4759 1242 4808 ut
1268 4754 1326 4808 in
1359 4752 1462 4807 Job
1495 4771 1504 4806 :
1545 4771 1570 4803 ε(
1603 4753 1802 4806 Arcta-
1885 4760 2134 4800 summos
2171 4741 2378 4796 diﬂbOIi
2417 4739 2748 4804 imitatores:
2790 4737 3048 4793 ΕοοῙθείω
3083 4743 3308 4802 δειλαίων
3360 4751 3484 4806 (ιιιεθ

195 4845 413 4899 buntur
438 4861 666 4915 gressus
695 4848 714 4867 ¹
743 4845 1016 4898 virtutum
1047 4845 1167 4914 ejus
1194 4843 1254 4910 ‘3,
1279 4862 1304 4896 n
1334 4843 1481 4914 quod
1504 4857 1676 4912 opera
1705 4840 1806 4894 im-
1887 4831 2254 4906 piscatoribus
2273 4828 2573 4884 commissa
2601 4835 2702 4894 est,
2740 4828 2890 4882 Deus
2920 4826 3358 4882 misericorditer
3387 4841 3483 4879 vo-

201 4935 300 5006 pii,
328 4952 451 5006 qua:
483 4933 650 4988 modo
679 4933 916 4988 fortiora
939 4949 1062 4987 esse
1093 4933 1368 4996 videntur,
1400 4931 1800 4986 destituentur.
1887 4923 2062 4978 cando
2083 4925 2104 4944 '
2133 4920 2366 5012 uniunt._
2499 5007 2510 5012 Δ
2647 5007 2696 5012 Μ
2754 5005 2765 5012 ⁸
2811 5007 2840 5012 7-
2930 5005 2966 5012 ﬂ
3087 5009 3092 5012 Δ
3429 5001 3440 5012 ⁸

200 5005 444 5090 (insessus,
477 5023 684 5076 mentis
712 5028 919 5089 motus,
942 5021 1078 5076 utin
1107 5021 1246 5076 Job:
1278 5041 1300 5071 ι
1327 5021 1396 5074 Et
1413 5025 1640 5075 cunctos
1655 5035 1809 5088 gres-
1959 5015 2162 5069 θυείαν
2206 5016 2292 5064 est
2336 5007 2592 5062 doctrina
2637 5005 2866 5071 Christi,
2913 5005 3135 5059 dicente
3183 5019 3390 5074 sponsa
3425 5005 3485 5055 in

201 5129 300 5166 sus
318 5129 470 5166 meos
486 5111 918 5176 dinumerat“,»
943 5111 1091 5182 quod
1106 5126 1300 5164 omnes
1316 5115 1536 5163 nostros
1554 5108 1808 5162 internas
1890 5101 2120 5158 Cantico
2143 5118 2153 5153 :
2193 5119 2218 5151 ί(
2246 5099 2456 5154 Guttur
2469 5096 2620 5150 illius
2649 5095 3039 5190 suavissimum
3061 5092 3134 5159 3‘,
3161 5111 3187 5144 ι)
3215 5091 3366 5190 (ιιιοᾱ⁸
3383 5091 3489 5190 do-

205 5209 390 5256 motus
428 5202 579 5257 Deus
609 5199 855 5271 agnovit.
897 5201 1137 5266 Gressus,
1176 5199 1379 5254 merita
1405 5203 1614 5264 sancta,
1647 5201 1714 5251 ut
1749 5196 1810 5248 in
1890 5192 2072 5248 ctrina
2097 5187 2306 5245 Christi
2348 5192 2406 5240 et
2433 5187 2677 5258 gratiam
2707 5189 2870 5256 parat
2897 5183 3282 5253 adjuvantem,
3319 5184 3376 5234 et
3403 5183 3488 5234 vi-

283 5363 297 5396 ί
325 5367 348 5418 Ι
376 5365 505 5418 Cor.
531 5377 629 5435 xu,
660 5363 715 5420 2.
747 5362 784 5435 ’ί
811 5365 984 5435 Apoc.
1019 5378 1178 5435 xviii,
1211 5361 1262 5418 3.
1308 5360 1334 5435 ξ
1359 5359 1522 5435 Psal:
1539 5355 1876 5435 1.xxvu,n55_._
1981 5353 2102 5435 Job.
2151 5347 2514 5435 xxv111Ln6.‘_5
2539 5346 2647 5435 ζ’1011)
2667 5359 2872 5435 gigx,‘
2886 5341 3380 5435 ἐᾶωθπξιέιοὶηὶξξξλ

207 5434 228 5468 ⁷
276 5411 647 5500 Οείιιῖῗένῖῖ.
664 5411 720 5468 ’ἀ
745 5411 963 5490 aiat?
974 5411 1274 5497 dare“;
1307 5411 1384 5488 ΞΓ
1405 5411 1644 5483 1libarit.
1676 5443 1716 5495 ι,
1737 5411 1800 5484 ’8ζ

1913 5425 2060 5500 1_’sal.
2087 5436 2295 5500 xxxvii,
2443 5417 2507 5500 ﬁ“
2533 5417 2638 5500 Job
2667 5411 3486 5500 κχῐγηρϐεη’ξδορηξξῖξιιηζ

207 5503 258 5553 1.‘
278 5505 375 5559 Job
405 5479 569 5570 xxxv:
594 5505 648 5558 4.
680 5506 726 5540 ¹⁵
755 5506 900 5560 Psal.
936 5520 1127 5571 CXVIII,
1159 5479 1285 5558 133⁷.
1343 5502 1388 5536 ¹⁶
1416 5503 1576 5556 Cant.
1613 5479 1798 5571 XJJJ-

1917 5479 2056 5551 VLev.
2081 5479 2316 5571 rxsi_,_20.
2364 5491 2409 5525 ¹⁸
2439 5489 2777 5571 Ρεειι.“χγιιι,
2928 5485 2972 5571 ίῗ
2994 5485 3362 5571 ,Ρξὲιιὶῳεχιδ

206 5574 260 5608 ⁵ο
591 5574 610 5631 1
631 5577 676 5628 i.
700 5576 742 5610 ²¹
777 5578 941 5632 Eccli.
971 5553 1140 5643 ἦξωνῐί,
1171 5574 1222 5631 4.
1249 5573 1298 5608 θ’
1323 5573 1428 5628 Job
1457 5587 1605 5636 xxvx,
1795 5581 1800 5613 ι

1902 5581 2033 5643 i._v1,
2059 5570 2112 5623 4.
2137 5553 2463 5643 iishaluv,
2496 5561 2550 5615 9.
2583 5559 2925 5643 ’fisaxxW,
2955 5555 3035 5614 14.
3068 5555 3114 5590 ²⁶
3143 5555 3284 5615 Ibid.
3313 5569 3368 5618 ν,
3400 5553 3486 5610 19.

207 5645 258 5682 ’⁷
287 5647 427 5702 Psal.
464 5630 635 5711 xxsn,
668 5644 757 5702 16.
779 5630 839 5683 58
861 5630 1041 5719 Exod.
1078 5630 1304 5713 xv1,16.
1336 5644 1385 5680 ’9
1405 5643 1546 5697 Hab.
1582 5630 1664 5707 in,
1699 5639 1780 5697 10.
1812 5638 1860 5674 ³ο
1885 5637 1988 5693 Job
2019 5652 2104 5701 xc,
2135 5634 2224 5688 26.
2255 5634 2298 5668 ³¹
2329 5634 2490 5686 Cant.
2533 5647 2584 5698 ν,
2617 5630 2707 5696 16.
