3854 6164
470 327 572 384 947

467 462 586 508 mn
615 459 1059 524 permanentem,
1090 455 1177 508 vel
1206 460 1404 519 guttur
1432 457 1636 522 sponsi,
1679 459 1765 508 est
1801 454 2057 508 internus

469 559 636 616 sapor
665 543 960 598 verborum
993 543 1219 603 Christi.
1251 560 1420 614 quem
1458 559 1621 614 pauci
1649 547 1881 614 gustant
1915 563 1926 596 :
1961 544 2058 614 qui

466 640 656 688 autem
674 638 924 703 gustant,
951 633 1189 704 amplius
1211 633 1468 688 esuriunt
1490 649 1502 700 ;
1528 633 1611 685 vel
1629 633 1774 686 sicut
1803 633 1860 686 in
1901 633 2061 687 labiis

463 723 689 778 Domini
717 721 884 776 verba
907 737 1031 792 qua:
1059 720 1296 786 dicebat,
1327 723 1407 776 sic
1436 723 1493 776 in
1529 727 1759 794 gutture
1786 727 1942 792 patet
1969 739 2062 775 oc-

464 812 617 866 culta
640 812 932 884 dispositio
967 810 1234 866 bonitatis
1275 810 1396 881 ejus
1433 810 1768 875 intellectus,
1822 827 1932 881 qua
1977 812 2061 864 fa-

465 909 618 955 ctum
667 907 754 956 est
797 908 860 955 ut
896 901 1055 956 nobis
1093 900 1226 955 foris
1268 901 1608 971 loqueretur.
1645 899 1850 954 Guttm'
1887 899 2059 953 etiam

463 1001 565 1060 pro
595 989 760 1043 corde
789 986 1032 1060 ponitur,
1059 994 1116 1042 et
1132 1004 1233 1060 pro
1255 1004 1404 1044 voce.
1426 989 1647 1056 Guttur,
1670 987 1904 1059 quilibet
1923 1003 2059 1058 pree-

463 1075 696 1143 dicator,
721 1084 784 1132 ut
804 1078 860 1132 in
883 1076 1112 1132 (‘antico
1142 1097 1153 1131 :
1185 1093 1208 1128 ιι
1231 1079 1442 1132 Guttur
1469 1083 1630 1133 tuum
1651 1078 1796 1132 sicut
1816 1077 1836 1101 ‘
1854 1093 1956 1130 vox
1985 1079 2000 1112 ⁸
2027 1094 2053 1130 ιι

463 1169 613 1238 quod
637 1167 969 1240 praedicator
999 1165 1271 1231 Ecclesia,
1299 1166 1358 1220 in
1379 1181 1490 1237 quo
1519 1183 1621 1220 vox
1649 1166 1874 1222 Domini
1901 1183 2055 1220 reso-

463 1263 578 1322 nat,
608 1257 935 1312 ebrietatem
971 1274 1226 1328 supernae
1255 1257 1566 1310 dilectionis
1592 1257 1907 1311 annuntiat.

491 1391 503 1398 .
530 1347 706 1401 Gutta
724 1352 859 1400 sunt
884 1347 1175 1400 sententiis
1203 1345 1614 1410 haereticorum,
1639 1350 1702 1399 ut
1720 1346 1776 1400 in
1789 1346 2050 1400 Cantico:

465 1455 486 1483 ι
512 1431 772 1490 Cincinni
787 1434 898 1489 mei
921 1434 1072 1506 pleni
1089 1436 1267 1506 guttis
1287 1435 1536 1490 noctium
1548 1433 1588 1499 ’,
1606 1451 1627 1484 ι
1659 1434 1712 1487 id
1735 1441 1838 1500 est,
1862 1435 2054 1506 populi

459 1525 568 1578 mei
598 1526 810 1580 seducti
825 1531 958 1579 sunt
975 1527 1077 1596 per
1095 1525 1402 1578 sententias
1423 1525 1830 1578 haereticorum.
1856 1525 2048 1588 Gutta),

458 1615 736 1684 angustia,
769 1620 834 1668 ut
860 1615 916 1667 in
945 1613 1242 1682 Evangelio
1275 1630 1288 1668 :
1321 1631 1344 1664 α
1379 1614 1537 1668 Sicut
1562 1619 1735 1683 gutta:
1761 1614 2052 1683 sanguinis

456 1703 802 1758 decurrentis
827 1704 885 1758 in
942 1709 1152 1756 terram
1197 1703 1238 1768 ³,
1289 1717 1312 1754 ι
1356 1703 1502 1773 quod
1543 1699 1763 1756 labores
1806 1702 2052 1772 corporis

457 1793 684 1858 Christi,
719 1793 867 1864 quod
894 1797 980 1846 est
1013 1791 1273 1856 Ecclesia,
1307 1795 1327 1814 *
1351 1791 1501 1862 pleni
1532 1797 1664 1845 sunt
1695 1791 1973 1861 angustia.

525 1883 772 1948 Gah‘tm,
805 1895 928 1952 quae
955 1888 1076 1935 rota
1107 1887 1528 1952 Interpretatur,
1570 1883 1842 1935 mundum
1875 1877 2050 1950 signi-

456 1971 604 2035 ﬁcat,
639 1972 662 1992 '
691 1981 814 2040 quae
834 1983 1057 2040 semper
1075 1970 1146 2022 ad
1166 1971 1334 2022 linem
1359 1975 1526 2022 rotat.
1552 1968 1794 2033 Gaulum,
1822 1973 1840 1991 ⁶
1855 1976 1912 2022 et
1926 1983 2049 2038 qua)

455 2061 879 2126 transmigratio
914 2062 1062 2126 facta
1093 2059 1514 2129 interpretatur.
1549 2058 2048 2112 commutationem

451 2146 574 2200 vita!
603 2145 899 2216 signiﬁcat,
918 2148 1218 2219 aliquando
1244 2148 1402 2201 mala?
1425 2146 1482 2200 in
1501 2147 1723 2212 bonam,
1747 2147 2048 2217 aliquando

451 2235 608 2291 bona:
625 2237 681 2290 in
700 2237 942 2290 beatam.
969 2238 1046 2291 De
1069 2235 1136 2290 iis
1155 2237 1516 2308 reperiuntur
1533 2237 1854 2307 exemplain
1877 2237 2051 2292 Evan-

447 2323 594 2394 gelia
623 2327 1058 2397 quamplurima.

453 2505 684 2559 Ηαυιιιε.
989 2507 1278 2559 munit-us.
1517 2505 1766 2558 Herodes.

454 2577 660 2630 Hcrbt.
988 2577 1208 2629 Hircus.
1519 2577 1744 2631 Hostile.

453 2648 744 2704 Herodz‘us.
989 2648 1311 2702 Horribih's.
1519 2649 1732 2703 Hae-dus.

453 2719 714 2772 Ilermon.
992 2715 1282 2772 Harundo.
1531 2717 1548 2738 ⁵
1574 2716 1764 2771 Herem
1777 2735 1855 2769 us.

448 2785 666 2855 Hymns.
984 2789 1128 2842 Hum
1138 2803 1198 2840 us
1207 2829 1218 2840 .
1521 2787 1883 2858 Hydropicus.

447 2859 644 2914 Hasta.
985 2859 1218 2914 Humor.
1521 2861 1705 2913 Hodie.

448 2931 497 2984 Η
500 2947 666 2998 gmw.
981 2932 1278 2984 Humerus.
1517 2932 1924 2986 Hotocaustum.

517 3035 726 3091 Hamus
757 3041 843 3092 est
869 3038 1193 3092 humanitas
1221 3037 1456 3102 Christi,
1500 3044 1564 3091 ut
1604 3038 1664 3092 in
1702 3037 1806 3092 Job
1839 3057 1850 3090 :
1892 3053 1914 3086 ι
1957 3040 2044 3092 An

449 3124 740 3181 extrahere
783 3127 992 3198 poteris
1032 3127 1336 3180 Leviathan
1378 3126 1628 3180 hamo‘?
1671 3145 1693 3177 ι
1729 3129 1876 3197 quod
1909 3129 2043 3181 dum

449 3217 507 3270 in
521 3215 742 3271 Christo
758 3213 1014 3272 diabolus
1029 3231 1212 3271 escam
1229 3217 1479 3287 corporis
1492 3218 2046 3284 momordit,deitatis

449 3317 578 3359 eum
608 3305 854 3371 aculeus,
889 3318 1014 3377 qua:
1038 3307 1095 3360 in
1126 3307 1476 3360 humanitate
1514 3305 1697 3370 latuit,
1740 3307 2039 3361 transﬁxit.

450 3397 662 3449 Hamus
705 3393 1042 3466 intelligitur
1081 3395 1310 3449 verbum
1363 3396 1791 3468 praedicationis,
1837 3397 1894 3449 in
1933 3409 2043 3468 quo

448 3483 734 3538 invenitur
759 3497 884 3538 esca
914 3485 1149 3538 internae
1174 3484 1557 3538 beatitudinis.
1593 3485 1728 3540 Inde
1749 3483 2038 3552 Dominus,

447 3579 742 3644 postquam
773 3574 936 3628 beato
965 3573 1130 3634 Petro
1159 3574 1481 3628 rationabili
1510 3577 1530 3598 θ
1571 3581 1871 3644 augmento
1912 3591 2042 3646 pro-

446 3662 597 3716 bavit
620 3677 678 3716 se
707 3677 819 3717 non
856 3662 1058 3717 debere
1104 3664 1396 3734 didragma
1442 3665 1653 3717 solvere
1703 3665 1851 3734 quod
1895 3665 2042 3717 ﬁlius

447 3753 594 3820 regis
625 3739 765 3817 erat,
801 3751 1010 3817 intulit,
1044 3752 1236 3807 dicens
1269 3769 1280 3804 τ
1321 3771 1344 3796 α
1377 3754 1450 3806 Ut
1470 3757 1657 3806 autem
1675 3767 1786 3806 non
1805 3753 2043 3806 scanda-

442 3840 675 3894 lizemus
705 3853 818 3906 eos,
853 3840 990 3894 vade
1029 3837 1098 3894 ad
1144 3855 1316 3904 mare,
1361 3845 1418 3893 et
1461 3839 1620 3892 mitte
1666 3840 1974 3906 hamums;
2011 3859 2037 3890 ι»

445 3947 509 3982 ac
537 3931 582 3982 si
612 3929 820 3982 diceret
851 3929 1109 3982 omnibus
1141 3929 1416 3989 ﬁdelibus,
1450 3941 1688 3997 quorum
1711 3929 1771 3982 in
1803 3930 1908 3983 hoc
1937 3945 2040 3982 sae-

442 4015 568 4070 culo
596 4015 798 4069 Petrus
825 4017 1022 4086 typum
1045 4018 1200 4068 tenet
1232 4034 1244 4067 :
1269 4017 1478 4068 Euntes
1495 4015 1555 4068 in
1576 4017 1868 4080 mundum,
1897 4033 2038 4088 pra:-

442 4101 623 4158 dicate
655 4117 784 4158 eum
814 4103 871 4158 in
901 4119 1010 4174 quo
1041 4105 1247 4174 pendet
1276 4103 1559 4158 beatitudo
1589 4106 1746 4174 regni
1776 4107 2034 4160 caelestis.

449 4211 471 4242 ι
503 4193 572 4246 Et
601 4208 730 4245 eum
757 4192 984 4262 piscem,
1017 4192 1111 4263 qui
1142 4191 1356 4262 primus
1386 4193 1716 4258 ascenderit,
1751 4195 1902 4254 tolle,
1932 4211 1958 4246 ι)
1982 4195 2036 4248 id

444 4281 546 4347 est,
581 4277 886 4346 Christum,
915 4281 1008 4351 qui
1037 4281 1253 4352 primus
1273 4281 1342 4334 de
1373 4282 1475 4335 hoc
1497 4284 1706 4336 mundo
1725 4285 1952 4338 transiit
1967 4285 2038 4338 ad

445 4371 669 4424 Patrem
695 4371 752 4424 in
783 4369 1002 4436 malum,
1045 4369 1154 4423 fide
1185 4371 1239 4423 et
1267 4385 1458 4424 amore
1488 4371 1874 4442 complectere.
1911 4389 1938 4424 ιι
1971 4373 2038 4428 Et

441 4466 636 4530 aperto
652 4477 748 4514 ore
767 4461 908 4530 ejus,
927 4458 1175 4513 invenies
1195 4463 1548 4527 Μωσέως»
1566 4465 1625 4514 et
1643 4462 1906 4532 expositis
1925 4477 2038 4516 ser-
2052 4431 2100 4488 Β

443 4546 704 4603 monibus
735 4547 856 4618 ejus
887 4547 1134 4604 invenies
1153 4550 1455 4620 perfectam
1486 4563 1599 4604 non
1620 4553 1800 4604 solum
1824 4553 2038 4606 redem-

443 4635 709 4707 ptionem,
745 4636 840 4692 sed
870 4638 1039 4692 etiam
1070 4639 1602 4693 remunerationem.
1653 4642 1840 4695 Stater
1881 4643 2034 4696 enim

439 4737 618 4792 genus
641 4731 730 4778 est
759 4729 778 4750 '
809 4727 1046 4790 minimi,
1081 4727 1373 4782 continens
1401 4728 1514 4782 duo
1535 4729 1906 4798 didragmata,
1933 4732 2036 4785 hoc

441 4815 545 4878 est,
573 4813 863 4883 geminum
885 4815 1136 4885 dragma.
1179 4835 1202 4867 (ι
1229 4813 1414 4880 Illum,
1449 4817 1648 4887 inquit,
1683 4829 1928 4884 sumens,
1964 4821 2034 4874 da

439 4903 520 4957 eis
549 4920 650 4974 pro
679 4920 768 4956 me
799 4910 856 4956 et
886 4921 986 4974 pro
1015 4911 1091 4958 te.
1123 4925 1144 4954 ι
1174 4929 1195 4950 ιι
1223 4906 1330 4958 Pro
1353 4923 1460 4971 me,
1492 4927 1511 4956 ι
1537 4907 1748 4960 scilicet
1768 4908 1861 4978 qui
1883 4909 2034 4962 solvo

441 4989 590 5065 quod
618 5007 732 5046 non
753 4991 914 5065 rapui
951 5011 962 5047 :
1007 5017 1018 5040 ι
1063 5007 1162 5064 pro
1193 4997 1250 5047 te
1291 5014 1314 5044 υ
1347 4999 1556 5061 autem,
1611 4997 1704 5065 qui
1756 4997 1902 5066 quod
1932 4995 2034 5051 Dei

438 5087 578 5150 erat,
605 5080 712 5137 hoc
741 5089 842 5148 est,
875 5079 1011 5136 nulli
1049 5082 1295 5147 subesse,
1349 5082 1404 5136 in
1443 5084 1623 5154 primo
1665 5085 1893 5139 homine
1939 5101 2034 5140 ra-

437 5172 627 5244 puisti.
675 5169 940 5242 Quisquis
969 5185 1104 5241 ergo
1138 5183 1269 5225 reus
1307 5175 1410 5236 est,
1461 5177 1676 5242 quaerat
1719 5174 1777 5228 in
1823 5175 2033 5229 Christi

436 5261 615 5316 verbis
647 5261 1108 5331 redemptionem,
1140 5267 1196 5314 et
1225 5264 1245 5283 ‘
1277 5262 1422 5315 vivet
1454 5279 1464 5313 :
1500 5263 1646 5333 quod
1677 5264 1825 5318 Deus
1853 5265 1931 5318 sic
1949 5265 2031 5318 di-

435 5347 566 5402 lexit
589 5349 884 5418 mundum,
919 5355 982 5406 ut
1011 5349 1214 5406 Filium
1255 5369 1420 5406 suum
1445 5351 1799 5423 unigenitum
1827 5351 1988 5409 daret
2012 5375 2023 5407 :

502 5469 522 5504 ¹
555 5473 716 5544 Cant.
753 5487 846 5542 vn,
879 5473 933 5530 9.
966 5475 990 5509 ²
1017 5477 1176 5530 Cant.
1205 5489 1260 5542 ν,
1291 5474 1346 5532 ‘2.
1373 5477 1398 5510 ³
1425 5477 1557 5531 Luc.
1593 5489 1724 5544 xxn,
1756 5479 1844 5532 44.
1869 5480 1890 5514 ⁴
1919 5477 2040 5534 Job.

433 5539 518 5595 3i.
549 5543 574 5576 θ
604 5539 926 5607 Habaciii,
965 5546 1047 5600 il.
1074 5545 1224 5600 “Job
1249 5539 1342 5602 su

429 5610 475 5644 ¹⁴
504 5612 710 5665 Hahae.
743 5629 819 5676 x1,
853 5615 902 5670 3.
939 5616 983 5649 ¹⁵
1012 5617 1128 5669 Act.
1162 5631 1258 5680 xu,
1281 5611 1333 5671 7.

1065 329 1127 382 B.
1159 328 1404 382 RABAN
1407 330 1432 384 Ι
1469 329 1700 384 MAURI
1738 329 2072 384 ARCHIEP.

2113 329 2439 384 MOGUNT.
2481 328 2778 384 OPERUM
2815 327 2998 382 PARS
3035 328 3131 382 III.
3574 333 3659 391 948

2074 457 2122 514 Α
2143 453 2302 507 illum
2333 453 2534 507 reddat
2551 453 2899 508 exactoribus
2927 453 3045 508 suis
3062 469 3159 524 pro
3174 471 3232 508 se
3249 469 3506 524 opponens
3531 458 3661 514 illum

2142 543 2404 611 malignis
2429 542 2717 613 spiritibus
2747 543 2842 613 qui
2866 557 3040 597 unum
3065 543 3268 597 homini
3289 544 3500 614 dragma
3511 557 3671 605 coam-

2147 633 2349 697 Ierunt,
2381 638 2438 684 et
2463 633 2573 685 duo
2603 632 2834 700 exigunt
2864 651 2876 685 :
2911 633 3264 686 contulerunt
3295 634 3338 686 ei
3377 637 3665 707 superbiam.

2146 727 2200 775 et
2231 721 2484 791 quotidie
2505 721 2738 789 exigunt
2767 737 3014 775 usuram.
3051 721 3149 775 Hic
3171 727 3255 777 est
3281 721 3578 792 improvisus
3600 728 3670 781 ln-

2143 810 2344 864 teritus
2355 816 2646 864 terrenam
2654 827 2706 863 ιιι
2720 809 2912 864 ambiti
2921 827 3024 864 one
3035 825 3224 864 rerum
3240 797 3532 878 obvolutus;
3552 816 3672 870 unde

2141 899 2277 953 dicit
2307 899 2666 954 Ecclesiastes
2696 919 2712 954 :
2747 923 2770 947 ει
2799 901 2993 954 Nocent
3011 900 3177 953 homo
3205 901 3364 956 linem
3389 915 3537 956 suum
3567 906 3672 959 :sed

2140 989 2284 1042 sicut
2310 989 2490 1059 pisces
2516 989 2816 1060 capiuntur
2833 989 3020 1055 hamo,
3057 989 3134 1042 sic
3160 989 3402 1044 homines
3424 991 3674 1062 rapiuntur

2139 1076 2570 1148 tempore'malo
2597 1079 2638 1141 ⁸,
2668 1096 2696 1130 ιι
2727 1095 2854 1132 cum
2875 1078 2954 1132 eis
2975 1079 3226 1149 exemplo
3253 1080 3563 1149 supervenit.

2209 1167 2418 1220 Hasiilc
2449 1173 2536 1219 est.
2565 1173 2760 1220 sancta
2788 1167 3051 1232 Ecclesia,
3084 1172 3146 1220 ut
3173 1167 3232 1222 in
3268 1167 3442 1222 Exodo
3482 1186 3493 1220 :
3532 1187 3554 1219 ι
3580 1169 3671 1222 Ha-

2139 1255 2264 1308 stile
2313 1255 2634 1310 candelabri
2683 1260 2740 1308 et
2784 1256 3026 1310 calamos
3054 1257 3094 1320 7,
3153 1276 3175 1306 ι
3227 1255 3284 1309 id
3321 1261 3418 1320 est,
3471 1256 3672 1312 Ecclesia

2138 1343 2346 1397 Christi
2378 1351 2434 1396 et
2462 1344 2640 1398 sancti
2669 1344 3079 1414 praedicatores.

2207 1434 2382 1486 Hasta;
2411 1433 2639 1487 nomine
2665 1433 2921 1488 Christus
2952 1433 3298 1502 intelligitur,
3342 1435 3419 1488 vel
3457 1435 3670 1506 apostoli.

2136 1521 2279 1575 Hinc
2307 1522 2576 1592 scriptum
2605 1529 2693 1576 est
2725 1541 2736 1574 ι
2783 1542 2807 1572 (ς
2851 1524 2915 1578 In
2955 1525 3076 1578 luce
3119 1524 3446 1593 sagittarum
3486 1531 3672 1579 tuarum

2135 1610 2298 1664 ibunt
2323 1612 2364 1676 ⁸,
2414 1632 2434 1660 ι
2473 1612 2621 1681 quod
2659 1613 2716 1666 in
2759 1613 3091 1668 auctoritate
3122 1613 3461 1684 eloquiorum
3488 1619 3674 1668 tuorum

2135 1701 2369 1770 apostoli
2401 1718 2502 1771 per
2530 1707 2708 1755 totum
2739 1702 3012 1756 mundum
3043 1703 3349 1774 proﬁcient,
3386 1703 3482 1756 hoc
3505 1711 3594 1762 est,
3629 1703 3675 1756 in

2069 1780 2116 1838 B
2137 1788 2434 1843 manifesta
2463 1791 2669 1844 virtute
2715 1791 2984 1844 miracula
3034 1791 3288 1845 facientis
3330 1791 3540 1851 Christi,
3578 1790 3674 1845 Filii

2133 1877 2234 1931 tui.
2267 1879 2448 1931 Aliter
2500 1899 2510 1932 :
2555 1880 2618 1933 In
2661 1880 2784 1933 luce
2833 1881 3166 1949 sagittarum
3215 1888 3434 1934 tuarqu
3473 1880 3626 1944 ibunt,
3654 1899 3672 1932 ι

2132 1968 2280 2037 quod
2313 1967 2704 2038 praedicatione
2733 1976 2788 2023 et
2808 1971 3060 2039 exemplo
3090 1971 3461 2040 apostolorum
3489 1976 3676 2022 tuorum

2131 2056 2355 2108 venient
2384 2057 2452 2109 ad
2485 2058 2650 2110 ﬁdem
2685 2057 2959 2111 homines.
2998 2076 3024 2109 (ι
3065 2059 3130 2112 In
3175 2057 3462 2128 splendore
3490 2061 3507 2079 '
3536 2057 3677 2110 hastis

2131 2151 2242 2198 tuae
2274 2147 2315 2210 θ,
2356 2165 2379 2196 ι)
2412 2145 2470 2199 in
2501 2145 2707 2200 virtute
2737 2147 3121 2217 apostolorum
3141 2146 3486 2216 tuorum,qui
3513 2147 3674 2200 directi

2131 2239 2261 2288 sunt
2291 2241 2350 2288 et
2377 2235 2647 2289 miracula
2674 2235 2902 2289 faciunt.
2931 2237 3159 2303 Sugitur
3181 2236 3439 2292 dicuntur
3457 2235 3674 2306 apostoli,

2133 2322 2280 2392 quod
2311 2324 2474 2392 longe
2500 2324 2830 2390 mittuntur;
2855 2326 3038 2389 Iuste,
3059 2326 3209 2396 quod
3230 2325 3472 2379 cominus
3485 2324 3674 2377 feriunt.

2135 2411 2324 2464 Prima
2342 2426 2472 2482 pars
2503 2413 2714 2468 ultima)
2743 2414 3035 2468 sententia:
3065 2421 3124 2468 et
3152 2414 3355 2469 ultima
3374 2413 3567 2484 primm,
3587 2418 3679 2466 ter-

2131 2500 2269 2554 tiam
2289 2503 2599 2572 conjunctaa
2620 2501 2850 2556 faciunt.
2871 2504 3063 2569 Hasta,
3081 2510 3278 2557 sancta
3297 2503 3607 2573 praedicatio,
3633 2505 3682 2555 ut

2135 2589 2194 2642 in
2214 2589 2318 2643 Job
2345 2609 2354 2642 :
2395 2611 2416 2640 ι
2448 2590 2761 2644 Subsistere
2787 2608 2904 2646 non
2931 2593 3143 2662 poterit
3159 2593 3324 2647 hasta
3339 2591 3379 2656 θ,
3413 2615 3426 2637 ι
3454 2592 3584 2662 quod
3595 2593 3684 2645 Ana

2133 2677 2453 2732 tichristum
2480 2681 2636 2733 nulla
2652 2681 2974 2750 praedicatio
2991 2682 3202 2752 poterit
3227 2688 3534 2738 convertere
3548 2680 3609 2733 ad
3625 2679 3683 2733 vi-

2133 2771 2270 2820 tam.
2314 2769 2502 2832 Hasta,
2554 2776 2802 2839 potestas
2851 2771 3029 2840 regni,
3083 2777 3152 2825 ut
3188 2771 3248 2826 in
3283 2769 3434 2825 libris
3461 2770 3679 2839 Regum:

2136 2876 2161 2905 (ι
2192 2856 2348 2910 Tolle
2378 2861 2620 2924 hastam,
2653 2873 2781 2929 qua:
2807 2865 2894 2913 est
2922 2860 2989 2913 ad
3021 2866 3195 2930 caput
3231 2862 3353 2930 ejus
3386 2859 3446 2922 ¹⁰,
3496 2877 3518 2912 ι
3561 2857 3682 2928 quod

2131 2944 2384 3000 Christus
2417 2963 2452 3000 a
2479 2947 2824 3018 principibus
2851 2948 3178 3004 Iudaeorum
3207 2954 3526 3020 potestatem
3553 2946 3680 3016 regni

2129 3035 2374 3088 sustulit.
2408 3037 2596 3102 Hasta,
2628 3037 2962 3106 persecutio,
2997 3045 3059 3092 ut
3089 3039 3150 3092 in
3189 3037 3292 3093 Job
3327 3058 3338 3092 :
3377 3059 3397 3090 ι
3431 3039 3594 3108 Super
3615 3036 3682 3106 ip-

2068 3095 2252 3177 C'sum
2299 3124 2522 3178 sonabit
2569 3095 2854 3196 pharetra,
2890 3130 2908 3150 '
2943 3095 3177 3182 vitrabit
3214 3128 3375 3183 hasta
3405 3128 3464 3192 “,
3499 3095 3522 3177 λ
3563 3095 3684 3196 quad

2127 3211 2308 3266 virum
2338 3220 2594 3269 sanctum
2623 3215 2992 3286 reproborum
3021 3221 3078 3274 et
3098 3217 3320 3272 malitia
3346 3217 3622 3284 continget.
3641 3221 3684 3266 et

2127 3304 2446 3372 persecutio
2490 3303 2752 3359 vexabitu
2775 3307 2965 3372 Hasta,
3015 3306 3278 3362 doctrina
3319 3307 3682 3362 hereticorum.

2126 3396 2190 3442 ut
2215 3391 2272 3446 in
2302 3392 2460 3447 libris
2483 3393 2698 3463 Regum
2724 3413 2736 3446 :
2761 3414 2788 3446 κ
2811 3395 3043 3452 Ferrum
3064 3396 3244 3452 hasta;
3270 3398 3390 3467 ejus
3419 3395 3685 3450 εθωοωέ

2125 3479 2290 3534 siclos
2318 3481 2560 3536 habebat
2589 3483 2720 3537 ferri
2737 3483 2800 3549 η,
2825 3503 2851 3536 n
2877 3485 3026 3553 quod
3043 3484 3316 3541 doctrina
3344 3483 3686 3540 hmreticorilm

2127 3571 2212 3624 vel
2235 3571 2502 3626 doctrina)
2531 3571 2806 3626 haeretica:
2836 3574 3059 3644 plenam
3087 3574 3464 3630 eruditionem
3486 3572 3560 3627 vel
3585 3583 3690 3641 per-

2125 3660 2421 3714 fectionem
2463 3667 2682 3716 mature
2723 3663 2983 3718 ostendit.
3027 3665 3226 3730 Hasta,
3268 3663 3537 3735 superbia,
3567 3659 3686 3713 utin

2127 3749 2280 3802 libris
2305 3751 2518 3818 Regum
2553 3769 2564 3802 :
2605 3771 2625 3800 ι
2661 3751 2804 3806 Cum
2830 3753 3063 3806 essetin
3092 3765 3330 3808 nemore
3363 3752 3504 3826 quod
3533 3757 3607 3805 est
3639 3748 3684 3802 in

2125 3838 2322 3902 Rana,
2354 3839 2577 3892 hastam
2605 3856 2775 3893 inanu
2805 3846 3004 3896 tenens
3045 3841 3110 3908 ιδ,
3154 3861 3182 3896 ι)
3219 3843 3367 3912 quod
3397 3843 3564 3896 elatus
3589 3835 3686 3907 qui-

2121 3928 2260 3982 libet
2287 3928 2344 3981 in
2373 3930 2410 3995 ᾧ
2438 3945 2666 3984 excessu
2697 3929 3070 3985 delectatione
3087 3936 3153 3986 et
3168 3930 3480 3988 delectabili
3499 3927 3684 3983 celsitu-

2121 4019 2252 4073 dine
2280 4019 2600 4089 superbiam
2629 4036 2797 4090 opere
2825 4027 3061 4074 exercet.

2193 4110 2582 4162 Habitat-ulmi:
2603 4109 3207 4178 intelligiturChristus
3219 4117 3276 4165 et
3288 4109 3538 4166 Ecclesia.
3551 4109 3682 4178 juxta

2121 4195 2256 4250 illud
2291 4215 2302 4249 :
2341 4216 2364 4249 ι
2397 4198 2488 4252 Sol
2509 4204 2569 4250 et
2589 4199 2726 4252 luna
2753 4205 3035 4253 steterunt
3055 4199 3114 4253 in
3137 4200 3454 4255 habitacula
3471 4215 3564 4252 suo
3592 4196 3640 4259 l‘,
3660 4213 3680 4244 ιι

2121 4287 2268 4357 quod
2301 4287 2430 4340 licet
2457 4287 2735 4358 principes
2763 4288 2948 4342 saeculi
2985 4290 3300 4359 potentiam
3331 4299 3490 4344 suam
3523 4291 3682 4341 σείειν-

2119 4375 2317 4429 derent
2345 4375 2402 4428 in
2437 4377 2840 4448 persequendo,
2876 4377 3135 4431 Christus
3164 4383 3358 4432 tamen
3391 4377 3444 4430 in
3475 4373 3680 4430 Ecclesia

2121 4471 2178 4517 et
2193 4465 2434 4518 Ecclesia
2449 4467 2764 4535 permansit
2779 4467 2840 4519 in
2859 4467 3102 4522 Christo.
3127 4469 3514 4523 Habitacutum
3532 4461 3677 4532 signi-

2118 4554 2252 4606 ﬁcat
2277 4560 2545 4618 mentem,
2565 4555 2727 4624 juxta
2751 4555 2888 4609 illud
2923 4571 2934 4606 :
2984 4574 3012 4608 α
3044 4556 3183 4611 Ecce
3225 4557 3457 4626 angelus
3489 4548 3676 4608 Domini

2117 4641 2298 4696 astitit
2319 4642 2383 4708 ‘5,
2425 4663 2444 4690 ιι
2481 4644 2628 4713 quod
2649 4644 2907 4698 Christus
2937 4645 3159 4704 ﬁdelem
3191 4663 3362 4700 suum
3390 4647 3570 4716 juvare
3595 4655 3674 4710 pa-

2117 4738 2276 4785 ratus
2301 4732 2410 4785 fuit
2435 4750 2445 4784 :
2483 4749 2511 4782 α
2543 4733 2612 4786 Et
2638 4734 2829 4787 iumen
2856 4734 3080 4788 refulsit
3099 4734 3160 4788 in
3186 4734 3498 4790 habitacula
3525 4745 3676 4786 carce-

2117 4821 2212 4886 ris,
2255 4839 2276 4869 1
2305 4822 2452 4891 quod
2483 4821 2672 4875 divina
2705 4822 2890 4892 gratia
2929 4824 3246 4876 coruscavit
3273 4825 3334 4878 in
3377 4827 3552 4878 mente
3574 4833 3675 4890 peo-

2117 4911 2338 4973 catnris,
2374 4911 2431 4963 in
2473 4928 2583 4981 qua
2623 4912 2806 4965 locum
2853 4911 3051 4966 habuit
3094 4913 3386 4967 tribulatio
3422 4907 3674 4966 diabolica:

2115 5001 2463 5056 tentationis.
2497 5004 2697 5055 (’arcer
2723 5002 2872 5056 enim
2895 5003 3000 5066 hic,
3034 5009 3098 5057 ut
3136 5004 3196 5057 in
3237 5003 3511 5074 plerisque
3541 4997 3670 5055 locis.

2115 5089 2392 5158 signiﬁcat
2417 5088 2857 5145 tribulationem.
2886 5093 3134 5155 Herodes,
3167 5091 3472 5146 diabolum.
3503 5090 3672 5143 Petrus

2115 5183 2304 5230 autem
2330 5177 2388 5231 in
2416 5193 2640 5233 carcere
2671 5180 2891 5234 vinctus
2932 5180 3143 5234 catenis
3181 5180 3420 5244 duabus,
3461 5176 3666 5232 vindicat

2112 5267 2360 5321 animam
2387 5269 2541 5338 prius
2565 5269 2618 5322 in
2653 5268 2796 5322 bono
2827 5277 3194 5334 constantem,
3231 5279 3290 5324 et
3318 5275 3506 5342 postea
3539 5279 3664 5320 com-

2109 5358 2251 5428 pede
2282 5354 2595 5412 dilectionis
2633 5364 2690 5412 et
2719 5370 3020 5414 consensus
3049 5357 3338 5414 astrictam
3377 5351 3662 5413 omnimode

2075 5497 2165 5545 XL,
2199 5483 2287 5537 90.
2314 5485 2336 5516 ⁵
2365 5485 2561 5537 Matth.
2599 5493 2732 5549 xv",
2758 5483 2846 5540 27.
2879 5485 2904 5518 ⁸
2929 5486 3092 5540 Eccll.
3113 5499 3188 5550 ix,
3215 5483 3306 5542 ‘12.
3335 5485 3354 5519 ⁷
3377 5483 3654 5550 Exod“);

1351 5588 1363 5612 ,
1387 5545 1478 5602 ‘l'7.
1507 5548 1598 5604 “’I
1629 5551 1763 5620 Reg.
1797 5561 1968 5617 xxvii,
2003 5555 2040 5608 1⁴

2130 5555 2166 5588 ¹¹
2200 5551 2302 5608 Job
2328 5567 2516 5615 XXXIX,
2546 5553 2634 5610 26.
2669 5545 2766 5610 ¹²Ἰ
2798 5557 2934 5626 Reg.
2967 5565 3102 5623 κνιι,
3131 5545 3185 5612 7.
3212 5556 3259 5591 '3
3280 5559 3302 5612 Ι
3323 5558 3588 5625 Regni],
3609 5547 3650 5600 6-
