3854 6164
421 305 517 361 tibi
1015 307 1076 360 Β.
1122 307 1393 364 RABANI
1429 309 1658 366 MAURI
1697 306 2032 366 ARCIIIEP.
2074 309 2398 366 MOGUNT.
2442 308 2740 366 OPERUM
2776 307 2960 364 PARS
2997 307 3094 363 ΙΙΙ.
3531 308 3619 368 952

419 436 554 487 runt
567 431 736 485 etiam
757 430 968 485 zizania
990 431 1028 484 ¹.
1067 449 1093 483 »
1138 433 1300 486 Sator
1343 439 1429 487 est
1458 430 1502 506 ’ί-
1529 434 1776 489 hominis
1808 453 1820 488 :
1861 448 2013 501 ager,
2031 435 2162 495 Aco
2189 433 2650 489 Deuteronomii:
2686 451 2712 485 ι(
2746 434 3083 488 Concrescat
3106 436 3174 484 ut
3208 431 3379 501 pluvia
3415 433 3628 490 doctrina

419 519 665 577 mundus
698 537 710 571 τ
745 521 947 573 bonum
975 535 1176 583 semrn,
1229 521 1329 575 ﬁlii
1370 522 1506 575 lucis
1533 540 1545 577 :
1598 525 1846 590 zimm’a,
1914 520 2017 577 ﬁlii
2098 539 2226 578 mea
2242 521 2284 589 ³,
2312 543 2338 577 ι>
2371 529 2436 578 ut
2462 523 2725 578 fecundat
2750 526 2969 576 mentes
2995 519 3328 585 auditorum,
3363 541 3382 571 ι
3425 522 3546 577 ﬂuat
3575 530 3627 578 ut

417 607 733 680 iniquitatis
755 626 769 675 ;
791 607 1036 662 homines
1058 609 1406 678 dormientes,
1435 612 1647 683 praelati
1668 611 2020 684 negligenter
2099 628 2191 666 ros
2211 612 2496 684 eloquium
2516 631 2538 664 ι
2561 617 2746 678 tuum,
2775 630 2798 663 ι
2820 615 2884 665 ut
2912 609 3140 679 refriget
3171 613 3329 663 aestus
3366 609 3590 666 vitiorum
3614 629 3635 673 ς

418 700 651 768 agentes
699 715 713 750 :
747 699 1012 752 inimicus
1057 704 1144 753 est
1185 697 1442 754 diabolus
1491 719 1504 754 :
1550 701 1718 755 herba
1755 717 2012 767 crescens,
2099 701 2259 772 quasi
2289 700 2474 756 imber
2491 717 2663 773 super
2680 698 2932 766 herbam,
2948 704 3015 754 ut
3028 698 3205 752 virere
3243 696 3397 752 iaciat
3416 700 3630 769 germina

415 784 460 858 -ι-
474 785 806 857 spiritualis,
824 791 911 840 est
927 786 1000 841 ad
1019 786 1255 842 meliora
1281 788 1578 859 proﬁciens
1596 789 1812 845 fructus
1843 790 1965 860 ejus
1997 807 2010 844 :

420 873 627 929 bonum
665 891 805 946 opus
841 874 1011 930 illius.
1048 893 1077 930 or
1105 877 1262 932 Tunc
1301 884 1686 950 apparuerunt
1719 878 1949 946 zizania,
1983 896 2011 932 ι

418 963 568 1034 quod
587 979 715 1018 cum
740 964 977 1036 quisque
1014 964 1156 1020 bene
1196 966 1413 1033 vixerit,
1442 972 1580 1022 tunc
1623 967 1833 1040 poterit
1859 967 2014 1023 vide-

416 1068 499 1117 re,
521 1051 648 1124 quis
672 1053 856 1108 malus
890 1053 1063 1109 fuerit
1091 1053 1294 1126 +servi
1312 1055 1731 1128 patrisfamilias
1760 1074 1773 1110 :
1802 1045 1904 1128 ‘qui
1928 1057 2014 1127 vi-

417 1141 614 1196 dentes
641 1141 898 1197 homines
925 1159 960 1196 a
986 1143 1102 1198 Deo
1134 1143 1276 1200 bene
1303 1145 1576 1212 conditos,
1600 1161 1705 1216 per
1721 1145 2013 1201 doctorum

415 1230 818 1302 negligentiam
837 1230 1109 1287 diabolica
1136 1231 1181 1306 -ί-
1207 1233 1496 1289 instructis
1525 1235 1875 1306 depravatos,
1916 1251 2014 1288 vo-

416 1321 545 1374 lunt
566 1335 763 1375 omnes
782 1321 935 1376 male
959 1321 1207 1376 viventes
1225 1322 1446 1378 auferre
1465 1323 1534 1377 de
1571 1323 1775 1391 medio,
1808 1322 2016 1378 haben-

414 1413 502 1464 tes
528 1409 708 1464 selum
736 1409 860 1476 Dei,
887 1411 984 1465 sed
1015 1426 1129 1466 non
1156 1412 1465 1466 secundum
1489 1412 1802 1467 scientiam.
1829 1411 2018 1467 Domi-

417 1514 525 1553 nus
568 1497 719 1553 enim
759 1498 913 1554 aliud
958 1500 1094 1566 vult,
1130 1505 1189 1554 et
1230 1517 1457 1556 causam
1495 1500 1748 1573 subjecit,
1781 1501 1970 1556 dicens
1999 1519 2011 1554 :

2095 790 2388 857 virtutum,
2420 795 2478 845 et
2496 790 2659 862 quasi
2678 789 2840 844 stilla:
2869 803 3040 860 super
3063 786 3336 858 gramina,
3351 802 3415 841 ne
3425 803 3632 858 unquam

2095 884 2370 934 arescant.
2413 881 2598 935 Herba:
2626 878 2876 945 nomine,
2903 875 3201 932 luxuriosa:
3231 879 3287 930 et
3309 875 3512 931 lubricae
3533 892 3638 932 oon-

2095 968 2451 1040 cupiscentire
2471 969 2860 1039 designantur,
2889 966 3115 1021 dicente
3138 963 3239 1020 Job
3263 965 3328 1019 de
3345 964 3629 1020 Bebemoth:

2099 1075 2124 1107 (ι
2152 1056 2298 1111 Huic
2320 1060 2539 1112 montes
2557 1055 2759 1110 herbas
2786 1055 2976 1110 ferunt
2994 1053 3034 1120 ⁴,
3070 1073 3098 1107 ι
3149 1052 3292 1124 quod
3326 1052 3529 1124 superbi
3564 1054 3636 1108 di-

2096 1145 2320 1200 vitesad
2338 1144 2563 1200 libitum
2605 1147 2828 1200 Satanae
2865 1142 3182 1198 luxuriosas
3214 1148 3271 1198 et
3293 1141 3514 1197 lubricas
3534 1159 3637 1197 con-

2095 1234 2464 1306 cupiscentiae
2481 1235 2725 1306 gignunt
2743 1238 2801 1287 et
2810 1232 3088 1287 nutriunt.
3113 1233 3305 1295 Herba,
3328 1230 3538 1285 scientia
3554 1228 3630 1285 bo-

2096 1341 2190 1389 na,
2219 1329 2286 1378 ut
2310 1324 2369 1378 in
2393 1323 2638 1379 Jeremia
2667 1342 2684 1378 :
2719 1340 2748 1376 α
2779 1322 3118 1378 Defecerunt
3144 1319 3283 1375 oculi
3307 1334 3501 1384 eorum,
3528 1319 3635 1390 quia

2098 1426 2210 1469 non
2236 1417 2361 1467 erat
2391 1412 2568 1467 herba
2585 1413 2629 1480 ⁵,
2662 1428 2689 1465 ι
2722 1411 2777 1466 id
2831 1416 2933 1475 est,
2984 1409 3202 1481 praelati
3235 1424 3507 1480 synagoga:
3544 1423 3642 1462 eva-

2098 1507 2362 1567 nuerunt,
2381 1502 2531 1573 quod
2543 1501 2894 1572 spiritualem
2913 1498 3204 1554 scientiam
3222 1512 3330 1552 non
3351 1496 3636 1551 habuerunt.

419 1603 447 1639 «
469 1587 614 1654 Non,
641 1603 713 1642 ne
731 1587 876 1644 forte
904 1589 1230 1660 colligentes
1267 1589 1481 1645 zizania
1523 1591 1820 1645 eradicetis
1850 1590 2018 1644 simul
2099 1591 2296 1657 Herba,
2324 1590 2474 1645 bona
2503 1590 2668 1655 actio,
2698 1595 2767 1644 ut
2793 1589 2854 1643 in
2883 1586 3108 1651 Genesi,
3140 1605 3167 1639 «
3214 1585 3488 1641 Germinet
3516 1590 3641 1638 terra

413 1691 544 1731 cum
573 1675 656 1731 eis
683 1682 742 1731 et
767 1676 1037 1732 triticum.
1078 1696 1102 1730 ι
1143 1679 1245 1733 llic
1276 1679 1446 1734 datur
1471 1679 1628 1734 locus
1652 1679 2012 1752 pcenitentiae,
2098 1679 2332 1734 herbam
2352 1680 2627 1734 virentem
2644 1678 2686 1746 ⁸,
2728 1697 2751 1730 ι
2778 1681 2798 1701 ⁶
2819 1681 3074 1733 exerceat
3095 1677 3259 1730 homo
3270 1675 3523 1729 actionem
3540 1688 3642 1728 oon-

418 1769 476 1819 et
501 1780 815 1834 monemur,
839 1781 951 1822 non
969 1767 1080 1821 cito
1099 1773 1396 1838 amputare
1430 1769 1677 1840 aliquem
1696 1769 1765 1823 de
1791 1780 2014 1824 consor-
2031 1752 2075 1811 Β
2097 1773 2414 1839 gruentem.
2482 1769 2682 1834 Herba,
2727 1765 3041 1822 subsidium
3115 1763 3430 1835 temporale,
3498 1769 3553 1816 ut
3594 1760 3640 1814 in

416 1854 497 1909 tio
523 1853 795 1910 ﬁdelium.
830 1854 1024 1910 Potest
1050 1856 1206 1910 enim
1231 1857 1374 1922 ﬁeri,
1412 1862 1495 1922 ut,
1529 1857 1627 1929 qui
1661 1857 1886 1912 videtur
1918 1858 2015 1912 ho-
2096 1858 2320 1912 Psalmo
2368 1874 2380 1910 :
2439 1876 2461 1908 ι
2514 1857 2585 1911 Et
2629 1855 2862 1910 herbam
2894 1853 3159 1908 servituti
3203 1852 3474 1907 hominum
3493 1850 3529 1915 ⁷,
3553 1870 3578 1904 ι
3603 1849 3647 1904 id

417 1943 510 1998 die
535 1943 735 1998 lolium
757 1959 899 2009 esse,
930 1944 1341 2001 interveniente
1371 1962 1473 2017 per
1500 1945 1604 2002 Dei
1623 1947 1865 2017 gratiam
1896 1960 2014 2017 poe-
2096 1952 2202 2013 est,
2228 1944 2540 2016 temporale
2562 1942 2876 1999 subsidium
2906 1942 3234 1998 necessitati
3250 1939 3645 2012 praedicatorum.

416 2032 676 2098 nitentia,
708 2033 891 2098 cras+
909 2034 1008 2088 flet
1025 2033 1290 2089 triticum.
1314 2052 1337 2086 ι
1378 2034 1558 2090 Sinite
1577 2035 1767 2106 itaque
1800 2038 2016 2090 utrum-
2095 2035 2292 2099 Herba,
2316 2033 2498 2104 gloria
2514 2033 2820 2099 mundana,
2844 2032 2984 2087 utin
3015 2031 3267 2086 Psalmo:
3293 2047 3320 2082 at
3349 2029 3498 2084 Mane
3525 2027 3645 2080 sicut

417 2137 527 2192 que
548 2135 797 2177 crescere
824 2137 1002 2194 usque
1030 2122 1102 2176 ad
1148 2138 1410 2190 messem,
1459 2128 1515 2178 et
1563 2128 1816 2195 tempore
1874 2139 2018 2177 mes-
2097 2120 2276 2176 herba
2298 2127 2552 2177 transeat
2570 2122 2610 2187 ⁸,
2652 2141 2674 2174 ι
2712 2121 2859 2193 quod
2893 2126 3202 2192 apparente
3227 2119 3348 2174 vita:
3373 2115 3649 2172 futuraecla-

419 2209 498 2264 sis
530 2208 715 2264 dicam
742 2209 1126 2266 messoribus:
1165 2211 1366 2267 Tollite
1414 2212 1642 2277 zizania,
1687 2218 1745 2266 et
1791 2211 2020 2282 alligata
2100 2210 2288 2278 ritate,
2321 2211 2518 2266 mundi
2552 2211 2737 2282 gloria
2780 2209 3021 2267 deﬁciet.
3069 2209 3181 2264 Per
3217 2209 3421 2273 herbas,
3461 2205 3650 2258 decreta

421 2315 491 2353 ea
515 2297 559 2372 -ί-
582 2297 875 2355 fasciculos
901 2299 972 2354 ad
1001 2299 1439 2356 comburendum
1464 2320 1477 2370 ;
1527 2301 1780 2356 triticum
1829 2307 2017 2356 autem
2099 2299 2372 2371 planiora,
2400 2306 2470 2354 ut
2500 2300 2559 2354 in
2586 2299 2691 2355 Job
2723 2317 2735 2352 :
2773 2316 2801 2352 α
2831 2297 3176 2353 Mandebant
3202 2295 3399 2352 herbas
3438 2299 3490 2348 et
3518 2291 3650 2346 arbo-

420 2393 756 2460 congregate
800 2388 859 2444 in
902 2389 1167 2444 horreum
1212 2406 1422 2445 meum.
1458 2409 1485 2443 »
1527 2392 1712 2445 Messi:
1754 2395 1841 2444 est
1883 2404 2018 2445 con-
2100 2404 2227 2443 rum
2255 2389 2489 2444 cortices
2502 2388 2548 2455 ’³,
2584 2407 2610 2441 ν
2641 2388 2790 2460 quod
2838 2387 3083 2442 haeretici
3126 2402 3294 2459 prave
3329 2381 3647 2453 intelligendo

423 2476 728 2532 summatio
751 2477 940 2532 saeculi
968 2499 980 2532 :
1003 2493 1296 2543 messores,
1321 2478 1507 2549 angeli
1550 2496 1562 2531 :
1604 2477 1855 2549 alligatio
1883 2477 2020 2532 ziza-

422 2563 648 2619 niorum
678 2564 737 2618 in
762 2565 1056 2620 fasciculos
1084 2566 1274 2621 innuit
1296 2567 1467 2622 unius
1495 2566 1748 2622 criminis
1788 2581 2018 2621 consor-

421 2656 527 2718 tes,
553 2653 723 2708 unius
746 2668 925 2724 prensa
952 2654 1173 2709 futuros
1205 2671 1327 2710 esse
1367 2655 1668 2727 participes
1692 2673 1704 2708 :
1738 2657 2014 2720 triticum,

421 2741 639 2796 sancti:
667 2742 944 2808 horreum,
969 2744 1190 2798 mansio
1211 2744 1469 2800 ccelestis.
1496 2744 1639 2799 Huic
1655 2748 1845 2798 autem
1873 2759 2018 2814 prae-

417 2835 580 2901 cepto
609 2829 852 2898 Domini,
888 2847 998 2902 quo
1029 2832 1128 2896 ait,
1157 2831 1336 2888 Sinite
1358 2839 1600 2904 utraque
1642 2848 1891 2888 crescere
1918 2849 2016 2887 us-
2101 2833 2410 2904 Scriptura,
2443 2838 2502 2887 et
2526 2848 2628 2905 per
2653 2832 3005 2888 intellectum
3034 2831 3245 2886 sectari
3272 2828 3558 2885 sententias
3580 2841 3655 2878 ve-

422 2933 534 2990 que
560 2918 633 2973 ad
659 2934 921 2983 messem,
953 2919 1178 2976 videtur
1203 2938 1325 2976 esse
1364 2921 1730 2988 contrarium,
1764 2921 1912 2992 quod
1937 2921 2019 2976 ait
2098 2928 2267 2977 teres.
2303 2921 2412 2977 Per
2439 2922 2631 2975 herbas
2656 2921 2974 2992 voluptates
3019 2921 3294 2986 carnales,
3344 2924 3407 2974 ut
3451 2917 3507 2970 in
3530 2912 3647 2968 Job:

417 3007 721 3080 Apostolus
747 3025 760 3063 :
785 3025 813 3062 α
833 3007 1064 3065 Auferte
1083 3011 1295 3065 malum
1324 3010 1394 3065 de
1423 3010 1609 3066 medio
1635 3015 1883 3066 vestrum
1913 3010 1955 3077 ³,
1988 3030 2012 3064 ι
2037 3072 2078 3094 η
2105 3030 2129 3063 ι
2166 3011 2310 3066 Huic
2336 3015 2557 3065 montes
2585 3010 2790 3065 herbas
2804 3010 2994 3066 ferunt
3010 3010 3074 3063 ¹¹.
3111 3028 3141 3062 a
3174 3010 3285 3064 Per
3311 3007 3510 3069 herbas,
3536 3017 3652 3094 gau-

421 3072 489 3151 εί
523 3110 880 3168 nequaquam
916 3098 1243 3154 societatem
1289 3116 1417 3155 cum
1463 3099 1636 3154 fratre
1676 3072 2013 3165 habendam,
2037 3072 2080 3132 ϐ
2100 3099 2197 3154 dia
2220 3105 2448 3165 aeterna,
2479 3105 2546 3154 ut
2571 3099 2631 3154 in
2666 3101 2687 3124 ‘
2715 3099 2961 3154 Ieremia
3006 3116 3021 3151 :
3057 3119 3081 3150 ι
3118 3097 3204 3154 Ibi
3236 3072 3567 3168 requiescunt
3605 3089 3653 3142 in

421 3185 519 3257 qui
542 3185 870 3240 nominatur
894 3186 1218 3253 fornicator,
1242 3194 1342 3244 aut
1377 3204 1598 3254 avarus,
1641 3194 1746 3242 etc.
1781 3188 1838 3243 Si
1865 3189 2017 3244 enim
2096 3187 2285 3244 herbis
2309 3188 2620 3243 virentibus
2637 3187 2705 3255 ‘9,
2729 3206 2756 3241 ι
2775 3188 2925 3260 quod
2947 3187 3110 3243 electi
3141 3187 3385 3259 quietem
3409 3180 3659 3238 habebunt

418 3272 751 3345 prohibetur
767 3276 1068 3346 separatio,
1105 3283 1162 3331 et
1187 3293 1368 3349 usque
1400 3277 1471 3332 ad
1503 3292 1742 3332 messem
1769 3277 2017 3332 tenenda
2097 3277 2155 3331 in
2182 3276 2405 3348 gaudiis
2434 3275 3010 3331 immarcescibilibus.

419 3361 1751 3436 estpatientia,quomodoejiciendisuntmalide
1770 3366 1954 3420 medio
1973 3365 2015 3438 εὶ-
2167 3367 2362 3421 Haedus
2388 3371 2479 3420 est
2504 3364 2780 3431 Christus,
2808 3370 2877 3420 ut
2911 3365 2970 3419 in
3012 3364 3202 3418 Exodo
3235 3382 3248 3417 :
3284 3382 3307 3415 ι
3367 3358 3578 3417 Tolletis
3611 3362 3658 3410 et

417 3452 1148 3525 vestrum?nunquidjudex
1173 3455 1325 3510 aliud
1356 3455 1641 3527 praedicat,
1666 3454 1816 3510 aliud
1837 3471 2015 3526 praeco
2097 3454 2340 3520 haedum,
2367 3460 2426 3508 et
2453 3452 2818 3509 immolabitis
2867 3470 2997 3508 eum
3032 3451 3097 3521 ‘3,
3144 3453 3204 3507 id
3244 3456 3348 3519 est,
3393 3446 3654 3519 accipietis,

416 3539 659 3595 clamat?
680 3541 1067 3613 Sedqubniam
1087 3543 1496 3600 intertriticum
1527 3550 1586 3599 et
1612 3544 1843 3611 zizania,
1868 3543 2016 3615 quod
2097 3560 2131 3596 ο
2176 3543 2372 3609 Judaei,
2427 3542 2736 3611 Christum,
2761 3545 2783 3566 ⁴⁵
2805 3542 2861 3596 id
2901 3547 3006 3609 est,
3039 3540 3382 3612 cruciﬁgetis
3414 3552 3552 3599 eum,
3579 3532 3659 3606 qui

415 3620 518 3684 nos
543 3628 786 3685 dicimus
813 3630 1027 3699 lolium,
1054 3632 1305 3703 quandiu
1334 3632 1510 3688 herba
1536 3638 1640 3699 est,
1671 3638 1739 3688 et.
1773 3633 2012 3688 necdum
2094 3649 2206 3687 non
2224 3633 2406 3687 solum
2436 3632 2704 3686 innocens
2732 3648 2834 3703 pro
2873 3630 3226 3699 nocentibus,
3262 3630 3358 3685 sed
3401 3634 3455 3682 et
3494 3627 3677 3697 justus,

415 3716 637 3773 culmus
665 3719 818 3774 venit
844 3719 916 3775 ad
938 3719 1171 3792 spicam,
1200 3722 1432 3792 grandis
1477 3722 1788 3777 similitudo
1818 3728 1922 3787 est,
1957 3727 2014 3776 et
2092 3738 2196 3794 pro
2223 3721 2448 3792 injustis
2471 3721 2650 3776 voluit
2677 3720 2948 3792 cmeiﬁgi,
2981 3726 3238 3776 tentatus
3264 3735 3364 3792 per
3379 3715 3552 3772 omnia
3574 3727 3659 3785 pro

414 3806 475 3861 in
502 3806 887 3865 discernendis
913 3813 1015 3864 aut
1041 3809 1200 3864 nulla
1244 3810 1486 3866 difﬁcilis
1526 3811 1799 3866 distantia
1829 3829 1843 3864 :
1875 3827 2014 3882 prae-

414 3900 610 3952 monet
635 3896 924 3964 Dominus,
960 3914 1032 3953 ne
1078 3899 1147 3953 de
1192 3898 1474 3970 ambiguis
1514 3900 1625 3955 cito
1670 3900 2009 3954 sententiam

415 3983 784 4056 proferamus,
832 3992 894 4041 et
938 3987 1066 4042 ideo
1107 3987 1325 4058 judicii,
1379 3989 1529 4060 quod
1573 3989 1853 4044 occultum
1901 3994 2006 4055 est,
2091 4006 2189 4044 sus
2214 3990 2275 4044 in
2313 3990 2546 4045 Cantica
2584 4004 2850 4061 sponsam
2892 3988 3076 4044 adhuc
3112 3987 3413 4052 novellam,
3462 3990 3515 4037 et
3550 3979 3654 4035 ideo

414 4088 782 4141 reservemus,
809 4074 912 4146 qui
940 4075 1118 4130 malos
1148 4075 1209 4130 in
1238 4076 1331 4131 die
1354 4077 1554 4148 judicii
1582 4092 1696 4132 non
1727 4094 1794 4132 ex
1829 4078 2010 4148 suspi-
2090 4095 2192 4151 per
2218 4079 2508 4134 hmreticos
2535 4079 2717 4150 decipi
2744 4079 3146 4150 trepidantem,
3169 4077 3411 4147 benigna
3434 4073 3654 4142 increpa-

412 4161 573 4216 cione
592 4161 862 4228 criminis,
892 4163 992 4218 sed
1021 4180 1123 4235 per
1137 4165 1500 4220 manifestum
1527 4173 1749 4221 reatum
1767 4167 1837 4220 de
1860 4171 2007 4221 coetu
2088 4168 2242 4223 tione
2271 4169 2579 4240 redarguit,
2609 4167 2801 4223 dicens
2831 4185 2844 4221 :
2878 4185 2907 4219 (ι
2938 4167 2997 4222 Si
3026 4167 3258 4238 ignoras
3284 4172 3367 4230 te,
3398 4181 3431 4219 ο
3453 4158 3657 4234 ριιιὼη

413 4255 736 4305 sanctorum
767 4250 958 4322 eiiciat
987 4271 999 4306 :
1028 4253 1282 4323 Apostoli
1318 4270 1451 4309 vero
1491 4256 1681 4310 serm'o
1714 4256 1785 4310 de
1836 4255 2008 4326 paleis
2092 4257 2240 4312 inter
2256 4258 2523 4312 mulieres
2543 4257 2607 4324 ίθ,
2643 4276 2670 4311 )›
2701 4257 2865 4329 quasi
2892 4257 3043 4311 dicat
3066 4274 3079 4308 :
3099 4256 3147 4311 si
3176 4255 3260 4311 ita
3293 4252 3519 4324 simplex
3544 4241 3653 4317 [θεν]

411 4343 517 4405 est,
548 4338 654 4432 hoc
670 4344 777 4406 est,
810 4339 882 4394 de
907 4345 1102 4412 aperte
1128 4342 1311 4409 malis,
1345 4343 1507 4432 quod
1528 4344 1614 4397 vel
1646 4344 1874 4416 proprio
1912 4360 2074 4432 oreD
2093 4351 2175 4411 ut,
2210 4352 2424 4402 rectum
2453 4346 2587 4418 quid
2615 4346 2711 4414 sit,
2741 4346 3000 4416 ignores;
3034 4346 3081 4400 si
3128 4343 3417 4400 memoriae
3456 4333 3651 4432 excidit

407 4427 709 4483 confessi...
768 4429 855 4484 vel
908 4430 1284 4487 ecclesiastico
1337 4431 1550 4503 judicio
1601 4433 1841 4487 convicti
1892 4432 2009 4488 fue-
2030 4421 2071 4432 ”
2088 4437 2250 4506 cujus
2267 4451 2328 4490 es
2361 4435 2581 4490 imbuta
2605 4435 2896 4502 doctrinis,
2933 4440 2993 4489 et
3034 4434 3347 4490 informata
3388 4421 3644 4497 exemplis.

407 4515 542 4572 rint.
576 4516 737 4582 Quod
764 4519 936 4573 etiam
964 4519 1276 4575 nominatio
1309 4520 1370 4576 in
1401 4520 1580 4576 verbis
1606 4521 1858 4593 Apostoli
1898 4521 2009 4576 evi—
2091 4543 2119 4578 α
2136 4525 2404 4596 egredere
2428 4541 2465 4579 a
2488 4523 2768 4579 consortio
2791 4538 2937 4590 meo,
2958 4529 3020 4578 et
3032 4522 3126 4578 abi
3146 4528 3275 4596 post
3294 4517 3519 4590 vestigia
3542 4526 3653 4584 ετθο

2100 2483 2157 2531 et
2186 2478 2414 2532 decreta
2439 2477 2697 2549 planiora
2719 2483 2778 2532 et
2822 2481 3150 2532 sanctorum
3182 2474 3429 2546 exempla
3468 2485 3652 2543 perver-

2098 2572 2246 2622 tunt.
2273 2567 2381 2621 Per
2407 2567 2620 2631 herbas,
2654 2565 2966 2621 sententias
2985 2564 3210 2620 Veteris
3243 2558 3582 2623 Testamenti,
3602 2561 3657 2612 ut

2100 2656 2162 2710 in
2181 2655 2341 2710 libris
2366 2656 2586 2724 Regum
2623 2673 2634 2709 :
2679 2672 2706 2707 ‹‹
2748 2655 3018 2726 Egressus
3046 2654 3106 2708 in
3137 2669 3274 2725 agro
3302 2656 3366 2707 ut
3412 2649 3658 2718 colligeret

2101 2743 2304 2799 herbas
2326 2750 2578 2815 agrestes
2596 2743 2663 2810 ίο,
2702 2764 2719 2791 ι
2757 2743 2906 2815 quod
2945 2743 3135 2815 legere
3166 2741 3426 2798 debemus
3450 2739 3505 2793 in
3527 2751 3658 2790 sacra

2093 3811 2480 3875 similitudine,
2513 3810 2726 3882 absque
2755 3809 3072 3882 peccato“.
3126 3811 3284 3864 Ιιεάί
3316 3813 3446 3863 sunt
3495 3817 3658 3877 pecca-

2089 3906 2263 3966 tores,
2294 3901 2393 3972 qui
2411 3900 2481 3955 ad
2501 3900 2789 3954 sinistram
2801 3899 3008 3970 judicia
3029 3904 3201 3954 erunt
3218 3898 3266 3934 ¹⁵
3289 3916 3303 3965 ;
3342 3894 3481 3951 unde
3513 3906 3651 3964 spon-

408 4605 607 4660 denter
622 4605 1114 4664 innuit.Czaterum
1132 4609 2005 4682 Dominusdegeneraliomnium
2086 4630 2243 4683 gum,
2270 4632 2298 4666 »
2326 4630 2563 4685 sequere
2592 4613 2774 4668 varios
2801 4618 2960 4668 actus
2984 4610 3296 4667 errantium
3332 4629 3347 4665 :
3379 4627 3404 4660 ι
3431 4612 3486 4662 et
3508 4613 3648 4675 pasce

408 4693 688 4749 malorum
710 4697 1084 4767 separatione,
1096 4698 1167 4753 de
1186 4715 1300 4771 qua
1319 4715 1637 4756 sermonem
1657 4700 1994 4767 habuerunt,

406 4782 554 4853 agit:
575 4782 784 4839 Paulus
803 4791 994 4842 autem
1013 4786 1084 4842 de
1103 4788 1384 4860 spirituali
1400 4790 1795 4860 quorumdam,
1829 4796 1895 4846 ut
1917 4791 2000 4845 di-

404 4876 560 4927 ctum
589 4877 695 4940 est,
727 4873 1128 4937 convictorum,
1159 4892 1282 4948 quia
1316 4883 1441 4933 tum
1486 4895 1656 4935 causa
1706 4880 2000 4935 correctio-

405 4960 497 5017 nis
518 4977 717 5018 eorum
742 4961 997 5019 facienda
1032 4970 1118 5020 est
1153 4971 1429 5036 quantum
1474 4967 1598 5022 ﬁeri
1642 4974 1831 5039 potest
1862 4985 1999 5040 pace

405 5050 681 5120 Ecclesiae,
713 5051 835 5108 sine
856 5053 1118 5109 seandalo
1140 5053 1431 5122 bonorum,
1457 5074 1483 5109 α
1507 5072 1579 5110 ne
1602 5056 1766 5125 forte,
1803 5076 1831 5111 no
1852 5058 1999 5112 sicut

403 5140 487 5195 ait
510 5141 805 5211 Dominus,
840 5161 868 5195 α
894 5142 1216 5198 eradicatur
1247 5148 1306 5198 et
1321 5143 1596 5200 triticum.
1622 5163 1648 5198 »
1679 5147 1868 5201 Herba
1892 5163 1998 5201 no-

404 5229 558 5286 mine
573 5231 811 5289 virtutes
822 5231 1238 5304 intelliguntur,
1261 5233 1482 5289 dicente
1501 5234 1693 5307 Moyse
1711 5236 1733 5260 ⁶
1748 5235 1807 5290 in
1821 5237 1999 5291 canti-

471 5442 493 5478 ¹
517 5443 718 5499 Matth.
750 5461 872 5514 xm,
898 5446 969 5504 26
996 5464 1057 5504 se

2081 4701 2409 4756 haedostuos
2424 4703 2587 4772 juxta
2603 4699 2968 4756 tabernacula
2984 4706 3298 4772 pastorum,
3338 4717 3360 4749 ι
3381 4696 3510 4750 doce
3536 4705 3643 4763 per-

2079 4790 2224 4845 ditos
2252 4795 2310 4845 et
2335 4789 2649 4862 perdendos
2673 4790 2960 4845 auditores
2980 4795 3110 4844 tuos
3160 4791 3180 4813 θ
3224 4793 3419 4843 secuta
3451 4779 3643 4838 scholas

2080 4879 2462 4951 insipientium
2511 4879 2914 4950 magistrorum
2938 4883 3188 4944 tuorum,
3219 4876 3328 4940 vel,
3359 4872 3537 4929 haedos
3566 4882 3646 4940 pl-

2079 4985 2252 5034 acere,
2278 4974 2366 5024 est
2381 4967 2799 5025 immunditiam
2823 4966 3010 5023 carnis
3027 4967 3264 5021 nutrire.
3284 4965 3409 5020 Non
3427 4955 3647 5033 precipit

2077 5058 2184 5112 hoc
2219 5058 2513 5124 Dominus,
2564 5057 2661 5112 sed
2700 5056 2995 5129 permittit,
3048 5061 3107 5110 et
3163 5055 3299 5126 quid
3345 5056 3645 5108 eventuum

2078 5147 2170 5214 sit,
2196 5146 2481 5219 ignoranti
2497 5145 2766 5218 praedicit.
2786 5147 3000 5212 Herius,
3015 5144 3369 5217 poenitentia,
3390 5147 3455 5195 ut
3474 5139 3531 5193 in
3554 5135 3643 5188 Ge-

2078 5235 2201 5290 nesi
2235 5253 2248 5290 :
2283 5254 2311 5288 α
2350 5235 2577 5290 Mittam
2626 5233 2729 5291 tibi
2775 5233 2999 5289 haedum
3046 5234 3120 5289 de
3156 5232 3342 5305 capris
3359 5229 3424 5293 ¹⁷,
3458 5246 3480 5279 ι
3512 5219 3639 5296 quod

1101 5490 1114 5503 .
1144 5447 1169 5483 ³
1196 5449 1221 5504 Ι
1246 5449 1373 5504 Cor.
1395 5462 1450 5515 v,
1474 5447 1564 5504 13.
1599 5447 1622 5482 ³
1650 5449 1815 5504 Deut.
1847 5464 2008 5504 χχχιι.

2090 5448 2156 5504 ,⁸
2183 5449 2288 5506 Job
2305 5464 2396 5516 XL,
2433 5447 2519 5505 l5.
2553 5449 2576 5484 ⁵
2594 5450 2709 5504 Jer.
2733 5464 2845 5517 XIV,
2872 5447 2926 5506 6.
2945 5450 2969 5484 ο
2987 5451 3129 5506 Gen.
3158 5464 3195 5516 ι,
3219 5448 3309 5504 ﬂ.
3330 5448 3352 5483 ⁷
3372 5446 3633 5518 Psal.ctl_1.

474 5464 493 5478 -
517 5464 718 5499 manu.
750 5464 872 5514 xm,
898 5464 969 5504 zu
996 5464 1057 5504 se
1101 5490 1114 5503 .
1145 5464 1169 5483 ι
1196 5464 1221 5504 ι
1246 5464 1373 5504 uor.
1395 5464 1450 5515 v,
1474 5464 1564 5504 διδ.
1599 5464 1622 5482 σ
1650 5464 1815 5504 vent.
1847 5464 2018 5518 χχχιι,
2047 5464 2095 5508 2.

400 5511 584 5587 μία
598 5508 873 5587 _dxx.v1,_'8.
911 5519 937 5554 ⁸
965 5464 1113 5575 ΡεεἸ.
1136 5532 1357 5584 LXXXIX,
1389 5518 1443 5574 6.
1487 5519 1512 5554 9
1537 5519 1643 5575 Job
1673 5535 1798 5587 xxx,
1848 5521 1902 5575 4.
1952 5520 2001 5556 ¹⁰
2040 5523 2095 5577 II

2265 5563 2277 5575 .
2310 5510 2394 5587 Iv,
2419 5521 2505 5578 39.
2555 5519 2597 5554 “
2629 5520 2733 5575 Job
2765 5510 2856 5589 χιξ,
2898 5520 2986 5578 15.
3027 5520 3076 5556 η
3122 5510 3316 5578 Eiech.
3354 5530 3528 5581 χχχιν,
3555 5510 3633 5567 ti.

401 5580 448 5618 ¹³
467 5581 637 5638 Exod.
663 5580 837 5651 x11,5.
868 5587 915 5622 ¹⁴
941 5588 1081 5643 Heb.
1116 5604 1192 5655 Iv,
1222 5589 1312 5647 45.
1342 5580 1388 5624 ίδ
1413 5591 1611 5646 Matth.
1639 5605 1767 5646 xxv.
1787 5580 1847 5628 ’ίσ
1873 5592 2008 5648 Cant

2091 5632 2106 5659 ,
2142 5591 2194 5649 7.
2220 5580 2272 5628 Ττ
2300 5580 2441 5648 Gen.
2473 5605 2704 5659 XXXVIII,
2750 5592 2829 5650 l7.
