3818 6168
165 340 248 396 953
1019 287 1448 388 AIJLEGORUE
1486 333 1563 388 IN
1603 332 1894 388 SACRAM
1933 332 2410 389 SCRIPTURAM.
3247 335 3347 390 954

163 463 362 521 Christus
387 456 615 513 Ecclesiae
646 472 745 524 pro
772 456 1023 526 pristinis
1067 457 1344 512 erratibus
1384 459 1663 528 paeniten-
1685 465 1724 516 Α
1751 457 1880 512 boni
1909 459 2094 528 operis
2112 460 2398 513 vocatione
2429 460 2637 514 inventi
2664 461 2888 515 fuerint.
2915 461 3034 526 Vel,
3062 460 3240 515 hiems
3266 467 3352 514 est

159 557 261 608 tiam
285 546 506 604 infundit.
534 546 744 610 lla'dus,
782 547 1065 616 impetitus
1096 547 1298 609 carnis,
1337 553 1396 600 ut
1438 547 1492 600 in
1527 547 1666 600 libro
1749 547 2013 601 inhabilis
2033 548 2103 602 ad
2139 551 2156 570 '
2191 549 2302 602 itus
2327 549 2600 602 attinentc
2629 549 2871 620 frigore:
2905 549 3136 603 sabbato
3162 555 3350 604 autem

157 641 356 696 iudicum
384 655 394 688 :
425 656 445 687 ι
493 633 646 687 Coxit
695 635 917 688 haedum
959 635 1188 689 Gedeon
1229 636 1270 702 ¹,
1307 655 1333 688 ι)
1369 636 1538 706 quod,
1572 635 1666 706 qui
1749 637 1969 705 longius
1997 637 2078 690 ire
2100 653 2212 691 non
2243 637 2386 702 licet,
2421 637 2750 708 prohibente
2770 639 2892 710 lege
2909 639 2984 706 *5;
3020 646 3078 693 et
3105 644 3190 693 est
3219 655 3348 694 sen-

155 733 254 784 sunt
276 724 466 788 Christi,
494 739 716 776 carnem
747 740 906 778 suam
937 725 1336 778 cruciﬁxerunt
1363 741 1493 779 cum
1516 725 1664 778 vitiis
1749 743 1845 780 sus
1879 746 1890 779 :
1925 726 2228 782 Praevidete
2259 743 2328 780 ne
2355 733 2491 781 tunc
2514 727 2794 798 incipiatis
2825 729 2965 782 iram
3004 728 3106 782 Dei
3133 728 3346 800 fugere,

155 825 196 872 et
214 812 614 886 concupiscentiis
643 811 686 864 9.
731 813 840 866 Per
894 815 1067 867 ha’tlos
1099 814 1412 885 voluptuosi
1468 831 1664 868 sensus
1747 816 1970 886 quando
1999 833 2112 870 non
2141 816 2272 869 licet
2299 815 2606 870 ambulare.
2641 819 2824 872 Hie-ms
2841 817 3019 886 frigus
3045 817 3350 872 inﬁdelita-

153 905 359 977 corporis,
384 908 438 956 ut
466 902 519 955 in
547 901 776 956 Cantica
809 921 821 954 :
861 921 888 954 «
921 903 1092 957 Pasce
1124 903 1312 957 haedos
1339 909 1466 958 tuos
1483 903 1525 969 3,
1561 923 1583 954 ι
1608 903 1664 957 id
1745 905 1838 970 tis,
1874 905 2094 960 dicente
2124 922 2326 976 sponso
2344 906 2416 960 ad
2444 923 2707 977 sponsam
2733 907 2792 960 in
2821 907 3047 961 Cantica
3073 925 3118 960 ει
3146 906 3343 977 Surge,

153 1003 226 1058 est,
244 993 520 1064 permittam
549 995 604 1044 te
631 991 850 1045 nutrire
879 992 1238 1063 voluptuosos
1278 1009 1476 1048 sensus
1515 999 1662 1047 tuos.
1753 1013 1780 1045 «
1801 995 2201 1061 amicamea‘“,
2221 1019 2246 1042 ι
2265 1011 2298 1048 a
2317 995 2504 1066 quiete
2533 995 3042 1066 contemplationis,
3063 1014 3086 1045 (ι
3109 1001 3166 1049 et
3179 995 3344 1049 veni»

153 1086 231 1137 Per
267 1083 429 1144 hzdos,
459 1078 697 1150 reprobi,
733 1087 798 1134 ut
845 1081 903 1134 in
965 1081 1264 1151 Evangelia
1301 1101 1312 1135 :
1370 1102 1394 1132 (ι
1449 1083 1670 1136 Statuet
1752 1084 1822 1137 ad
1853 1084 2098 1137 ofﬁcium
2128 1084 2541 1154 praedicationis
2568 1103 2578 1138 :
2609 1103 2634 1136 α
2654 1085 2773 1154 jam
2801 1084 2951 1138 enim
2981 1085 3162 1138 hiems
3187 1089 3348 1138 tran-

149 1172 321 1242 quidem
374 1185 490 1223 oves
548 1186 584 1221 a
649 1169 878 1234 dextris,
949 1170 1136 1224 hmdos
1199 1176 1389 1225 autem
1451 1187 1486 1224 a
1539 1171 1672 1224 sini-
1757 1194 1778 1220 ι
1819 1173 1930 1234 siit,
1973 1193 1992 1222 ι
2029 1173 2082 1226 id
2128 1178 2230 1234 est,
2277 1173 2590 1242 congelatio
2629 1173 2976 1230 inﬁdelitatis
3011 1190 3045 1248 ξι
3087 1173 3350 1228 cordibus

150 1261 243 1314 stris
263 1259 295 1326 ⁴,
326 1277 350 1311 ι
379 1259 511 1329 quod
538 1259 700 1312 electi
731 1257 1114 1326 salvabuntur,
1147 1265 1205 1314 et
1239 1259 1459 1330 reprobi
1508 1261 1670 1313 dam-
1749 1262 2003 1331 gentium
2033 1281 2044 1314 :
2085 1281 2104 1311 ι
2131 1261 2311 1315 imber
2336 1261 2477 1316 abiit
2493 1269 2550 1316 et
2572 1263 2822 1327 recessit,
2845 1262 3196 1333 xpersecutio
3215 1279 3350 1333 pau-

147 1349 384 1403 nabuntur.
1756 1350 1914 1404 latim
1939 1351 2203 1404 deficiens
2231 1351 2461 1404 omnino
2491 1352 2744 1405 cessavit.
2783 1354 2984 1416 Hiems,
3018 1351 3253 1416 malitia,
3285 1357 3352 1406 ut

198 1439 418 1490 Ilerodins
445 1441 525 1490 est
562 1436 841 1502 Christus,
874 1443 939 1491 ut
967 1437 1024 1491 in
1056 1438 1296 1493 Psalmis
1330 1457 1340 1490 :
1373 1457 1398 1490 α
1441 1439 1670 1492 ΗριὈάἱί
1752 1439 1810 1493 in
1841 1440 2157 1509 Evangelia.
2195 1459 2216 1490 α
2244 1440 2409 1493 Facta
2447 1446 2580 1494 sunt
2611 1440 2861 1495 encoenia
2880 1440 2940 1494 in
2963 1440 3347 1512 Jerosolymis,

145 1527 294 1579 domus
317 1525 414 1578 dux
441 1530 518 1578 est
550 1541 747 1578 eorum
777 1525 816 1590 ⁵,
857 1545 880 1576 ι
924 1527 1072 1596 quod
1126 1527 1389 1592 Ecclesia,
1424 1545 1546 1598 quae
1585 1535 1672 1581 est
1753 1534 1809 1582 et
1837 1528 2016 1582 hiems
2041 1534 2163 1582 erat
2193 1528 2256 1594 ‘7,
2284 1547 2310 1581 υ
2345 1529 2490 1600 quod
2522 1530 2746 1599 quando
2792 1529 2851 1583 in
2892 1530 3032 1582 festo
3071 1529 3169 1583 illo
3199 1528 3350 1582 Deus

146 1613 354 1666 habitatio
394 1613 612 1676 Christi,
671 1613 876 1668 electos
909 1615 978 1668 ad
1039 1615 1208 1668 vitam
1260 1616 1530 1686 perducit.
1563 1619 1668 1670 Hc-
1752 1617 1959 1682 docuit,
1995 1633 2190 1671 eorum
2219 1624 2418 1672 contra
2443 1617 2602 1671 illum
2633 1619 2849 1672 malitia
2881 1617 3106 1672 exarsit.
3139 1617 3346 1681 Hiems,

145 1705 300 1768 radius,
350 1703 617 1772 perfectus
673 1703 925 1772 quilibet,
979 1710 1043 1757 ut
1087 1704 1146 1758 in
1202 1704 1306 1758 Job
1342 1724 1352 1758 :
1389 1725 1416 1756 (ι
1478 1707 1670 1760 Penna
1750 1707 2012 1760 ultimum
2029 1706 2324 1776 judicium,
2356 1711 2420 1760 ut
2446 1706 2503 1760 in
2535 1707 2864 1762 Parabolis:
2904 1731 2919 1752 ι
2949 1708 3119 1760 Parat
3164 1707 3222 1760 in
3244 1723 3348 1760 aes-

144 1791 408 1844 struthionis
433 1791 631 1845 similis
661 1799 747 1845 est
786 1793 985 1863 pennis
1028 1793 1245 1847 herodii
1273 1795 1316 1859 8,
1355 1813 1376 1844 ι
1414 1795 1560 1866 quod
1587 1777 1729 1849 ιιι-Β
1753 1802 1867 1849 tate
1897 1796 2044 1866 quod
2075 1795 2333 1848 comedat
2381 1796 2440 1848 in
2485 1795 2668 1849 hieme
2710 1796 2773 1860 ‘3,
2812 1815 2838 1848 λ)
2874 1796 2930 1849 id
2966 1801 3068 1860 est,
3101 1801 3354 1848 meretur

146 1880 222 1932 lem
243 1879 508 1950 aliquando
539 1881 836 1952 hypocrita
893 1881 1116 1952 publice
1173 1883 1450 1938 actionem
1486 1891 1666 1938 osten-
1750 1885 1809 1938 in
1839 1884 2100 1954 praesenti
2129 1885 2262 1946 vita,
2286 1901 2387 1955 pro
2409 1901 2520 1954 quo
2540 1885 2999 1938 remunerabitur
3016 1884 3075 1937 in
3095 1886 3116 1906 ⁶
3137 1883 3344 1936 futura.

143 1969 213 2032 dit,
231 1969 421 2039 qualem
449 1976 672 2024 exercet
697 1971 791 2024 ille
843 1971 938 2041 qui
987 1973 1046 2025 in
1103 1973 1360 2027 omnibus
1390 1974 1667 2044 perfectus
1821 1975 2027 2040 llyama
2056 1979 2143 2026 est
2169 1972 2443 2037 diabolus,
2479 1977 2542 2026 ut
2571 1974 2628 2026 in
2659 1974 2939 2044 Propheta
2971 1992 2982 2025 :
3013 1991 3038 2024 ς(
3071 1973 3352 2042 Spelunca

143 2065 214 2110 est.
1754 2063 1964 2133 hyaenae
1985 2067 2070 2116 est
2094 2061 2392 2116 hereditas
2413 2079 2558 2118 mea.
2591 2080 2616 2114 ι
2651 2062 2707 2115 id
2739 2068 2848 2127 est,
2873 2061 3070 2125 Judaei,
3104 2077 3244 2131 quos
3290 2061 3348 2114 in

189 2149 404 2202 Herequ
432 2154 515 2202 est
553 2150 772 2216 Judzea,
801 2156 866 2204 ut
894 2151 950 2204 in
995 2151 1234 2206 Psalmis
1269 2171 1280 2204 :
1315 2170 1338 2204 α
1363 2152 1669 2222 Interrupit
1751 2151 2138 2205 haereditatem
2167 2151 2330 2219 elegi,
2365 2167 2454 2204 me
2489 2150 2706 2221 abjecto
2736 2150 3019 2204 diabolum
3051 2149 3110 2204 in
3140 2165 3202 2202 se
3222 2165 3348 2204 sus-

138 2241 302 2306 petram
325 2237 379 2290 in
404 2237 634 2292 heremo
655 2239 694 2305 7,
732 2260 752 2289 ι
787 2239 845 2293 id
875 2247 978 2307 est,
1011 2241 1277 2294 duritiam
1309 2240 1585 2308 confregit
1613 2241 1668 2294 in
1727 2245 2039 2312 ‘ceperunt.

134 2324 296 2380 Judrea.
315 2345 336 2376 α
358 2326 421 2380 Et
445 2326 750 2396 adaquavit
778 2344 874 2382 eos
903 2329 1055 2382 velut
1083 2329 1139 2382 in
1170 2329 1370 2400 abysso
1386 2330 1614 2391 multa“,
1639 2349 1662 2381 ι)
1821 2332 2068 2384 Hinnuli
2094 2336 2227 2384 sunt
2253 2329 2486 2382 virtutes
2514 2329 2854 2399 spirituales,
2889 2334 2953 2382 ut
2972 2329 3031 2382 in
3067 2329 3298 2383 Cantica
3331 2348 3343 2383 :

135 2412 324 2480 profudit
343 2415 393 2468 in
411 2419 524 2468 toto
546 2416 762 2469 mundo
783 2416 1187 2470 abundantiam
1208 2417 1523 2471 divinorum
1541 2418 1669 2470 cha-
1755 2438 1777 2469 ι
1809 2419 1932 2471 Duo
1960 2417 2136 2472 ubera
2179 2425 2282 2472 tua
2329 2417 2474 2471 sicut
2513 2417 2624 2469 duo
2673 2416 2914 2470 hinnulli
2942 2416 3006 2480 1°,
3045 2436 3069 2465 ι
3103 2417 3252 2486 quod
3291 2417 3349 2470 in

132 2500 381 2556 rismatum.
438 2505 726 2570 Herc-mus,
775 2505 1080 2575 gentilitas,
1125 2513 1190 2560 ut
1238 2507 1296 2560 in
1339 2507 1618 2577 Propheta
1651 2525 1662 2558 :
1751 2512 1988 2577 utroque
2019 2508 2244 2578 populo,
2279 2507 2512 2560 Judaico
2545 2505 2800 2560 videlicet
2845 2511 2902 2558 et
2932 2505 3146 2574 gentili,
3180 2505 3349 2577 spiri-

137 2591 588 2647 aGerminaverunt
622 2596 640 2616 *
673 2595 852 2666 campi
885 2596 1098 2649 heremi
1128 2595 1169 2660 θ,
1207 2616 1230 2647 υ
1257 2595 1405 2666 quod
1431 2595 1669 2649 intuitus
1750 2597 1931 2650 tuales
1953 2597 2056 2650 viri
2086 2602 2236 2650 sunt.

127 2679 324 2745 gentium
347 2683 584 2753 populus
617 2683 687 2736 ad
709 2683 953 2738 fructum
982 2685 1164 2754 legem
1196 2683 1470 2754 exposuit,
1500 2701 1667 2755 quam
1820 2687 2093 2740 Hinnitus
2113 2690 2199 2739 est
2217 2685 2556 2756 praedicatio,
2578 2691 2642 2738 ut
2660 2683 2719 2736 in
2754 2682 2890 2737 Job:
2918 2702 2942 2734 α
2965 2683 3350 2738 Circumdabis

130 2766 274 2821 videns
297 2771 432 2824 velut
457 2772 634 2826 odore
677 2779 898 2826 tantum
945 2773 1206 2844 suscepit.
1255 2775 1536 2836 Heremus,
1573 2791 1670 2828 au-
1751 2775 1954 2828 collum
1975 2775 2104 2845 equi
2125 2774 2350 2827 hinnitu
2364 2773 2430 2836 ³ο,
2453 2793 2479 2824 »
2503 2773 2558 2826 id
2581 2778 2684 2838 est,
2703 2779 2950 2826 mentem
2968 2772 3348 2843 praedicatoris

129 2862 252 2922 stem,
280 2861 569 2930 tranquilla
593 2867 653 2914 et
680 2878 876 2915 secura
903 2863 1031 2928 vita,
1055 2862 1127 2916 ad
1148 2878 1318 2932 quam
1345 2879 1474 2917 vere
1496 2863 1669 2917 servis
1751 2863 1957 2918 ditabis
1987 2869 2182 2917 sancta
2205 2862 2616 2934 prmdxcatiane.

129 2945 200 2998 Dei
215 2946 513 3017 fugiendum
547 2954 656 3004 est.
1825 2955 2104 3017 Hirundo,
2128 2952 2430 3006 assiduitas
2451 2951 2743 3017 orationis,
2759 2956 2823 3005 ut
2849 2952 2910 3005 in
2930 2951 3076 3006 Isaia
3101 2970 3112 3004 :
3144 2974 3167 2999 α
3197 2951 3353 3006 Sicut

176 3033 376 3089 Harmon
403 3039 652 3108 gentiles
669 3038 896 3104 indicat,
919 3040 1050 3093 utin
1073 3039 1310 3094 Psalmis
1336 3059 1347 3092 :
1386 3059 1410 3091 «
1446 3039 1668 3094 Thabor
1688 3093 1727 3113 η
1749 3043 1936 3113 pullus
1963 3041 2284 3095 hirundinis
2311 3039 2376 3103 ³1,
2403 3061 2424 3090 ι
2463 3040 2520 3094 id
2553 3046 2656 3105 est,
2684 3041 2921 3110 jugiter,
2955 3041 3026 3094 ad
3055 3039 3235 3094 instar
3261 3040 3352 3094 hi-

126 3129 164 3171 et
194 3122 407 3179 Harmon
450 3127 507 3180 in
552 3127 785 3182 nomine
840 3133 938 3182 tuo
981 3128 1339 3183 exsultabant
1364 3128 1426 3195 1°,
1463 3148 1489 3178 »
1518 3093 2028 3200 quadarnndinis,
2048 3130 2391 3204 festinantur
2413 3128 2732 3184 orabo.Per
2749 3130 3100 3194 hirundines,
3123 3127 3350 3200 superbi

125 3207 258 3265 Judai
282 3231 372 3284 per
398 3217 582 3286 legem
615 3217 900 3271 venientes
925 3223 982 3272 et
1000 3217 1320 3284 illuminati,
1352 3224 1409 3270 et
1428 3218 1668 3287 gentiles
1749 3225 1814 3274 ut
1842 3221 1900 3274 in
1924 3219 2066 3273 libra
2091 3219 2278 3274 Tobiae
2316 3218 2364 3252 ²²
2409 3236 2475 3272 ex
2507 3219 2639 3272 nido
2690 3217 3007 3272 hirundinis
3051 3217 3351 3271 dormienti

124 3297 350 3356 diabolum
378 3307 943 3364 anathematizantes.
979 3312 1034 3360 et
1063 3323 1096 3360 a
1127 3306 1277 3360 vitiis
1305 3307 1536 3361 alienati
1565 3309 1670 3361 Da-
1753 3309 1832 3362 illi
1859 3309 2042 3362 calida
2190 3325 2319 3362 vara
2339 3307 2662 3362 incidebant
2689 3306 2865 3360 oculis
2894 3307 3035 3375 ejus,
3065 3307 3252 3370 idest,
3285 3322 3351 3359 ex

125 3387 239 3441 mino
262 3396 350 3446 tuo
386 3393 546 3448 subdi
575 3395 926 3465 gaudebunt.
961 3398 980 3418 "
1017 3395 1240 3450 Thabor
1265 3395 1414 3448 enim
1443 3395 1671 3450 veniens
1753 3397 2000 3452 fomento
2016 3397 2386 3468 superborum
2409 3397 2764 3450 ﬂammantes
2784 3394 3042 3448 libidines
3056 3395 3352 3449 interiores

124 3475 286 3544 lumen,
315 3481 558 3537 Harmon
586 3485 892 3538 anathema
923 3485 1008 3537 vel
1037 3484 1258 3538 alienon
1288 3483 1494 3538 dicitur
1528 3485 1672 3538 Her-
1754 3503 1953 3539 sensus
1985 3484 2348 3556 occupabant.

125 3571 387 3638 mon,quod
407 3573 817 3644 interpretatur
838 3573 1365 3638 lumenexaltatum,
1385 3573 1670 3626 Christum
1826 3576 2027 3628 Hircus
2057 3579 2143 3626 est
2163 3573 2437 3637 Christus,
2465 3577 2530 3625 ut
2556 3573 2613 3624 in
2648 3571 2891 3625 Levitico
2941 3572 3129 3626 hircus
3177 3573 3348 3626 emis-

124 3652 614 3722 signiﬁcat.dicente
637 3663 850 3732 psalmo
877 3680 888 3715 :
917 3680 941 3713 «
979 3662 1134 3715 Sicut
1161 3679 1253 3715 ros
1283 3662 1550 3727 Herman,
1576 3661 1671 3732 qui
1755 3662 1935 3716 sarius
1964 3667 2193 3732 peccata
2215 3661 2404 3731 populi
2434 3659 2695 3730 portabat
2721 3658 2768 3692 τ’
2792 3678 2803 3725 ;
2835 3661 2984 3730 quod
3007 3661 3266 3714 Christus
3291 3660 3349 3713 in

125 3740 358 3801 descendit
387 3749 442 3803 in
465 3756 664 3804 monte
696 3751 829 3806 Sion
854 3751 917 3816 η,
947 3770 968 3800 ι
1005 3751 1060 3803 id
1080 3756 1184 3816 est,
1211 3751 1399 3820 gratia
1422 3750 1669 3804 Christi‘
1753 3752 2026 3806 mundum
2055 3767 2087 3803 a
2127 3751 2291 3803 Patre
2320 3748 2522 3802 missus
2563 3749 2792 3802 humani
2849 3749 3074 3818 generis
3122 3755 3351 3820 peccata

121 3834 320 3902 exaltati,
351 3840 444 3909 qui
475 3839 632 3894 venit
659 3841 730 3894 ad
761 3839 1086 3908 Ecclesiam,
1113 3841 1261 3910 quod
1290 3841 1402 3894 tale
1433 3846 1517 3894 est
1553 3841 1668 3893 fra-
1753 3839 2030 3911 portabat.
2087 3838 2240 3892 Hirci
2299 3837 2380 3891 illi
2436 3837 2567 3903 duo,
2599 3854 2839 3908 quorum
2879 3854 3026 3891 unus
3057 3836 3345 3903 occiditur,

121 3927 208 3973 tres
225 3923 459 3982 habitare
489 3929 548 3983 in
577 3945 758 3983 unum
786 3945 1139 3996 consensum,
1165 3929 1346 4000 qualis
1375 3936 1461 3983 est
1484 3928 1670 3999 gratia
1751 3931 1896 3983 alter
1920 3929 1978 3982 in
2005 3929 2289 3982 desertum
2317 3925 2578 3992 mittitur,
2612 3927 2896 3980 Christum
2918 3931 2975 3980 et
2994 3930 3016 3950 '
3041 3925 3349 3980 Barrabam

121 4007 298 4082 Christi,
329 4034 448 4088 quae
475 4019 770 4073 descendit
788 4019 848 4072 in
870 4019 1268 4074 eminentiores
1298 4019 1670 4073 ecclesiae.Fu-
1751 4018 1986 4090 mystice
2006 4017 2322 4087 designant.
2357 4015 2612 4069 Christus
2640 4015 2792 4069 enim
2823 4033 2924 4086 pro
2963 4015 3202 4088 peccatis
3245 4031 3346 4086 po-

121 4105 214 4153 tura
233 4106 559 4173 speculantis
590 4107 724 4162 Sion
758 4108 984 4177 specula
1012 4107 1433 4178 interpretatur.
1751 4107 1868 4177 puli
1900 4113 2140 4160 mortem
2171 4104 2321 4160 subit
2353 4125 2364 4159 :
2400 4111 2458 4158 et
2491 4107 2509 4128 *
2541 4104 2817 4160 Barrabas
2840 4107 2910 4160 ad
2932 4106 3216 4160 infernum
3247 4105 3345 4158 de-

167 4190 496 4262 Hydrapicus,
537 4198 558 4218 *
591 4195 845 4265 quilibet,
869 4203 934 4250 ut
953 4195 1010 4249 in
1042 4197 1375 4266 Evangelia:
1407 4215 1430 4246 «
1459 4197 1526 4249 Et
1544 4213 1668 4249 ecce
1751 4196 1982 4250 scendit.
2017 4197 2156 4250 Item
2189 4215 2198 4247 :

117 4274 400 4384 Ρξὰῗίῗνίωεδ
438 4289 574 4384 θΓξή.
613 4291 743 4338 ante
764 4301 918 4384 ,θωξλ
951 4283 1031 4384 ﬂ."
1051 4304 1080 4339 ³⁵
1111 4285 1260 4384 (13³οᾲ
1305 4301 1523 4384 θινδίηδεῇ
1559 4301 1669 4384 (Ῑιξο
1955 4322 2085 4369 Ante
2107 4319 2230 4384 [ares
2257 4318 2424 4384 templi
2458 4318 2593 4366 binos
2616 4320 2685 4384 lex
2706 4317 2915 4384 applicat
2941 4319 3136 4384 hircos:

143 4334 156 4344 "
235 4334 272 4378 _‘
319 4334 395 4336 ⁷
446 4334 564 4338 ”“’“⁷
615 4334 738 4338 ’“’”’
796 4334 918 4338 ⁷“”’
1001 4334 1013 4348 ⁷
1052 4334 1060 4339 ’
1116 4334 1260 4356 '1'“—
1305 4334 1425 4338 “”’”
1443 4334 1523 4372 T"
1566 4334 1663 4354 Ἰ““’
1955 4334 2085 4369 Αηῑε
2107 4334 2230 4366 101⁸03
2257 4334 2353 4366 rem
2376 4334 2424 4366 lll
2459 4334 2593 4366 DIIIOS
2618 4334 2685 4365 l8!
2706 4334 2915 4380 applicat
2943 4334 3030 4366 111Γ4

115 4367 306 4436 amplius
329 4371 604 4439 abundat,
630 4390 696 4428 eo
724 4375 850 4444 plus
877 4373 1179 4441 desiderat,
1211 4374 1353 4429 sicut
1400 4373 1670 4446 hydropi-
1689 4411 1736 4468 Ι)
1955 4443 2018 4468 ﬂ
2055 4382 2152 4468 an
2165 4395 2252 4468 nus
2275 4383 2329 4468 de
2351 4334 2732 4468 gerro-mittitur;
2752 4382 2886 4468 itte:
2904 4379 3030 4468 nepti-tl:

1955 4443 2174 4511 Christus
2200 4443 2694 4511 diversisyirtutihus
2715 4441 2878 4511 hircus
2903 4449 3097 4511 uterque
3127 4455 3137 4488 :

114 4469 324 4565 ⁸¹¹ῗξῖ¹¹¹⁰
351 4463 725 4565 ωεείῗ,δίδί¹⁵’
755 4479 821 4562 e‘.’
842 4463 1189 4565 magiis“:
1275 4557 1282 4565 ,
1327 4557 1335 4565 ,
1547 4559 1552 4565 ,
1607 4553 1638 4565 ,,
1689 4463 1728 4468 ⁷
1955 4463 3048 4565 ω’ἓῖέιῗιὶἶῖἶῗτῗπὶδιε’έιξέξζιξὶἔῒῗιἳέἶὲἓέᾍᾝῖ

163 4547 334 4616 Hiems,
367 4553 519 4623 quod
547 4557 776 4623 tempus
797 4552 1072 4622 inaequale
1097 4557 1200 4616 est,
1235 4557 1293 4604 et
1321 4553 1666 4622 tempestati-

112 4629 188 4685 bus
201 4635 447 4703 abundat,
468 4640 880 4695 abundantiam
894 4640 1211 4710 iniquitatis
1227 4639 1668 4709 designat.Unde
1752 4639 2069 4694 Sicutenim
2091 4639 2351 4691 Christus
2366 4639 2641 4707 ﬁguratus
2675 4637 2830 4690 estin
2847 4653 2992 4706 agno
3020 4641 3250 4708 propter
3266 4638 3350 4691 in-

115 4717 336 4781 Dominus
363 4729 421 4782 in
449 4729 757 4799 Evangelia
777 4729 1084 4783 secundum
1110 4731 1128 4752 ¹
1151 4729 1402 4782 Marcum
1422 4747 1468 4782 τι
1495 4729 1665 4784 Orate
1748 4727 2067 4783 nocentium
2091 4747 2102 4780 :
2139 4728 2220 4780 ita
2239 4733 2296 4780 et
2323 4727 2380 4779 in
2403 4726 2557 4780 hirco
2577 4732 2806 4796 propter
2821 4725 3006 4779 carnis
3027 4726 3349 4796 peccatricis

115 4823 162 4860 ne
183 4812 298 4883 fuga
320 4825 502 4871 vestra
527 4819 632 4872 ﬁat
659 4819 718 4872 in
737 4818 922 4872 hieme
951 4816 1013 4883 *3,
1053 4837 1077 4870 υ
1121 4817 1177 4871 id
1209 4823 1313 4882 est,
1347 4818 1570 4887 quando
1608 4819 1666 4872 in
1749 4816 2187 4870 multitudinem.
2223 4817 2442 4878 Hircus,
2475 4820 2661 4868 matus
2693 4814 2926 4868 luxurias
2959 4833 2971 4868 :
3007 4820 3070 4868 ut
3096 4814 3154 4868 in
3174 4815 3296 4886 lege
3331 4840 3344 4870 :

115 4896 410 4959 abundantia
437 4907 682 4973 fueritis,
725 4928 746 4958 ε
774 4907 861 4960 vel
897 4907 957 4960 in
1006 4906 1257 4972 sabbato,
1289 4925 1314 4958 ›>
1345 4922 1514 4976 quam
1535 4924 1664 4961 sen-
1751 4925 1778 4958 (ι
1806 4905 2006 4960 Tollite
2057 4903 2276 4958 hircum
2331 4920 2431 4974 pro
2489 4908 2714 4973 peccato
2741 4902 2808 4970 9‘,
2849 4925 2868 4953 ι
2895 4903 2951 4957 id
3009 4909 3111 4968 est,
3145 4903 3348 4957 exstin-

115 4991 302 5046 tentiam
333 4996 513 5050 Lucas
545 4997 626 5050 ita
655 4995 812 5067 ponit
837 5015 848 5048 :
879 5018 904 5043 «ι
943 4995 1183 5066 Vigilate
1231 4996 1384 5049 omni
1413 5001 1667 5066 tempore
1746 4995 1904 5065 guite
1931 4994 1990 5047 in
2017 4996 2036 5016 ‘
2069 4992 2230 5046 nobis
2259 4992 2490 5046 luxuriae
2521 4993 3115 5064 motum,priusquam
3137 4993 3208 5046 ad
3225 4993 3344 5062 ple-

114 5083 288 5134 m‘Imtes
303 5090 364 5136 ut
400 5085 562 5154 digni
595 5083 912 5138 habeamini
941 5085 1134 5155 fugere
1166 5102 1201 5137 a
1226 5089 1464 5137 ventura
1489 5084 1592 5150 ira,
1618 5090 1674 5138 et
1755 5100 1891 5137 num
1921 5099 2114 5137 arcum
2145 5081 2447 5153 proruatis.
2499 5083 2720 5147 Hircus,
2753 5083 2938 5135 carnis
2966 5080 3344 5146 immunditia,

28 5193 31 5210 ι
112 5171 222 5220 stare
245 5178 368 5226 ante
422 5174 638 5227 Filium
691 5173 935 5226 hominis
963 5172 1027 5226 Μ.
1062 5192 1088 5222 ιο
1120 5175 1292 5240 Digni
1329 5179 1520 5227 autem
1559 5189 1674 5226 non
1753 5172 1896 5226 utin
1928 5171 2164 5226 Psalmis
2196 5189 2207 5223 :
2242 5189 2267 5222 (ι
2303 5171 2548 5225 Offeram
2578 5170 2680 5224 tibi
2711 5171 2880 5224 boves
2899 5187 3023 5224 cum
3053 5169 3223 5223 hircis
3240 5167 3341 5234 ’5,»

113 5263 252 5322 emat,
283 5261 376 5330 qui
401 5267 544 5316 tunc
571 5261 631 5314 in
659 5261 1008 5316 abundantia
1035 5261 1369 5332 iniquitatis,
1395 5267 1453 5316 et
1471 5278 1585 5316 non
1613 5262 1672 5315 in
1755 5261 1810 5314 id
1843 5265 1944 5326 est,
1971 5261 2042 5314 ad
2061 5261 2332 5314 honorem
2362 5264 2524 5312 tuum
2550 5259 2804 5313 mactabo
2831 5260 2890 5313 in
2909 5275 2999 5313 me
3026 5257 3346 5328 superbiam

136 5395 172 5475 _‘
197 5397 308 5475 iugi,
329 5417 412 5475 vi,
446 5400 532 5458 19.
560 5403 586 5436 ²
617 5403 737 5475 (ἰαὶ.
757 5419 816 5475 ὴν,
847 5403 937 5457 24.
967 5402 990 5437 ³
1019 5404 1179 5459 Cant.
1213 5419 1252 5468 1,
1282 5403 1335 5458 8.
1360 5404 1382 5438 ⁴
1411 5406 1610 5458 Matth.

1832 5403 1893 5458 ω.
1927 5403 1949 5436 ⁵
1976 5403 2127 5475 Ρεαι.
2156 5416 2274 5475 om,
2308 5398 2398 5455 17.
2423 5401 2446 5434 θ
2469 5401 2785 5475 lobygxxx,
2824 5401 2901 5457 16.
2925 5401 2944 5436 ⁷
2965 5401 3340 5475 Ρβξιικμχξνιι,

28 5460 31 5546 ξ
113 5460 172 5516 15.
194 5466 366 5546 8Ibid.
392 5460 585 5540 Hoc],
619 5489 678 5543 II,
709 5460 877 5532 252.,io
907 5475 1052 5530 Psal.
1081 5460 1346 5546 lxxxviii,
1383 5475 1472 5530 13.
1507 5476 1548 5510 ¹¹
1576 5477 1723 5530 Psal.
1759 5460 1966 5540 cxxxu,
2001 5473 2051 5529 3.
2087 5473 2132 5546 1?
2161 5460 2302 5546 1.9.5.
2328 5485 2439 5536 xxv,
2473 5469 2526 5526 2.
2559 5469 2608 5546 1":
2625 5460 2974 5546 Marciana
2998 5469 3105 5546 2Q._
3133 5460 3342 5546 ‘fLuc:

112 5546 189 5616 in.
219 5541 258 5574 ¹⁵
287 5544 452 5600 Exod.
475 5561 610 5616 xvi,
639 5541 727 5602 ‘29.
761 5546 806 5580 ¹⁶
838 5547 1000 5600 Cant.
1027 5562 1089 5612 Π,
1127 5545 1205 5611 lO,
1242 5547 1286 5581 ¹⁷
1315 5548 1476 5602 Joan.
1513 5562 1566 5600 v.
1595 5547 1684 5602 ‘22.
1717 5547 1762 5580 ¹⁸
1789 5547 1950 5600 Prov.
1988 5559 2062 5610 v1,
2092 5543 2144 5599 8.
2187 5543 2424 5616 “Cant.
2450 5557 2546 5608 vn,
2582 5541 2632 5597 3.
2666 5543 2714 5577 ²⁰
2741 5544 2844 5598 Job
2871 5558 3018 5610 xxxx,
3043 5542 3132 5608 “2'2,
3164 5544 3341 5614 ",Isa.

115 5615 292 5678 XXXVIII,
319 5617 410 5671 14.
441 5615 492 5650 ²²
519 5617 660 5672 Tob.
695 5619 875 5685 11,11.
904 5617 952 5651 ³³
981 5619 1109 5672 Lev.
1133 5632 1246 5683 xvr,
1271 5618 1361 5675 ‘22.
1387 5617 1434 5652 ²⁴
1463 5619 1536 5673 Le

807 5619 875 5672 Η.
904 5617 952 5651 ³³
981 5619 1109 5672 Lev.
1133 5632 1246 5683 XVI,
1271 5618 1361 5675 ‘22.
1387 5617 1434 5652 ²⁴
1463 5619 1592 5673 Lev.
1628 5633 1703 5683 1x,
1735 5617 1788 5672 3.
1821 5617 1868 5651 ³⁵
1892 5617 2038 5670 Fsal.
2073 5631 2198 5679 LXV,
2228 5613 2315 5669 45.
