3854 6164
455 314 556 370 955

1036 315 1096 368 Β.
1141 313 1680 370 RABANI'MAUBI
1725 313 2065 369 ARCHIEP:
2105 313 2431 369 MOGUNT.
2473 313 2772 368 OPERUM
2810 312 2991 367 PARS
3029 311 3130 367 ΙΙΙ.

411 425 428 436 ’
447 439 650 493 mentis
703 451 832 493 cum
877 440 1191 508 petulantia
1245 440 1448 493 carnis.
1477 441 1585 494 Per
1615 442 1722 493 him
1741 458 1837 492 um
1874 445 2104 511 operaA
2128 442 2381 494 llam-imis
2409 439 2782 510 appellatione
2813 441 2835 464 θ
2861 440 3242 509 designantur,
3272 439 3332 492 ut
3368 439 3420 493 in
3445 440 3644 497 Psalmis

445 527 788 599 pmnitentias
811 546 821 580 :
849 535 912 584 ut
929 529 985 581 in
1001 529 1217 582 cantico
1242 529 1661 583 Deuteronomii
1683 550 1692 582 :
1713 549 1740 582 s
1765 531 1834 584 Et
1860 531 2043 584 hircos

445 633 572 670 cum
602 617 847 671 medulla
874 617 1044 670 tritici
1076 618 1114 683 ¹,
1147 643 1163 664 ι
1210 618 1264 671 id
1311 626 1411 679 est,
1449 628 1618 688 Opera
1672 619 1836 673 faciet
1873 621 2044 689 pmni-

443 705 652 768 tentias,
689 707 912 774 Quando
968 708 1214 778 pewepit
1269 725 1469 778 corpus
1519 709 1747 762 Christi.
1803 709 2036 763 Item”:

452 815 473 843 ι
510 795 817 849 Censtituit
866 805 994 850 eum
1053 797 1177 861 (hoc
1237 802 1338 860 est,
1375 798 1642 868 populum
1689 799 1758 852 de
1803 799 2040 870 .Egypto

446 884 726 951 eductum)
777 901 947 956 super
998 873 1274 940 excelsam
1329 893 1559 951 terram,
1611 893 1672 941 ut
1723 889 2042 942 comederet

444 973 661 1027 fructus
689 984 973 1042 agrorum,
1007 981 1072 1028 ut
1095 981 1324 1044 augeret
1361 975 1471 1030 niel
1503 977 1570 1028 de
1600 981 1778 1047 petra,
1822 977 2039 1030 oleum-

446 1078 554 1131 que
575 1061 643 1114 de
673 1077 804 1116 saxo
825 1061 1154 1116 durissimo:
1192 1063 1457 1134 butyrum
1478 1065 1547 1118 de
1579 1071 1928 1128 armento,et
1956 1066 2040 1118 lac

445 1151 514 1204 de
533 1150 727 1204 oribus
755 1160 879 1206 cum
909 1151 1074 1222 adipe
1100 1161 1374 1221 agnorum
1403 1159 1461 1207 et
1507 1155 1747 1208 arietum
1798 1155 2039 1208 iiliorhm

448 1240 648 1304 Busan,
677 1245 739 1292 et
761 1241 946 1295 hircos
965 1250 1090 1294 cum
1121 1242 1384 1304 medulla,
1405 1243 1593 1308 tritici,
1625 1250 1681 1296 et
1710 1244 2040 1313 sanguinem

449 1344 564 1382 uvae
590 1327 808 1383 biberet
831 1331 1299 1389 meracissimum.
1323 1354 1346 1383 »
1374 1333 1625 1404 Mystice,
1674 1334 1914 1404 populus
1942 1335 2046 1387 Ju~

445 1418 692 1472 datorum
730 1439 751 1470 ι
785 1426 872 1472 est
901 1421 1139 1490 populus
1163 1421 1634 1486 Christianorum,
1667 1423 1849 1476 Deum
1877 1423 2046 1476 conii-

446 1508 706 1560 tentilm].
739 1529 760 1558 α
792 1510 1064 1580 :Egyptﬂs
1101 1519 1121 1559 δ
1158 1515 1244 1564 est
1296 1511 1630 1577 inﬁdelitas;
1685 1531 1710 1562 or
1744 1528 1898 1565 mare
1929 1513 2044 1566 Ru—

447 1594 634 1660 brum,
671 1618 692 1648 »
718 1597 1057 1668 baptismum
1088 1599 1144 1653 in
1185 1599 1394 1654 Christi
1439 1601 1712 1669 sanguine
1751 1617 2044 1655 consecren-

445 1691 585 1748 tum,
617 1705 640 1736 α
661 1687 965 1750 desertum,
993 1708 1018 1738 ω
1035 1688 1278 1749 mdndus
1299 1707 1310 1750 ;
1333 1695 1362 1740 ά
1387 1693 1541 1742 terra
1558 1690 1758 1754 Basan,
1778 1711 1804 1740 ι)
1821 1707 1945 1760 quae
1961 1697 2046 1744 est

2125 529 2370 596 legitur:
2411 547 2437 580 α
2465 529 2642 582 Ortus
2700 533 2786 581 est
2839 529 2924 582 sol
2950 528 2991 593 θ,
3031 548 3050 576 ι
3085 527 3372 581 resurrexit
3395 529 3638 592 Dominus,

2131 639 2151 667 ι
2187 624 2244 670 et
2289 618 2611 688 congregati
2661 622 2812 683 sunt,
2843 636 2870 666 δ)
2903 616 3080 670 Judaei
3109 616 3310 670 scilicet
3333 617 3385 669 in
3419 619 3646 673 unitatem

2124 707 2254 760 fidei
2285 725 2298 759 :
2340 725 2365 757 (ι
2400 713 2458 760 et
2485 707 2542 760 in
2569 705 2842 760 cubiculis
2871 705 2988 759 suis
3035 704 3448 770 collocabuntur,
3482 713 3501 757 ὑ
3531 711 3654 777 quod

2126 795 2388 866 baptisati
2433 795 2784 866 requiescent
2819 795 2877 848 in
2919 793 3268 848 conscientiis
3303 795 3426 848 suis.
3459 811 3479 844 ι
3507 797 3655 850 Exibit

2123 885 2290 939 homo
2320 886 2392 939 ad
2417 899 2562 956 opus
2611 901 2757 948 sum,
2793 903 2820 937 ι
2856 885 3003 954 quod
3032 883 3252 937 Christo
3280 889 3586 953 resurgente,
3611 897 3656 940 et

2123 975 2481 1028 multitudine
2507 975 2830 1029 Judmorum
2851 973 2923 1027 ad
2945 973 3113 1026 fidem
3142 973 3597 1039 veniente,chorus
3611 988 3658 1028 s-

2123 1064 2463 1134 postolorum
2485 1063 2540 1116 in
2565 1068 2789 1117 omnem
2807 1065 3018 1116 terram
3036 1062 3281 1116 exivitnd
3299 1062 3657 1132 praedicandum

2121 1151 2491 1221 evangelium,
2507 1151 2655 1222 quod
2676 1151 2832 1222 prius
2846 1150 3127 1204 residebat
3145 1155 3366 1221 propter
3379 1157 3564 1204 metum
3587 1151 3660 1205 Ju-

2126 1242 2396 1305 d-teorum,
2429 1261 2451 1290 ι
2476 1247 2536 1296 et
2556 1241 2627 1294 ad
2649 1241 3030 1310 operationem
3061 1243 3222 1292 suam
3240 1256 3406 1310 usque
3431 1240 3494 1292 ad
3511 1253 3662 1311 maps-

2126 1347 2268 1396 ram,
2312 1349 2332 1378 n
2369 1330 2422 1383 id
2455 1336 2557 1394 est,
2592 1330 2662 1383 ad
2685 1329 3006 1382 continuam
3039 1329 3491 1399 przedicationem,
3517 1338 3662 1400 usque

2127 1421 2197 1473 ad
2224 1419 2621 1473 tenebritatem
2645 1419 2704 1472 in
2737 1419 2846 1472 fine
2874 1417 3080 1480 seaculi,
3104 1423 3207 1488 per
3220 1417 3588 1472 Antichrisz
3599 1417 3664 1471 fu-

2125 1515 2334 1566 turam.
2373 1510 2624 1577 Operatio
2654 1513 2740 1561 est
2766 1507 2952 1578 operis
2981 1506 3340 1561 continuatio.
3375 1508 3540 1572 Homo;
3567 1507 3666 1576 quis

2127 1597 2263 1652 libet
2293 1598 2645 1668 prmdicator,
2678 1600 2741 1650 ut
2785 1597 2842 1649 in
2875 1596 3174 1666 Evangelio
3201 1615 3213 1649 :
3244 1597 3324 1650 Ite
3352 1596 3406 1648 in
3425 1593 3666 1649 castellum

2127 1688 2274 1758 quod
2305 1694 2502 1740 contra
2521 1691 2616 1740 vos
2643 1689 2744 1751 est,
2772 1691 2828 1739 et
2855 1685 3151 1739 invenietis
3172 1685 3384 1738 asinam
3409 1685 3664 1754 alligatam,

449 1774 506 1830 in
537 1776 838 1841 montanis,
877 1782 934 1830 et
961 1781 1175 1830 sici-itm
1203 1778 1628 1848 interpretatur,
1665 1780 1937 1843 Ecclesiae,
1970 1781 2040 1833 ab
2062 1763 2294 1846 Bsuper
2325 1792 2491 1846 quam
2519 1782 2683 1828 nemo
2729 1773 3022 1828 hominum
3059 1773 3206 1828 sedit
3233 1773 3272 1838 ῖς,
3308 1793 3333 1825 ι
3363 1773 3499 1843 quod
3531 1777 3668 1843 popu-

337 1886 348 1892 '
447 1880 637 1918 amore
667 1865 862 1919 mundi
883 1866 1106 1936 penims
1127 1867 1271 1920 sicca
1299 1870 1319 1890 ⁶
1339 1868 1604 1938 omnique
1633 1869 1824 1922 mundi
1841 1870 2041 1924 celsior

447 1952 798 2022 intelligit-ur.
835 1979 858 2005 ι(
893 1956 1130 2009 Frdctus
1175 1971 1438 2026 agrorum
1477 1977 1495 2005 ι
1530 1957 1764 2012 virtutes
1814 1967 1946 2012 sunt
1983 1967 2040 2014 et

448 2057 631 2112 opere
649 2043 918 2098 ﬁdelium.
939 2063 964 2096 «
983 2046 1090 2099 Mel
1103 2045 1170 2098 de
1203 2053 1378 2115 petra,
1406 2068 1430 2095 ιι
1455 2047 1690 2100 dulcedo
1709 2049 2038 2118 evangelica:

449 2131 714 2186 doctrina:
764 2133 832 2187 de
865 2133 1086 2188 Christo
1135 2142 1266 2188 ante
1319 2135 1654 2206 passionem.
1683 2157 1704 2186 α
1739 2137 1939 2191 Oleum
1971 2139 2040 2192 de

448 2237 578 2273 saxo
605 2221 926 2284 durissimo,
965 2245 990 2271 »
1026 2226 1045 2245 ‘
1069 2223 1529 2299 niistioSpiritus
1559 2225 1735 2278 sancti
1779 2227 1848 2280 de
1887 2227 2043 2281 Chri-

449 2314 534 2362 sto
563 2309 869 2364 immortali
898 2311 1042 2365 facto
1075 2332 1088 2366 :
1123 2332 1147 2363 ε
1181 2312 1447 2382 butyrum
1471 2314 1540 2367 de
1561 2320 1834 2376 armento,
1857 2335 1882 2368 ι)
1916 2317 2042 2386 pin-

445 2399 574 2467 guis
601 2405 661 2452 et
688 2399 908 2454 subtilis
939 2401 1194 2455 doctrina
1221 2401 1467 2456 fortium.
1505 2421 1530 2455 α
1565 2405 1674 2457 Lac
1702 2404 1772 2458 de
1785 2405 1977 2458 ovibus
1997 2425 2041 2468 ν,

2121 1867 2239 1919 lum
2268 1865 2538 1934 gentilem
2571 1865 2758 1918 nullus
2776 1863 2958 1918 adhuc
2973 1863 3246 1916 docuerat
3267 1862 3582 1933 pradicatdr.
3596 1863 3668 1916 ln-

2121 1960 2338 2008 trantes
2370 1955 2519 2008 enim
2573 1953 2846 2007 mundum
2881 1952 3117 2024 apostoli
3170 1951 3500 2005 contrarium
3541 1951 3668 2004 illuni

2122 2044 2454 2098 invenerunt
2485 2043 2752 2114 populum
2782 2042 3057 2111 gentium,
3094 2047 3444 2110 peccatorum
3471 2039 3667 2093 vinculis

2125 2134 2426 2197 irretitum,
2455 2132 2544 2185 cui
2574 2132 2761 2185 n'ullhs
2797 2130 3188 2184 rationabilem
3238 2131 3512 2184 doctorum
3557 2141 3672 2198 pm—

2125 2222 2248 2285 fuit,
2283 2221 2376 2292 qui
2407 2238 2506 2292 per
2551 2220 2799 2280 frenum,
2821 2219 3184 2274 correctionis
3214 2220 3299 2272 vel
3337 2235 3371 2272 a
3392 2218 3526 2272 malo
3549 2215 3673 2270 colli-'-

2127 2311 2302 2376 beret,
2336 2311 2422 2364 vel
2453 2309 2662 2364 bonum
2697 2315 2794 2364 eos
2841 2315 3034 2363 tenere
3074 2313 3320 2379 cogeret:
3347 2310 3577 2362 Hominis
3600 2318 3678 2360 no-

2127 2401 2278 2454 mine
2303 2401 2491 2470 justus
2511 2399 2800 2469 accipitur.
2847 2405 2912 2452 ut
2954 2399 3092 2452 illud
3126 2416 3137 2451 :
3175 2415 3206 2449 α
3239 2395 3551 2452 Conturbati
3571 2401 3679 2448 sunt

450 2487 585 2542 levis
617 2489 875 2544 doctrina
900 2489 1258 2560 simplicium.
1283 2513 1302 2541 α
1319 2493 1506 2562 Adeps
1533 2499 1806 2562 agnorum
1824 2500 1882 2548 et
1900 2495 2046 2548 arie-
2129 2505 2324 2544 omnes
2348 2489 2444 2560 qui
2473 2489 2738 2542 viderunt
2763 2491 2894 2542 enin
2909 2488 2952 2552 ⁸,
2979 2508 3004 2540 a
3040 2488 3190 2558 quod
3223 2487 3386 2540 corde
3405 2483 3678 2555 compuncﬁ

447 2583 590 2640 tum,
619 2595 644 2628 ι)
678 2578 969 2647 spirituale
998 2580 1357 2644 desiderium,
1396 2582 1542 2651 quod
1589 2581 1746 2635 nobis
1793 2585 2046 2654 exemplo
2129 2583 2278 2645 sunt,
2306 2579 2402 2649 qui
2433 2584 2661 2648 peracta
2691 2577 3100 2632 resurrectione
3131 2574 3680 2643 saltatorisintelligt-

450 2665 788 2734 simplicium
815 2667 872 2720 in
903 2666 1255 2723 subditorum
1287 2676 1346 2722 et
1370 2671 1599 2724 fortium
1631 2672 2044 2742 propositorum
2128 2668 2282 2734 bant,
2317 2668 2538 2722 Judmos
2564 2684 2688 2720 esse
2708 2667 3042 2730 inefﬁcaces,
3073 2681 3100 2716 (ι
3132 2672 3198 2719 et
3225 2665 3413 2720 timuit
3437 2663 3682 2718 omnisbo-

449 2754 692 2809 filiorum
723 2755 979 2810 Ecclesia
1008 2757 1191 2811 adhuc
1223 2759 1600 2812 ministratur;
1637 2763 1855 2821 Hircus,
1879 2776 2048 2831 opera
2132 2775 2242 2821 mo,
2275 2777 2295 2807 ι
2321 2757 2469 2828 quod
2491 2756 2832 2810 consortium
2849 2755 3281 2809 illorumomnis
3294 2756 3475 2824 justus
3501 2751 3682 2805 ratiohe

449 2843 789 2912 poenitentiae
841 2845 900 2898 in
956 2847 1108 2898 omni
1163 2848 1343 2916 gradu
1401 2848 1672 2902 virtutum
1710 2851 2043 2904 necessaria.
2129 2847 2320 2916 vigens
2340 2845 2578 2916 expavit.
2605 2848 2792 2909 Homo,
2845 2845 3193 2914 evangelista
3230 2844 3530 2910 Mattheus,
3563 2839 3684 2894 utin

453 2951 479 2985 α
513 2933 758 2987 Medulla
788 2934 960 2988 tritici
990 2941 1048 2988 et
1073 2937 1302 3005 sanguis
1344 2941 1501 2992 uvae‘
1530 2937 1745 2990 biberet
1786 2941 2049 2992 meracis-
2129 2935 2416 2989 Ezechiele
2450 2954 2464 2988 ε
2499 2954 2524 2986 α
2558 2935 2748 2988 Facies
2791 2933 3031 2987 hominis
3059 2933 3101 2998 θ,
3136 2953 3164 2985 )›
3202 2933 3350 3004 quod
3405 2930 3678 2993 Muttines,

449 3021 642 3084 simus,
685 3042 704 3074 ι
761 3023 974 3092 paritas
1031 3025 1278 3094 corporis
1335 3025 1539 3079 Christi
1572 3032 1630 3080 et
1657 3027 1886 3097 sanguis
1925 3031 2047 3098 ejus
2069 3086 2104 3098 Α
2129 3042 2230 3095 pro
2253 3033 2318 3078 eo
2343 3025 2493 3095 quod
2525 3024 2594 3077 de
2631 3023 2858 3077 homine
2901 3022 3142 3076 scribere
3173 3023 3364 3093 cii-pit,
3408 3035 3502 3092 per
3537 3017 3681 3072 homi-

450 3086 836 3175 sdavissimus,
873 3111 1074 3182 quibus
1105 3086 1206 3166 Dei
1232 3115 1473 3184 populus
1502 3116 1571 3168 ad
1604 3086 1844 3170 salutem
1878 3086 2045 3171 eniit-
2063 3086 2106 3146 Ο
2129 3086 2260 3166 hem
2290 3086 2587 3184 expressus
2607 3116 2712 3166 est;
2745 3113 2936 3176 Homo,
2959 3111 3104 3164 ratio
3127 3086 3358 3176 mentis;
3457 3109 3508 3162 in
3535 3108 3682 3160 Evan-

447 3199 588 3253 titur
621 3217 632 3252 ε
665 3199 855 3254 hircus
885 3201 1056 3267 enim,
1090 3202 1186 3272 Qui
1213 3203 1471 3272 petulans
1501 3210 1602 3269 est,
1629 3204 1861 3259 luxuriae
1887 3207 2045 3260 dedi-
2126 3203 2274 3274 gelio
2309 3221 2320 3255 :
2361 3222 2382 3254 ι
2419 3201 2716 3256 Hominem
2761 3210 2874 3255 non
2925 3200 3123 3264 habeo,
3185 3207 3270 3266 ut,
3330 3200 3454 3254 cuiu
3494 3195 3683 3252 turbata

449 3293 566 3342 ctos
595 3288 824 3344 indicat.
2127 3292 2296 3346 fuerit
2309 3307 2472 3362 aqua,
2497 3291 2688 3346 mittat
2717 3303 2808 3344 me
2833 3289 2891 3344 in
2920 3289 3217 3360 piscinam,
3259 3307 3280 3340 ι
3313 3289 3369 3342 id
3397 3294 3536 3351 est,"
3573 3281 3684 3337 mihi

520 3379 690 3432 Homo
719 3385 805 3432 est
833 3380 982 3433 Deus
1013 3380 1197 3445 Pater,
1230 3387 1295 3434 ut
1321 3381 1381 3434 in”
1414 3381 1710 3452 Evangelia
1740 3402 1750 3436 :
1785 3403 1811 3434 «
1847 3385 2040 3440 Simile
2125 3381 2348 3435 interna
2377 3381 2590 3446 deesse,
2623 3383 2746 3450 quas
2793 3392 2892 3450 per
2947 3377 3378 3432 meditationem
3421 3373 3685 3431 Dominiw

449 3472 534 3520 est
552 3483 790 3537 regnum
817 3469 1083 3522 caelorum
1114 3469 1327 3523 homini
1354 3471 1491 3540 regi,
1519 3471 1616 3542 qui
1645 3471 1776 3526 fecit
1813 3474 2042 3544 nuptias
2125 3470 2401 3540 passionis
2430 3474 2591 3523 sanet
2616 3485 2724 3522 me.
2757 3469 2946 3532 Homo,
2991 3466 3233 3538 quilibet
3281 3467 3518 3537 iniquus,
3551 3464 3683 3534 juxta

447 3555 563 3610 ﬁlio
586 3571 686 3609 suo
703 3555 744 3618 3,
787 3575 812 3609 »
837 3558 893 3611 id
933 3563 1037 3622 est,
1073 3558 1184 3612 Deo
1240 3559 1411 3624 Patri,-
1443 3560 1536 3630 qui
1569 3561 1869 3615 Ecclesiam
1917 3576 2044 3616 COll-
2125 3559 2261 3612 illud
2297 3578 2308 3612 :
2350 3577 2372 3609 ι
2407 3559 2665 3613 Judicare
2694 3557 2908 3628 pupillo
2941 3561 2998 3609 e‘t
3029 3557 3236 3610 humili
3267 3555 3332 3619 ω,
3369 3573 3388 3605 ι
3419 3553 3474 3607 id
3505 3559 3599 3614 εει,
3632 3554 3684 3603 ιη

441 3645 630 3714 junxit
657 3646 896 3700 Christo.
919 3648 1060 3701 Tum
1083 3648 1231 3701 enim
1249 3649 1396 3701 Deus
1421 3650 1588 3703 Pater
1618 3650 1756 3703 Filio
1783 3667 2044 3722 suonup-
2126 3665 2236 3702 non
2267 3651 2571 3718 praesumat
2617 3646 2856 3716 amplius
2900 3645 3126 3715 iniquus
3179 3644 3470 3716 superbire
3505 3642 3555 3694 in
3597 3646 3685 3692 ter-

447 3733 554 3788 tias
574 3734 720 3799 fecit,
755 3736 979 3804 quando
1012 3736 1194 3791 Verbo
1222 3755 1324 3791 suo
1355 3745 1617 3792 naturam
1647 3746 1806 3792 'suam
1837 3741 2035 3794 univit.
2123 3737 2290 3790 renis.
2325 3737 2444 3790 Huc
2472 3742 2560 3789 est
2589 3735 2739 3789 enim
2795 3734 3137 3788 desiderium
3197 3738 3522 3806 pauperum,
3559 3725 3681 3800 quod

447 3824 1244 3894 HomaintelligiturChristus,
1270 3833 1334 3879 ut
1361 3827 1418 3880 in
1450 3827 1748 3898 Evangelio
1775 3851 1783 3880 :
1810 3841 1832 3880 ι
1859 3829 2038 3883 Homo
2121 3825 2403 3878 exaudivit
2429 3824 2702 3878 Dominus
2735 3842 2747 3876 :
2799 3823 2888 3876 vel.
2929 3826 3181 3878 eatenus.
3235 3821 3440 3893 quibus
3473 3817 3682 3872 mundus

446 3912 674 3981 quidem
696 3923 930 3982 peregre
959 3915 1316 3984 proﬁciscens
1343 3917 1556 3970 vocavit
1582 3932 1770 3971 servos
1798 3934 1948 3984 suos,
1982 3918 2039 3971 et
2121 3914 2225 3967 iste
2245 3919 2503 3968 mortuus
2523 3918 2626 3979 est,
2644 3917 2702 3966 et
2723 3911 2820 3982 qui
2840 3917 2972 3965 sunt
2995 3910 3244 3964 humiles
3275 3909 3550 3980 judicatur
3564 3919 3678 3976 qua.

445 4001 678 4056 tradidit
696 4001 808 4056 illis
835 4002 980 4056 bona
995 4020 1097 4056 sua
1122 4004 1144 4038 ⁴
1167 4023 1177 4056 :
1217 4025 1242 4055 υ
1277 4004 1533 4058 Christus
1556 4006 1704 4060 enim
1729 4008 2035 4061 secundum
2118 4009 2283 4056 tenus
2307 4002 2543 4057 ulterius
2573 4001 3048 4072 quilibetiniquus
3066 4015 3178 4053 non
3207 4005 3506 4070 pratsumet
3531 3993 3678 4048 extol-

444 4105 670 4142 carnem
698 4091 765 4143 ad
793 4092 994 4145 caelum
1021 4103 1375 4158 ascensurus,
1407 4094 1696 4164 discipulis
1725 4096 1858 4161 suis,
1897 4107 2036 4166 quos
2119 4093 2232 4145 lere
2261 4109 2319 4144 se
2348 4105 2519 4162 super
2557 4096 2800 4151 sanctos:
2837 4089 2932 4159 qui
2979 4094 3204 4142 retento
3259 4087 3432 4142 diVini
3459 4083 3596 4138 verbi
3629 4095 3679 4134 ³⁸

444 4179 706 4246 elegerat,
733 4179 950 4232 diversa
979 4181 1126 4234 bona
1174 4198 1273 4252 pro
1321 4183 1672 4251 singulorum
1706 4187 1725 4207 '
1749 4184 2035 4256 captivita-
2119 4181 2270 4234 mine
2299 4182 2542 4234 fructum
2599 4181 2842 4233 afferunt
2893 4179 2952 4232 in
3001 4178 3300 4248 patientia.
3335 4179 3515 4240 Ηωηο,
3543 4171 3680 4226 Anti-

441 4272 556 4318 tem
590 4267 822 4337 largitus
851 4275 952 4322 est.
993 4289 1013 4318 α
1040 4269 1146 4324 Ubi
1175 4269 1329 4324 dedit
1348 4271 1594 4342 quinque
1621 4273 1853 4339 talenta,
1889 4293 1912 4325 ι
1933 4276 2037 4328 hoc
2118 4271 2377 4334 Christus,
2439 4276 2506 4323 ut
2557 4269 2614 4322 in
2673 4269 2845 4324 Paulo
2879 4287 2890 4321 :
2921 4287 2947 4318 α
2979 4267 3262 4330 Quoniam
3301 4266 3408 4320 nisi
3446 4259 3676 4316 venerit'

444 4362 546 4422 est,
581 4357 919 4412 exteriorum
961 4359 1320 4416 sententiam.
1344 4351 1476 4430 qua:
1497 4361 1752 4415 sensibus
1790 4365 2035 4434 corporis
2117 4360 2390 4414 dissensio
2407 4359 2676 4428 primum;
2709 4365 2766 4411 et
2779 4357 3054 4410 revelatus
3079 4355 3256 4409 fuerit
3283 4355 3449 4408 homo

443 4444 696 4514 subjacet
718 4465 728 4498 :
754 4462 775 4496 α
794 4447 888 4499 alii
919 4449 1093 4500 unum
1127 4455 1172 4514 ἡ,
1191 4445 1294 4501 hoc
1325 4453 1426 4512 est,
1445 4447 2035 4506 interiorumintellec-
2053 4449 2096 4505 D
2117 4449 2265 4502 ﬁlius
2295 4447 2639 4519 perditionis,
2659 4446 2756 4516 qui
2787 4446 3116 4499 adversatur
3143 4447 3204 4498 et
3231 4443 3513 4499 extollitur
3537 4451 3681 4508 super

442 4539 590 4587 tum:
613 4553 636 4585 κ
657 4535 750 4588 alii
773 4553 900 4590 vero
923 4537 1052 4602 duo,
1079 4557 1099 4586 ι
1119 4534 1223 4590 hoc
1243 4544 1328 4590 cst
1345 4544 1666 4610 utrumque.
1687 4541 1942 4612 Quinque
1954 4547 2035 4594 ta-

442 4623 594 4677 lenta
620 4625 996 4694 duplicantur,
1015 4643 1142 4680 cum
1166 4631 1222 4680 et
1249 4627 1344 4680 alii
1365 4629 1642 4681 exteriora
1657 4627 1898 4683 ﬁdeliter
1927 4630 2033 4682 mi-

440 4711 680 4765 nistrare
699 4713 988 4768 docentur.
998 4715 1118 4768 Duo
1129 4721 1319 4769 autem
1333 4716 1544 4770 talenta
1557 4717 1668 4770 alia
1678 4719 2030 4772 duofaciunt.

441 4801 659 4870 quoties
688 4801 785 4854 alii
816 4808 872 4855 et
901 4803 1068 4858 rebus
1096 4805 1464 4858 exterioribus
1513 4805 1652 4859 bene
1681 4821 1936 4877 praeesse,
1978 4814 2036 4861 et

439 4889 719 4959 spirituali
731 4889 1120 4961 intelligimi'ne
1139 4893 1456 4948 formantur
1469 4895 1522 4949 ni
1533 4895 1838 4950 hilominus
1848 4895 2034 4950 deser-

438 4978 570 5032 vire.
603 4979 900 5033 Talentum
931 4998 1060 5034 vero
1085 4982 1141 5034 in
1171 4987 1380 5035 terram
1409 4984 1672 5036 defodere
1693 4990 1778 5036 est
1808 4999 2031 5038 omnem

437 5068 784 5122 intellectum
814 5071 1054 5123 terrenis
1083 5072 1432 5125 solummodo
1455 5073 1694 5142 negotiis
1720 5073 2026 5144 implicare.

438 5159 612 5212 Porro
635 5159 912 5212 talentum
943 5158 1251 5224 abscondit,
1273 5161 1524 5232 quisquis
1547 5170 1833 5232 acceptum
1855 5171 1889 5216 a
1913 5164 2028 5216 Deo

435 5247 782 5304 intellectum
814 5248 1026 5302 nemini
1054 5250 1268 5320 pandit.
1306 5253 1494 5314 Homo,-
1515 5251 1854 5322 Redemptor
1873 5265 2031 5306 mun~

435 5336 511 5402 di,
543 5343 607 5389 ut
632 5337 689 5390 in
714 5338 818 5392 Job
851 5357 862 5391 :
904 5358 930 5390 (ι
958 5339 1083 5393 Non
1117 5339 1348 5410 aspiciet
1376 5357 1464 5394 me
1495 5341 1643 5394 visus
1673 5341 1912 5395 hominis
1933 5341 1973 5406 ⁵,
2003 5361 2024 5391 »

441 5427 496 5480 id
527 5433 629 5492 est,
663 5431 775 5481 non
804 5445 892 5482 me
913 5426 1193 5482 remeabit
1213 5429 1596 5484 misericordia
1615 5417 2025 5500 Redemptoris.

2117 4541 2282 4591 omne
2312 4537 2458 4608 quod
2479 4536 2682 4589 dicitur
2710 4537 2876 4600 Deus,
2901 4539 2998 4588 aut
3028 4535 3176 4604 quod
3214 4534 3436 4598 colitur,
3468 4531 3613 4584 itaut
3631 4525 3676 4578 in

2115 4627 2325 4696 templo
2336 4627 2437 4680 Dei
2450 4624 2970 4690 sedeat,ostendens
2983 4626 3045 4676 se
3060 4628 3338 4693 tanquam
3358 4623 3432 4675 sit
3441 4616 3638 4674 Deus".
3652 4630 3675 4664 ι

2118 4715 2576 4770 Subaudiendum
2605 4720 2710 4779 est,
2751 4716 2864 4768 non
2913 4713 3098 4766 veniet
3149 4712 3276 4766 dies
3329 4705 3679 4766 Dor'niniJis-

2115 4809 2418 4860 scansionem.
2440 4809 2598 4858 vocat
2627 4803 2926 4874 Apostolus
2955 4801 3373 4872 separationem
3399 4800 3578 4852 decem
3595 4793 3680 4846 Re

2113 4911 2248 4966 gum
2275 4911 2310 4946 a
2330 4895 2580 4948 Romano
2611 4893 2865 4963 imperio,
2897 4891 2952 4944 id
2991 4897 3093 4957 est,
3119 4891 3441 4950 Persarum,
3474 4887 3677 4941 Smne-

2115 4998 2337 5049 norum,
2361 4982 2790 5048 wandalorum,
2822 4981 3154 5045 Gothorum,
3187 4973 3674 5048 Langobardorum

2115 5073 2600 5144 Burgundionum,
2635 5070 2998 5134 Francorum,
3043 5070 3403 5129 Hunnorum,
3440 5065 3676 5118 Aleman-

2112 5175 2332 5224 norum,
2393 5162 2719 5224 Suevorum,
2771 5175 2910 5229 quos
2975 5161 3169 5212 omnes
3211 5156 3620 5211 Mtiéhrittus:
3657 5151 3673 5167 '

2113 5251 2262 5322 quod
2290 5251 2421 5304 licet
2441 5249 2663 5304 Domini
2693 5254 2752 5302 et
2769 5247 2869 5302 Dei
2901 5248 3080 5302 tilium
3104 5259 3162 5300 se
3190 5235 3670 5300 feceritzestimsri:

2112 5341 2230 5412 ipse
2249 5339 2431 5394 'enim
2464 5337 2742 5414 preterid
2757 5337 2902 5410 quod
2927 5337 3053 5408 puri
3078 5335 3317 5390 hominis
3354 5334 3445 5398 sit,
3473 5328 3599 5384 nihil
3626 5325 3671 5414 in

2113 5407 2172 5484 ge
2188 5407 2496 5483 divinitatis
2516 5407 2759 5482 habebit.
2775 5407 2810 5478 ὶ
2832 5407 3012 5480 nemo
3025 5424 3229 5497 peccsti
3252 5441 3279 5476 ι
3293 5421 3517 5477 dicitur:
3547 5411 3671 5488 quod

505 5536 522 5568 ¹
556 5531 720 5588 Deut.
751 5547 922 5601 xxx",
955 5537 1044 5590 14.
1078 5536 1100 5572 ²
1129 5531 1288 5591 Vers.
1334 5535 1412 5594 l3.
1445 5536 1468 5570 ³
1498 5533 1693 5591 Matth.
1721 5546 1875 5598 XVIII,
1917 5536 2006 5590 23.

2121 5537 2290 5590 iatth.
2319 5550 2443 5600 xxv,
2471 5532 2561 5590 14.
2593 5535 2615 5568 ⁵
2639 5536 2742 5590 Job
2763 5547 2863 5599 vn,
2891 5534 2948 5589 8.
2980 5535 3003 5568 ⁸
3026 5515 3170 5588 Psai.
3193 5542 3317 5593 om,
3342 5527 3429 5586 '22.
3459 5529 3477 5562 ⁷
3495 5523 3670 5581 Matth.

434 5619 546 5672 κῃ,
579 5605 632 5660 2.
665 5607 688 5639 ⁸
714 5607 883 5660 Marc.
918 5621 991 5672 γι,
1029 5607 1115 5663 50.
1150 5609 1172 5640 ⁹
1202 5609 1393 5662 Ezech.
1425 5624 1462 5673 ι,
1499 5609 1550 5673 5,
1583 5607 1672 5662 10.
1709 5607 1756 5643 ¹⁰
1782 5605 1928 5662 Pssi.
1956 5609 2008 5673 it,

2121 5647 2130 5660 .
2168 5608 2209 5642 ιι
2245 5609 2296 5662 II
2323 5603 2518 5662 Thess.
2539 5621 2603 5674 ιι,
2638 5605 2688 5664 3.
