3818 6168
174 357 259 413 957

1038 344 1468 404 ALLEGORIE
1505 346 1584 404 IN
1626 346 1921 406 SACRAM
1960 344 2438 410 SCRIPTURAM.

3276 362 3379 420 958

173 485 217 536 in
256 478 462 551 penatis
502 481 796 545 conceptus
837 482 894 528 et
940 480 1107 529 natus
1145 474 1385 546 peccatis
1430 475 1895 545 augendisAnon
1927 484 2114 531 autem
2142 480 2323 534 omnis
2345 479 2530 549 homo,
2566 480 2990 540 iiliushominis.
3024 486 3203 543 Adam
3227 490 3375 544 enim

171 586 354 642 operam
381 564 536 619 dabit.
574 584 595 614 ι
630 564 801 617 Filius
848 564 1177 635 perditionis
1204 585 1229 615 »
1274 571 1378 627 est,
1430 567 1577 636 quod
1629 566 1701 619 ad

170 663 249 714 hoc
270 657 489 711 nascitur
512 655 566 707 in
587 651 815 717 mundo,
850 658 913 706 ut
938 653 1077 707 alios
1107 656 1324 724 perdat,
1360 659 1417 707 et
1444 655 1561 724 ipse
1580 660 1702 707 tan-

169 751 268 803 dem
294 749 342 800 in
360 748 614 799 aeternum
635 748 845 814 pereat.
876 762 897 792 ι
918 743 1318 796 Advemabitur
1337 751 1527 798 autem
1548 744 1699 797 omni

169 838 297 895 bono,
331 857 349 880 -
371 839 430 886 ut
456 839 579 901 pote
604 831 803 901 plenus
832 828 984 883 omni
1007 832 1154 884 malo
1180 850 1190 884 :
1225 832 1491 885 nimirum
1514 832 1571 885 in
1589 847 1699 901 quo

168 930 259 979 tota
279 921 505 992 nequitia
530 919 817 975 diabolicae
838 920 1053 989 ﬁ‘audis
1081 920 1439 975 inhabitabit.
1479 923 1541 975 In
1571 926 1700 973 ωη-

168 1021 257 1067 tem
278 1011 496 1080 denique
522 1015 853 1079 prorumpat
897 1010 1203 1076 vesaniam,
1255 1016 1319 1063 ut
1370 1018 1482 1064 non
1519 1011 1699 1063 solum

168 1103 259 1156 Iovi
272 1106 320 1155 et
345 1100 626 1161 Mercurio,
661 1103 681 1125 '
701 1098 916 1152 caeteris,
937 1099 1047 1151 diis
1068 1100 1474 1169 nuncupativis.
1509 1114 1698 1152 verum

166 1198 400 1245 etsnnctee
423 1187 698 1253 Trinitati,
733 1203 854 1257 qum
884 1200 1013 1240 vera
1042 1189 1150 1241 ﬁde
1183 1189 1433 1243 omnium
1469 1189 1699 1241 creden-

166 1280 275 1333 tium
320 1278 521 1340 colitur,
575 1282 879 1346 praesumat
925 1293 983 1330 se
1035 1280 1056 1301 '
1099 1278 1335 1331 auferte.
1377 1279 1504 1338 Sed,
1555 1279 1699 1331 sicut

164 1369 373 1422 Psalmus
399 1367 463 1419 de
494 1382 559 1419 eo
586 1367 935 1435 pronuntiat,
984 1373 1266 1437 quaeretur
1293 1374 1582 1438 peccatum
1629 1367 1698 1420 il-

164 1458 420 1526 lius.usque
430 1455 495 1508 ad
511 1456 688 1508 ictum
701 1457 842 1509 oculi
856 1456 1133 1509 inanitum
1148 1452 1354 1510 factum
1365 1498 1376 1522 ,
1386 1462 1442 1510 et
1454 1458 1570 1528 ipse
1585 1464 1699 1513 non

162 1544 442 1605 invenietur,
459 1543 606 1613 quod
626 1544 747 1597 sine
768 1546 876 1597 ﬁne
888 1545 1173 1614 perdatur.
1192 1562 1218 1597 τι
1245 1546 1424 1599 Homo
1439 1547 1649 1617 peccati
1672 1562 1697 1599 ιι

163 1632 338 1691 dicitur,
370 1632 510 1701 quod
539 1639 767 1702 peccat/0
788 1650 851 1685 ex
871 1638 990 1687 toto
1020 1648 1080 1686 se
1112 1633 1358 1703 subjicit.
1406 1636 1575 1688 Homo
1615 1635 1700 1687 di-

161 1722 272 1775 citur
295 1720 552 1786 diabolus,
598 1738 709 1774 non
738 1728 966 1793 propter
1002 1729 1283 1790 naturam,
1329 1724 1425 1777 sed
1476 1730 1703 1795 propter

1783 565 1897 618 Deo
1928 573 2153 620 creante
2184 568 2362 623 factus
2402 578 2519 638 est;
2551 574 2698 627 unde
2741 590 3143 647 nonnunquam
3185 579 3379 634 distin-

1781 662 2032 723 guuntur
2060 657 2312 711 homines
2343 663 2398 712 et
2428 660 2527 714 ﬁlii
2576 660 2900 725 hominum;
2947 665 3039 734 qui
3091 672 3154 719 ut
3199 669 3377 722 Adam

1782 743 2064 797 hominem
2122 746 2434 814 imitantur,
2510 750 2756 805 homines
2816 761 3113 808 vocantur:
3168 764 3223 810 et
3284 759 3378 828 qui

1784 834 2088 893 Christum,
2115 836 2290 889 illium
2319 837 2582 903 hominis,
2602 843 2712 907 ﬁlii
2732 842 2973 895 hominis
2994 845 3375 900 nominentur.

1784 922 1925 976 Hinc
1955 923 2223 993 scriptum
2255 931 2371 978 est:
2427 948 2445 977 ι
2484 926 2752 983 Homines
2797 936 2852 984 et
2892 933 3151 1000 jumenta
3199 936 3379 989 salva-

1781 1010 1867 1063 bis
1895 1012 1954 1063 υτ
1999 1016 2023 1063 ὴ
2062 1014 2313 1067 carnales
2355 1015 2502 1069 enim
2535 1017 2826 1089 temporali
2857 1023 3036 1075 salute
3064 1024 3375 1094 potiuntur,

1785 1112 1905 1170 qum
1929 1114 2027 1171 per
2040 1101 2441 1157 abundantiam
2474 1104 2871 1162 misericordias
2893 1110 3091 1165 divinae
3112 1118 3167 1165 et
3184 1112 3379 1167 bestiis

1783 1192 2095 1243 communis
2125 1196 2235 1244 est:
2272 1194 2380 1259 filii
2406 1198 2591 1248 autem
2614 1187 2925 1264 hmm'nmn,
2952 1200 3046 1270 qui
3069 1217 3177 1254 non
3199 1202 3376 1257 Adam

1783 1279 2085 1341 hominem,
2112 1281 2209 1333 sed
2241 1281 2525 1336 Christum
2547 1280 2751 1339 Filium
2773 1278 3015 1342 hominis
3044 1290 3338 1344 imitantur
3364 1311 3373 1345 :

1785 1382 1806 1416 ά
1845 1371 1907 1423 In
1930 1369 2182 1437 tegmine
2220 1372 2434 1425 alarum
2492 1379 2713 1427 tuarum
2756 1370 3061 1447 sperabunt
3106 1380 3145 1445 7,
3197 1399 3224 1432 »
3268 1397 3378 1435 non

1784 1459 1995 1513 scilicet
2024 1460 2080 1512 in
2112 1460 2181 1513 iis
2210 1470 2332 1530 quae
2363 1461 2572 1515 dantur
2598 1460 2782 1525 malls,
2816 1462 2911 1519 sed
2944 1466 2999 1520 in
3034 1470 3378 1538 protectione

1784 1548 2177 1602 misericordiae
2228 1554 2337 1603 tum
2369 1556 2425 1603 et
2459 1552 2852 1607 miserationis.
2908 1550 3207 1612 Sciendum
3252 1564 3379 1613 vero

1784 1638 1928 1707 quod
1964 1639 2129 1691 homo
2150 1638 2451 1709 aliquando
2478 1634 2684 1695 dicitur
2707 1654 2806 1712 per
2822 1646 3102 1711 naturam,
3130 1646 3381 1718 aliquan-

1783 1727 1855 1780 do
1883 1736 1982 1797 per
2010 1727 2250 1796 culpam,
2284 1728 2587 1799 aliquando
2628 1740 2726 1800 per
2754 1731 3048 1799 rationem,
3082 1732 3382 1805 aliquando

162 1810 335 1879 culpam
362 1818 415 1862 et
442 1808 849 1864 infirmitatem.
876 1812 1017 1865 Hinc
1044 1814 1310 1882 Scriptum
1334 1817 1418 1867 est
1445 1813 1503 1865 in
1531 1814 1765 1879 Evan-B
1784 1832 1884 1885 per
1906 1816 2312 1881 inﬁrmitatem,
2346 1816 2645 1887 aliquando
2678 1837 2777 1889 per
2806 1819 3250 1889 similitudinem,
3285 1824 3384 1878 ali-

158 1898 286 1968 gelio,
312 1898 447 1968 quod
474 1899 886 1953 dormientibus
915 1901 1235 1954 hominibus
1263 1905 1525 1955 inimicus
1546 1904 1702 1955 homo
1787 1905 2007 1974 quando
2029 1922 2130 1975 per
2150 1906 2431 1962 virtutem.
2459 1904 2758 1978 aliquando
2790 1922 2891 1980 per
2918 1909 3253 1966 fatuitatem.
3280 1915 3382 1967 Per

159 1986 570 2057 superseminavit
599 1989 906 2042 ’zizaniam
928 1989 984 2042 in
1010 1990 1193 2044 medio
1212 1991 1381 2044 tritici
1406 2007 1417 2045 :
1444 1992 1590 2061 quod
1614 1991 1701 2045 nl-
1786 2000 2070 2053 naturam,
2105 1992 2269 2047 utin
2317 1996 2551 2049 Genesi:
2599 2016 2621 2047 <<
2657 1994 2949 2052 Faciamus
2989 2001 3271 2055 hominem
3311 2003 3379 2056 ad

157 2076 321 2129 mirum
348 2077 585 2146 praelatis
614 2077 965 2146 negligenter
991 2079 1286 2147 agentibus
1317 2081 1584 2150 antiquus
1606 2082 1701 2134 ho-
1785 2083 2207 2135 similitudinem
2246 2089 2493 2137 nostram
2526 2088 2576 2150 8;
2621 2107 2640 2134 ι
2667 2087 2811 2156 quod
2844 2087 2902 2141 in
2935 2087 3122 2143 anima
3151 2091 3219 2143 ad
3239 2090 3379 2143 ima-

156 2165 233 2217 stis
254 2166 313 2217 de
341 2166 465 2219 ﬁliis
487 2164 632 2219 lucis
662 2164 794 2219 facit
822 2167 965 2220 ﬁlios
993 2159 1373 2235 tenebrarum,
1428 2175 1501 2235 et,
1555 2170 1702 2239 quod
1783 2168 1972 2238 ginem
2005 2170 2105 2223 Dei
2128 2171 2295 2223 homo
2316 2171 2494 2225 factus
2526 2178 2626 2225 est.
2654 2170 2721 2226 Et
2741 2170 2869 2227 alibi
2896 2192 2906 2227 :
2950 2180 2970 2224 ὁ
3006 2170 3183 2229 Hemo
3215 2182 3381 2231 natus

155 2254 279 2307 dulce
296 2261 423 2317 erat,
446 2254 863 2308 convertiturin
884 2266 1163 2309 amarum.
1194 2275 1215 2305 ‹‹
1244 2258 1510 2311 Inimicus
1535 2262 1702 2312 homo
1786 2265 1872 2311 est
1901 2259 1960 2311 in
1991 2270 2075 2320 ea,
2114 2260 2309 2329 {quod
2338 2259 2602 2314 Christus
2634 2258 2941 2316 humanam
2976 2261 3233 2317 naturam
3264 2278 3382 2319 sus-

156 2343 231 2395 hoc
253 2342 367 2396 fecit
394 2343 431 2408 ί,
475 2362 491 2390 ο
527 2344 679 2413 quod
713 2340 920 2397 diaboli
949 2354 1173 2415 semper
1220 2346 1486 2409 ofﬁcium,
1540 2346 1699 2400 bonis
1785 2348 1931 2417 cepit
1960 2347 2014 2400 in
2046 2348 2304 2401 Ecclesia.
2340 2351 2440 2401 Per
2470 2354 2710 2417 culpam,
2744 2351 2801 2404 in
2838 2353 3040 2405 Paulo:
3079 2364 3099 2403 ξε
3138 2352 3279 2406 Cum
3305 2352 3379 2407 sit

154 2433 269 2484 male
292 2432 618 2487 immiscere.
653 2434 904 2487 Hominis
934 2435 1160 2487 nomine
1186 2450 1365 2505 genus
1389 2437 1699 2490 humanum
1781 2436 1930 2490 inter
1956 2450 2051 2491 vos
2084 2437 2251 2499 ielus,
2285 2444 2342 2491 et
2368 2438 2668 2499 contentio,
2704 2440 2890 2494 nonne
2934 2440 3187 2495 homines
3212 2438 3237 2475 9
3264 2462 3287 2491 »
3323 2440 3377 2495 id

150 2519 449 2590 intelligitur,
468 2522 639 2591 juxta
658 2522 795 2577 illud
816 2523 1048 2576 Joannis
1068 2520 1123 2576 in
1139 2522 1506 2595 Apocalypsi:
1535 2544 1559 2575 «
1585 2525 1699 2579 Sub
1783 2530 1883 2585 est,
1916 2526 2416 2597 nonneculpabiles
2438 2528 2614 2580 estis?
2649 2534 2706 2581 et
2728 2531 2748 2552 ‘
2777 2528 2910 2581 item
2938 2548 2948 2581 :
2989 2549 3013 2578 σι
3044 2530 3243 2584 Nonne
3263 2536 3381 2584 car-

151 2608 201 2661 iis
214 2609 367 2663 tribus
390 2612 570 2681 plagis
592 2610 775 2665 occisa
791 2618 877 2665 est
892 2624 1019 2682 pars
1032 2613 1340 2675 hominum,
1356 2614 1425 2666 de
1445 2614 1594 2683 igne,
1619 2614 1703 2669 fu-
1784 2615 1939 2668 nales
1961 2615 2113 2680 estis,
2137 2619 2193 2669 et
2207 2617 2511 2669 secundum
2532 2616 2815 2670 hominem
2830 2614 2848 2642 δ
2864 2613 3165 2672 ambulatis
3184 2616 3206 2671 ?
3226 2620 3254 2669 ιδ
3282 2622 3381 2673 Per

149 2714 217 2750 mo
236 2707 284 2752 et
305 2701 592 2771 sulphtire,
618 2718 741 2771 qum
762 2698 1133 2771 procedebant
1159 2703 1231 2755 de
1260 2718 1356 2755 ore
1387 2712 1580 2756 eorum
1604 2694 1645 2761 ²,
1674 2723 1698 2755 υ
1786 2707 2086 2756 rationem:
2112 2709 2175 2757 ut
2203 2704 2277 2757 ibi
2304 2724 2315 2756 :
2355 2728 2378 2750 α
2412 2703 2469 2759 Si
2491 2702 2813 2766 (secundum
2837 2704 3142 2775 hominetn)
3160 2718 3378 2779 ptigna-

151 2787 246 2841 duae
261 2789 522 2859 siquidem
541 2798 735 2862 partes
754 2789 976 2860 generis
995 2792 1226 2844 humani
1249 2792 1526 2845 salvandze‘
1548 2804 1608 2844 su
1618 2796 1697 2855 nt,

148 2876 188 2928 id
210 2880 295 2939 est,
317 2879 473 2933 activi
494 2886 550 2933 et
576 2880 976 2949 contemplavi:
1003 2880 1175 2933 tertia
1203 2885 1289 2933 est
1311 2880 1697 2950 reproborum.

146 2967 201 3019 Iis
224 2968 311 3021 sibi
339 2969 569 3024 diversae
602 2982 778 3041 pan
807 2971 1118 3024 redduntur
1144 2971 1201 3023 in
1234 2971 1469 3029 inferno,
1502 2974 1701 3023 secun-

1785 2791 1835 2844 vi
1865 2793 1933 2845 ad
1966 2792 2171 2846 bestias
2196 2792 2398 2863 Ephesi
2435 2793 2519 2862 ¹⁰;
2557 2808 2582 2846 ι)
2630 2793 2813 2865 primo
2861 2798 3144 2867 sapienter
3190 2798 3381 2851 contra

1786 2882 2101 2935 incredulos
2123 2882 2421 2952 disputai'i,
2451 2894 2475 2933 ξ(
2508 2882 2640 2953 quid
2671 2882 2809 2937 mihi
2838 2879 3083 2955 prodest,
3108 2888 3154 2940 si
3175 2883 3380 2940 mortui

1784 2980 1895 3023 non
1918 2978 2219 3040 resurgant
2230 2972 2253 3024 ἶ
2274 2984 2297 3020 ὴ
2326 2970 2407 3025 Ad
2426 2970 2636 3025 bestias
2657 2972 2965 3027 secundum
2988 2973 3270 3029 hominem
3287 2994 3383 3047 pu-

144 3056 248 3109 dum
274 3056 481 3112 diversa
502 3059 824 3124 commissa,
857 3056 1059 3129 quibus
1091 3062 1109 3085 ’
1156 3060 1487 3111 consciendo
1537 3059 1701 3112 occisi
1728 3126 1763 3134 *Α
1783 3068 1977 3129 gnere,
1997 3064 2085 3113 est
2102 3065 2298 3113 eontra
2318 3060 2629 3114 incredulos
2649 3056 3060 3117 rationabiliter
3073 3055 3379 3134 dlSputare.

144 3146 304 3199 suntin
315 3148 413 3201 hoc
426 3148 794 3218 mundo,quze
807 3126 1102 3201 commissa
1115 3148 1585 3218 expraedicatione
1600 3148 1698 3200 mi-
1720 3126 1764 3191 (ἶ
1782 3126 1883 3202 Per
1913 3153 2194 3214 virtutem,
2214 3154 2276 3203 ut
2296 3150 2354 3203 in
2386 3148 2623 3204 Psalmis
2649 3169 2660 3203 :
2694 3170 2719 3204 ε(
2751 3152 2989 3206 Arredet
3008 3145 3174 3207 homo
3197 3154 3266 3208 ad
3289 3164 3384 3207 'cor

144 3233 402 3290 nistrorum
417 3236 753 3290 Antichristi
767 3238 1092 3308 procedunt.
1114 3237 1157 3291 li
1171 3238 1321 3291 enim
1336 3237 1521 3306 ignem
1535 3240 1697 3290 acter-

1781 3238 1958 3291 altum
1988 3238 2049 3303 ¹¹,
2094 3262 2114 3287 ››
2140 3239 2193 3292 id
2224 3245 2326 3305 est,
2365 3240 2647 3294 virtuosus
2681 3240 2919 3311 quilibet
2945 3242 3013 3295 ad
3047 3240 3379 3313 profundam

144 3340 248 3377 num
273 3328 481 3381 sensuri
512 3332 667 3391 sunt,
699 3327 792 3397 qui
815 3326 1212 3397 cupiditatibus
1241 3326 1357 3380 suis
1374 3325 1589 3380 nullum
1610 3325 1699 3379 hic
1782 3329 2330 3399 contemplationem,
2364 3329 2483 3382 vel:
2524 3347 2547 3377 (ι
2591 3330 2815 3383 accedet
2848 3331 3013 3383 homo
3045 3332 3112 3384 ad
3155 3338 3249 3385 cor
3297 3332 3379 3384 al-

144 3414 400 3468 tenniuum
428 3420 761 3486 posuerunt.
797 3415 877 3473 Ibi
910 3416 1061 3468 fumo
1101 3414 1432 3482 afﬁcientur,
1467 3416 1561 3485 qui
1603 3430 1700 3469 su-
1782 3423 1904 3471 tum
1927 3417 1990 3482 η,
2030 3436 2052 3468 ››
2081 3418 2226 3488 quod
2259 3425 2457 3488 sponte
2477 3419 2660 3472 veniet
2682 3419 3017 3472 Christusad
3040 3408 3379 3490 profundum

142 3501 308 3569 perbiae
331 3504 417 3556 hic
442 3504 697 3558 tenebris
724 3510 1089 3567 excaecantur,
1122 3506 1159 3558 ii
1189 3504 1443 3558 faetorem
1474 3504 1701 3575 sulphu-
1782 3505 2057 3576 passionis
2084 3516 2198 3559 suae
2228 3505 2543 3558 consilium.
2570 3504 2708 3560 Itc'm
2736 3525 2746 3559 :
2784 3524 2810 3558 α
2842 3504 2966 3561 Non
2991 3508 3218 3573 timebo,
3246 3510 3379 3579 quid

142 3589 506 3657 rishnbebunt,
558 3591 657 3662 qui
686 3594 821 3646 dum
854 3596 1121 3657 viverent,
1155 3592 1337 3647 fcetori
1378 3608 1437 3647 se
1467 3592 1700 3647 luxuriae
1784 3595 1990 3647 faciet‘
2024 3613 2044 3643 ι
2097 3599 2199 3646 etc.
2249 3596 2351 3646 Per
2406 3594 2816 3660 inﬁrnn‘tatrm,
2874 3602 2937 3649 ut
2984 3596 3046 3648 in
3098 3594 3375 3650 Jeremia:

143 3679 235 3732 sine
256 3682 493 3735 remedio
518 3682 911 3735 subdiderunt.
944 3685 1194 3736 Iloun‘m's
1218 3684 1445 3736 nomine
1466 3684 1702 3752 patriur—
1787 3702 1813 3736 (‹
1856 3682 2180 3736 Maledictus
2211 3682 2376 3733 homo
2408 3682 2503 3751 qui
2547 3680 2779 3735 conlidit
2806 3683 2863 3735 in
2904 3683 3129 3737 homine
3164 3683 3223 3745 '3,
3261 3704 3286 3735 »
3324 3680 3380 3739 id

143 3767 235 3820 cinae
267 3770 671 3840 signiﬁcantur,
700 3773 861 3841 juxta
888 3770 1052 3825 illud:
1086 3780 1106 3822 ά
1133 3773 1212 3825 De
1233 3773 1370 3825 melo
1421 3771 1705 3842 prospexit
1785 3777 1887 3834 est,
1924 3771 2019 3841 qui
2049 3776 2239 3840 sperat
2259 3770 2313 3822 in
2355 3769 2594 3823 infirmo.
2614 3768 2712 3823 Ρη·
2739 3770 3078 3837 fatuitatem,
3115 3770 3179 3825 ut
3202 3768 3259 3826 lh
3282 3768 3382 3826 Pa:

112 3874 271 3927 vsuper
304 3861 443 3916 illios
466 3861 763 3915 hominum
777 3860 818 3926 ³,
846 3878 872 3913 »
898 3862 1043 3931 quod
1071 3861 1316 3914 Verbum
1350 3862 1449 3915 Dei
1487 3874 1587 3931 per
1618 3876 1704 3913 as-
1786 3860 2024 3914 rabulis:
2063 3878 2088 3909 «
2123 3858 2318 3912 Suavis
2364 3860 2449 3911 est
2479 3856 2689 3912 homini
2743 3856 2902 3929 panis
2940 3859 3217 3914 mendacii
3252 3860 3315 3926 li,
3356 3884 3375 3912 ι

141 3954 381 4018 sumptam
404 3949 821 4003 humanitatem
844 3949 1085 4002 visitavit
1105 3950 1345 4015 Juddaos,
1370 3949 1438 4003 de
1470 3948 1704 4019 patriar-
1786 3951 1839 4003 id
1871 3956 1973 4015 est,
1999 3950 2173 4002 dulcis
2193 3952 2278 4001 est
2308 3948 2459 4002 fatuo
2490 3944 2830 4002 doctrina...
2856 3944 3025 4002 itatis.
3046 3948 3150 4002 Per
3171 3948 3379 4002 simili»-

139 4036 333 4092 charum
355 4040 533 4111 stirpe
557 4038 898 4109 progenitos.
916 4034 1095 4091 Aliter
1114 4037 1189 4090 ibi
1215 4054 1225 4090 :
1253 4056 1278 4090 α
1303 4039 1451 4091 Deus
1474 4038 1543 4091 de
1565 4039 1703 4093 coelo
1788 4043 2059 4101 tudinem,
2092 4042 2155 4093 ut
2182 4040 2239 4092 in
2271 4040 2292 4064 "
2316 4036 2697 4109 [Evangelia]:
2735 4040 2755 4086 ε
2791 4037 2982 4091 Simile
3018 4045 3103 4092 est
3141 4048 3377 4108 regnum

142 4126 403 4197 prospexit,
442 4146 468 4181 ι
503 4128 655 4199 quod
700 4127 952 4182 Christus
982 4143 1084 4199 per
1112 4127 1411 4198 apostolos,
1454 4127 1549 4197 qui
1589 4128 1707 4181 co'lz'
1787 4130 2053 4183 coelorum
2084 4129 2297 4182 homini
2329 4125 2447 4197 regi
2469 4126 2532 4192 ιδ,
2572 4134 2592 4177 δ
2630 4132 2734 4180 etc.

139 4214 383 4275 dicuntur,
414 4217 666 4271 visitavit
696 4216 1011 4270 universam
1036 4216 1359 4287 progeniem
1390 4216 1701 4286 primorum
1861 4218 2308 4273 [Im-ribﬂc.s-sunt
2329 4218 2627 4281 daemones,
2662 4216 2725 4270 ut
2746 4214 2802 4270 in
2834 4215 2936 4271 Job
2962 4234 2972 4270 :
3015 4240 3035 4267 ι
3068 4212 3287 4271 Vadent
3325 4222 3381 4271 et

142 4314 438 4370 parentum:
476 4307 627 4378 quod
663 4326 687 4355 (ι
731 4307 788 4359 in
821 4318 1042 4359 omnem
1071 4312 1281 4359 terram
1330 4305 1494 4359 exivit
1534 4312 1703 4359 sontis
1787 4307 2011 4362 venient
2027 4316 2196 4378 super
2218 4310 2344 4360 etim
2366 4304 2755 4373 horribiles”;
2794 4328 2817 4357 δ)
2844 4302 2988 4377 quod
3016 4302 3246 4377 spiritus
3268 4322 3381 4360 ma-

139 4406 319 4448 cerum.
352 4416 379 4449 υ
415 4398 711 4466 Leguntur
741 4396 833 4450 alii
864 4392 1157 4449 hominum
1187 4403 1243 4449 et
1272 4397 1329 4449 in
1360 4396 1526 4461 malo,
1544 4396 1705 4465 juxta
1720 4446 1768 4475 ﬂ
1788 4397 1943 4467 ligni,
1978 4398 2231 4467 quamvis
2255 4393 2556 4466 aliquando
2600 4392 2686 4448 rei
2714 4404 2841 4448 raro
2881 4395 2949 4448 ab
2988 4394 3181 4464 iniquo
3227 4410 3379 4475 recef

142 4480 282 4536 illud:
315 4504 340 4537 α
372 4446 782 4539 νθνξῐηωπιρη
825 4476 843 4508 ⁴
881 4486 979 4539 filii
1020 4485 1311 4539 hominum
1332 4486 1372 4551 4,
1404 4500 1427 4535 υ
1454 4446 1600 4556 quod
1648 4446 1943 4547 inDdint:
1974 4446 2044 4539 ad
2076 4495 2203 4539 eum
2234 4446 2423 4539 tamen
2452 4484 2713 4536 continuo
2741 4483 2995 4536 redeunt.

142 4570 403 4629 mundanis
432 4581 686 4646 sperant,
709 4574 1019 4629 imitatores
1042 4576 1475 4629 mundanorum.
1506 4595 1526 4625 α
1554 4572 1705 4629 Men-
1858 4577 2072 4629 [lamus
2099 4582 2183 4628 est
2203 4576 2395 4627 sancta
2426 4569 2686 4635 Ecclesia,
2711 4570 2774 4625 ut
2802 4571 2860 4623 in
2897 4573 2918 4594 *
2940 4566 3207 4623 Psalmis:
3254 4580 3276 4620 cl
3313 4566 3381 4625 Et

141 4660 274 4716 daces
302 4666 397 4718 filii
448 4665 743 4719 hominum
788 4665 844 4718 in
883 4665 1108 4719 stateris
1156 4666 1195 4727 ⁵,
1246 4664 1393 4735 quod
1449 4663 1702 4719 fraudem
1785 4664 2134 4735 requiescere
2157 4678 2250 4716 eos
2272 4661 2435 4716 faciet
2460 4666 2629 4731 sdper
2644 4658 2878 4714 humum
2897 4670 3056 4713 suam
3072 4652 3153 4725 ‘7;
3186 4680 3205 4709 ν
3231 4656 3379 4731 quod

143 4750 334 4815 faciunt,
364 4768 476 4809 non
510 4755 691 4807 solum
724 4753 779 4806 in
808 4755 1114 4824 promissis,
1142 4753 1238 4807 sed
1266 4761 1321 4807 et
1348 4754 1403 4807 in
1435 4753 1698 4824 petitivis,
1786 4755 1935 4807 Deus
1965 4753 2153 4805 electis
2182 4750 2295 4804 suis
2319 4750 2375 4803 in
2405 4755 2600 4803 sancta
2642 4748 2882 4802 Ecclesia
2929 4746 3174 4819 quietem
3224 4749 3382 4820 spiri-

143 4837 231 4891 sive
260 4842 310 4894 in
336 4843 605 4911 judiciis:
641 4848 704 4896 ut
743 4843 867 4912 quis
911 4847 970 4896 ut
1001 4844 1300 4914 decipiant,
1343 4852 1704 4915 quoscunque
1784 4843 1995 4896 tualem
2026 4839 2253 4911 przebet.
2288 4839 2519 4902 Hamus,
2548 4852 2705 4890 sacra
2735 4836 3043 4908 Scriptura,
3078 4836 3141 4892 ut
3176 4836 3234 4891 in
3278 4838 3380 4892 (le-

140 4934 382 4995 poterant,
418 4932 702 5003 quomodo
726 4931 830 5001 ipsi
856 4932 925 4985 de
955 4932 1200 4986 vanitate
1222 4932 1279 4985 in
1302 4932 1566 5004 idipsum,
1600 4935 1703 4987 hoc
1785 4930 1936 4986 nesi:
1978 4949 2004 4979 α
2034 4928 2301 4982 Produxit
2326 4927 2476 4982 Deus
2507 4926 2575 4981 de
2612 4927 2785 4981 humo”
2813 4936 2976 4982 omne
3010 4924 3225 4997 lignum
3252 4927 3377 4997 pol;

142 5023 222 5081 est,
250 5020 300 5073 in
330 5016 641 5075 vanitatem
660 5022 991 5087 tendentes;
1021 5021 1091 5075 de
1112 5021 1363 5076 vanitate
1380 5032 1625 5093 namque
1643 5025 1702 5078 in
1785 5022 1982 5075 chrum
2014 5018 2133 5072 visu
2156 5018 2233 5081 ‘3;
2272 5038 2295 5067 vs
2332 5016 2479 5088 quod
2500 5017 2648 5071 Deus
2675 5013 2834 5070 nobis
2866 5018 2922 5070 in
2964 5010 3251 5087 Scriptura
3288 5028 3379 5068 sa-

141 5107 408 5162 Vanitatem
436 5111 700 5171 tendunt,
734 5111 828 5180 qui
859 5126 961 5182 per
1004 5109 1229 5164 fraudes
1260 5109 1329 5164 ad
1360 5110 1580 5165 divitias
1609 5124 1703 5165 ve-
1785 5116 1879 5165 cra
1917 5114 2057 5163 vitas
2107 5110 2426 5161 sanctorum
2480 5102 2710 5160 Patrum
2748 5106 3084 5159 manifestat.
3140 5106 3376 5172 Hmnus,

140 5194 287 5257 aiunt,
310 5200 395 5253 vel
423 5212 530 5270 per
558 5194 781 5253 divitias
800 5201 854 5254 in
884 5200 1205 5271 superbiam
1232 5204 1291 5254 se
1321 5198 1611 5256 extollunt.
1638 5192 1705 5256 Et
1787 5206 1945 5256 mens
1975 5198 2271 5271 cujuslibet
2304 5192 2501 5260 sancti,
2520 5195 2650 5249 utin
2676 5194 2955 5285 Propheta
2979 5212 2989 5245 :
3031 5213 3055 5244 α
3082 5191 3381 5285 Stiperhu-

139 5288 414 5343 notandum
448 5290 600 5359 quod
646 5290 827 5343 omnis
880 5290 1027 5343 ﬁlius
1074 5289 1315 5344 hominis
1367 5297 1451 5344 est
1498 5286 1702 5358 homo;
1789 5304 1943 5345 mum
1969 5286 2158 5361 populi
2189 5286 2297 5341 mei
2328 5284 2501 5356 spinae
2534 5290 2587 5338 et
2620 5292 2810 5355 repres
2841 5280 2915 5350 ως
2950 5288 2975 5334 ς)
3016 5281 3161 5352 quod
3214 5280 3379 5337 etiam

193 5500 424 5575 {nam
448 5518 573 5565 xm,
604 5504 693 5571 25,
726 5504 814 5560 9.8.
848 5503 871 5538 ²
895 5506 1065 5575 Apoc.
1100 5520 1175 5569 1x,
1213 5502 1297 5558 18.
1323 5505 1346 5540 ³
1368 5505 1517 5558 Psal.
1548 5519 1665 5567 xm,
1691 5504 1745 5558 1.
1774 5504 1801 5575 f
1827 5505 1973 5575 Psal.
2004 5516 2114 5565 LXI,
2147 5498 2200 5554 6.
2223 5499 2255 5575 _5
2276 5500 2415 5553 Ibid.
2446 5496 2470 5534 ⁸
2496 5496 2641 5575 Psal.
2668 5504 2830 5575 Exim
2866 5496 2917 5553 8.
2948 5496 3374 5575 11t§d.__“£ieh.

140 5582 168 5632 ι,
190 5570 268 5628 26.
297 5576 320 5607 θ
348 5577 372 5629 Ι
403 5578 537 5630 Cor.
568 5564 655 5639 in,
682 5564 744 5630 ’3.
780 5576 827 5611 ¹⁰
857 5576 879 5629 I
912 5564 1038 5629 (for.
1084 5564 1173 5639 xv,
1207 5574 1296 5629 82.
1329 5576 1371 5609 τί
1406 5576 1551 5630 Psal.
1579 5564 1735 5640 inn,
1767 5572 1821 5629 8.
1854 5573 1900 5609 ί·
1923 5574 2070 5628 Psal.
2104 5564 2178 5637 vi,
2205 5570 2259 5637 4,
2299 5578 2355 5624 et
2384 5582 2539 5633 cvm,
2565 5569 2618 5626 8.
2666 5568 2707 5604 ιδ
2730 5572 2841 5624 Jer.
2873 5580 3007 5635 xvn,
3044 5571 3095 5623 5.
3146 5567 3187 5604 ¹⁴
3214 5564 3372 5622 Prov.

230 5645 312 5698 17.
343 5647 388 5681 ¹⁵
420 5648 622 5702 Matth.
650 5652 807 5712 xvtn,
833 5646 923 5701 23.
951 5648 997 5683 ¹θ
1021 5646 1125 5701 Job
1157 5646 1367 5711 xx,.f25.
1396 5646 1441 5685 ¹⁷
1468 5649 1575 5702 Isa.
1604 5656 1649 5702 Χ]

1244 5646 1367 5705 νι25.
1396 5646 1441 5685 ¹⁷
1468 5649 1575 5702 Isa.
1604 5656 1717 5713 XIV,
1744 5648 1798 5702 1.
1833 5647 1878 5681 ¹⁸
1906 5644 2046 5701 Gen.
2086 5658 2147 5709 η,
2177 5644 2229 5699 9.
2264 5643 2309 5678 ¹⁹
2334 5643 2442 5697 Isa.
2475 5656 2646 5708 χχχιι,
2665 5643 2752 5695 13.
