3818 6168
440 331 546 386 959

1034 330 1099 385 Β.
1141 329 1413 386 RABANI
1449 327 1683 385 MAURI
1719 327 2056 385 ARCHIEP.

2094 326 2422 384 MOGUNT.
2464 326 2764 384 OPERUM
2797 326 2984 382 PARS
3017 326 3114 383 III.
3546 334 3630 394 960

437 460 683 508 mentem
714 451 818 507 viri
845 452 1026 507 sancti
1054 451 1318 508 vitiorum
1347 467 1754 524 nonnunquam
1778 453 2008 524 punctio
2025 454 2104 514 -Α
2119 452 2267 523 quod
2300 451 2557 506 Christus
2585 450 2912 523 angelorum
2942 456 2999 506 et
3023 451 3305 509 hominum
3341 462 3564 514 naturam
3588 462 3631 516 in

442 558 540 596 nes
574 541 929 596 conturbant.

506 632 656 685 Hum
664 630 1089 702 ila'tasexprimit
1104 630 1371 685 virtutem
1390 630 1860 698 mansuetudinis,
1870 633 2038 702 juxta

437 719 609 775 illud:
650 738 673 771 ι
699 718 840 774 Vide
858 719 1236 776 humilitatem
1259 736 1443 774 meam
1461 719 1504 786 ί,
1532 739 1555 773 ι
1574 722 1596 744 θ
1615 720 1845 775 attende
1865 737 2036 792 quam

437 807 672 864 humilis
691 823 837 875 sum,
861 814 1058 865 contra
1069 807 1361 881 superbos,
1377 809 1473 880 qui
1492 825 1582 864 me
1600 816 2030 881 persequuntur:

444 918 467 972 ει
500 906 559 952 et
588 900 742 969 eripe
770 913 863 952 me
882 920 904 948 ιι
939 896 1010 952 ab
1031 897 1268 953 aliorum
1289 898 1695 970 persecutione,
1731 918 1755 950 ι
1791 899 1941 970 quod
1962 899 2038 954 le-

436 1003 566 1058 gem
594 991 754 1041 tuam
772 1002 887 1042 non
913 1003 1039 1042 sum
1060 985 1286 1054 oblitus,
1313 1006 1338 1040 »
1373 1003 1496 1059 quae
1525 987 1788 1059 praecepit
1804 987 2037 1042 humili-

438 1076 617 1130 tatem
655 1074 1081 1139 observandam,
1121 1082 1180 1131 et
1206 1076 1539 1131 charitatem
1584 1075 1756 1131 etiam
1794 1077 2038 1132 inimicis

441 1163 829 1219 exhibendam.
862 1166 884 1189 θ
905 1164 968 1219 Id
986 1170 1090 1227 est,
1113 1164 1473 1220 afflictionem
1517 1165 1919 1237 persecutionis
1945 1182 2039 1220 so-

440 1257 557 1319 nat,
574 1250 742 1322 juxta
760 1250 899 1308 illud
929 1271 940 1306 :
980 1274 1003 1305 ι
1038 1253 1170 1309 Haec
1198 1270 1289 1308 me
1308 1253 1595 1309 consolata
1624 1259 1711 1308 est
1736 1253 1795 1308 in
1816 1253 2041 1308 humili-

440 1344 559 1396 tate
578 1357 707 1396 mea
733 1339 795 1409 ²;
832 1360 859 1396 n
890 1341 1071 1407 idest,
1106 1359 1232 1414 spes
1280 1342 1459 1397 erexit
1504 1357 1595 1397 me
1638 1343 1698 1397 in
1737 1341 2040 1399 afflictione

441 1441 587 1495 mea,
612 1430 759 1502 quod
776 1429 885 1485 nisi
905 1448 1032 1503 spes
1049 1432 1343 1487 consolans
1363 1431 1625 1502 erigeret,
1678 1430 1908 1486 afﬂictio
1936 1448 2039 1487 nos

444 1516 674 1572 omnino
713 1515 1050 1575 destrueret.
1081 1539 1107 1573 σ
1132 1520 1468 1587 Gloriemur,
1489 1521 1693 1592 inquit,
1724 1520 1784 1576 in
1811 1520 2043 1576 tribula-

441 1600 710 1674 tionibus,
728 1608 870 1664 certi
885 1608 1034 1680 quod
1056 1609 1103 1664 si
1123 1609 1514 1681 compatimur,
1540 1609 1711 1664 etiam
1740 1626 2044 1682 conregna-

443 1686 628 1750 bimus
652 1695 696 1750 ³.
732 1716 758 1749 ι)
790 1697 950 1753 Unde
980 1699 1300 1753 consolatus
1344 1704 1450 1765 est,
1500 1716 1528 1751 α
1560 1699 1709 1770 quod
1756 1699 2042 1771 eloquium

444 1790 610 1840 tuum
635 1785 934 1841 viviﬁcavit
960 1803 1050 1841 me
1078 1787 1120 1854 ¹,
1153 1807 1175 1838 ι
1202 1787 1352 1858 quod
1380 1787 1676 1859 promissio
1703 1793 1802 1843 tua
1830 1788 1902 1843 ad
1918 1805 2044 1860 pas-

446 1872 623 1929 sionis
640 1874 999 1930 tolerantiam
1011 1876 1282 1931 animavit
1300 1892 1410 1931 me.
1439 1878 1766 1936 Ilumilitas.
1798 1877 2043 1932 delecta-

445 1961 656 2016 tionem
685 1969 864 2031 notat,
883 1965 1048 2036 juxta
1075 1964 1252 2020 illud:
1313 1984 1342 2018 σι
1381 1965 1541 2030 Quod
1586 1972 1917 2038 persecutus
1959 1973 2047 2022 est

446 2049 709 2107 inimicus
737 2051 988 2108 animam
1016 2069 1201 2109 meam
1229 2053 1272 2120 ⁸,
1323 2071 1349 2107 α
1383 2054 1533 2125 quod
1581 2060 1770 2110 motus
1805 2056 2046 2111 carnalis

448 2139 755 2195 insurrexit
765 2141 1082 2214 opprimere
1098 2160 1126 2195 α
1147 2143 1397 2197 animam
1412 2159 1618 2209 meam,
1635 2162 1661 2196 »
1675 2143 1733 2198 id
1757 2149 1860 2211 est,
1880 2145 2048 2200 ratio-

448 2244 577 2285 nem
600 2245 804 2285 meam.
842 2248 870 2284 α
900 2230 1229 2287 Humiliavit
1254 2231 1315 2287 in
1352 2236 1508 2287 terra
1556 2232 1730 2287 vitam
1773 2249 1980 2299 meam,
2017 2255 2041 2284 ι

447 2315 505 2370 id
534 2322 639 2385 est,
667 2318 871 2390 dejecit
887 2319 950 2375 in
964 2325 1319 2376 terrenorum
1338 2320 1650 2392 appetitum
1671 2321 2044 2377 conversatio-

448 2422 581 2462 nem
593 2423 799 2477 meam,
814 2409 964 2481 quod
977 2409 1270 2464 retrahens
1284 2426 1374 2465 me
1388 2409 1460 2464 ab
1479 2425 1671 2467 amore
1678 2414 2040 2479 aeternorum,

448 2495 655 2565 dejecit
673 2496 731 2551 in
751 2497 1063 2569 appetitum
1082 2503 1458 2554 terrenarum.
1482 2500 1807 2567 Ilumih‘tas,
1829 2499 2046 2555 satisfa-

2116 540 2453 613 perfectione
2482 539 2749 612 possedit,
2772 556 2801 594 α
2829 556 3000 595 unam
3022 556 3176 597 ovem
3207 543 3445 614 perdidit,
3468 565 3492 598 ι
3516 549 3633 618 quod

2115 629 2364 685 humana
2389 634 2594 684 natura
2614 629 2800 702 periit.
2838 646 2864 682 α
2888 629 3113 685 Dimisit
3130 647 3261 702 ergo
3287 635 3639 704 nonagintano-

2115 735 2240 774 vem
2264 717 2327 774 in
2344 719 2588 786 deserto,
2618 724 2685 772 ut
2709 734 2883 774 unam
2904 718 3195 788 inveniret,
3223 739 3246 771 υ
3276 721 3414 793 quod
3436 740 3639 780 summos

2115 808 2445 880 angelorum
2472 807 2673 863 choros
2700 807 2862 878 quasi
2892 807 3119 880 reliquit
3145 809 3203 864 in
3232 810 3380 875 coelo,
3405 818 3463 866 ut
3489 812 3643 868 huma-

2115 913 2254 951 num
2275 912 2456 968 genus
2500 902 2809 969 repararet.
2848 915 2874 949 (ι
2903 897 3072 952 Ovem
3106 897 3373 970 perditam
3400 898 3596 965 invenit,
3620 922 3640 951 ι

2117 986 2340 1057 quando
2369 991 2638 1041 naturam
2657 986 2967 1040 humanam
2990 986 3051 1042 in
3077 1003 3138 1040 se
3164 988 3413 1060 suscepit.
3444 1007 3468 1039 α
3495 990 3648 1046 Ιηγθιισ

2116 1080 2235 1129 tam
2256 1091 2416 1130 ovem
2445 1075 2505 1130 in
2534 1075 2783 1130 humeris
2803 1075 3063 1146 gaudens
3077 1075 3282 1148 posuit,
3314 1095 3339 1129 π
3366 1093 3481 1132 cum
3497 1078 3649 1135 hume-

2119 1179 2251 1217 nam
2266 1169 2550 1231 naturam,
2572 1178 2742 1235 quam
2771 1163 2842 1219 de
2861 1163 3024 1219 nobis
3041 1165 3356 1237 assumpsit,
3378 1167 3511 1222 cruci
3534 1166 3649 1239 afﬁgi

2119 1257 2318 1323 sponte
2347 1253 2620 1324 permisit,
2641 1253 2729 1308 vel
2748 1253 3021 1325 imposuit
3037 1253 3095 1308 in
3122 1253 3370 1310 humeris
3387 1255 3490 1309 suis
3508 1274 3519 1309 :
3537 1258 3650 1329 quod

2120 1346 2410 1413 peccatum
2417 1342 2653 1399 humani
2669 1342 2895 1414 generis
2913 1343 3065 1398 Deus
3084 1343 3428 1414 passionibus
3439 1344 3540 1399 suis
3551 1363 3649 1418 pro-

2120 1429 2259 1502 priis
2286 1429 2544 1502 expiavit.
2577 1448 2603 1482 α
2634 1431 2721 1486 Ad
2756 1431 2989 1486 domum
3034 1431 3220 1499 rediit,
3254 1450 3282 1484 ι
3325 1449 3444 1487 cum
3482 1433 3544 1488 ad
3574 1450 3654 1488 om-

2120 1519 2206 1574 los
2224 1519 2494 1575 ascendit.
2526 1538 2553 1571 α
2575 1520 2801 1575 Amicos
2821 1525 2880 1575 et
2894 1520 3109 1576 vicinos
3125 1522 3452 1588 convocavit,
3480 1540 3506 1576 ι
3522 1539 3657 1594 quan-

2122 1608 2193 1662 do
2215 1613 2438 1664 sanctos
2455 1609 2704 1679 angelos,
2727 1609 2888 1681 quasi
2909 1609 2978 1664 ad
3000 1611 3490 1681 congratulandum
3508 1613 3659 1665 homo

2122 1714 2209 1752 nae
2236 1697 2405 1754 saluti
2430 1697 2703 1766 invitavit,
2742 1699 2839 1770 qui
2886 1718 2914 1751 α
2944 1699 3117 1755 amici
3154 1700 3280 1771 ejus
3303 1721 3326 1753 ι
3370 1706 3507 1764 sunt,
3548 1702 3657 1772 quod

2063 1756 2106 1817 Β
2122 1798 2315 1837 vocem
2338 1783 2463 1854 ejus
2476 1756 2722 1854 perfecte
2744 1756 3090 1839 custodiunt.
3109 1802 3138 1836 ι
3158 1756 3339 1839 ὖὶοἰιιὶ
3358 1787 3471 1856 ejus
3544 1756 3658 1850 sunt,

2127 1871 2274 1942 quod
2303 1871 2566 1927 continue
2585 1871 2727 1926 facie
2755 1871 2827 1927 ad
2853 1872 3054 1927 faciem
3083 1873 3249 1929 illum
3282 1873 3552 1944 aspiciunt.
3573 1873 3660 1928 Huc

2126 1976 2331 2025 merus,
2363 1977 2543 2028 mens,
2565 1962 2731 2033 juxta
2774 1961 2942 2016 illud:
2991 1982 3017 2013 α
3052 1963 3188 2018 Sem
3226 1970 3286 2018 et
3317 1963 3505 2034 Japhet
3541 1961 3666 2017 vestis

2127 2054 2381 2104 mentum
2405 2049 2799 2122 imposuerunt
2833 2051 3087 2106 humeris
3112 2052 3252 2117 suis,
3297 2058 3354 2106 et
3383 2059 3666 2124 operuerunt

2125 2138 2370 2193 verenda
2409 2138 2586 2210 patris
2622 2139 2709 2194 sui
2758 2139 2967 2195 aversis
3014 2139 3266 2195 vultibus
3310 2140 3371 2194 η.
3398 2160 3422 2193 ι
3477 2159 3502 2194 ι
3527 2142 3623 2195 Noe
3648 2160 3664 2190 ι

2128 2227 2333 2299 quippe
2358 2244 2385 2279 «
2426 2227 2509 2281 vir
2529 2228 2718 2298 justus
2744 2229 3021 2300 plantavit
3037 2229 3268 2285 vineam
3292 2248 3341 2298 ι,
3363 2237 3420 2284 et
3444 2229 3668 2298 Christus,

2124 2316 2222 2387 qui
2251 2322 2540 2387 peccatum
2582 2334 2696 2372 non
2722 2317 2856 2372 fecit
2879 2334 2981 2390 per
3008 2319 3199 2390 legem
3230 2318 3455 2374 exsolvit
3478 2335 3667 2391 synago-

2122 2421 2274 2476 gam.
2312 2426 2336 2457 ι
2369 2406 2489 2461 Noe
2505 2405 2647 2461 bibit
2669 2407 2739 2461 de
2757 2407 2885 2462 vino
2903 2406 3081 2462 vinea:
3113 2424 3233 2463 suae
3260 2408 3324 2473 ω,
3349 2415 3446 2464 »ιιι
3461 2409 3669 2464 Christus

2127 2499 2390 2566 expertus
2420 2500 2510 2553 est
2536 2496 2930 2552 austeritatem
2948 2512 3276 2569 synagogas.
3294 2517 3322 2550 ι
3352 2499 3464 2554 Nec
3480 2497 3671 2552 inebria-

450 2583 694 2640 ctionem
725 2585 956 2650 indicat,
983 2588 1146 2658 juxta
1189 2587 1367 2643 illud:
1414 2608 1437 2640 ι
1468 2587 1726 2643 Aﬂlictus
1769 2605 1895 2643 sum
1937 2589 1980 2656 ⁸,
2018 2609 2041 2641 ι
2126 2587 2220 2639 tus
2247 2588 2353 2651 est,
2388 2601 2416 2636 ι
2441 2588 2499 2639 et
2525 2583 2782 2640 Christus
2804 2585 2999 2640 multis
3017 2586 3339 2659 opprobriis
3356 2587 3667 2659 repletusest.

451 2687 654 2744 corpus
679 2673 941 2730 videlicet
957 2676 1212 2746 jejuniis,
1233 2675 1457 2748 vigiliis,
1486 2677 1682 2732 multis
1728 2677 2045 2733 aﬂlictioni-
2129 2689 2157 2724 α
2186 2673 2307 2727 Noe
2335 2672 2582 2728 nudatus
2606 2677 2709 2743 est,
2733 2693 2760 2726 ι
2793 2680 2853 2730 et
2870 2675 3478 2748 Christusfugientiims
3499 2681 3675 2749 apem

454 2759 559 2815 bus
588 2777 902 2830 macerans,
937 2784 960 2813 ι
990 2770 1049 2818 et
1060 2764 1390 2819 humiliatus
1401 2781 1529 2820 sum
1545 2765 1736 2833 nimis,
1755 2785 1778 2817 ι
1796 2767 2045 2822 animam
2125 2760 2198 2815 lis
2243 2761 2397 2817 solus
2424 2761 2652 2817 relictus
2671 2770 2792 2817 est:
2825 2763 2957 2824 vel.‘
2981 2764 3258 2820 Judaicus
3283 2772 3386 2832 est,
3412 2765 3543 2837 quod
3557 2766 3668 2818 inﬁr-

455 2848 670 2904 scilicet
717 2851 1096 2908 amaritudine
1135 2853 1485 2909 severissime
1530 2870 1787 2925 premere
1823 2871 2045 2924 curans,
2130 2849 2298 2904 mittis
2322 2851 2587 2922 apparuit
2616 2869 2647 2904 α
2668 2851 2730 2906 in
2762 2852 2929 2908 domo
2960 2868 3084 2919 8‘18,
3125 2873 3151 2906 ι
3201 2854 3260 2908 id
3306 2859 3408 2919 est,
3453 2855 3506 2908 in
3546 2854 3675 2908 ἀοωυ

453 2937 666 2992 crebris
694 2939 952 3011 suspiriis
977 2947 1035 2995 et
1058 2941 1321 2998 lamentis
1339 2940 1616 3014 quatiens,
1640 2949 1699 2998 et
1709 2947 1842 2999 ante
1862 2945 2046 3000 oculos

2131 2938 2381 2994 Iudaica.
2412 2957 2440 2993 α
2462 2940 2584 2995 Noe
2611 2940 2891 3006 dormivit,
2919 2960 2942 2993 ι
2966 2947 3027 2996 et
3053 2942 3319 2999 Christus
3347 2948 3671 2997 mortuusest.

453 3027 577 3098 ejus
595 3028 848 3083 omnium
879 3029 1156 3085 scelerum
1181 3047 1437 3086 meorum
1453 3036 1701 3087 stercora
1721 3049 2047 3103 congerens.

519 3117 753 3181 llumor,
767 3119 1218 3190 concupiscentia
1245 3120 1448 3187 carnis,
1476 3126 1542 3175 ut
1575 3120 1635 3176 in
1654 3120 1757 3175 Job
1781 3139 1792 3174 :
1848 3139 1876 3175 α
1907 3123 2048 3177 Dor—

456 3203 562 3258 mit
587 3205 899 3261 Behemoth
917 3209 978 3263 in
992 3207 1128 3263 locis
1149 3209 1513 3264 humentibus
1539 3209 1581 3277 7,
1620 3230 1642 3260 ,ο
1672 3210 1729 3264 id
1775 3215 1880 3277 est,
1926 3210 2049 3266 dia-

454 3291 616 3347 bolus
664 3293 902 3365 quiescit
919 3297 977 3351 in
1014 3296 1082 3351 iis
1127 3297 1221 3368 qui
1277 3298 1529 3353 carnales
1569 3299 2050 3371 concupiscentiae

453 3388 666 3437 amant.

525 3472 826 3528 Humeruli
849 3475 1132 3546 praeconia
1166 3481 1301 3531 sunt
1326 3476 1750 3549 prophetarum,
1791 3484 1856 3533 ut
1893 3478 1953 3534 in
1980 3478 2050 3533 li-

454 3558 569 3615 bris
596 3561 813 3633 Regum
839 3581 852 3617 :
892 3582 920 3617 cc
953 3564 1248 3620 Humeruli
1274 3567 1296 3590 θ
1328 3565 1521 3621 decem
1543 3582 1646 3637 per
1672 3567 1908 3636 angulos
1948 3567 2049 3622 ba-

434 3647 532 3703 'sis
557 3649 598 3717 ⁸,
637 3670 659 3702 ι
686 3650 740 3705 id
783 3658 870 3708 est
913 3669 1014 3725 per
1044 3660 1287 3725 quatuor
1334 3659 1524 3726 partes
1565 3655 1781 3723 mundi,
1814 3657 2051 3728 prophe-

450 3741 640 3796 tarum
669 3742 948 3812 praeconia
974 3743 1339 3799 honorantur.

524 3829 804 3884 Humerus
834 3835 923 3885 est
941 3831 1055 3886 vita
1081 3831 1319 3900 socialis,
1350 3838 1417 3888 ut
1436 3833 1498 3888 in
1519 3832 1622 3889 Job
1648 3851 1660 3887 :
1699 3853 1723 3885 ι
1767 3834 2048 3890 Humerus

454 3917 579 3987 ejus
608 3919 630 3941 θ
659 3917 933 3975 amictura
959 3936 1064 3975 sua
1091 3921 1256 3976 cadat
1282 3921 1326 3989 θ,
1363 3939 1391 3974 ι
1434 3920 1495 3977 id
1541 3928 1647 3988 est,
1682 3922 1731 3978 si
1779 3922 1884 3977 hoc
1926 3938 2049 3978 ma-

454 4004 574 4063 lum
592 4005 715 4074 feci,
736 4007 854 4063 vita
870 4025 998 4063 mea
1009 4010 1230 4065 socialis
1249 4026 1287 4064 a
1303 4026 1572 4082 compage
1592 4011 1883 4066 charitatis
1897 4017 2045 4067 ruat.

2071 3076 2113 3139 ί,
2137 3047 2160 3081 ι
2197 3027 2404 3082 Videns
2446 3033 2635 3084 autem
2679 3034 2841 3101 pater
2885 3031 3183 3097 Chanaan,
3214 3051 3240 3086 ιι
3291 3031 3494 3087 scilicet
3518 3031 3673 3086 (Ibam.

2101 3113 2115 3137 ι
2143 3135 2160 3139 _
2193 3116 2429 3139 unus-
2463 3117 2638 3139 μιμε,
2672 3119 2752 3139 ---ε
3248 3136 3269 3139 _,

2101 3113 2115 3137 ‘
2137 3135 2160 3167 α
2193 3116 2437 3172 verenda
2463 3117 2641 3189 patris
2668 3119 2757 3173 sui
2805 3135 2928 3174 esse
2971 3119 3214 3186 nudata,
3245 3120 3517 3176 nuntiavit
3543 3119 3675 3183 foras,

2132 3210 2192 3261 et
2216 3205 2395 3260 irrisit
2421 3205 2486 3274 ‘7,
2528 3226 2551 3258 ι
2596 3208 2748 3279 quod
2793 3208 3066 3264 nimirum
3110 3209 3357 3282 reprobi,
3400 3209 3492 3282 qui
3530 3207 3676 3264 callidi

2131 3298 2282 3358 sunt,
2309 3299 2374 3349 ut
2397 3294 2606 3350 faciant
2630 3297 2799 3363 mala,
2830 3297 3273 3369 ignominiosam
3295 3299 3394 3357 Chl
3409 3297 3492 3352 isti
3513 3298 3678 3369 passio-

2133 3400 2283 3450 nem,
2307 3389 2367 3440 et
2409 3389 2797 3451 sonoJantum
2834 3387 2984 3442 vocis
3030 3388 3353 3458 proﬁtendo
3397 3386 3674 3443 amicitiam.

2132 3479 2190 3528 et
2215 3473 2362 3529 male
2389 3473 2622 3529 vivendo
2641 3476 2662 3498 ‘
2690 3475 3068 3531 exhonorant:
3091 3477 3279 3532 Cham
3307 3477 3454 3532 enim
3478 3477 3672 3531 callidus

2129 3561 2572 3633 interpretatur:
2615 3583 2637 3613 ι
2670 3564 2801 3618 Sem
2830 3581 2962 3619 vero
2993 3570 3053 3619 et
3075 3565 3290 3638 Japhet
3334 3566 3673 3621 vestimentum

2131 3650 2524 3722 imposuerunt
2550 3651 2800 3706 humeris
2839 3653 2976 3721 suis,
3008 3658 3066 3709 et
3098 3664 3446 3728 operuerunt
3481 3652 3674 3709 verenda

2129 3739 2306 3810 patris
2333 3739 2422 3795 sui
2444 3740 2655 3796 aversis
2681 3741 2930 3797 vultibus
2956 3743 3035 3809 ‘3;
3077 3760 3105 3797 ι
3147 3745 3298 3815 quod
3348 3743 3472 3798 boni
3503 3742 3672 3804 ﬁdeles,

2129 3828 2246 3882 sive
2272 3828 2343 3883 de
2371 3828 2599 3897 Judmis,
2630 3829 2745 3885 sive
2762 3830 2835 3886 de
2859 3830 3160 3898 Gentibus,
3193 3850 3309 3888 non
3337 3834 3395 3888 in
3423 3830 3676 3888 sonovocis

2128 3921 2372 3983 tantum,
2407 3923 2474 3972 ut
2496 3917 2739 3990 reprobi,
2792 3920 2891 3975 sed
2916 3919 2976 3977 in
3032 3921 3322 3977 mentibus
3364 3923 3474 3977 suis
3514 3919 3678 3974 habent

2130 4011 2247 4061 tam
2274 4006 2490 4076 grande
2518 4008 2853 4080 mysterium
2881 4008 3033 4075 ﬁdei,
3064 4014 3126 4063 et
3161 4010 3442 4067 honorant
3468 4010 3676 4064 inﬁmum

453 4095 755 4161 Humerus,
788 4111 928 4167 Opus
950 4096 1207 4166 justitiae,
1256 4103 1321 4152 ut
1363 4098 1423 4153 in
1451 4097 1590 4153 Job:
1647 4118 1673 4150 α
1721 4099 1798 4155 Ut
1835 4099 1895 4154 in
1941 4099 2048 4154 hu-
2131 4100 2191 4149 et
2220 4095 2458 4151 stultum
2497 4095 2620 4162 Dei,
2666 4113 2797 4152 cum
2836 4113 3044 4167 magna
3090 4099 3424 4163 reverentia,
3474 4099 3567 4152 hoc
3614 4106 3676 4148 est

455 4196 611 4236 mero
643 4197 772 4237 meo
797 4189 1018 4256 portem
1042 4184 1202 4240 illum
1233 4184 1297 4253 ¹⁰,
1332 4205 1358 4239 υ
1400 4186 1459 4240 id
1486 4192 1588 4252 est,
1619 4187 1680 4243 in
1709 4204 1877 4260 opere
1924 4204 2048 4243 meo
2134 4200 2162 4237 α
2202 4184 2412 4239 aversis
2437 4184 2702 4252 vultibus,
2735 4205 2763 4237 ιι
2798 4186 2947 4257 quod
2969 4186 3171 4241 fortius
3200 4193 3292 4242 est
3317 4194 3377 4244 et
3419 4185 3681 4258 sapientius

453 4269 755 4326 Dominum
781 4272 1036 4344 portabo.
1067 4275 1361 4340 Humerus,
1394 4291 1536 4347 opus
1558 4276 1866 4348 proprium,
1900 4283 1966 4332 ut
1989 4277 2049 4332 in
2130 4272 2471 4337 hominibus.
2502 4274 2652 4340 Sem,
2676 4274 2773 4345 qui
2819 4278 3142 4330 inanimatae
3180 4277 3587 4350 interpretatur.
3609 4273 3683 4326 Jn~

453 4359 637 4415 Isaia:
675 4381 697 4413 ι
741 4360 1064 4435 Discooperi
1102 4363 1402 4419 humerum
1452 4370 1613 4420 tuum
1660 4364 1726 4431 υ,
1764 4384 1788 4417 »
1838 4365 1895 4420 id
1941 4371 2045 4432 est,
2068 4361 2280 4455 Ddaaos
2305 4361 2584 4434 exprimit,
2616 4362 2712 4455 qui
2738 4378 2842 4455 per
2865 4364 3046 4455 multa
3072 4365 3308 4455 praemia
3321 4365 3513 4422 famosi
3533 4366 3677 4418 emt-

451 4449 686 4504 ostende
715 4465 943 4523 pravam
985 4451 1263 4508 actionem
1303 4458 1482 4508 tuam.
1521 4455 1818 4520 Humerus,
1872 4453 2045 4520 labor,
2076 4449 2111 4455 ⁷
2130 4450 2336 4522 Japhet
2360 4456 2570 4517 autem,
2599 4450 2695 4524 qui
2711 4453 2968 4507 dilatatt'o
2984 4453 3214 4521 dicitur,
3236 4454 3509 4525 signiﬁcat
3522 4455 3680 4524 gentes

452 4542 519 4593 ut
543 4539 605 4594 in
638 4539 883 4597 Genesi:
934 4560 958 4593 ι
995 4541 1303 4614 Supposuit
1351 4543 1650 4597 humerum
1699 4541 1772 4597 ad
1817 4548 2049 4614 portan-
2131 4538 2337 4610 ubique
2363 4539 2617 4595 diii‘usas.
2668 4560 2691 4592 ι
2725 4540 2900 4596 Porro
2941 4542 3060 4597 Noe
3098 4542 3171 4598 de
3198 4559 3398 4599 somno
3437 4541 3677 4613 evigilans.

450 4626 591 4682 dum
619 4626 685 4695 ‘3,
705 4648 728 4680 ι
752 4629 809 4684 id
835 4634 938 4697 est,
969 4629 1142 4686 vitam
1160 4630 1496 4686 laboriosam
1525 4631 1916 4704 apprehendit.
1929 4633 2049 4688 Hu-
2131 4627 2311 4683 ﬁlium
2334 4644 2520 4695 suum,
2552 4628 2731 4685 Cham
2757 4629 2821 4696 ‘9,
2859 4651 2880 4680 ι
2912 4646 3025 4686 non
3064 4631 3125 4686 in
3168 4631 3315 4703 ipso,
3367 4632 3461 4687 sed
3490 4631 3547 4686 in
3588 4627 3661 4683 ῆιίι

452 4731 659 4783 merus,
690 4732 820 4771 caro
851 4718 1076 4786 Christi,
1107 4721 1130 4744 *
1164 4739 1186 4772 ι
1224 4721 1388 4791 cujus
1414 4719 1715 4792 imperium
1743 4737 1914 4793 super
1948 4720 2050 4775 hu-
2130 4719 2271 4790 ejus,
2316 4721 2336 4742 ⁶
2367 4718 2634 4790 quoniam
2664 4718 2919 4774 Christus
2948 4736 2985 4774 a
3011 4725 3193 4776 morte
3224 4726 3490 4792 resurget,
3519 4733 3679 4774 omne:-

452 4819 673 4859 merum
699 4805 880 4875 ejus“
901 4825 915 4863 :
936 4828 962 4858 ι)
997 4809 1145 4880 quod
1170 4825 1412 4876 crucem,
1462 4824 1632 4880 quam
1677 4808 1802 4864 aliis
1845 4809 2047 4881 praedi-
2128 4806 2395 4879 reprobos
2424 4807 2744 4878 passionem
2774 4823 2936 4865 suam
2974 4808 3293 4875 irridentes,
3342 4826 3454 4864 non
3486 4809 3538 4862 in
3576 4806 3673 4868 hoc,

449 4891 610 4959 cavit,
628 4892 866 4965 ipsemet
884 4894 943 4950 in
962 4911 1130 4952 carne
1153 4898 1382 4969 propria
1404 4898 1684 4964 toleravit,
1716 4904 1775 4954 et
1795 4913 1898 4970 per
1927 4914 2050 4952 cru-
2129 4895 2277 4967 quod
2309 4894 2538 4966 perfecti
2563 4902 2714 4964 sunt,
2752 4896 2849 4951 sed
2887 4897 2949 4951 in
2976 4913 3145 4970 opere
3183 4915 3398 4967 eorum,
3443 4895 3574 4969 quod
3616 4893 3678 4946 ἴεν

449 4997 590 5047 cem,
619 4998 791 5055 quam
818 4984 1064 5041 moriens
1081 4985 1141 5041 in
1161 4986 1416 5043 humeris
1446 4986 1661 5052 habuit,
1693 4987 1828 5042 data
1863 4991 1950 5042 est
1967 4987 2048 5041 eis
2129 4983 2303 5051 ciunt,
2335 4985 2464 5039 odio
2488 4983 2716 5041 habent.
2747 4985 2908 5041 Unde
2925 4987 3250 5043 evenienter
3259 4989 3514 5042 Chanaan
3539 4985 3674 5040 inter~

447 5076 698 5142 potestas
725 5072 786 5127 in
814 5072 952 5128 ctrlo
966 5080 1025 5128 et
1050 5073 1111 5130 in
1138 5080 1310 5131 terra.
1343 5078 1448 5131 Per
1474 5077 1794 5143 humerum,
1837 5075 2049 5148 passio-
2126 5077 2386 5146 pretatur
2404 5079 2592 5128 motus
2610 5089 2825 5140 eorum,
2844 5073 2903 5128 id
2928 5081 3035 5139 est,
3067 5092 3412 5147 opuseorum
3453 5073 3674 5128 Chanaan

448 5175 568 5229 nes,
599 5168 666 5217 ut
690 5161 752 5218 in
780 5162 1080 5235 Evangelia
1097 5203 1112 5229 ,
1140 5182 1167 5215 (ι
1209 5163 1335 5236 quis
1362 5181 1429 5219 ex
1446 5163 1603 5221 vobis
1626 5165 1812 5231 homo,
1831 5165 1929 5236 qui
1950 5165 2048 5219 ha-
2128 5168 2215 5218 est
2241 5177 2434 5217 servus
2457 5161 2700 5218 fratrum
2726 5178 2974 5230 suorum,
3005 5165 3157 5236 quod
3185 5181 3329 5237 Opus
3356 5161 3672 5234 reproborunl

448 5253 544 5311 bet
571 5257 801 5307 centum
819 5267 949 5308 oves
964 5251 1028 5320 ¹⁴,
1042 5256 1173 5320 etc.;
1202 5272 1226 5305 ι
1242 5253 1410 5308 homo
1435 5259 1662 5310 centum
1674 5270 1803 5309 oves
1824 5252 2042 5322 habuit,
2128 5250 2388 5308 ﬁdelibus
2414 5254 2588 5311 servit
2606 5253 2695 5309 vel
2712 5252 2785 5307 ad
2821 5245 3278 5313 exercitationem
3303 5251 3580 5326 patientia,
3608 5250 3670 5303 vel

520 5480 538 5516 ¹
569 5481 718 5551 Psal.
748 5495 904 5549 omn,
944 5482 1063 5542 153.
1092 5484 1275 5541 ’Ibid.
1304 5500 1358 5550 v,
1393 5481 1483 5540 50.
1512 5483 1536 5519 ³
1566 5484 1619 5540 Π
1647 5483 1792 5540 Tim.
1821 5499 1883 5545 II.
1913 5483 2004 5551 11,
2038 5499 2046 5513 ί

2122 5524 2130 5536 .
2162 5482 2185 5518 ⁴
2214 5483 2362 5538 Psal.
2397 5495 2591 5551 oxvm,
2624 5481 2713 5539 50.
2752 5481 2948 5537 ‘Psal.
2983 5494 3151 5548 enm,
3183 5479 3236 5539 3.
3280 5481 3305 5516 °
3331 5478 3468 5536 Psal.
3496 5484 3666 5551 xpyll.

447 5551 501 5607 9.
534 5550 689 5626 ⁷,]ορ
719 5565 807 5626 με,
838 5544 930 5608 16.
962 5555 986 5589 ⁸
1013 5556 1094 5626 ΙΙΙ
1124 5556 1263 5626 Reg.
1297 5544 1396 5622 vix,
1429 5553 1518 5609 3i.
1551 5555 1575 5589 ο
1602 5555 1707 5611 Job
1734 5544 1884 5626 xxxx,
1917 5544 2009 5609 22'.
2044 5566 2046 5571 ‘

2122 5552 2259 5626 Ibid.
2292 5567 2363 5626 v.7
2387 5550 2473 5626 36.
2516 5544 2860 5626 “lassari,
2894 5551 2950 5610 2.
2978 5552 3030 5626 ff
3065 5544 3205 5626 Gen.
3237 5551 3490 5626 unguis.
3518 5544 3558 5581 ¹³
3579 5545 3664 5597 lsa.

450 5635 526 5693 Ix,
564 5621 616 5680 6.
642 5620 688 5659 “
718 5623 850 5682 Luc.
878 5638 967 5690 xv,
999 5625 1033 5682 4
1064 5630 1123 5680 et
1150 5620 1306 5697 seqq.
1334 5620 1391 5660 ¹⁸
1404 5625 1545 5683 Gen.
1580 5640 1655 5693 1x,
1676 5626 1770 5695 23,
1805 5620 1897 5685 20.
1930 5625 1977 5661 ¹⁶
2009 5626 2170 5680 Vers.
2199 5623 2290 5683 2i.
2322 5625 2367 5660 ¹⁷
2397 5622 2671 5684 “313.22.
2702 5625 2750 5663 ¹⁸
2778 5624 2940 5682 Vere.
2969 5622 3063 5693 23.,
3091 5624 3137 5660 ¹⁰
3159 5623 3315 5679 Vera.
3344 5621 3427 5683 24.
