3818 6168
192 325 266 379 961
1059 318 1488 377 ALLEGORL‘E
1528 319 1604 372 ΙΝ
1645 317 1935 373 SACRAM
1974 318 2452 374 SCRIPTURAM.
3281 331 3407 388 962.

184 449 236 501 ad
257 445 524 516 profectum
555 441 859 512 sapientiae.
892 443 1166 495 Hunwrus
1187 442 1466 511 signiﬁcat
1491 443 1986 503 fortitu-Aomnes
2038 442 2252 497 inimici
2309 444 2517 500 Christi
2564 447 2648 499 vel
2693 447 2950 503 Ecclesim
2978 450 3382 520 signiﬁcantur.

183 536 350 599 dinem,
382 534 529 602 juxta
558 531 729 583 illud:
770 551 795 581 υ
829 531 1105 600 Expandit
1133 532 1249 584 alas
1276 548 1406 585 suas
1425 533 1464 598 ί,
1503 552 1524 581 ι
1560 534 1708 603 quod
1795 549 1817 580 ι
1844 532 2019 585 Erant
2036 537 2224 586 autem
2245 537 2381 586 tunc
2400 534 2520 588 dies
2548 536 2886 606 Azymorum
2908 538 2983 601 ¹⁰;
3030 558 3054 590 »
3077 543 3224 610 quod
3253 561 3386 613 pro-

181 624 304 676 dedit
327 621 395 673 eis
421 618 820 673 misericordias
850 635 999 684 suas,
1033 639 1052 667 α
1104 625 1160 672 et
1191 621 1499 690 assumpsit
1536 638 1630 674 eos
1682 641 1704 672 ι
1790 620 1879 672 cul
1908 619 2076 674 dubio
2106 621 2395 675 tribulatio
2425 623 2676 677 ﬁdelium
2707 642 2911 694 magna
2939 634 3024 681 est
3062 630 3386 687 solemnitas

181 714 233 765 dc
254 726 453 764 numero
475 707 817 779 perditorum
863 707 932 760 ad
964 725 1262 762 numerum
1294 710 1704 774 salvandorum,
1791 707 2165 763 inimicorum.
2208 730 2233 759 α
2265 712 2442 774 Quem
2483 729 2611 766 cum
2639 715 3119 783 apprehendisset,
3145 720 3299 774 misit
3328 722 3385 777 in

181 821 201 851 ι
225 806 363 869 atque
389 796 618 868 pmtavit
644 796 700 850 in
734 795 984 851 humeris
1015 797 1151 859 suis,
1181 818 1205 848 »
1239 799 1385 869 quod
1406 798 1463 852 in
1492 798 1710 852 fortitu-
1791 813 2071 851 carcerem
2090 798 2127 831 “
2157 818 2168 853 :
2196 820 2219 850 »
2247 800 2392 870 quod
2421 807 2716 872 postquam
2740 803 3232 861 inimicusﬁdelem
3261 810 3387 863 ani-

177 889 277 942 dine
291 885 511 939 suaillos
531 884 878 938 sustentavit.
905 887 1180 938 [linum-us
1212 886 1490 956 signiﬁcat
1517 888 1704 951 fortes,
1794 902 1962 949 mam,
2142 889 2520 942 tentationum
2554 890 2769 961 laqueis
2799 892 3021 946 irretire
3196 898 3387 952 statim

170 980 296 1047 juxta
321 974 440 1027 illud
470 992 481 1025 :
513 995 535 1020 α
572 973 841 1027 Exultabo
860 980 917 1027 et
944 974 1190 1028 dividam
1220 977 1526 1030 Sichimam
1547 976 1568 1010 3
1605 997 1626 1026 υ
1663 981 1704 1042 θ,
1790 980 2035 1028 coarctat
2076 992 2200 1029 eam
2230 976 2287 1029 in
2319 978 2699 1033 omnimodam
2728 980 3234 1048 tribulationem,et
3262 987 3390 1041 hinc

174 1065 374 1119 Sichima
430 1064 687 1116 {umerus
748 1062 1173 1134 interpretatur,
1226 1065 1386 1135 quasi
1453 1066 1708 1120 Christus
1789 1061 1918 1116 inde
1967 1065 2373 1120 tentationibus
2403 1073 2460 1120 et
2486 1068 2746 1139 malignis
2778 1070 3067 1141 spiritibus
3098 1080 3156 1127 et
3202 1077 3388 1146 pravis

172 1154 368 1207 diceret:
418 1152 741 1205 Exultanter
784 1151 1026 1222 implebo
1071 1153 1466 1219 obedientiam,
1527 1160 1583 1208 et
1628 1156 1708 1209 sic
1790 1150 2131 1215 hominibus,
2165 1153 2233 1207 de
2265 1153 2467 1224 quibus
2493 1162 2621 1226 apte
2641 1156 3024 1228 subjungitur,
3050 1161 3198 1231 quod
3225 1169 3388 1216 «tra-

173 1242 395 1313 quosdam
423 1258 483 1294 ex
508 1240 770 1311 gentibus
798 1241 1047 1295 ferendis
1069 1246 1089 1263 θ
1120 1243 1379 1297 omnibus
1397 1244 1536 1299 meis
1552 1252 1708 1316 aptos
1789 1240 1933 1294 didit
1977 1248 2219 1312 quatuor
2265 1244 2729 1313 quaternionibus
2791 1247 3033 1302 militum
3075 1252 3390 1306 custodien-

171 1332 211 1384 in
224 1338 416 1401 partem
440 1346 720 1384 assumam
743 1347 945 1384 meam.
979 1332 1088 1384 Per
1114 1334 1387 1397 humeros,
1422 1351 1712 1388 conversa-
1792 1329 1925 1383 dum
1955 1329 2019 1383 ¹²σ
2050 1351 2076 1382 ι)
2111 1330 2391 1385 Adhibitis
2440 1333 2587 1386 enim
2615 1335 2954 1391 satellitibUS
2997 1337 3131 1405 suis,
3167 1340 3263 1410 qui
3290 1357 3391 1411 per

172 1420 327 1481 tiones,
352 1426 409 1471 ut
436 1418 490 1471 in
519 1418 855 1488 Evangelio:
888 1438 914 1472 ε
939 1420 1712 1494 ()neraimportabiliaimpo—
1795 1424 2037 1489 quatuor
2067 1420 2261 1473 mundi
2293 1420 2520 1475 climata
2550 1423 2741 1476 ﬁdeles
2770 1424 2921 1479 intus
2952 1433 3008 1480 et
3037 1428 3278 1483 exterius
3308 1430 3391 1484 in-

172 1512 279 1561 nunt
304 1507 530 1560 humeris
559 1507 852 1562 hominum
869 1508 910 1574 ³,
947 1528 972 1562 ν
1005 1509 1059 1562 id
1109 1517 1210 1575 est,
1246 1512 1515 1565 mandata
1544 1512 1711 1566 nimis
1796 1507 2046 1577 quietare
2070 1525 2182 1562 non
2211 1515 2451 1575 cessant,
2473 1512 2717 1565 custodit
2743 1513 3001 1568 inimicus
3016 1516 3263 1572 animam
3285 1519 3388 1573 etsi

168 1597 319 1665 gravia
336 1597 387 1650 in
406 1597 879 1651 'conversationes
908 1598 1313 1669 subjectorum.
1794 1596 2191 1663 deluctantem,
2223 1599 2473 1653 nondum
2499 1606 2690 1654 tamen
2720 1602 2882 1672 plene
2921 1606 3385 1673 consentientem,

222 1687 591 1749 llolocauslum,
626 1687 775 1756 quod
795 1692 967 1741 totum
996 1691 1279 1742 incensum
1299 1690 1521 1755 dicitur,
1544 1692 1715 1760 signi-
1799 1685 1972 1738 donec
1999 1703 2121 1739 eam
2150 1688 2222 1739 ad
2249 1688 2472 1757 plenam
2518 1690 2862 1744 voluntatem
2910 1709 3069 1747 suam
3108 1695 3390 1752 adducens

170 1778 268 1827 licet
311 1775 581 1840 maritum,
642 1776 727 1828 vel
782 1776 953 1829 vitam
1006 1779 1497 1849 contemplativam
1549 1799 1560 1833 :
1595 1774 1980 1865 ὅλονΒνξὶῙθὶιί
2025 1775 2311 1829 deVOI‘al‘e-
2347 1777 2605 1840 Quandin
2656 1781 2806 1832 enim
2837 1779 2892 1833 in
2924 1798 2991 1834 ea
3030 1782 3179 1837 lucet
3204 1786 3392 1856 aliqua
3435 1790 3439 1795 ’

171 1863 334 1919 (ἶΓωεθ,
363 1868 527 1916 totum
557 1863 759 1918 Latine
790 1883 802 1931 ;
836 1868 1063 1924 καυστὸν
1098 1867 1183 1920 γει
1229 1869 1446 1933 καυστὶς
1500 1869 1709 1935 Graece,
1733 1862 1772 1865 ”
1796 1862 2765 1921 scintillaboniacerbaestdentibus
2798 1869 3393 1945 inimici.Undesequi-

171 1956 405 2005 incensum
438 1954 639 2007 Latine
670 1954 892 2007 dicitur.
929 1956 1008 2008 De
1036 1962 1275 2026 utroque
1296 1957 1566 2027 scriptum
1588 1965 1673 2012 est
1696 1977 1709 2011 :
1795 1955 1905 2004 tul‘:
1935 1971 1961 2003 α
1986 1953 2190 2006 Volens
2203 1960 2328 2023 post
2348 1956 2553 2024 pascha
2565 1956 2873 2025 producere
2895 1975 3021 2013 eum
3044 1962 3324 2032 pepulo”;
3364 1982 3390 2017 »

173 2042 323 2095 «Tunc
348 2043 659 2113 acceptabis
680 2043 1014 2097 sacriﬁcium
1036 2045 1288 2114 justitiae,
1329 2048 1478 2116 quod
1497 2047 1543 2100 si
1565 2048 1713 2101 muri
1796 2045 1859 2093 ut
1888 2041 2142 2095 videlicet
2166 2041 2270 2095 sibi
2292 2042 2552 2108 subditis,
2587 2044 2681 2113 qui
2712 2062 2811 2114 per
2839 2047 2989 2100 mala
3022 2049 3393 2106 delectatione

166 2131 423 2184 Jerusalem
452 2132 755 2186 aediﬁcat“
776 2150 787 2183 ;
846 2153 867 2183 ι
902 2133 1006 2186 hoc
1047 2140 1149 2199 est,
1206 2135 1252 2188 si
1296 2135 1712 2206 impassibilitas
1794 2146 1895 2183 sua
1919 2135 1975 2183 et
1994 2147 2266 2184 consensu
2291 2132 2469 2185 ﬁdelis
2506 2133 2708 2186 animze
2731 2134 2889 2204 quasi
2912 2137 3229 2205 paschalem
3246 2139 3391 2194 fece-

167 2219 584 2274 ctimmortalitas
605 2228 935 2276 caaterarum
961 2222 1231 2277 virtutum
1249 2224 1712 2279 munimentaﬁlii
1794 2222 1923 2270 I‘nnt
1962 2219 2394 2287 iucunditatem,
2432 2220 2659 2290 Plenum
2690 2226 2748 2274 et
2776 2223 3083 2292 Perfeetunl
3121 2227 3392 2295 gaudium

166 2307 372 2362 Ecclesize
400 2310 618 2363 reddita
648 2310 873 2376 fuerint,
912 2332 932 2360 ι
968 2317 1103 2365 tunc
1137 2318 1365 2382 gratum
1397 2313 1625 2368 habebis
1656 2320 1713 2367 et
1795 2306 2101 2372 exnibel‘et,
2135 2307 2270 2361 dum
2302 2309 2748 2363 consentientem
2808 2312 3057 2366 animam
3088 2314 3158 2366 nd
3205 2321 3392 2370 aetum

164 2395 434 2466 frequenter
460 2398 702 2469 accipies
723 2399 1076 2464 sacriﬁcium,
1102 2420 1126 2452 »
1157 2402 1305 2471 quod
1325 2402 1711 2473 unusquisque
1795 2411 1969 2465 usque
2000 2396 2346 2466 perduceret-
2382 2398 2537 2460 Quod
2571 2398 2617 2451 si
2648 2399 2791 2452 forte
2846 2400 3084 2467 fecisset.
3146 2402 3253 2457 nisi
3292 2421 3392 2474 Ριό

164 2501 247 2537 non
266 2485 323 2539 de
337 2486 542 2552 εριίιιηο,
572 2488 671 2540 sed
692 2488 761 2541 de
782 2505 884 2541 suo
920 2489 1144 2559 proprio
1180 2492 1393 2555 offeret,
1426 2508 1538 2544 non
1558 2491 1712 2545 vide-
1796 2482 1964 2552 hujus
1978 2484 2343 2555 supplicantis
2356 2486 2613 2541 Ecclesiae
2630 2487 2848 2541 devotio
2861 2488 3224 2544 subvenisset.
3247 2492 3393 2545 Nam

164 2573 265 2625 licet
288 2575 483 2629 hircum
516 2582 576 2628 et
605 2582 831 2630 taurum
846 2578 1115 2646 jugulans
1141 2584 1297 2632 extra
1325 2597 1383 2632 se
1408 2598 1419 2644 ;
1441 2581 1536 2633 sed
1559 2580 1713 2633 luxu-
1796 2571 1929 2625 dum
1967 2591 1991 2624 ((
2036 2574 2256 2639 Petrus»
2291 2574 2617 2629 servabatur
2645 2576 2701 2629 in
2735 2594 2980 2643 carcere»
3015 2579 3194 2633 ονῖιίίο
3223 2580 3395 2635 ﬁebat

164 2662 271 2715 riam
292 2665 790 2736 atqui-superbiam
824 2666 1105 2736 perimens
1126 2667 1183 2720 in
1212 2685 1289 2721 se.
1328 2687 1353 2719 «
1384 2669 1672 2739 Acceptabi

1887 2678 1915 2714 e
1944 2661 2359 2716 intermissione
2388 2664 2457 2717 ad
2497 2666 2677 2718 Deum
2708 2682 2808 2735 pro
2839 2683 2903 2719 eo
2932 2666 2991 2718 ιδ.
3020 2669 3040 2689 ⁶
3087 2685 3112 2718 ι
3155 2669 3278 2722 Non
3311 2676 3395 2723 est

162 2750 438 2813 oblationes,
472 2774 497 2801 η
531 2754 785 2825 plurima
817 2755 1029 2809 scilicet
1058 2756 1328 2810 beneﬁcia
1355 2757 1545 2813 activa)
1565 2758 1711 2825 vitae;
1795 2750 2152 2820 aliquatenus
2172 2750 2565 2817 dubitandum,
2594 2754 2899 2824 plurimum
2916 2756 3099 2809 valere
3111 2757 3395 2813 tribulatis

167 2862 182 2884 ο
208 2848 248 2892 et
272 2841 604 2909 holocausta,
644 2862 666 2893 ι
718 2843 885 2897 vitam
943 2845 1156 2899 scilicet
1201 2847 1711 2917 contemplativam,
1797 2839 2246 2909 deprecationem
2280 2842 2534 2895 EeeleSiel
2556 2843 2731 2896 totius
2750 2843 3055 2901 aSSidualn-
3075 2861 3102 2897 α
3130 2847 3271 2900 Cum
3300 2865 3397 2901 all-

162 2928 247 2981 sive
276 2932 620 3002 martyrium,
673 2931 768 2985 ubi
816 2933 954 2985 nihil
990 2935 1189 2987 saeculo
1218 2941 1536 2989 reservatur
1571 2955 1583 3002 ;
1617 2937 1713 2990 sed
1797 2933 1909 2981 tem
1944 2929 2318 2999 PPOduetUPUS
2349 2948 2476 2984 eum
2507 2938 2655 2985 esset
2684 2933 2956 2998 “Crede-9,
2990 2933 3047 2987 in
3077 2934 3199 3004 ipsa
3233 2943 3395 2991 nocte

162 3022 305 3070 totum
325 3021 430 3073 Deo
450 3021 768 3075 intenditur
782 3022 872 3075 hic
887 3022 944 3075 in
968 3024 1232 3093 praesenti
1255 3024 1417 3094 :quid
1436 3024 1494 3078 in
1526 3025 1714 3079 futuro
1798 3025 1922 3071 erat
1938 3019 2138 3072 Petrus
2158 3019 2602 3073 dormiensinter
2612 3021 2752 3079 duos
2769 3021 2995 3089 milites,
3011 3024 3229 3079 Vinctus
3249 3032 3396 3080 cate-

162 3126 177 3153 ι
196 3108 415 3162 'tantum
436 3111 729 3181 imponent
747 3113 1105 3181 superaltare
1119 3118 1279 3166 tuum
1296 3113 1495 3168 vitulos
1513 3115 1715 3184 :nquod
1737 3123 1779 3183 ί]
1802 3106 1889 3160 nis
1915 3107 2131 3161 duabus
2168 3108 2211 3141 ¹⁵
2235 3127 2245 3160 ε
2298 3129 2317 3157 ³
2354 3109 2501 3179 quod
2531 3126 2659 3162 eum
2687 3110 2948 3164 inimicus
2976 3118 3093 3165 tam
3123 3113 3217 3167 diu
3256 3116 3393 3168 ﬁde-

159 3196 352 3252 ollerent
376 3200 475 3253 tibi
509 3216 687 3253 novos
719 3201 953 3271 populos
981 3207 1038 3255 et
1062 3201 1406 3265 innocentes,
1428 3220 1713 3273 nunquam
1800 3196 1909 3250 lem
1940 3197 2275 3265 exagitasset
2302 3197 2705 3252 tentationibus
2820 3201 3261 3256 consentientem
3310 3222 3397 3259 us-

158 3286 357 3355 amplius
381 3289 586 3358 jugum
620 3290 829 3360 peccati
855 3296 1194 3360 portaturos.
1219 3293 1388 3345 Item:
1420 3291 1716 3346 «Introibo
1800 3302 1907 3354 que
1946 3286 2017 3338 ad
2049 3292 2256 3349 actum,
2320 3286 2649 3356 produceret
2704 3304 2759 3339 ιη
2804 3293 2921 3341 tam
2954 3290 3232 3359 profunda
3278 3298 3395 3347 tam

160 3372 202 3423 in
218 3373 423 3429 domum
445 3385 604 3431 tuam
634 3398 655 3428 ι
676 3384 943 3432 aeternam
964 3378 1021 3433 in
1039 3380 1192 3432 cmlis
1211 3380 1251 3444 ⁵,
1273 3383 1333 3433 in
1363 3382 1710 3443 holocaustis,
1799 3374 2035 3427 Obscura
2052 3380 2281 3445 tamque
2302 3375 2535 3428 densata
2572 3376 2881 3430 tentatione
2910 3379 3261 3449 negligenter
3279 3382 3398 3451 agit
3452 3420 3459 3425 .

158 3460 199 3514 in
221 3480 428 3535 corpore
457 3472 515 3519 et
545 3466 741 3520 anima
771 3468 1081 3537 puriﬁcatis
1106 3487 1117 3520 :
1148 3468 1280 3539 quid
1304 3469 1544 3523 iterum?
1569 3470 1717 3523 «Ho-
1800 3462 1977 3516 Virilis
2004 3463 2160 3533 prius
2190 3466 2209 3485 ’
2256 3463 2668 3517 edoloravimus
2694 3483 2705 3517 :
2740 3483 2773 3517 a
2811 3467 3157 3522 daemonibus
3190 3470 3395 3541 quippe

156 3550 367 3607 locausta
394 3556 706 3609 nzedullata
734 3558 963 3610 offeram
984 3557 1085 3610 tibi
1100 3558 1142 3623 θ,
1178 3559 1280 3611 hoc
1310 3565 1412 3620 est,
1447 3558 1718 3611 interiora
1799 3556 1855 3604 et
1884 3551 2068 3621 pravis
2095 3551 2413 3605 hominibus
2443 3552 2892 3608 circumvallatus
2907 3558 3026 3624 jam
3044 3556 3227 3611 fuerat
3252 3576 3398 3613 com-

155 3657 253 3694 mea
279 3642 466 3697 divina:
525 3645 820 3699 cliaritatis
870 3645 997 3716 igne
1031 3646 1349 3715 flagrantia.
1381 3647 1535 3700 Nihil
1564 3648 1717 3701 enim
1797 3641 1938 3710 pede
1959 3640 2272 3694 dilectionis
2285 3646 2453 3710 atque
2475 3656 2778 3695 consensus
2794 3643 3109 3697 astrictus:
3132 3646 3200 3698 Et
3219 3652 3399 3700 custo-

155 3731 322 3783 melius
344 3734 625 3787 medullis,
1800 3730 1899 3782 des
1919 3734 2049 3783 ante
2078 3729 2285 3782 ostium
2306 3728 2695 3782 custodiebant
2718 3746 3031 3783 carcerem:
3056 3751 3080 3782 ›)
3114 3735 3262 3803 quod
3284 3753 3399 3790 ma-

207 3820 417 3875 llerodcs
436 3823 725 3894 signiﬁcat
751 3822 1053 3889 diabolum,
1057 3825 1219 3893 juxta
1242 3824 1377 3877 illud
1414 3824 1715 3893 ﬁgurativae

1889 3818 1940 3871 ni
1972 3817 2203 3888 spiritus
2235 3818 2304 3870 ad
2336 3818 2440 3871 hoc
2487 3818 2823 3871 omnimodis
2859 3819 3172 3889 invigilant,
3206 3828 3270 3876 ut
3298 3822 3397 3877 ob—

156 3905 370 3981 Ecclesiae
397 3911 452 3964 in
486 3911 722 3974 Actibus
766 3913 1181 3982 apostolorum:
1217 3931 1242 3965 «
1287 3913 1441 3967 Misit
1470 3914 1719 3967 Herodes
1802 3912 1958 3961 truso
1974 3906 2623 3978 peccatoriconfessionis
2657 3907 2814 3961 aditu
2828 3907 3116 3963 tribulatio
3138 3912 3400 3967 tentatio-

152 4011 227 4048 rex
266 4015 481 4062 manus.
514 4006 581 4055 ut
613 4000 891 4070 afﬂigeret
921 4002 1192 4072 quosdam
1223 4003 1290 4055 de
1329 4002 1573 4056 Ecclesia
1600 4003 1651 4059 τε
1693 4023 1714 4053 ο
1804 3996 1891 4050 nis
1920 3997 2073 4050 nullo
2098 3996 2263 4050 modo
2294 3996 2585 4049 minuatur
2625 4015 2637 4061 ;
2694 3997 2792 4050 sed
2821 3997 3006 4068 potius
3037 4005 3204 4055 aucta
3229 4000 3398 4056 robo-

153 4087 273 4153 quod
299 4089 575 4156 diabolus,
614 4089 709 4161 qui
739 4107 834 4143 rex
865 4096 950 4145 est
999 4091 1249 4145 omnium
1278 4092 1574 4157 malorum,
1607 4109 1720 4146 non
1805 4092 1979 4140 retur.
2013 4086 2121 4140 Sed
2153 4102 2275 4156 quae
2302 4103 2429 4156 spes
2459 4086 2517 4139 in
2563 4091 2721 4140 tanta
2773 4087 3151 4142 necessitate?
3182 4091 3316 4160 quid
3346 4092 3398 4144 ei

152 4182 297 4229 cessat
326 4179 553 4233 mittere
576 4179 848 4233 nefandas
868 4179 1199 4235 bellatorum
1220 4198 1450 4234 suorum
1472 4187 1721 4235 catervas
1804 4177 2138 4247 profuerunt
2185 4175 2466 4230 orationes
2514 4175 2813 4230 EeeleSiie?
2842 4177 2989 4231 Λυάί
3022 4194 3033 4228 ε
3076 4197 3101 4230 ί(
3153 4179 3222 4233 Et
3277 4197 3401 4235 ecce

151 4263 207 4315 ad
232 4266 583 4321 atllicticncm
618 4268 890 4322 ﬁdelium.
927 4288 953 4321 in
995 4270 1208 4324 Occidit
1250 4270 1398 4323 enim
1430 4269 1717 4335 Jacobum,
1806 4266 2039 4337 angelus
2069 4264 2293 4319 Domini
2324 4264 2506 4319 astitit
2536 4264 2612 4331 ‘5;
2660 4282 2685 4317 ιι
2746 4266 2896 4335 quod
2928 4267 3184 4320 Christus
3213 4269 3402 4339 magni

151 4350 348 4407 fratrem
379 4357 637 4424 Joannis,
666 4358 856 4427 gladio
885 4359 906 4392 ⁸
956 4377 968 4425 ;
1008 4379 1029 4409 ι
1079 4359 1227 4429 quod
1273 4359 1545 4429 quosdam
1575 4360 1723 4430 quod
1806 4355 2022 4411 consilii
2051 4354 2284 4424 angelus
2300 4354 2567 4423 adjuvare
2605 4354 2824 4408 ﬁdelem
2845 4371 3007 4408 suum
3025 4362 3253 4426 paratus
3273 4357 3397 4411 fuit.

151 4438 318 4495 divina:
338 4446 538 4514 gratiae
570 4446 875 4501 familiares
927 4447 1275 4513 exstiterant,
1309 4465 1411 4519 per
1439 4449 1543 4502 hoc
1573 4448 1787 4519 quodD
1814 4466 1834 4497 ι
1874 4446 1942 4498 Et
1970 4445 2161 4497 lumen
2188 4443 2408 4497 refulsit
2451 4442 2509 4495 in
2539 4441 2856 4495 habitacula
2905 4443 3159 4509 carceris,
3195 4464 3218 4495 ι
3255 4446 3401 4514 quod

155 4528 261 4583 vitia
284 4549 380 4587 sua
407 4535 765 4588 celluctando
801 4535 1157 4606 subegerant,
1191 4537 1457 4608 pestifera
1498 4553 1725 4608 persua-
1806 4534 1995 4588 divina
2023 4532 2216 4604 gratia
2245 4529 2581 4585 corruscavit
2628 4531 2685 4583 in
2738 4536 2924 4583 mente
2976 4532 3301 4601 peccatoris,
3343 4534 3403 4588 in

152 4615 278 4672 sione
297 4624 618 4687 trucidavit,
642 4623 880 4679 Jacohus
903 4626 1053 4679 enim
1075 4630 1332 4689 luctator,
1356 4627 1601 4680 Joannes
1628 4628 1725 4680 Dei
1808 4640 1919 4694 qua
1945 4623 2127 4676 locum
2150 4621 2305 4691 prius
2327 4619 2599 4674 habuerat
2618 4618 2907 4671 tribulatio
2937 4620 3112 4674 anxiae
3127 4623 3403 4677 tentatio—

152 4712 308 4769 gratia
325 4711 554 4765 dicitur.
580 4732 601 4762 ι
637 4713 879 4767 Videns‘
901 4714 1048 4768 enim
1070 4715 1215 4785 quod
1232 4714 1720 4785 placeretJudzeis,
1806 4712 1912 4764 nis.
1951 4732 1974 4762 «
2008 4711 2388 4777 Percussoque
2418 4708 2593 4759 latere
2640 4705 2791 4759 Petri
2838 4706 3098 4761 excitavit
3142 4725 3272 4762 eum
3303 4728 3314 4762 :
3375 4729 3401 4763 »

153 4799 381 4865 apposuit
420 4801 850 4872 apprehendere
900 4809 957 4857 et
1009 4804 1237 4857 Petrum
1265 4805 1288 4837 9
1330 4822 1341 4856 :
1381 4824 1403 4855 ι
1436 4805 1583 4874 quod
1613 4820 1725 4857 non
1808 4799 2258 4871 quodincrepata
2277 4798 2398 4866 ejus
2427 4795 2680 4849 socordia
2694 4795 2762 4847 de
2790 4797 3149 4851 conversione
3168 4799 3404 4865 monuit,

154 4884 305 4940 solum
326 4889 577 4944 minaeres
611 4897 711 4944 aut
733 4892 1040 4946 mediocres
1070 4893 1324 4947 diabolus
1344 4899 1565 4947 tentare
1592 4892 1726 4945 niti-
1810 4890 1998 4942 dicens
2032 4907 2043 4940 :
2080 4907 2107 4938 α
2141 4887 2318 4955 Surge
2369 4884 2660 4951 velociter;
2697 4908 2720 4931 ιι
2752 4901 2817 4938 ac
2846 4885 2893 4939 si
2920 4886 3121 4941 anima:
3159 4887 3402 4942 diceret:

154 4976 242 5040 tur,
265 4978 353 5031 sed
380 4985 437 5033 et
462 4997 718 5034 summos
750 4980 810 5034 in
834 4981 1074 5035 Ecclesia
1110 4982 1273 5047 viros,
1312 4982 1599 5052 agnitione
1628 4981 1727 5035 Dei
1818 4978 1939 5031 Cito
1969 4975 2165 5030 resiste
2177 4972 2495 5038 tentationi,
2520 4971 2608 5026 cui
2629 4972 2841 5027 diutius
2854 4974 3203 5029 consensisti:
3222 4994 3247 5026 «
3271 4976 3407 5029 Sur-

156 5066 200 5113 et
214 5063 405 5120 virtute
436 5069 772 5123 constantiae
802 5070 1064 5140 praeditos
1092 5072 1246 5124 velut
1272 5071 1475 5125 invitos
1495 5076 1553 5125 et
1579 5086 1664 5124 rer

1897 5086 1935 5117 η»
1949 5066 2003 5119 id
2025 5064 2203 5130 est,ad
2233 5062 2611 5117 conﬁtendum
2626 5069 2978 5134 praeparate:
3022 5084 3043 5113 ι
3066 5064 3243 5134 Surge
3255 5064 3405 5117 velo-

158 5156 308 5207 tentes
352 5158 707 5227 aggreditur,
760 5158 1119 5213 considerans
1150 5161 1253 5214 hoc
1302 5160 1590 5231 ingratum
1611 5160 1729 5213 fore
1813 5156 1970 5219 citer,
2026 5173 2051 5206 ι
2112 5154 2167 5207 id
2222 5160 2325 5215 est,
2373 5168 2444 5205 ne
2473 5151 2661 5205 tardes
2691 5151 2937 5206 converti
2967 5152 3036 5205 ad
3082 5152 3403 5220 Dominum,

158 5239 838 5319 Christianmﬁdei,quibus
860 5248 979 5319 ipse
1005 5255 1207 5320 praeest
1240 5249 1729 5304 inimicus.Petrus
1812 5262 1882 5299 ne
1904 5244 2145 5321 differas,
2178 5241 2327 5312 quod
2371 5257 2519 5294 mors
2548 5257 2663 5294 non
2690 5241 2898 5295 tardat.
2931 5259 2958 5293 α
2991 5241 3062 5295 Et
3089 5240 3412 5296 ceCidel’llnt

158 5342 420 5395 agitamus
464 5337 562 5390 uel
617 5341 815 5403 ﬁrmus
873 5337 1293 5410 interpretatur.
1352 5339 1459 5393 Per
1485 5338 1724 5403 Judaeos,
1814 5338 2022 5387 catenm
2062 5332 2130 5384 de
2186 5329 2444 5383 manibus
2475 5330 2615 5401 ejus,
2654 5348 2681 5382 io
2714 5329 2862 5401 quod
2891 5328 3079 5383 divina
3099 5329 3290 5399 gratia
3317 5347 3413 5385 cor

218 5453 232 5538 ξ
273 5456 428 5511 Deut.
487 5474 661 5523 xxxu,
710 5461 796 5514 11.
847 5462 870 5495 ²
912 5463 1057 5516 Psal.
1112 5477 1245 5527 cvn,
1281 5461 1333 5517 8.
1384 5462 1893 5538 3AMatth.__x_§;.\_;I}I,
1940 5456 2010 5538 ’l-_
2044 5453 2257 5538 ‘mpfnl;
2295 5452 2474 5538 L32};
2499 5452 2543 5538 ,τ’
2567 5448 2952 5538 ,Ρῗὲιεβὴδξ
2981 5451 3127 5538 Ῑῖῗίίξ;
3153 5467 3284 5538 .‘1-“3

161 5520 305 5580 τΑει.
333 5543 428 5596 xu,
466 5531 519 5583 1.
574 5520 766 5587 81bid.
798 5548 851 5599 v,
884 5533 936 5587 2.
973 5533 1165 5589 91bid.
1208 5520 1260 5597 v’,
1300 5535 1353 5586 3.
1400 5532 1444 5567 ιο
1468 5533 1608 5587 Ibid.
1650 5532 1666 5566 ί

164 5592 198 5626 ¹⁶
220 5594 350 5654 Ibid.
377 5614 429 5668 v,
461 5600 521 5655 Ἰ.

1901 5544 1948 5595 v,
1981 5529 2034 5583 4.
2064 5526 2109 5562 ¹²
2139 5525 2278 5582 Ibid.
2327 5524 2370 5559 ¹³
2397 5524 2535 5579 lbid.
2567 5523 2610 5557 ¹⁵
2640 5521 2778 5577 Ibid.
2814 5537 2865 5586 γ,
2918 5521 2969 5577 5.
3012 5522 3056 5556 ¹⁵
3084 5522 3224 5579 Ibid.
3270 5540 3319 5589 v,
3353 5525 3409 5581 6.
