3942 6158
439 306 544 366 963

1079 299 1140 352 Β.
1175 299 1444 353 RABANI
1476 293 1708 352 MAURI
1733 287 2072 350 ARCHIEP.
2101 288 2426 346 MOGUNT.
2459 285 2753 345 OPERUM
2781 287 2964 342 PARS
2994 287 3093 342 III.

3576 285 3666 344 96i-

439 429 749 502 peooatoris
801 427 1137 486 illustrante,
1200 430 1258 477 et
1290 426 1532 494 praefatis
1561 423 2036 478 admonitionibus
2056 421 2270 490 Aquod
2291 419 2446 472 misit
2469 417 2740 473 Dominus
2766 415 3030 486 angelum
3059 431 3239 478 suum,
3255 421 3309 468 et
3323 413 3599 485 eripuitme
3611 417 3668 470 de

440 520 735 580 excitante,
765 531 1070 570 consensus
1099 519 1160 566 et
1205 514 1504 568 delectatio
1533 515 1802 568 deficiunt
1831 513 1900 566 ab
1931 513 2038 565 ini-

441 607 672 679 quitatis
712 605 949 661 actione.
987 622 1012 656 (ς
1071 603 1225 656 Dixit
1251 609 1446 658 autem
1477 603 1711 674 angelus
1743 603 1813 656 ad
1844 619 1972 656 eum
2021 618 2032 653 ε

439 696 806 764 Praicingcle,
841 693 1078 748 viriliter
1107 709 1209 762 age
1239 693 1296 758 1;
1353 711 1376 744 ›)
1419 713 1438 742 «
1492 694 1856 761 Praecingere,
1898 713 1920 742 ι)
1966 691 2036 744 ad

438 787 579 843 bene
613 781 960 854 operandam
988 798 1244 852 praepara
1269 787 1344 834 te.
1373 801 1398 838 (ς
1431 782 1797 851 Pnecingere,
1841 801 1860 830 ι
1896 779 2038 833 desi-

441 879 638 931 nentes
685 872 842 928 sinus
889 870 1211 940 cupiditatis
1239 869 1630 938 restringendo
1657 869 1874 938 collige.
1911 887 1935 918 (ι
1974 869 2040 921 Et

441 964 628 1024 calt-ea
649 967 706 1018 to
737 961 944 1030 caligas
973 967 1099 1013 tuas
1119 958 1168 1012 si:
1217 978 1242 1011 ιι
1275 959 1330 1012 id
1361 966 1464 1016 est.
1495 959 1698 1012 adhibe
1727 957 2040 1011 actionibus

441 1052 554 1112 tuis
584 1049 925 1110 munitiones
955 1055 1099 1108 tuas.
1134 1065 1204 1102 ne
1231 1049 1406 1120 spinis
1424 1049 1830 1102 desideriorum
1851 1063 2042 1100 carna-

442 1141 581 1200 lium
602 1139 842 1198 ulterius
859 1139 1240 1193 vulnerentur.
1265 1139 1387 1203 Quo
1403 1138 1566 1201 facto,
1584 1137 1854 1207 subjecit:
1883 1157 1902 1185 ι
1927 1136 2043 1190 Cir-

444 1230 646 1289 cumda
694 1228 793 1285 tibi
825 1229 1223 1281 vestimentum
1252 1233 1412 1280 tuum
1435 1225 1476 1291 ³,
1522 1245 1548 1284 η
1603 1227 1657 1278 id
1713 1231 1813 1290 est,
1874 1225 2042 1278 indue

445 1317 742 1388 pristinam
766 1317 932 1372 ﬁdem
959 1321 1016 1368 et
1039 1314 1317 1384 justitiam
1345 1321 1523 1371 tuam.
1560 1330 1726 1384 quam
1759 1314 2042 1367 dormiens

445 1406 698 1476 abjecisti
734 1422 746 1462 :
783 1425 808 1458 α
841 1405 910 1460 Et
938 1421 1172 1473 sequere
1205 1404 1340 1472 [me]
1359 1403 1397 1460 ⁴,
1439 1422 1463 1454 η)
1497 1409 1561 1456 ut
1589 1419 1620 1456 a
1649 1408 1827 1456 morte
1854 1419 2043 1455 resur-

442 1513 582 1566 gens
631 1510 918 1564 nunquam
974 1493 1238 1562 deinceps
1291 1493 1570 1557 moriaris,
1606 1493 1700 1544 sed
1734 1507 1959 1562 semper
1987 1492 2044 1545 in

445 1583 692 1646 navitate
717 1581 996 1642 ambules,
1031 1601 1054 1628 α
1094 1582 1162 1638 Et
1191 1581 1378 1634 exiens
1415 1580 1755 1650 sequebatur
1783 1595 1912 1633 eum
1941 1580 1981 1638 ⁵,
2017 1599 2039 1629 ι

447 1673 596 1742 quod
626 1670 807 1728 ﬁdelis
837 1669 1028 1727 anima
1054 1669 1259 1722 talibus
1288 1668 1764 1727 admonitionibus
1780 1669 2048 1722 divinitus

2119 508 2378 562 manibus
2407 507 2662 571 Herodis,
2699 511 2756 558 et
2809 507 2878 559 de
2908 505 3060 558 omni
3103 504 3494 573 eXspectatione
3522 505 3672 574 plebis

2120 597 2364 651 Iudaica)
2386 597 2428 648 ⁷.
2462 614 2489 647 ι)
2512 595 2716 650 Anima
2747 595 2952 665 quippe
2984 593 3152 646 nimis
3187 610 3217 646 a
3248 609 3305 645 se
3335 593 3488 661 longe
3517 609 3672 646 reces-

2119 687 2210 748 sit,
2243 686 2466 756 quando
2495 699 2680 754 pravae
2711 682 3052 753 θυεμεείοηὶ
3069 681 3391 734 delectando
3413 683 3672 736 consentit.

2121 776 2182 829 In
2205 791 2264 828 se
2295 781 2487 827 autem
2520 773 2838 836 revertitur,
2873 771 3094 842 quando
3138 771 3344 822 malum
3375 769 3608 822 deserere
3631 777 3676 822 et

2121 864 2330 917 bonum
2353 879 2522 933 agere
2535 862 2774 933 perfecte
2798 860 3046 924 molitur,
3079 859 3192 912 sive
3216 859 3275 911 in
3298 874 3356 911 se
3395 858 3674 926 revertitur,

2123 959 2180 1006 et
2205 953 2386 1022 qualis
2417 951 2552 1005 olim
2578 967 2612 1004 a
2659 951 2776 1004 Deo
2819 951 2967 1002 facta
3009 948 3134 1013 fuit,
3175 952 3231 1000 et
3253 947 3468 1017 qualem
3491 964 3544 1000 se
3571 963 3678 1016 pec-

2123 1041 2303 1095 cando
2333 1041 2549 1106 fecerit,
2583 1039 2872 1110 qualisque
2895 1039 3102 1092 iterum
3123 1053 3222 1108 per
3241 1035 3340 1090 Dei
3353 1035 3578 1104 gratiam
3603 1036 3676 1094 sit.

2123 1131 2400 1184 veraciter
2415 1127 2944 1198 intuetur.Denique
2973 1141 3246 1180 consensu
3266 1123 3542 1196 pravitatis
3553 1124 3681 1194 abje—

2125 1227 2214 1273 cto
2231 1236 2356 1274 cum
2386 1219 2552 1276 noxia
2578 1217 2946 1272 delectatione
2974 1219 3032 1270 et
3055 1217 3168 1268 vita
3193 1215 3456 1286 'pessima
3481 1229 3682 1267 consue—

2125 1309 2322 1363 tudine
2345 1309 2465 1378 jain
2497 1307 2565 1361 ad
2598 1325 2656 1360 se
2690 1305 2934 1377 perfecte
2963 1305 3182 1358 rediens
3231 1305 3418 1356 anima
3442 1303 3686 1372 cognoscit

2128 1405 2185 1452 et
2211 1398 2472 1451 meminit
2501 1397 2556 1450 in
2581 1395 2785 1466 quibus
2815 1396 3026 1448 malum
3057 1393 3182 1448 fuit.
3239 1393 3395 1447 Unde
3426 1394 3686 1446 conﬁtetur

2129 1504 2189 1540 se
2219 1502 2330 1540 non
2363 1487 2588 1556 quidem
2617 1501 2720 1556 pro
2739 1485 3072 1537 meri-torum
3085 1499 3319 1537 suorum
3342 1473 3684 1552 pmrogativa,

2128 1577 2220 1629 sed
2237 1593 2338 1646 per
2347 1576 2563 1630 cmlitus
2575 1574 2836 1628 emissam
2850 1573 2954 1626 sibi
2965 1573 3204 1642 gratiam
3219 1572 3292 1625 de
3306 1569 3689 1642 potestateprin-

2129 1665 2266 1735 cipis
2273 1663 2632 1718 tenebrarum
2646 1679 2988 1732 suorumque
3001 1661 3307 1715 satellitum
3324 1677 3442 1714 esse
3454 1665 3686 1729 ereptam,

447 1752 744 1829 inspirata,
767 1758 999 1828 objectis
1022 1759 1205 1828 pravis
1235 1757 1715 1819 delectationibus,
1747 1758 1949 1828 quibus
1973 1759 2044 1810 ir-
2063 1747 2110 1810 Β
2128 1753 2224 1825 qui
2251 1755 2498 1823 maligne
2521 1753 2918 1824 exspectabant
2937 1752 3142 1805 eamad
3168 1755 3410 1804 mortem
3429 1751 3620 1819 usque'
3635 1747 3690 1800 ad

448 1849 620 1906 retita
634 1854 736 1912 est,
759 1847 955 1917 incipit
983 1847 1131 1901 bona
1159 1847 1527 1900 desiderando
1557 1847 1715 1916 sequi
1752 1852 2041 1900 vocantem

450 1936 1005 2002 Dominum,tametsi
1029 1937 1277 1990 nondum
1299 1939 1560 2006 perfecte.
1587 1937 1746 1990 Unde
1766 1937 2039 2006 sequitur:

455 2046 478 2084 ς
514 2027 581 2086 Et
635 2025 937 2090 nesciebat,
971 2026 1120 2095 quod
1158 2035 1352 2078 verum
1402 2031 1503 2088 est,
1549 2025 1694 2096 quod
1726 2024 1897 2078 ﬂebat
1945 2041 2046 2096 per

449 2115 740 2184 angelum:
767 2113 1084 2170 aestimabat
1107 2119 1298 2167 autem
1330 2131 1390 2166 se
1407 2113 1591 2166 visum
1616 2113 1804 2166 videre
1831 2131 1842 2164 :
1883 2133 1902 2162 ι
1929 2114 2046 2183 ple-

450 2221 692 2274 rumque
720 2203 872 2261 enim
902 2205 967 2257 fit
995 2209 1059 2256 ut
1087 2203 1294 2267 anima,
1327 2202 1615 2259 diabolicis
1644 2201 2048 2256 tentationibus

451 2294 548 2352 diu
577 2293 930 2362 multumque
948 2291 1199 2361 fatigata,
1227 2308 1350 2346 cum
1372 2309 1430 2345 se
1450 2291 1716 2345 divinitus
1744 2293 1812 2344 ad
1830 2291 2048 2363 patien-

453 2381 592 2434 tiam
618 2387 674 2440 et
698 2381 768 2438 ad
787 2381 1208 2435 conversionem
1253 2380 1468 2436 moneri
1490 2380 1678 2446 sentit,
1704 2396 1814 2433 non
1837 2382 1858 2402 ⁴’
1890 2373 2052 2450 putat

452 2486 575 2526 esse
605 2468 849 2526 divinam
874 2467 1333 2531 admonitionem,
1367 2485 1532 2537 quam
1563 2469 1715 2520 intus
1743 2468 1918 2531 audit,
1953 2467 2048 2522 sed

454 2558 640 2627 potius
655 2557 902 2626 aliquam
917 2557 1328 2626 phantasticam
1359 2557 1724 2622 delusionem,
1757 2573 1926 2626 quam
1948 2573 2049 2609 au-

460 2647 582 2700 dire
611 2647 776 2702 solita
803 2645 926 2707 fuit,
963 2645 1110 2700 unde
1140 2662 1362 2698 necesse
1393 2652 1493 2709 est,
1535 2652 1598 2699 ut
1614 2647 1884 2699 Dominus
1905 2646 2053 2699 circa

453 2734 612 2796 illam
640 2735 754 2790 tale
780 2733 913 2802 quid
931 2739 1080 2803 agat,
1117 2751 1227 2803 quo
1258 2751 1316 2786 se
1345 2751 1456 2787 non
1473 2735 1822 2804 phantastice
1839 2735 2045 2798 deludi,

455 2823 554 2883 sed
584 2821 852 2878 divinitus
882 2822 1172 2878 admoneri
1199 2823 1512 2876 certissime
1553 2824 1710 2876 sciat.
1739 2824 2009 2894 Sequitur
2036 2843 2048 2876 :

462 2930 487 2968 α
515 2912 894 2970 Transeuntes
926 2916 1114 2965 autem
1145 2911 1385 2981 primam
1415 2919 1472 2964 et
1515 2913 1816 2965 secundam
1867 2920 2052 2966 custo-

2124 1841 2538 1914 producendam
2549 1881 2560 1894 .
2569 1843 2750 1896 Herod
2759 1842 2940 1912 es,qui
2953 1841 3283 1894 innocentes
3295 1855 3492 1910 pueros
3503 1837 3690 1900 occidit,

2128 1931 2407 2002 principes
2437 1937 2878 2001 persecutorum,
2915 1929 3009 2000 qui
3060 1935 3260 1982 contra
3301 1926 3588 1980 Ecclesiam
3608 1944 3692 1978 Sie-

2130 2021 2305 2086 viunt,
2341 2021 2654 2090 figuraliter
2680 2019 2957 2090 exprimit.
3007 2018 3165 2081 Quod
3199 2018 3358 2070 enim
3408 2016 3694 2070 innocentes

2131 2111 2288 2180 pueri
2316 2110 2639 2164 referuntur
2688 2109 2850 2162 occisi
2871 2109 2913 2173 δ,
2970 2107 3259 2177 significat
3286 2119 3390 2177 per
3416 2105 3533 2158 vita:
3561 2105 3697 2158 inno-

2131 2200 2372 2252 centiam
2387 2206 2444 2253 et
2462 2199 2798 2252 humilitatis
2828 2197 3092 2250 meritum
3115 2197 3186 2250 ad
3203 2195 3468 2266 martyrii
3492 2193 3696 2265 gloriam

2133 2289 2590 2360 perveniendum.
2651 2287 2810 2352 Quod
2842 2286 2955 2339 bini
3008 2285 3172 2339 occisi
3211 2290 3369 2348 sunt,
3404 2284 3635 2337 doctrina
3655 2287 3702 2334 et

2135 2377 2458 2452 operatione
2491 2375 2763 2447 perfectos
2783 2375 3010 2442 indicat.
3044 2374 3202 2436 Quod
3234 2373 3387 2427 infra
3409 2375 3430 2394 "
3457 2371 3701 2444 simplices

2135 2466 2403 2520 etidiotas
2421 2466 2747 2530 fide,tamen
2771 2479 2882 2520 non
2901 2465 3011 2518 ﬁde
3026 2463 3366 2517 constantiae
3393 2463 3554 2516 fortes
3570 2475 3702 2530 irque

2133 2555 2446 2610 denuntiat.
2480 2557 2636 2619 Quod
2671 2573 2696 2605 «
2728 2555 2784 2607 in
2818 2554 3141 2607 Bethlehem
3165 2559 3221 2605 et
3259 2553 3318 2605 in
3349 2551 3592 2605 omnibus
3607 2549 3705 2604 ﬁni-

2135 2647 2238 2699 bus
2264 2647 2387 2715 ejus
2419 2663 2442 2696 ἡ
2477 2645 2641 2700 occisi
2662 2651 2808 2706 sunt,
2839 2643 3084 2698 ostendit
3113 2659 3225 2696 non
3241 2643 3430 2696 solum
3447 2643 3502 2695 in
3521 2642 3702 2700 Iudaea,

2133 2735 2282 2788 unde
2315 2735 2569 2788 Ecclesiae
2599 2733 2767 2804 coepit
2793 2733 2968 2803 origo,
3012 2732 3108 2786 sed
3166 2732 3348 2784 etiam
3379 2735 3398 2754 ⁶
3426 2731 3706 2801 quicunque

2137 2831 2418 2880 terrarum
2437 2825 2680 2894 perﬁdos
2701 2823 3006 2876 servituros
3027 2825 3083 2874 et
3107 2821 3310 2876 ﬁdeles
3328 2839 3449 2875 esse
3467 2835 3706 2874 coronan-

2138 2914 2257 2967 dos.
2287 2914 2447 2976 Quod
2479 2913 2558 2966 illi
2608 2912 2772 2966 occisi
2805 2918 2954 2977 sunt,
2989 2917 3046 2964 et
3096 2911 3368 2964 Christus
3388 2909 3571 2975 evasit,
3601 2907 3709 2960 insi-

458 3000 630 3065 diam,
650 3005 924 3056 venerunt
939 2999 1012 3054 ad
1029 3007 1248 3070 portam
1265 2999 1524 3066 ferream,
1550 3018 1672 3072 quae
1693 3003 1842 3054 ultro
1861 3008 2058 3072 aperta
2138 3007 2279 3054 nunt
2308 3001 2534 3071 quidem
2564 3017 2798 3071 corpore
2852 3006 3128 3070 martyres
3157 3015 3330 3070 posse
3367 2998 3558 3070 perimi
3587 3013 3598 3048 :
3627 2993 3708 3048 sed

459 3089 638 3146 cstois
657 3089 698 3140 α.
729 3107 755 3140 ››
783 3088 1029 3144 Primum
1055 3095 1113 3142 et
1134 3089 1439 3142 secundam
1479 3091 1790 3144 custodiam
1829 3092 2048 3158 transit,
2073 3073 2114 3136 Ο

461 3179 556 3247 qui
576 3177 822 3247 primum
851 3194 1186 3232 consensum
1211 3184 1267 3230 et
1293 3177 1722 3232 delectationem:
1751 3179 1973 3235 noxiam
1995 3181 2052 3233 in

461 3267 661 3338 quibus
688 3283 725 3326 a
751 3266 971 3322 diabolo
993 3267 1304 3320 custoditus
1333 3272 1435 3330 est,
1460 3268 1783 3337 pmnitendo
1801 3273 1859 3322 et
1887 3271 2054 3325 eonfi—

460 3356 634 3416 tendo
655 3355 1016 3424 domlinquit.
1049 3355 1246 3410 Restat
1265 3356 1448 3410 adhuc
1463 3362 1624 3424 porta
1653 3360 1872 3424 ferrea:
1904 3359 2052 3428 quod

463 3445 720 3503 videlicet
765 3445 968 3501 animos
1014 3461 1049 3498 a
1079 3445 1228 3498 malo
1255 3445 1533 3499 declinare
1557 3452 1611 3500 et
1638 3446 1845 3504 bonum
1874 3449 2054 3502 facere

461 3533 816 3598 deliberanti,
854 3533 1189 3604 quandoque
1229 3534 1590 3604 pertinaciter
1619 3536 1840 3589 obsistit
1866 3539 1884 3562 ‘
1914 3537 2054 3591 dura

459 3623 808 3682 consuetudo
825 3623 1108 3692 peccandi,
1125 3640 1248 3692 quae
1262 3631 1497 3692 generat
1507 3624 1894 3678 difﬁcultatem
1914 3625 2055 3679 bene

458 3713 678 3773 vivendi
703 3731 716 3766 :
752 3728 874 3782 quae
903 3711 1172 3766 nimirum
1202 3713 1566 3774 consuetudo,
1597 3713 1706 3766 nisi
1725 3714 1914 3768 divina
1929 3731 2056 3784 gra—

459 3801 556 3867 tia,
589 3801 647 3860 in
673 3801 840 3860 terris
877 3803 897 3826 "
945 3801 1114 3854 ducet
1143 3801 1428 3854 hominem
1458 3803 1528 3854 ad
1557 3801 1730 3866 illam,
1776 3803 1864 3858 cui
1911 3819 2052 3873 prse-

421 3898 426 3904 '
459 3897 546 3946 est
569 3891 838 3954 Herodes,
865 3889 1164 3954 civitatem,
1190 3891 1294 3944 hoc
1329 3897 1431 3955 est,
1460 3891 1529 3943 ad
1553 3897 1860 3945 tartaream
1892 3908 2052 3945 man~

458 3979 672 4036 sionem
699 3998 710 4045 ;
753 3979 850 4034 sed
878 3979 1081 4047 angelo
1104 3987 1390 4049 praeeunte
1419 3985 1476 4032 et
1503 3981 1741 4034 ducente
1769 3982 2054 4051 portafer—

457 4085 556 4128 rea
585 4068 732 4124 ultro
757 4071 775 4088 '
807 4067 1120 4136 reperitur:
1156 4068 1302 4136 queui
1337 4069 1546 4125 Christi
1587 4069 1772 4138 gratia
1800 4071 2055 4140 prmduce

461 4164 519 4215 et
537 4156 859 4219 comitante,
881 4155 1012 4209 licet
1029 4155 1328 4224 longaevior
1347 4162 1403 4209 et
1422 4157 1618 4210 durior
1635 4158 1910 4211 exstiterit
1934 4175 2056 4228 pra»

459 4261 532 4306 va
558 4244 958 4302 consuetudine
971 4243 1130 4304 facile
1148 4244 1508 4315 dirumpitur,
1541 4252 1600 4299 et
1617 4247 1802 4301 aditus
1819 4248 2054 4305 exeundi

462 4333 754 4406 paenitenti
783 4333 986 4394 animae
1013 4333 1312 4404 pandatur.
1351 4353 1376 4384 (ι
1419 4335 1488 4395 Et
1538 4342 1804 4391 exeuntes
1830 4353 2055 4407 proces-

461 4428 662 4485 serunt
687 4423 866 4479 vicum
910 4437 1106 4476 unum.
1144 4442 1169 4474 η
1203 4423 1358 4476 Tunc
1386 4423 1534 4477 enim
1563 4425 1838 4494 peccatrix
1867 4427 2058 4480 anima

462 4519 686 4584 portam
710 4512 952 4569 ferream
983 4511 1098 4565 exit
1127 4529 1252 4566 cum
1294 4511 1492 4566 duram
1525 4514 1790 4584 peccandi
1828 4531 2057 4570 consue-

461 4602 718 4659 tudinem
771 4601 998 4657 deserit.
1049 4602 1202 4655 Tunc
1245 4609 1435 4656 autem
1482 4603 1540 4656 in
1573 4603 1752 4661 vicum
1781 4605 2052 4674 procedit,

2137 3090 2423 3144 Christum
2446 3091 2602 3144 nullo
2623 3091 2794 3144 modo
2819 3105 2983 3160 posse
2999 3090 3082 3142 vel
3102 3089 3424 3142 viventibus
3442 3088 3524 3140 vel
3543 3084 3706 3139 occisis

2139 3180 2220 3233 eis
2250 3179 2476 3238 auferri.
2511 3179 2669 3232 Unde
2713 3180 3012 3249 Apostolus
3043 3198 3054 3231 :
3097 3199 3116 3229 ι
3156 3177 3288 3232 Sive
3338 3178 3582 3240 vivimus,
3614 3175 3708 3228 sive

2137 3269 2429 3329 morimur,
2475 3267 2700 3330 Domini
2755 3283 2950 3322 sumus
2977 3268 3018 3319 ο.
3080 3287 3100 3316 ι
3149 3267 3407 3320 Herodes
3459 3266 3617 3320 etiam
3643 3263 3707 3317 si-

2138 3358 2444 3410 mulatores
2496 3355 2775 3427 exprimit,
2809 3373 2937 3410 cum
2983 3371 3174 3425 magos
3231 3357 3291 3409 in
3341 3355 3614 3410 Bethleem
3652 3351 3706 3405 ad

2139 3446 2538 3516 inquirendum
2562 3445 2863 3515 diligenter
2897 3461 3134 3516 puerum
3157 3445 3358 3499 mittit.
3381 3445 3569 3499 Adhuc
3581 3442 3708 3496 enim

2140 3537 2346 3590 vellese
2373 3536 2614 3589 adorare
2630 3534 2878 3597 simulat,
2905 3542 2968 3588 ut
2987 3535 3142 3588 illum
3165 3535 3347 3608 possit
3363 3535 3706 3604 exstinguere.

2139 3625 2247 3678 Sed
2277 3625 2416 3678 nihil
2446 3630 2532 3678 est
2561 3624 2773 3678 malitia
2801 3624 3042 3678 hominis
3070 3628 3269 3677 contra
3291 3624 3581 3678 consilium
3599 3621 3712 3687 divi-

2139 3712 2350 3766 uitatis.

2217 3821 2237 3852 ι
2265 3803 2440 3856 Hodie
2450 3798 2619 3871 genui
2635 3809 2691 3856 te
2705 3802 2767 3867 ὀ,
2779 3803 2889 3856 nait
2905 3803 3074 3856 Pater
3084 3801 3152 3856 ad
3169 3802 3400 3856 Filium:
3421 3817 3710 3874 quanquam

2141 3891 2320 3960 possit
2347 3891 2466 3944 dies
2493 3892 2586 3944 ille
2615 3891 2672 3944 in
2713 3892 3007 3962 prophetia
3058 3891 3242 3944 dictus
3287 3891 3482 3952 videri,
3517 3889 3712 3962 quando

2140 3981 2684 4034 secundumcarnem
2697 3986 2862 4034 natus
2883 3987 2986 4046 est,
3011 3985 3076 4033 ut
3091 4000 3113 4030 ε
3147 3981 3369 4049 genui»
3395 3980 3717 4050 intelligatur

2138 4072 2300 4136 gigni
2324 4073 2447 4136 feri,
2480 4075 2674 4123 tamen
2703 4071 2852 4140 quod
2880 4072 3038 4123 hodie
3058 4071 3418 4139 praesentiam
3440 4070 3710 4138 signiﬁcat.

2140 4162 2198 4210 et
2222 4157 2278 4210 in
2301 4158 2615 4213 aeternitate
2632 4173 2746 4212 non
2771 4157 3118 4228 praeteritum
3139 4163 3224 4210 est
3243 4156 3716 4228 quidquam,quasi

2140 4247 2370 4301 desierit
2406 4265 2568 4301 esse:
2597 4263 2698 4301 nec
2727 4248 2981 4302 futurum
3010 4253 3112 4314 est,
3145 4249 3310 4318 quasi
3343 4247 3587 4302 nondum
3611 4247 3674 4297 sit
3704 4261 3714 4308 ς

2141 4337 2238 4389 sed
2285 4351 2529 4406 praesens
2568 4342 2808 4403 tantum,
2867 4337 3015 4407 quod
3061 4337 3338 4408 quidquid
3379 4345 3464 4391 est
3521 4345 3718 4404 semper

2109 4423 2415 4484 ’eternum
2443 4425 2727 4482 divinitus.
2758 4427 2867 4479 Sed
2897 4426 2953 4480 id
2983 4425 3196 4479 dictum
3225 4427 3538 4500 accipitur:
3562 4444 3583 4474 ε
3618 4423 3716 4490 Ego

2140 4514 2306 4567 hodie
2333 4513 2502 4583 genui
2532 4520 2608 4581 te,
2646 4533 2670 4568 »
2706 4515 2794 4568 vel
2836 4519 2997 4568 notat
3036 4515 3360 4590 specialiter
3401 4515 3556 4569 illum
3585 4511 3716 4566 diem

2142 4619 2250 4674 quo
2275 4604 2344 4658 de
2369 4609 2550 4658 matre
2578 4610 2746 4658 natus
2799 4609 2886 4658 est
2936 4604 3056 4658 sine
3085 4608 3265 4674 patre,
3313 4605 3479 4673 juxta
3507 4603 3562 4656 id
3588 4597 3718 4672 quod

465 4707 593 4748 eum
631 4691 689 4744 in
732 4690 990 4744 libertate
1039 4695 1094 4744 et
1139 4691 1508 4762 amplitudine
1539 4692 1700 4746 bona)
1717 4693 2057 4764 operationis
2142 4693 2374 4762 angelus
2397 4693 2714 4764 pastoribus
2736 4693 2818 4746 ait
2851 4711 2865 4744 :
2897 4711 2926 4743 ιι
2956 4693 3244 4746 Annuntio
3277 4692 3436 4745 vobis
3463 4687 3716 4762 gaudium

463 4796 642 4849 usque
665 4779 738 4834 ad
791 4778 1043 4832 debitum
1085 4779 1226 4833 bene
1253 4780 1475 4834 vivendi
1500 4781 1717 4838 horai-ni
1745 4783 1976 4836 modum
2003 4789 2060 4838 et
2141 4795 2431 4851 magnum.
2468 4782 2615 4851 quod
2645 4787 2811 4836 natus
2841 4787 2928 4836 est
2963 4781 3120 4835 vobis
3148 4781 3316 4834 hodie
3339 4781 3582 4835 salvator
3605 4775 3659 4826 υ.
3692 4791 3713 4822 ν

465 4868 720 4926 ordinem
749 4868 984 4938 perﬁcit.
1020 4887 1046 4920 «
1081 4869 1150 4922 Et
1190 4869 1463 4923 continuo-
1485 4870 1739 4924 discessit
1771 4873 2004 4942 angelus
2037 4876 2057 4900 ‘
2143 4871 2252 4924 Sed
2279 4887 2408 4924 cum
2436 4885 2546 4924 nox
2576 4871 2946 4941 fuerit,quaeri
2966 4875 3167 4941 potest,
3188 4887 3289 4924 cur
3317 4869 3550 4942 angelus
3580 4863 3716 4918 hodie

465 4958 536 5014 ab
556 4975 650 5013 eo:
711 4976 740 5008 ιο.
789 4973 904 5010 non
943 4958 1092 5028 quod
1143 4958 1389 5011 animam
1418 4959 1785 5029 poenitentem
1812 4941 1870 5014 et
1917 4961 2057 5016 bene
2143 4960 2323 5014 dixit?
2345 4961 2453 5014 Sed
2473 4965 2636 5016 nocte
2663 4967 2829 5014 natus
2845 4959 3130 5031 aptissime
3149 4961 3306 5014 hodie
3337 4941 3490 5012 nasci
3513 4955 3712 5015 dicitur,

461 5048 741 5104 viventem
767 5045 1024 5100 Christus
1047 5047 1274 5104 omnino
1302 5048 1552 5107 deserat:
1585 5049 1683 5102 sed
1730 5051 1881 5118 quod
1903 5051 2059 5105 illam
2142 5050 2302 5118 cujus
2330 5049 2592 5104 nativitas
2639 5056 2886 5104 vetustas
2918 5049 3114 5103 mundi
3166 5047 3430 5102 tenebras
3461 5043 3714 5116 depulisse

461 5137 639 5194 libero
678 5135 911 5191 arbitrio
939 5135 1126 5204 gratia
1152 5136 1456 5190 comitante
1483 5138 1817 5204 committat,
1861 5145 1924 5192 ut
1951 5139 2056 5192 sibi
2141 5154 2256 5192 non
2283 5140 2593 5210 ignoratur.
2629 5142 2771 5194 Huic
2808 5140 2990 5194 sin‘iile
3029 5145 3115 5193 est
3141 5139 3291 5208 quod
3321 5137 3543 5192 Marcus
3563 5135 3713 5188 Evan-

463 5227 698 5284 dinuissa
723 5226 920 5290 discat,
953 5243 988 5278 a
1017 5241 1133 5295 quo
1157 5224 1240 5278 illi
1287 5231 1388 5286 est.
1424 5233 1487 5279 ut
1519 5225 1656 5280 bene
1684 5227 1848 5293 vivat,
1895 5228 2056 5298 eique
2139 5228 2344 5298 gelista
2363 5229 2535 5282 refert
2559 5229 2764 5284 dixisse
2799 5229 3101 5283 Dominum
3131 5227 3293 5281 beato
3322 5227 3492 5280 Petro
3522 5219 3712 5278 caeteris

461 5315 1070 5383 graths'mdesinenter
1095 5320 1244 5384 agat.
1261 5314 1418 5370 Unde
1447 5323 1644 5386 aperte
1658 5315 2054 5386 subiungitur:
2143 5318 2426 5374 ﬁdentiori
2449 5337 2460 5372 :
2502 5337 2523 5371 ι
2550 5321 2751 5385 Amen,
2790 5319 2912 5374 dico
2933 5318 3054 5383 tibi,
3088 5316 3236 5388 quod
3260 5324 3319 5370 tu
3341 5315 3508 5370 hodie
3538 5313 3594 5366 in
3621 5311 3708 5362 hac

470 5420 494 5452 «
533 5403 601 5456 Et
649 5404 854 5462 Petrus.
887 5404 956 5461 ad
1004 5422 1064 5460 se
1101 5421 1357 5460 reversus
1382 5404 1554 5464 dixit:
1579 5406 1742 5461 Nunc
1771 5405 1883 5461 scio
1933 5423 2062 5461 vere
2145 5413 2325 5476 nocte,
2357 5409 2686 5480 priusquam
2740 5409 2926 5479 gallus
2981 5407 3066 5461 bis
3119 5423 3306 5465 vocem
3359 5403 3594 5466 dederit,
3636 5405 3710 5451 ter

537 5508 708 5580 [ξεί.
731 5523 833 5580 7x11,
857 5510 910 5564 8.
943 5511 966 5546 ²
987 5511 1127 5565 Ibid.
1159 5511 1186 5545 ³
1208 5511 1348 5567 Ibid.
1381 5511 1563 5566 ‘Ibid.
1596 5513 1618 5546 ⁵
1648 5512 1786 5567 Ibid.
1813 5527 1867 5578 ν,
1899 5513 1952 5568 9.
1985 5513 2009 5546 °
2037 5512 2176 5568 ibid.
2212 5529 2265 5580 γ,
2297 5511 2387 5570 '10.
2422 5515 2444 5549 ’⁷
2467 5515 2607 5570 Ibid.
2634 5529 2686 5580 v,
2729 5513 2809 5572 ll.
2858 5517 2880 5551 ⁸
2909 5513 3107 5570 Matth.
3141 5527 3202 5580 II,
3227 5513 3311 5579 16,
3355 5512 3386 5545 ⁸
3421 5512 3576 5566 Rom.
3606 5519 3707 5570 ΧΠ,

465 5575 519 5633 8.
543 5576 588 5611 ¹⁰
618 5578 764 5632 Psal.
791 5593 851 5645 ιι,
883 5580 936 5633 7.
968 5581 1010 5615 ¹¹
1037 5583 1172 5636 Luc.
1199 5598 1260 5649 Π,
1296 5582 1380 5638 10.
