3942 6158
491 283 591 336 967
1086 279 1147 331 Β.
1192 276 1461 329 RABANI
1500 274 1730 329 MAURI
1770 273 2106 328 ARCIIIEP.
2149 269 2470 326 MOGUNT.
2513 269 2809 325 OPERUM
2849 270 3030 324 PARS
3069 271 3164 324 lll.
3597 277 3680 336 968

486 406 778 461 charitatis
796 405 962 458 ardor
979 419 1201 472 semper
1228 401 1284 452 in
1302 406 1489 453 mente
1517 405 1710 452 nostra
1736 414 1856 452 esse
1899 397 2082 462 debet,
2105 399 2154 456 Α
2173 398 2361 452 lumen
2382 395 2632 449 veritatis
2659 395 2966 458 continent,
2991 404 3047 450 et
3076 396 3194 450 aliis
3214 397 3453 467 praebent,
3470 401 3518 454 in
3549 401 3683 456 bene-

482 499 644 566 juxta
663 495 823 548 illud:
857 513 878 544 ε
916 492 1068 560 Ignis
1102 497 1233 545 ante
1264 491 1446 560 ipsum
1473 488 1762 558 praecedet,
1787 493 1844 540 et
1869 487 2088 540 inﬂam-
2169 487 2371 558 placito
2385 491 2485 543 Dei
2526 491 2888 544 immobiliter
2918 493 3339 559 perseverantes.
3373 509 3394 542 ι
3418 490 3478 543 Et
3525 491 3564 544 si
3591 495 3688 562 quis

489 584 665 638 mabit
720 583 777 636 in
831 581 1066 636 circuitu
1125 579 1380 633 inimicos
1436 578 1557 647 ejus
1586 577 1622 640 ¹,
1689 597 1713 626 ι)
1772 581 1829 629 et
1873 575 2090 630 ardebit
2171 578 2251 631 eis
2278 579 2516 634 voluerit
2544 597 2761 647 nocere,
2790 581 2937 650 ignis
2969 579 3114 631 cexiet
3142 578 3206 630 de
3235 595 3322 632 ore
3372 596 3541 636 eorum
3588 583 3638 646 ¹¹,
3665 605 3686 634 ι

485 689 580 726 eos
610 675 650 737 ‘,
685 689 805 741 quae
827 670 1074 740 undique
1114 668 1340 721 fuerant
1358 666 1515 738 prius
1545 665 1774 729 inimici,
1829 671 1895 717 ut
1951 666 2089 718 ﬁant
2171 667 2222 720 id
2248 673 2349 731 est,
2383 669 2638 723 doctrina
2668 670 2930 741 procedet
2975 667 3042 719 de.
3090 667 3355 720 locutione
3396 685 3620 722 eorum.¢
3643 671 3691 725 Et.

485 761 670 815 amici.
715 763 882 826 Ignis,
918 759 1123 811 bonum
1149 756 1592 819 desiderium,ut
1619 755 1676 808 in
1738 753 2027 824 Scriptura
2069 773 2080 806 :
2168 757 2454 812 devorabit
2487 758 2743 812 inimicos
2799 755 3079 813 eorum”.
3138 756 3276 826 quod
3329 757 3370 809 si
3427 757 3534 827 quis
3580 776 3690 828 prae-

493 871 511 900 ε
543 851 620 902 De
636 849 850 902 excelso
867 847 1224 915 misitignem
1267 845 1323 898 in
1349 844 1569 897 ossibus
1597 843 1735 895 meis
1763 843 1811 895 9:
1848 863 1868 892 ι
1902 843 1956 895 id
1980 849 2082 908 est,
2168 846 2435 900 dicationi
2461 864 2655 901 eorum
2678 847 3029 900 contenderit
3058 845 3294 903 obviare,
3325 846 3402 898 vel
3423 863 3507 898 eos
3530 864 3559 899 a
3585 849 3693 900 veri-

487 939 692 992 bonum
724 937 1066 990 desiderium
1101 935 1156 988 in
1179 933 1414 988 fortibus
1440 931 1872 1001 cogitationibus
1893 931 2033 984 meis
2066 949 2077 983 :
2167 942 2282 990 tate
2313 953 2588 1001 revocare,
2613 937 2870 990 doctrina
2888 935 3194 1006 spiritualis
3215 944 3498 988 ex‘eorum
3533 936 3690 1004 praedi-

487 1029 628 1083 Item
650 1029 808 1098 juxta
831 1027 966 1079 illud
991 1025 1212 1079 dicente
1225 1040 1428 1094 sponso
1449 1022 1507 1074 in
1523 1021 1754 1075 Cantico
1785 1021 1854 1074 de
1878 1020 2084 1074 virtute
2165 1024 2381 1078 catione
2410 1026 2692 1096 procedet,
2725 1043 2849 1096 qua:
2879 1023 2980 1078 sibi
3028 1023 3374 1076 adversantes
3425 1023 3690 1077 confundet.

485 1117 798 1170 dilectionis
829 1135 839 1168 :
881 1140 900 1162 α
922 1115 1101 1168 Fortis
1131 1117 1288 1166 estut
1317 1128 1468 1165 mors
1510 1109 1909 1170 dilectio,dura
1940 1110 2086 1178 sicut
2167 1115 2337 1181 Ignis,
2359 1131 2424 1167 ex
2442 1114 2703 1168 cellentia
2729 1113 3143 1185 temporalis.ut
3169 1111 3224 1165 in
3243 1111 3341 1165 Job
3365 1130 3374 1162 :
3395 1129 3420 1163 α
3441 1111 3542 1165 Nec
3554 1113 3695 1182 splen-

484 1206 738 1260 infernus
765 1203 1046 1258 aemulatio
1072 1221 1083 1255 :
1111 1202 1397 1273 lampades
1429 1201 1569 1269 ejus,
1603 1199 1890 1270 lampades
1937 1197 2084 1268 ignis
2164 1203 2317 1256 debit
2340 1205 2567 1257 ﬂamma
2593 1203 2930 1257 excellentiae
2950 1201 3126 1272 impii.
3147 1202 3191 1235 ιδ
3222 1223 3240 1250 ο
3268 1203 3428 1267 Ignis.
3455 1217 3638 1258 avarus.
3650 1208 3698 1254 ut

487 1303 656 1366 atque
679 1291 1109 1357 flammarum”;
1145 1310 1172 1343 >>
1200 1307 1264 1344 ac
1293 1290 1338 1343 si
1369 1305 1588 1360 sponsae
1619 1294 1809 1359 aperte
1831 1288 2040 1342 diceret
2066 1306 2077 1340 :
2165 1291 2390 1345 durabit
2417 1294 2647 1346 ﬂamma
2677 1292 3015 1346 excellentiae
3047 1291 3221 1361 impii.
3255 1291 3416 1356 Ignis,
3441 1306 3628 1355 avarus,
3649 1295 3697 1343 ut

487 1384 740 1448 Dilectio,
761 1401 927 1453 (plani:
965 1399 1096 1449 erga
1126 1388 1181 1433 te
1205 1379 1392 1444 habui,
1432 1379 1541 1431 fuit
1569 1378 1760 1430 eﬁicax
1792 1383 1854 1430 ut
1909 1394 2078 1442 mors,
2167 1379 2226 1433 in
2250 1380 2388 1434 Job:
2422 1402 2442 1430 ι
2482 1381 2635 1451 Ignis
2651 1381 2882 1434 devorat
2897 1379 3256 1433 tabernacula
3271 1395 3452 1432 eorum
3471 1378 3526 1442 ¹⁴,
3558 1397 3580 1430 ι
3606 1379 3695 1449 qui,

489 1474 632 1544 quod
661 1489 757 1542 per
797 1489 922 1525 eam
953 1469 1141 1523 anima
1185 1485 1311 1521 mea
1341 1484 1531 1520 amore.
1579 1468 1834 1535 sejuncta
1875 1473 1978 1530 est,
2031 1473 2088 1520 et
2169 1469 2223 1522 id
2247 1475 2349 1533 est,
2379 1476 2548 1524 aestus
2588 1471 2824 1524 avaritia
2869 1469 3150 1522 excruciat
3180 1473 3388 1522 mentes
3433 1468 3697 1538 impiorum.

488 1564 634 1616 sicut
659 1562 910 1614 infernus
936 1559 1108 1612 nullis
1138 1556 1475 1611 cruciatibus
1519 1556 1851 1609 miserorum
1900 1573 1933 1608 a
1985 1573 2086 1608 sua
2171 1561 2339 1624 Ignis,
2373 1560 2541 1622 zelus,
2580 1578 2604 1611 α
2637 1559 2711 1612 Ut
2753 1559 2939 1628 ignem
2987 1557 3196 1611 faceret
3243 1557 3310 1610 de
3357 1557 3483 1610 coelo
3525 1556 3701 1609 descen-

489 1651 786 1705 severitate
831 1653 850 1670 '
891 1652 1270 1702 commutatur
1321 1664 1330 1697 :
1378 1645 1456 1697 sic
1505 1645 1806 1708 aemulatio,
1863 1645 1921 1698 id
1978 1650 2082 1709 est,
2119 1715 2126 1716 ί
2168 1647 2320 1712 dere,
2384 1667 2410 1697 ι
2471 1648 2523 1701 id
2568 1655 2670 1712 est,
2705 1655 2769 1701 ut
2795 1649 2974 1700 zelum
3001 1647 3211 1700 faceret
3240 1646 3521 1716 procedere
3542 1645 3704 1698 decor-

491 1739 805 1793 dilea-tionis
827 1737 1105 1792 exsecutio
1135 1739 1154 1759 θ
1182 1735 1397 1788 nullum
1412 1734 1655 1788 hostium
1671 1733 2035 1787 tentamentis
2055 1750 2086 1787 a
2112 1715 2152 1774 Β
2173 1736 2336 1790 dibus
2364 1736 2688 1790 sublimium
2715 1737 2982 1790 virorum.
3023 1738 3190 1804 Ignis,
3215 1735 3505 1792 tribulatio,
3533 1733 3705 1787 dicente

489 1845 624 1882 cura
651 1827 848 1881 salutis
881 1828 1140 1879 humanae
1171 1824 1355 1894 potuit
1381 1839 1658 1876 revocare.
1683 1821 1826 1886 Quid
1868 1822 2091 1875 multa?
2173 1825 2386 1878 Joanne
2415 1826 2473 1878 in
2511 1825 2842 1896 Apocalypsi
2880 1843 2889 1877 :
2931 1841 2956 1875 «
2991 1824 3166 1878 Pedes
3213 1824 3334 1893 ejus
3360 1822 3550 1876 si'miles
3594 1822 3710 1874 auri-

491 1917 819 1986 Quicunque
841 1914 1154 1968 dilectionis
1173 1929 1300 1966 vasa
1339 1914 1500 1976 ﬁunt,
1535 1919 1592 1965 et
1619 1911 1770 1964 intus
1799 1911 2090 1964 desideriis
2171 1914 2363 1967 chalco
2393 1914 2539 1968 sicut
2577 1915 2634 1967 in
2673 1914 2894 1967 camino
2943 1913 3087 1983 ignis
3140 1912 3386 1966 ardentis
3432 1912 3489 1976 ‘5,
3528 1929 3550 1963 δ
3594 1910 3706 1981 quod

492 2006 650 2059 bonis
677 2007 904 2066 fervent,
939 2011 994 2056 et
1016 2002 1149 2056 foris
1178 2003 1362 2055 lucent
1393 2001 1672 2054 evidentia
1719 1999 1876 2053 bonae
1896 2016 2090 2070 opera-
2173 2004 2562 2074 praedicatores
2588 2003 2915 2056 Antichristi
2945 2001 3336 2074 purgabuntur
3359 2017 3453 2072 per
3480 1999 3712 2070 experien-

492 2095 680 2148 tionis.
722 2097 887 2158 lg.-:is,
916 2093 1086 2145 ardor
1121 2091 1452 2154 sanctitatis,
1487 2096 1550 2143 ut
1578 2089 1636 2142 in
1664 2089 1810 2143 Isaia
1840 2107 1850 2140 :
1884 2109 1906 2139 ι
1941 2090 2088 2142 Deus
2171 2093 2305 2146 tiam
2321 2093 2662 2162 gravissimae
2686 2089 3714 2158 tribulationis.Auricbalcumenimper

493 2183 638 2253 ignis
667 2189 753 2235 est
772 2182 827 2234 in
863 2181 995 2234 Sion
1026 2180 1065 2246 ‘,
1101 2200 1124 2229 υ
1164 2179 1216 2234 id
1251 2185 1353 2244 est,
1378 2179 1538 2249 cujus
1563 2177 1876 2232 sanctitatis
1923 2178 2091 2230 ardor
2171 2183 2408 2236 multam
2429 2182 2773 2236 exactionem
2795 2187 3049 2235 mutatur
3079 2181 3134 2234 in
3165 2179 3290 2233 auri
3311 2180 3554 2233 colorem.
3579 2179 3713 2244 Ignis,

493 2272 550 2324 in
576 2271 816 2325 Ecclesia
849 2274 950 2323 est.
977 2271 1146 2335 Ignis,
1180 2269 1368 2322 lumen
1399 2267 1664 2328 scientiae,
1700 2272 1763 2320 ut
1791 2266 1846 2320 in
1879 2266 2085 2320 Exodo:
2172 2270 2432 2334 vindicta,
2466 2277 2531 2324 ut
2553 2271 2608 2324 in
2639 2270 2854 2324 cantico
2906 2269 3326 2324 Deuteronomii
3349 2288 3360 2321 :
3385 2286 3412 2319 (ί
3457 2267 3590 2336 Ignis
3623 2282 3716 2318 suc-

498 2385 516 2405 ι·
557 2362 689 2414 Erat.
715 2367 903 2413 autem
935 2359 1147 2429 species
1165 2357 1357 2426 gloriae
1385 2357 1608 2411 Domini
1634 2356 1794 2427 quasi
1825 2356 1968 2425 ignis
1996 2373 2088 2408 ar-
2170 2377 2370 2413 census
2399 2365 2485 2414 est
2503 2360 2563 2414 in
2591 2361 2779 2413 furore
2819 2376 2944 2412 meo
2971 2359 3034 2417 ‘6,
3075 2377 3094 2408 ι
3137 2357 3288 2428 quod
3316 2356 3542 2410 vindicta
3561 2360 3718 2426 parata

491 2451 628 2505 deus
684 2451 723 2513 τ’,
795 2469 815 2498 ι
877 2449 1024 2518 quod
1073 2448 1144 2500 ad
1204 2446 1627 2500 similitudinem
1709 2445 1910 2499 divinae
1965 2445 2089 2514 glo-
2171 2455 2273 2514 est,
2300 2467 2390 2503 me
2417 2449 2580 2515 irato,
2619 2467 2648 2500 α
2679 2454 2737 2502 et
2764 2448 2985 2502 ardebit
3014 2447 3285 2518 usquead
3312 2445 3504 2500 inferni
3532 2443 3718 2498 novissi-

495 2539 590 2592 riae
636 2537 890 2608 perducit
947 2536 1181 2589 scientia
1227 2535 1546 2589 succedens.
1605 2537 1774 2601 Ignis,
1833 2551 2089 2605 persecu-
2171 2553 2282 2599 ma,
2335 2538 2454 2591 sine
2510 2538 2622 2591 ullo
2667 2538 2856 2590 futuro
2915 2535 3162 2590 remedio
3216 2535 3256 2570 ¹⁷
3293 2533 3476 2604 »ᾳυοιί
3515 2549 3612 2585 non
3653 2534 3720 2584 est

493 2628 590 2691 tio,
627 2635 688 2680 ut
717 2627 774 2679 in
799 2625 1168 2696 Apocalypsi:
1206 2646 1228 2676 «
1259 2624 1408 2693 Ignis
1465 2623 1670 2677 mixtus
1719 2629 1805 2676 est
1857 2623 1910 2676 in
1968 2640 2092 2676 san-
2175 2625 2336 2680 bisin
2392 2626 2575 2696 ipsum
2627 2626 2911 2679 vindicare
2945 2624 3126 2696 :quod
3177 2623 3271 2678 hic
3315 2629 3400 2677 est
3443 2639 3540 2692 pax
3583 2635 3716 2691 paena

495 2715 666 2785 guine
720 2717 759 2774 '5.
811 2736 834 2764 υ
891 2713 946 2766 id
993 2719 1096 2778 est,
1154 2712 1468 2782 persecutio
1524 2711 1845 2765 Judaeorum
1896 2717 2092 2764 contra
2175 2716 2352 2780 ﬁnita,
2399 2715 2496 2770 sed
2555 2715 2734 2786 culpis
2770 2731 2966 2768 eorum
3017 2730 3191 2784 parva
3239 2713 3570 2784 prolongata.
3603 2711 3722 2776 Ignis

493 2803 773 2872 apostolus
795 2801 1066 2872 processit
1084 2817 1262 2870 usque
1288 2800 1358 2852 ad
1400 2800 1691 2868 sanguinis
1733 2799 2082 2862 effusionem,
2169 2804 2400 2858 inferior
2419 2805 2667 2875 spiritus,
2699 2809 2763 2858 ut
2794 2805 2852 2858 in
2866 2802 3100 2857 Psalmis
3134 2821 3146 2854 :
3187 2823 3212 2854 ε
3239 2801 3598 2856 Transivimus
3647 2815 3724 2869 per

499 2890 553 2943 id
611 2898 695 2943 est.
722 2878 982 2945 invidiae.
1024 2895 1099 2942 ut.
1127 2889 1182 2940 in
1230 2888 1369 2942 Job:
1408 2907 1432 2939 α
1465 2888 1618 2957 Ignis
1647 2888 1746 2941 Dei
1790 2888 1990 2941 cecidit
2019 2889 2087 2942 de
2173 2893 2357 2962 ignem
2397 2899 2454 2947 et
2482 2911 2684 2964 aquam
2716 2891 2780 2959 ‘3,
2811 2913 2832 2942 ι
2868 2893 2920 2946 id
2952 2899 3054 2956 est,
3111 2909 3217 2962 per
3272 2892 3520 2944 ardorem
3572 2889 3724 2941 adver-

494 2979 690 3036 curio",
725 2999 748 3028 ιδ
799 2978 948 3048 quod
1005 2977 1361 3048 permittente
1411 2978 1525 3031 Deo
1575 2976 1644 3030 ab
1691 2977 1824 3047 ipsis
1852 2975 2354 3052 summisnsitatis
2393 2982 2713 3036 etlenimen
2761 2980 3168 3052 prosperitatis.
3221 2983 3387 3048 Ignis,
3418 2979 3622 3032 vesania
3641 2977 3721 3029 im.

496 3067 842 3139 principibus
870 3067 1190 3120 Judanorum
1245 3065 1454 3119 invidia
1503 3065 1788 3136 processit.
1844 3067 1981 3119 Item
2031 3066 2087 3118 in
2107 3065 2150 3090 υ
2173 3071 2474 3142 patientiae,
2505 3077 2565 3125 ut
2595 3071 2652 3124 in
2681 3070 2919 3125 Psalmis
2951 3089 2962 3127 :
3000 3089 3024 3116 «
3056 3069 3319 3146 Tradidit
3366 3067 3722 3139 possessionem

495 3155 822 3226 Apocalypsi
862 3174 872 3208 :
913 3176 936 3205 α
964 3156 1031 3208 Et
1061 3154 1274 3224 primus
1294 3156 1526 3224 augelus
1573 3155 1708 3209 tuba
1736 3155 1939 3208 cecinit
1956 3157 1996 3213 ⁸,
2057 3173 2082 3204 n
2173 3177 2366 3213 eorum
2399 3159 2515 3229 igni
2551 3160 2611 3225 ιθ,
2648 3179 2671 3211 ι)
2705 3159 2760 3212 id
2811 3165 2914 3222 est,
2956 3157 3310 3229 patientiam.
3345 3157 3402 3210 in
3449 3173 3552 3227 qua
3589 3153 3728 3226 possi-

497 3246 644 3316 quod
668 3253 842 3297 ρει-τηε
871 3245 1252 3314 apostolorum
1283 3245 1434 3297 clara
1455 3261 1584 3296 voce
1643 3244 1903 3308 intonuit,
1953 3264 1975 3292 (ι
2033 3251 2090 3296 et
2173 3248 2304 3302 dere
2334 3248 2540 3302 debent
2553 3248 2772 3318 animas
2804 3235 2951 3308 suas,
2987 3263 3088 3318 per
3116 3246 3523 3318 impatientiam
3550 3241 3726 3296 destrui

493 3334 638 3387 facta
670 3341 755 3386 est
778 3334 992 3401 grando
1016 3335 1036 3354 ⁴’
1077 3333 1236 3398 dura,
1265 3351 1289 3384 ι)
1323 3333 1579 3386 videlicet
1623 3333 2005 3398 comminatio,
2035 3338 2092 3386 et
2173 3337 2448 3410 permisit.
2481 3359 2505 3384 α
2525 3337 2934 3406 Possessioigni
2965 3335 3232 3403 traditur,
3263 3354 3288 3388 ν
3308 3335 3524 3406 quando
3553 3331 3731 3404 patien-

497 3441 523 3476 α
551 3423 698 3493 ignis
727 3422 925 3475 mistus
947 3422 1103 3476 estin
1121 3421 1412 3490 sanguine,
1451 3441 1470 3470 ι
1490 3421 1637 3490 quod
1657 3421 2092 3475 invidiaJudazo-
2172 3426 2252 3479 tia
2283 3425 2337 3479 in
2365 3441 2477 3496 qua
2493 3425 2710 3479 animas
2727 3430 2950 3479 nostras
2979 3425 3350 3496 possidemus,
3376 3421 3731 3495 perimpaticn-

493 3529 616 3566 rum
649 3519 844 3565 contra
873 3511 1151 3582 apostolos
1182 3511 1449 3580 processit
1469 3510 1731 3580 usquead
1763 3510 2089 3563 ell‘nsionem
2173 3515 2308 3568 tiam
2329 3514 2625 3584 expellitur
2664 3533 2674 3566 :
2711 3514 2857 3584 ignis
2899 3514 3280 3585 purgatorius,
3341 3513 3435 3584 qui
3485 3507 3734 3583 apparebit

492 3601 802 3672 sanguinis,
841 3621 862 3646 σε
893 3606 949 3653 et
979 3604 998 3622 '
1024 3601 1228 3653 missus
1260 3605 1363 3664 est,
1417 3617 1444 3651 ιο
1478 3600 1625 3670 quod
1651 3599 1754 3653 hoc
1767 3600 1972 3652 factum
2004 3605 2090 3652 est
2173 3609 2304 3657 ante
2349 3603 2547 3656 faciem
2569 3603 2794 3657 Domini
2827 3603 2894 3656 ad
2907 3602 3182 3672 judicium
3223 3602 3512 3663 venientis,
3537 3601 3640 3670 ipse
3665 3601 3732 3650 est

491 3691 548 3744 in
579 3690 770 3744 Iudaea
804 3707 816 3756 ;
849 3705 1073 3743 vomere
1103 3689 1242 3759 legis
1271 3689 1506 3742 exculta.
1544 3708 1568 3739 «
1631 3689 1698 3742 Et
1732 3689 1898 3742 tertia
1957 3705 2087 3760 pars
2169 3692 2502 3758 intellectus,
2535 3692 2605 3744 de
2652 3709 2762 3762 quo
2819 3692 3076 3745 Psalmus
3115 3691 3400 3762 loquitur:
3455 3709 3480 3741 ¢
3508 3688 3641 3759 Ignis
3683 3685 3729 3738 in

491 3779 756 3833 arborum
785 3784 1179 3832 concrementa
1199 3784 1302 3844 est,
1362 3784 1419 3831 et
1457 3795 1620 3831 omne
1667 3778 1857 3830 fenum
1911 3777 2086 3830 viride
2167 3787 2463 3852 conspectu
2499 3782 2621 3851 ejus
2643 3781 2964 3834 exardescet
2989 3779 3056 3845 9°,
3087 3781 3278 3850 aquod
3325 3781 3381 3834 in
3437 3778 3620 3833 ultimo
3661 3776 3730 3844 ju-

489 3867 842 3922 combustum
895 3873 996 3921 est.
1051 3886 1076 3920 »
1145 3869 1310 3921 Terra
1357 3867 1637 3938 significat
1689 3866 1980 3920 inferiores
2027 3865 2084 3919 in
2167 3869 2311 3922 dicio
2340 3869 2485 3939 ignis
2504 3875 2715 3923 terram
2737 3873 2948 3933 exuret,
2983 3869 3384 3937 conﬂagrans‘
3411 3873 3587 3922 tamen
3613 3862 3728 3918 aeris

488 3957 696 4012 Iudaeis
726 3959 966 4022 arbores,
1001 3956 1247 4022 altiores,
1283 3972 1518 4026 quorum
1550 3973 1680 4026 pars
1711 3955 1951 4028 reproba
1999 3972 2088 4008 ex—
2169 3958 2413 4028 spatium
2440 3964 2714 4028 quantum
2735 3958 2948 4011 dudum
2979 3957 3271 4028 occupavit
3303 3957 3583 4012 diluvium.
3617 3974 3635 4002 ι
3679 3952 3731 4005 Et

489 4045 1592 4114 caecataestperigneminvidiaa;fenum
1623 4047 1817 4108 riridc,
1836 4045 2088 4097 carnales
2169 4047 2227 4102 in
2275 4047 2510 4101 circuitu
2561 4048 2684 4116 ejus
2728 4052 3034 4117 tempest-as
3091 4047 3278 4100 valida
3320 4047 3385 4112 θ’,
3433 4066 3460 4098 ι)
3498 4042 3730 4097 ventilatis

488 4133 899 4202 intelliguntur,
916 4132 1443 4204 quisaeculigaudiis
1455 4132 1681 4186 omnino
1700 4133 1874 4187 dediti
1892 4150 2088 4186 omnes
2171 4137 2361 4206 paleas
2391 4135 2506 4206 igni
2535 4135 2902 4206 deputandas.
2939 4137 3108 4202 Ignis,
3132 4135 3298 4190 dolus
3329 4132 3654 4195 Antichristi,
3682 4135 3732 4182 ut

488 4221 744 4276 excaecati
773 4227 922 4276 sunt.
957 4221 1038 4274 Ne
1060 4221 1207 4276 enim
1239 4222 1423 4275 locum
1445 4227 1502 4275 et
1517 4228 1743 4291 gentem
1769 4223 2086 4293 perderent,
2171 4226 2231 4280 in
2269 4225 2410 4279 libro
2431 4225 2688 4280 Judicum
2713 4243 2722 4277 :
2757 4241 2782 4276 α
2808 4223 3140 4295 Egrediatur
3159 4224 3311 4294 ignis
3331 4225 3662 4283 derhammo,
3689 4221 3733 4270 et

489 4311 773 4365 Christum
788 4317 846 4365 et
871 4311 1151 4382 apostolos
1181 4311 1520 4367 occiderunt.
1547 4317 1603 4364 et
1616 4311 1742 4364 ideo
1760 4328 1794 4364 a
1815 4317 1966 4365 terra
1993 4311 2398 4378 illaDdevoret
2426 4315 2621 4368 cedros
2677 4313 2874 4368 Libani
2917 4312 2982 4378 ³³,
3028 4330 3055 4365 ››
3087 4313 3236 4384 quod
3295 4313 3456 4368 dolus
3494 4309 3732 4365 maximus

485 4417 587 4473 per
605 4405 788 4455 totum
803 4399 1077 4454 eliminati
1102 4400 1408 4470 perierunt.
1439 4402 1608 4467 Ignis,
1632 4401 1902 4465 doctrina,
1938 4407 2000 4454 ut
2029 4401 2087 4454 in
2169 4403 2431 4473 procedet
2456 4402 2525 4456 ab
2581 4402 2946 4460 Antichristo,
2981 4409 3038 4454 et
3089 4401 3309 4456 occidet
3351 4405 3564 4455 sanctos
3611 4397 3731 4448 viros

484 4489 820 4560 Apocalypsi
838 4489 880 4554 θ,
901 4489 1172 4542 deEnoch
1192 4495 1250 4542 et
1263 4488 2089 4544 EliavoceChristidiciturzaaEt
2170 4491 2442 4546 Ecclesiae.
2468 4495 2633 4559 Ignis.
2669 4491 2906 4554 luxuria,
2942 4496 3006 4543 ut
3034 4489 3092 4544 in
3118 4488 3222 4543 Job
3259 4509 3270 4542 :
3304 4489 3456 4560 Ignis
3492 4501 3652 4558 usque
3675 4479 3729 4535 ad

486 4579 630 4633 dabo
661 4577 879 4633 duobus
900 4576 1137 4631 testibus
1167 4577 1324 4643 meis,
1359 4598 1386 4632 ι)
1421 4578 1608 4631 Enoch
1639 4578 1918 4632 scilicetet
1931 4579 2081 4645 Elia},
2167 4581 2540 4650 perditionem
2572 4580 2748 4633 trahit
2774 4579 2838 4632 93.
2872 4581 3014 4634 Item
3063 4579 3330 4632 Salomon
3367 4599 3378 4631 :
3418 4598 3444 4630 α
3482 4577 3608 4641 Quis
3633 4572 3732 4626 abs-

490 4687 512 4718 ι
549 4666 778 4720 verbum
826 4666 1258 4737 praedicationis,
1293 4672 1350 4719 et
1403 4666 1818 4737 prophetabunt
1849 4670 1868 4688 "
1935 4668 2085 4722 mille
2167 4669 2356 4724 condit
2379 4669 2568 4739 ignem
2594 4669 2651 4722 in
2682 4669 2808 4722 sinu
2867 4684 2987 4734 suo,
3014 4672 3071 4720 et
3119 4667 3457 4722 vestimenta
3502 4681 3596 4718 sua
3641 4675 3730 4714 non

485 4755 742 4810 ducentis
759 4755 1684 4826 sexaginta.amictisaccis,nquod
1699 4757 2084 4826 praedicabunt
2164 4758 2566 4812 comburentur
2589 4757 2679 4810 "'2
2708 4778 2730 4808 ρ
2773 4757 2961 4827 ignem
3010 4757 3215 4827 quippe
3265 4757 3325 4809 in
3371 4756 3497 4810 sinu
3535 4753 3731 4808 abscon-

484 4843 1796 4915 tribusannisetdimidio,praeferenteshabitum
1813 4847 2084 4916 poeniten-
2165 4847 2297 4902 dere
2340 4854 2428 4902 est
2456 4847 2737 4901 luxuriam
2791 4845 3091 4916 diligenter
3130 4845 3414 4898 occultare
3445 4845 3501 4897 in
3547 4839 3726 4895 corde:

483 4935 724 4995 tise.non
739 4933 886 5004 quod
905 4932 1232 5003 paenitentia
1263 4933 1569 5001 indigeant,
1597 4935 1744 5004 quod
1775 4935 1834 4988 in
1852 4952 1911 4989 se
1937 4953 2084 4990 com-
2165 4942 2498 4992 vestimenta
2517 4935 2862 4994 comburere.
2890 4939 2978 4988 est
3006 4935 3239 4988 virtutes
3268 4935 3472 4988 animae
3491 4933 3729 5004 perluxu-

484 5025 642 5096 plent
663 5039 850 5094 opere,
887 5022 1032 5092 quod
1063 5022 1202 5076 alios
1221 5021 1441 5076 docent.
1481 5041 1506 5072 (ί
1543 5023 1640 5076 Hae
1669 5029 1803 5078 sunt
1829 5024 1952 5078 dum
1977 5026 2081 5078 oli-
2165 5027 2306 5080 riam
2333 5025 2605 5098 deperire.

484 5131 562 5169 va:
593 5119 651 5168 et
675 5113 786 5167 duo
825 5109 1160 5166 candelabra
1215 5111 1478 5176 lucentia,
1542 5111 1599 5165 in
1649 5118 1948 5184 conspectu
1979 5115 2079 5169 Dei
2236 5119 2386 5185 Ignis
2416 5113 2882 5185 concupiscentia,
2926 5119 2990 5167 ut
3011 5130 3182 5185 supra
3212 5133 3222 5167 :
3258 5135 3280 5164 ε
3308 5113 3444 5178 Quis
3474 5103 3727 5165 abscondit

483 5209 648 5257 terrae
692 5201 757 5266 ¹⁰,
779 5221 800 5250 υ
833 5200 980 5273 quod
1034 5199 1245 5271 Spiritu
1299 5207 1491 5256 sancto
1549 5201 1746 5272 repleti
1802 5209 1858 5256 et
1907 5203 1964 5257 in
2021 5223 2079 5258 se
2163 5207 2348 5276 ignem
2373 5205 2430 5259 in
2460 5205 2587 5260 sinu
2607 5221 2708 5259 suo
2727 5203 2809 5255 23?
2834 5203 3028 5274 equod
3049 5221 3212 5258 nemo
3234 5208 3422 5274 potest
3439 5193 3725 5255 illicitamin

558 5335 572 5368 ¹
607 5335 753 5408 Psal.
787 5348 936 5388 xcvi.
967 5334 1032 5408 3.7
1057 5334 1312 5408 2A'I‘Vhren.
1342 5350 1380 5393 Ι,
1407 5334 1474 5408 3.
1505 5335 1718 5408 δρωιι.
1754 5352 1872 5394 \‘III.
1902 5339 1954 5390 6.
1995 5339 2016 5373 ⁴
2048 5341 2156 5394 Isa.
2189 5355 2336 5406 xxxn,
2372 5340 2424 5394 9.
2457 5341 2479 5373 ⁵
2510 5339 2678 5394 Exod.
2713 5353 2861 5396 xx1v,
2895 5335 2986 5392 17.
3027 5338 3051 5370 θ
3082 5338 3250 5408 Apoc.
3285 5332 3483 5408 “11,7.
3515 5329 3721 5408 idoli-1..

484 5402 626 5475 ‘16.,"
655 5405 824 5475 Apoc.
855 5419 972 5461 vni.
1010 5407 1059 5458 7.
1093 5405 1116 5438 ⁹
1143 5407 1312 5475 Apoc.
1345 5421 1420 5466 x1,
1451 5407 1503 5459 3.
1530 5406 1574 5440 ¹⁰
1607 5407 1746 5462 Ibid.
1779 5423 1832 5470 v,
1864 5409 1918 5462 4.
1952 5411 1992 5443 ¹¹
2024 5411 2041 5464 I

2193 5427 2244 5475 ν,
2271 5402 2334 5466 5.
2359 5410 2402 5446 ¹²
2423 5411 2564 5465 Ibid.
2596 5411 2640 5444 ¹³
2669 5408 2792 5462 Job.
2825 5423 2983 5462 xvm.
3013 5410 3061 5462 5.
3089 5402 3248 5462 ¹⁴Ἰοδ
3269 5422 3362 5464 xv,
3392 5405 3479 5460 3L
3513 5403 3556 5436 ¹⁵

487 5474 650 5554 itif)“:
677 5472 721 5554 [θ
749 5475 909 5554 Deut.
943 5472 1237 5554 κξξηιζὲ.
1275 5477 1314 5512 ‘7
1349 5477 1566 5554 Ibid_._‘8
1585 5479 1737 5554 Bsal,
1766 5493 1890 5545 1.xv,
1934 5480 2014 5537 1‘2.

2158 5472 2270 5537 ’sal.
2299 5495 2504 5546 Lxxvu,
2537 5481 2627 5537 48.
2670 5481 2716 5515 ³ο
2745 5481 2893 5534 Psal.
2929 5493 3074 5546 κως,
3107 5479 3160 5534 3.
3192 5479 3234 5514 ²¹
3266 5477 3409 5532 Ibid.
3437 5476 3482 5510 ²²
3511 5472 3628 5528 Jud.
3655 5484 3715 5532 ιχ,

484 5547 574 5607 15.
604 5543 652 5578 ³³
678 5543 781 5599 Job
814 5559 958 5610 χχχι,
979 5547 1066 5600 12.
1094 5547 1138 5580 ‘2‘
1161 5549 1320 5603 Prov.
1354 5563 1428 5614 vi,
1461 5547 1551 5602 27.
1583 5548 1630 5583 95
1660 5550 1802 5605 Ibid.
